{"host":"ve9aztkoyqeblvav","time":1614353147,"event":{"mods":["Act Like it!","Aspiration","BaseMod","Colored Map","Colored Powertips","Highlight Path","Marked Mod","Minty Spire (QoL Compilation)","Pale of the Ancients","Quick Restart","Reorder Act Four","StSLib","The Hierophant","Waifu the Spire","[IsaacMod]ÒÔÈö¼âËþ"],"gold_per_floor":[109,34,134,154,167,167,8,21,67,67,97,97,109,128,128,204,204,224,274,336,362,374,386,430,442,531,29,40,65,65,98,98,172,172,192,217,232,232,232,232,257,257,338,366,376,389,60,70,70,70,70,70,70,70,99,599],"floor_reached":57,"language":"ZHS","playtime":2770,"items_purged":["Strike_R","Strike_R","Clothesline","Ball Lightning","Clothesline+1"],"score":3366,"play_id":"febc2f42-c199-4027-bf90-52072719792e","local_time":"20210226232547","is_ascension_mode":true,"campfire_choices":[{"data":"Dark Embrace","floor":6.0,"key":"SMITH"},{"data":"EpicFetus","floor":10.0,"key":"SMITH"},{"data":"Whirlwind","floor":15.0,"key":"SMITH"},{"data":"Dark Embrace","floor":23.0,"key":"SMITH"},{"data":"Limit Break","floor":25.0,"key":"SMITH"},{"data":"Body Slam","floor":32,"key":"SMITH"},{"data":"Turbo","floor":40,"key":"SMITH"},{"floor":42,"key":"RECALL"},{"data":"Feel No Pain","floor":49,"key":"SMITH"},{"data":"Adrenaline","floor":54,"key":"SMITH"}],"circlet_count":0,"master_deck":["AscendersBane","Chill","Power Through","Dark Embrace+1","Whirlwind+1","Limit Break+1","Reaper","Reprogram","Creative AI","Dark Embrace+1","Body Slam+1","Feel No Pain+1","Armaments+1","Turbo+1","Adrenaline+1","Second Wind","Warcry+1","Impervious+1","Machine Learning+1"],"relics":["HushsDoor","PunchingBag","aspiration:DefectSkillbook","Vajra","Odd Mushroom","Pandora\u0027s Box","GuppysTail","Meat on the Bone","MawBank","Ancient Tea Set","InkBottle","Anchor","Toy Ornithopter","Oddly Smooth Stone","Astrolabe","GuppysCollar","EdensBlessing","Question Card","MoneyPower","EdensBlessing","MaYiHuaBei"],"acts_visited":["Exordium","TheCity","TheBeyond","TheEnding"],"potions_floor_usage":[29,50,56],"damage_taken":[{"damage":0.0,"enemies":"Cultist","floor":1.0,"turns":2.0},{"damage":6.0,"enemies":"2 Louse","floor":4.0,"turns":3.0},{"damage":7.0,"enemies":"Small Slimes","floor":5.0,"turns":3.0},{"damage":0.0,"enemies":"Exordium Wildlife","floor":8.0,"turns":5.0},{"damage":0.0,"enemies":"The Mushroom Lair","floor":11.0,"turns":5.0},{"damage":0.0,"enemies":"Lots of Slimes","floor":13.0,"turns":1.0},{"damage":10.0,"enemies":"3 Louse","floor":14.0,"turns":3.0},{"damage":0.0,"enemies":"Slime Boss","floor":16.0,"turns":5.0},{"damage":17.0,"enemies":"Shell Parasite","floor":18.0,"turns":4.0},{"damage":9.0,"enemies":"Hiden Room Battle","floor":19.0,"turns":4.0},{"damage":12.0,"enemies":"Spheric Guardian","floor":21.0,"turns":5.0},{"damage":0.0,"enemies":"Gremlin Leader","floor":24.0,"turns":4.0},{"damage":0,"enemies":"Centurion and Healer","floor":28,"turns":1},{"damage":10,"enemies":"Book of Stabbing","floor":29,"turns":3},{"damage":39,"enemies":"Slavers","floor":31,"turns":6},{"damage":0,"enemies":"Champ","floor":33,"turns":4},{"damage":0,"enemies":"Orb Walker","floor":35,"turns":2},{"damage":0,"enemies":"Mind Bloom Boss Battle","floor":36,"turns":4},{"damage":0,"enemies":"3 Shapes","floor":37,"turns":3},{"damage":0,"enemies":"Nemesis","floor":41,"turns":3},{"damage":0,"enemies":"Giant Head","floor":44,"turns":3},{"damage":12,"enemies":"Jaw Worm Horde","floor":45,"turns":3},{"damage":0,"enemies":"4 Shapes","floor":46,"turns":3},{"damage":10,"enemies":"Sphere and 2 Shapes","floor":48,"turns":2},{"damage":28,"enemies":"Time Eater","floor":50,"turns":6},{"damage":1,"enemies":"Donu and Deca","floor":51,"turns":4},{"damage":1,"enemies":"Shield and Spear","floor":55,"turns":2},{"damage":21,"enemies":"The Heart","floor":56,"turns":8}],"seed_played":"7477933879336371566","potions_obtained":[{"floor":8.0,"key":"BloodPotion"},{"floor":13.0,"key":"LiquidMemories"},{"floor":21.0,"key":"Weak Potion"},{"floor":33,"key":"AttackPotion"},{"floor":48,"key":"CultistPotion"}],"is_trial":false,"path_per_floor":["M","$","?","M","M","R","$","M","T","R","?","$","M","M","R","B",null,"M","?","?","M","?","R","E","R","T","$","M","E","$","E","R","B",null,"M","?","M","?","?","R","E","R","T","E","M","M","$","M","R","B","B",null,"$","R","E","B",null],"character_chosen":"IRONCLAD","items_purchased":["Coolheaded","Feel No Pain","GuppysTail","Anchor","ChaosCard","GuppysCollar","Diplopia"],"campfire_rested":0,"item_purchase_floors":[7,17,17,27,27,34,47],"current_hp_per_floor":[68,68,68,62,55,55,55,55,55,55,55,55,55,45,45,45,54,43,34,34,34,34,34,57,57,57,57,57,47,47,30,30,50,37,37,37,37,37,37,37,37,37,37,37,37,37,37,37,37,37,37,37,37,37,36,28],"gold":599,"neow_bonus":"BOSS_RELIC","is_daily":false,"chose_seed":false,"campfire_upgraded":9,"win_rate":0.0,"timestamp":1614353147,"path_taken":["M","?","?","M","?","R","$","?","T","R","?","$","M","M","R","BOSS","M","?","?","?","?","R","E","R","T","$","?","E","$","E","R","BOSS","M","?","M","?","?","R","E","R","T","E","M","M","?","M","R","BOSS","BOSS","$","R","E","BOSS"],"items_purchased_type":["Card","Card","Relic","Relic","Card","Relic","Relic"],"build_version":"2020-12-22","purchased_purges":5,"victory":true,"max_hp_per_floor":[75,75,75,75,75,75,75,75,75,75,75,75,75,75,75,75,57,57,57,57,57,57,57,57,57,57,57,57,57,57,57,57,57,37,37,37,37,37,37,37,37,37,37,37,37,37,37,37,37,37,37,37,37,37,37,37],"card_choices":[{"not_picked":[],"picked":"EpicFetus","floor":0.0},{"not_picked":["Reckless Charge","Wild Strike","Stack"],"picked":"Pulse","floor":1.0},{"not_picked":["True Grit","Sunder","Flex"],"picked":"Chill","floor":3.0},{"not_picked":["Conserve Battery","Darkness","Rampage"],"picked":"Power Through","floor":4.0},{"not_picked":["Heatsinks","Fission","Twin Strike"],"picked":"Dark Embrace","floor":5.0},{"not_picked":["Perfected Strike","Cold Snap","Warcry","Compile Driver"],"picked":"SKIP","floor":8.0},{"not_picked":["Limit Break","Hemokinesis","Glacier"],"picked":"Whirlwind","floor":11.0},{"not_picked":["Cleave","Leap","Sword Boomerang"],"picked":"Ball Lightning","floor":13.0},{"not_picked":["Steam","Clothesline","Wild Strike","Blizzard"],"picked":"SKIP","floor":14.0},{"not_picked":["Bludgeon","All For One","Feed"],"picked":"Limit Break","floor":16.0},{"not_picked":["Coolheaded","Anger","Loop","Rebound"],"picked":"SKIP","floor":18.0},{"not_picked":["Barrage","Gash","Leap"],"picked":"Armaments+1","floor":19.0},{"not_picked":["Armaments+1","Amplify","Gash"],"picked":"Turbo","floor":21.0},{"not_picked":["Dual Wield","Barrage","Pummel"],"picked":"Second Wind","floor":24.0},{"not_picked":["Shrug It Off","Storm","Redo","Cleave"],"picked":"SKIP","floor":28},{"not_picked":["Steam","Rage","Undo+1"],"picked":"Warcry+1","floor":29},{"not_picked":["Brutality","Sword Boomerang","Thunderclap","Redo+1"],"picked":"SKIP","floor":31},{"not_picked":["Thunderclap","Consume","Blizzard","Iron Wave"],"picked":"SKIP","floor":35},{"not_picked":["Warcry","Double Energy+1","Self Repair","Rip and Tear"],"picked":"SKIP","floor":37},{"not_picked":["Chill","Iron Wave","Sweeping Beam","Anger"],"picked":"SKIP","floor":41},{"not_picked":["Wild Strike","Streamline","Steam","Blood for Blood","Searing Blow+1"],"picked":"SKIP","floor":44},{"not_picked":["Iron Wave+1","Hologram","Body Slam","Go for the Eyes","Second Wind"],"picked":"SKIP","floor":45},{"not_picked":["Stack+1","Genetic Algorithm","Capacitor+1","Warcry","Barrage"],"picked":"SKIP","floor":46},{"not_picked":["Core Surge","Rupture","Pommel Strike","Armaments","Leap+1"],"picked":"SKIP","floor":48},{"not_picked":["Steam","Uppercut","Turbo","Loop","Fusion"],"picked":"SKIP","floor":55}],"player_experience":1727259,"relics_obtained":[{"floor":9.0,"key":"Vajra"},{"floor":11.0,"key":"Odd Mushroom"},{"floor":19.0,"key":"Meat on the Bone"},{"floor":19.0,"key":"MawBank"},{"floor":24.0,"key":"Ancient Tea Set"},{"floor":26.0,"key":"InkBottle"},{"floor":29,"key":"Toy Ornithopter"},{"floor":31,"key":"Oddly Smooth Stone"},{"floor":36,"key":"EdensBlessing"},{"floor":41,"key":"Question Card"},{"floor":44,"key":"MoneyPower"},{"floor":55,"key":"MaYiHuaBei"}],"event_choices":[{"damage_healed":0.0,"max_hp_gain":0.0,"max_hp_loss":0.0,"gold_gain":0.0,"event_name":"Mushrooms","player_choice":"Fought Mushrooms","floor":11.0,"gold_loss":0.0,"damage_taken":0.0},{"damage_healed":0.0,"max_hp_gain":0.0,"max_hp_loss":0.0,"gold_gain":0.0,"event_name":"HidenRoomEvent","player_choice":"Fight","floor":19.0,"gold_loss":0.0,"damage_taken":0.0},{"damage_healed":0.0,"max_hp_gain":0.0,"max_hp_loss":0.0,"gold_gain":50.0,"event_name":"Nest","player_choice":"Stole From Cult","floor":20.0,"gold_loss":0.0,"damage_taken":0.0},{"damage_healed":0,"gold_gain":0,"player_choice":"Fight","damage_taken":0,"max_hp_gain":0,"max_hp_loss":0,"event_name":"MindBloom","floor":36,"gold_loss":0},{"cards_removed":["EpicFetus"],"damage_healed":0,"gold_gain":0,"player_choice":"Removed Power","damage_taken":0,"max_hp_gain":0,"max_hp_loss":0,"event_name":"Falling","floor":38,"gold_loss":0},{"damage_healed":0,"gold_gain":0,"player_choice":"Memory 1","damage_taken":0,"max_hp_gain":0,"max_hp_loss":0,"event_name":"SensoryStone","floor":39,"gold_loss":0}],"is_beta":false,"boss_relics":[{"not_picked":["aspiration:SecretTechniqueScroll","Sozu"],"picked":"Pandora\u0027s Box"},{"not_picked":[]},{"not_picked":["Busted Crown","Empty Cage"],"picked":"Astrolabe"},{"not_picked":[]}],"items_purged_floors":[2,7,17,27,34],"is_endless":false,"potions_floor_spawned":[8,13,14,16,18,21,28,33,36,44,45,48],"ascension_level":20}}