{"host":"nptej036rrbiurf5","time":1614308421,"event":{"mods":["BaseMod","Colored Map","Colored Powertips","DeckTracker","Minty Spire (QoL Compilation)","StSLib","SuperFastMode"],"gold_per_floor":[110,127,127,202,254,254,254,289,312,237,237,237],"floor_reached":11,"language":"KOR","playtime":142,"items_purged":[],"score":138,"play_id":"8d723d6d-6146-434c-a5a6-e6dc7131cfe6","local_time":"20210226120021","is_ascension_mode":true,"campfire_choices":[{"floor":6.0,"key":"REST"}],"circlet_count":0,"master_deck":["AscendersBane","Strike_P","Strike_P","Strike_P","Defend_P","Defend_P","Defend_P","Defend_P","Eruption+1","Vigilance","EmptyBody","FearNoEvil"],"relics":["PureWater","Oddly Smooth Stone","MealTicket","CeramicFish","Orichalcum"],"acts_visited":["Exordium"],"potions_floor_usage":[8,11],"damage_taken":[{"damage":2.0,"enemies":"Jaw Worm","floor":1.0,"turns":4.0},{"damage":14.0,"enemies":"Small Slimes","floor":2.0,"turns":2.0},{"damage":30,"enemies":"Lagavulin","floor":8,"turns":6},{"damage":13,"enemies":"3 Sentries","floor":11,"turns":4}],"seed_played":"8142455618484148414","potions_obtained":[{"floor":1.0,"key":"EssenceOfSteel"},{"floor":2.0,"key":"BlessingOfTheForge"}],"is_trial":false,"path_per_floor":["M","M","?","?","T","R","?","E","T","?","E"],"character_chosen":"WATCHER","items_purchased":[],"campfire_rested":1,"item_purchase_floors":[],"current_hp_per_floor":[59,45,34,23,23,43,43,13,13,13,0,0],"gold":237,"neow_bonus":"UPGRADE_CARD","is_daily":false,"chose_seed":false,"campfire_upgraded":0,"win_rate":0.0,"timestamp":1614308421,"path_taken":["M","M","?","?","?","R","?","E","T","?","E"],"items_purchased_type":[],"build_version":"2020-12-22","purchased_purges":0,"victory":false,"max_hp_per_floor":[68,68,68,68,68,68,68,68,68,68,68,68],"card_choices":[{"not_picked":["Weave","ClearTheMind","Collect"],"picked":"SKIP","floor":1.0},{"not_picked":["Wireheading","TalkToTheHand"],"picked":"EmptyBody","floor":2.0},{"not_picked":["BattleHymn","Evaluate"],"picked":"FearNoEvil","floor":8}],"player_experience":1037847,"relics_obtained":[{"floor":5.0,"key":"MealTicket"},{"floor":8,"key":"CeramicFish"},{"floor":9,"key":"Orichalcum"}],"event_choices":[{"damage_healed":0.0,"max_hp_gain":0.0,"max_hp_loss":0.0,"gold_gain":0.0,"event_name":"Scrap Ooze","player_choice":"Success","floor":3.0,"gold_loss":0.0,"damage_taken":11.0,"relics_obtained":["Oddly Smooth Stone"]},{"damage_healed":0.0,"max_hp_gain":0.0,"max_hp_loss":0.0,"gold_gain":75.0,"event_name":"World of Goop","player_choice":"Gather Gold","floor":4.0,"gold_loss":0.0,"damage_taken":11.0},{"damage_healed":0,"gold_gain":0,"player_choice":"Ignored","damage_taken":0,"max_hp_gain":0,"max_hp_loss":0,"event_name":"Shining Light","floor":7,"gold_loss":0},{"cards_removed":["Strike_P"],"damage_healed":0,"gold_gain":0,"player_choice":"Card Removal","damage_taken":0,"max_hp_gain":0,"max_hp_loss":0,"event_name":"The Cleric","floor":10,"gold_loss":75}],"is_beta":false,"boss_relics":[],"items_purged_floors":[],"is_endless":false,"potions_floor_spawned":[1,2],"killed_by":"3 Sentries","ascension_level":20}}