{"host":"23qk1co0p3p8qz56","time":1614323248,"event":{"mods":["100% Spire Juice","AchievementEnabler","Act Like it!","Arknights","Aya Shameimaru","BaseMod","Better Note","Better Third Choice","BetterRewards","CapriCore","Chen","Colored Map","DNKmod","Downfall","Friendly Minions","Gensokyo","Gold Saver","Halation","HololiveMod","KinomotoSakuraMod(木之本?)","Koishi","KomeijiMod","Lobotomy","LobotomyExtend","Mari Mod (Legacy)","Mari\u0027s V1 Patch","Marisa（霧雨　魔理沙）","Minty Spire (QoL Compilation)","MostiFishMod","Prisma Mod","Railgun Mod","Reimu（博??梦）","Remilia（蕾米莉?）","RumiaBox-露米?的神秘盒子","StSLib","The Administrix","The Alterego","The Animator","The Immortal","The Senshi","Waifu the Spire","WarShipGirlsR/??少女R mod","Yakumo Yukari mod","Yohane!","Yuyuko"],"gold_per_floor":[10019,10019,10019,10039,10058,10093,10093,10093,10117,10117,10128,9547,9563,9563,9563,9667,9667,9685,9534,9534,9534,9544,9572,9585,9598,9625,9625,9643,9643,9643,9653,9653,9752,9752,9764,9764,9783,9607,9621,9648,9648,9648,9648,9636,9636,9656,9412,9412,9412,9412,9412,9412,9087,9120,9120],"floor_reached":56,"language":"ENG","playtime":7510,"items_purged":[],"score":1570,"play_id":"1bce5c9f-6fff-48f1-8d5e-d71b0e091927","local_time":"20210226000728","is_ascension_mode":false,"campfire_choices":[{"floor":7,"key":"RECALL"},{"data":"shameimaru:DashingDomination","floor":10,"key":"SMITH"},{"data":"shameimaru:QuickReporting","floor":15,"key":"SMITH"},{"data":"shameimaru:Tailwind","floor":27,"key":"SMITH"},{"data":"shameimaru:Preparation","floor":32,"key":"SMITH"},{"data":"shameimaru:ShootTheBullet","floor":42,"key":"SMITH"},{"data":"shameimaru:PhotographicDisposal","floor":45,"key":"SMITH"},{"data":"shameimaru:HighlightReel","floor":49,"key":"SMITH"},{"data":"shameimaru:SkywardSonnet","floor":52,"key":"SMITH"}],"circlet_count":0,"master_deck":["shameimaru:Strike","shameimaru:Strike","shameimaru:Strike","shameimaru:Strike","shameimaru:Defend","shameimaru:Defend","shameimaru:Defend","shameimaru:Defend","shameimaru:PlayfulTaunt","shameimaru:SnapshotStrike","shameimaru:SkywardSonnet+1","shameimaru:WidespreadPropaganda+1","shameimaru:LibraryResearch","shameimaru:DashingDomination+1","shameimaru:Imitation+1","shameimaru:ShootTheBullet+1","shameimaru:QuickReporting+1","shameimaru:PhotographicDisposal+1","shameimaru:Telescoping","shameimaru:Tailwind+1","shameimaru:PeerlessWind+1","shameimaru:BlindingSpeed","shameimaru:DashingGrace+1","shameimaru:AirSlash+1","shameimaru:Preparation+1","shameimaru:MountainProcession","shameimaru:FlutteringFeyFan+1","shameimaru:OutburstingGust","shameimaru:Opportunity","shameimaru:IntertwinedWinds","shameimaru:PressRelease","shameimaru:Foresight","shameimaru:HighlightReel+1","shameimaru:EvasiveForm","shameimaru:CherishingBreeze","shameimaru:EvasiveManeuver","shameimaru:PhotographicDisposal"],"relics":["shameimaru:blackbirdfeather","MoreBug","halation:VictoryRuler","PureWhite:ReiMu","DaveBox","SynthV:TestCard","LetterFromLob","halation:TwoAmDonut","PreservedInsect","MagicDraw2","Membership Card","HornCleat","EasyGame_NEW","Sling","Vajra","alterego_mod:FleetingLove","Mastiff:ReiMu","Enchiridion","Coffee Dripper","Medical Kit","Boot","GodSword6","Blue Candle","LastBattle","ClockworkSouvenir","Eternal Feather","Kunai","ImprovedEquipment","Pen Nib"],"acts_visited":["Exordium","TheCity","TheBeyond","TheEnding"],"potions_floor_usage":[22,22,22,25,28,55,55,55],"damage_taken":[{"damage":1,"enemies":"ats:Genji","floor":1,"turns":3},{"damage":0,"enemies":"Small Slimes","floor":4,"turns":2},{"damage":0,"enemies":"2 Louse","floor":5,"turns":3},{"damage":0,"enemies":"Lagavulin","floor":6,"turns":4},{"damage":0,"enemies":"Lots of Slimes","floor":11,"turns":3},{"damage":0,"enemies":"2 Fungi Beasts","floor":13,"turns":3},{"damage":0,"enemies":"Hexaghost","floor":16,"turns":2},{"damage":0,"enemies":"3 Byrds","floor":18,"turns":2},{"damage":6,"enemies":"2 Thieves","floor":22,"turns":2},{"damage":6,"enemies":"Slavers","floor":23,"turns":3},{"damage":0,"enemies":"Sentry and Sphere","floor":24,"turns":4},{"damage":3,"enemies":"Snake Plant","floor":25,"turns":3},{"damage":0,"enemies":"Snecko","floor":28,"turns":3},{"damage":0,"enemies":"Centurion and Healer","floor":31,"turns":3},{"damage":0,"enemies":"Collector","floor":33,"turns":4},{"damage":0,"enemies":"3 Darklings","floor":35,"turns":3},{"damage":6,"enemies":"3 Shapes","floor":37,"turns":2},{"damage":0,"enemies":"Transient","floor":39,"turns":5},{"damage":0,"enemies":"Nemesis","floor":40,"turns":3},{"damage":6,"enemies":"Sphere and 2 Shapes","floor":46,"turns":4},{"damage":6,"enemies":"Donu and Deca","floor":50,"turns":5},{"damage":2,"enemies":"Shield and Spear","floor":54,"turns":3},{"damage":1,"enemies":"The Heart","floor":55,"turns":5}],"seed_played":"7030868427543769881","potions_obtained":[{"floor":6,"key":"CalmPotion"},{"floor":11,"key":"GamblersBrew"},{"floor":13,"key":"AttackPotion"},{"floor":16,"key":"DuplicationPotion"},{"floor":18,"key":"champ:CounterPotion"},{"floor":23,"key":"GamblersBrew"},{"floor":33,"key":"SteroidPotion"},{"floor":39,"key":"Strength Potion"},{"floor":46,"key":"FairyPotion"},{"floor":54,"key":"Weak Potion"}],"is_trial":false,"path_per_floor":["M","?","?","M","M","E","R","M","T","R","M","$","M","?","R","B",null,"M","$","?","?","M","E","M","M","T","R","M","?","?","M","R","B",null,"M","?","M","$","M","E","?","R","T","$","R","M","$","?","R","B",null,"R","$","E","B",null],"character_chosen":"AYA","items_purchased":["shameimaru:ShootTheBullet","MagicDraw2","Membership Card","HornCleat","Sling","Vajra","shameimaru:Opportunity","Medical Kit","Boot","shameimaru:Foresight","shameimaru:EvasiveForm","ClockworkSouvenir","Eternal Feather","shameimaru:CherishingBreeze","shameimaru:EvasiveManeuver","Kunai","ImprovedEquipment"],"campfire_rested":0,"item_purchase_floors":[12,12,12,12,19,19,38,38,38,44,47,47,47,53,53,53,53],"current_hp_per_floor":[550,555,555,555,555,555,555,555,555,555,555,555,555,555,555,555,555,555,555,555,555,549,552,552,549,549,549,549,533,533,533,533,533,555,555,555,549,549,549,549,544,544,544,544,544,539,539,539,555,549,555,555,555,555,555],"gold":9120,"neow_bonus":"TEN_PERCENT_HP_BONUS","is_daily":false,"chose_seed":false,"campfire_upgraded":8,"win_rate":0.0,"timestamp":1614323248,"path_taken":["M","?","?","M","M","E","R","M","T","R","M","?","?","?","R","BOSS","M","$","?","?","M","E","M","M","T","R","M","?","?","M","R","BOSS","M","?","?","$","?","E","?","R","T","$","R","M","?","?","R","BOSS","R","$","E","BOSS"],"items_purchased_type":["Card","Relic","Relic","Relic","Relic","Relic","Card","Relic","Relic","Card","Card","Relic","Relic","Card","Card","Relic","Relic"],"build_version":"2020-12-22","purchased_purges":0,"victory":true,"max_hp_per_floor":[550,555,555,555,555,555,555,555,555,555,555,555,555,555,555,555,555,555,555,555,555,555,555,555,555,555,555,555,555,555,555,555,555,555,555,555,555,555,555,555,555,555,555,555,555,555,555,555,555,555,555,555,555,555,555],"card_choices":[{"not_picked":["shameimaru:Photocopier","shameimaru:AdverseWind"],"picked":"shameimaru:SkywardSonnet","floor":1},{"not_picked":["shameimaru:CandidShot","shameimaru:GaleBlade","shameimaru:Persuade","shameimaru:FranticSearch"],"picked":"shameimaru:WidespreadPropaganda","floor":4},{"not_picked":["shameimaru:DashingGrace","shameimaru:BlindingSpeed","shameimaru:WidespreadPropaganda","shameimaru:GaleBullet"],"picked":"shameimaru:LibraryResearch","floor":5},{"not_picked":["shameimaru:LoadedStatement","shameimaru:Photoshoot","shameimaru:ReporterInstinct","shameimaru:AutumnalFallWind"],"picked":"shameimaru:DashingDomination","floor":6},{"not_picked":["shameimaru:AdverseWind","shameimaru:WhispersOfTheWind","shameimaru:GuidingBreeze","shameimaru:GaleBlade"],"picked":"shameimaru:Imitation","floor":11},{"not_picked":["shameimaru:LibraryResearch","shameimaru:BlindingSpeed","shameimaru:InstantShotJournalist","shameimaru:Foresight"],"picked":"shameimaru:QuickReporting","floor":13},{"not_picked":["shameimaru:Plagiarism","shameimaru:SpiralingTempest","shameimaru:DeadlineDay","shameimaru:AutumnalFallWind"],"picked":"shameimaru:PhotographicDisposal","floor":16},{"not_picked":["shameimaru:MassDeletion","shameimaru:Photocopier","shameimaru:Imitation+1","shameimaru:GroupPhoto"],"picked":"shameimaru:Telescoping","floor":18},{"not_picked":["shameimaru:CandidShot","shameimaru:MassDeletion","shameimaru:SuddenOutburst","shameimaru:Persuade+1"],"picked":"shameimaru:Tailwind","floor":22},{"not_picked":["shameimaru:DashingDomination","shameimaru:WhispersOfTheWind","shameimaru:Foresight","shameimaru:DashingGrace+1"],"picked":"shameimaru:PeerlessWind+1","floor":23},{"not_picked":["shameimaru:Telescoping","shameimaru:WidespreadPropaganda+1","shameimaru:Persuade","shameimaru:Photoshoot"],"picked":"shameimaru:BlindingSpeed","floor":24},{"not_picked":["shameimaru:FranticSearch","shameimaru:PhotographicDisposal","shameimaru:RapidFirePhotography","shameimaru:SuddenOutburst"],"picked":"shameimaru:DashingGrace+1","floor":25},{"not_picked":["shameimaru:FranticSearch","shameimaru:Tailwind","shameimaru:BlindingSpeed+1","shameimaru:SuddenOutburst"],"picked":"shameimaru:AirSlash+1","floor":28},{"not_picked":["shameimaru:LibraryResearch","shameimaru:Tailwind","shameimaru:LoadedStatement","shameimaru:Photocopier+1"],"picked":"shameimaru:Preparation","floor":31},{"not_picked":["shameimaru:OutburstingGust","shameimaru:SpiralingTempest","shameimaru:OverclockedCamera","shameimaru:BunbunmaruNewspaper"],"picked":"shameimaru:MountainProcession","floor":33},{"not_picked":["shameimaru:WhispersOfTheWind+1","shameimaru:AdverseWind+1","shameimaru:AirCutter","shameimaru:CandidShot+1"],"picked":"shameimaru:FlutteringFeyFan+1","floor":35},{"not_picked":["shameimaru:DoctoredImage+1","shameimaru:AirCutter+1","shameimaru:Imitation","shameimaru:DashingGrace+1"],"picked":"shameimaru:OutburstingGust","floor":37},{"not_picked":["shameimaru:GuidingBreeze+1","shameimaru:AirCutter","shameimaru:Photocopier+1","shameimaru:Preparation"],"picked":"shameimaru:IntertwinedWinds","floor":39},{"not_picked":["shameimaru:RapidFirePhotography+1","shameimaru:FranticSearch","shameimaru:Telescoping+1","shameimaru:Preparation"],"picked":"shameimaru:PressRelease","floor":40},{"not_picked":["shameimaru:FlutteringFeyFan","shameimaru:Imitation+1","shameimaru:ReporterInstinct","shameimaru:Photocopier"],"picked":"shameimaru:HighlightReel","floor":46},{"not_picked":["shameimaru:Photoshoot+1","shameimaru:CandidShot","shameimaru:PeerlessWind","shameimaru:GaleBullet"],"picked":"shameimaru:PhotographicDisposal","floor":54}],"player_experience":244980,"relics_obtained":[{"floor":1,"key":"SynthV:TestCard"},{"floor":1,"key":"LetterFromLob"},{"floor":6,"key":"halation:TwoAmDonut"},{"floor":9,"key":"PreservedInsect"},{"floor":23,"key":"Mastiff:ReiMu"},{"floor":29,"key":"Enchiridion"},{"floor":40,"key":"GodSword6"},{"floor":43,"key":"LastBattle"},{"floor":54,"key":"Pen Nib"}],"event_choices":[{"damage_healed":0,"gold_gain":0,"player_choice":"Donut","damage_taken":0,"max_hp_gain":5,"max_hp_loss":0,"event_name":"Big Fish","floor":2,"gold_loss":0},{"damage_healed":0,"gold_gain":0,"player_choice":"Leave","damage_taken":0,"max_hp_gain":0,"max_hp_loss":0,"event_name":"FaceTrader","floor":14,"gold_loss":0},{"damage_healed":0,"gold_gain":0,"player_choice":"Ignored","damage_taken":0,"max_hp_gain":0,"max_hp_loss":0,"event_name":"betterNote:BetterNote","floor":20,"gold_loss":0,"cards_obtained":["animator:Wiz"]},{"damage_healed":0,"gold_gain":0,"player_choice":"Choice 1","damage_taken":0,"relics_obtained":["alterego_mod:FleetingLove"],"max_hp_gain":0,"max_hp_loss":0,"event_name":"Secret Garden","floor":21,"gold_loss":0},{"damage_healed":0,"gold_gain":0,"player_choice":"Obtained Book","damage_taken":16,"max_hp_gain":0,"max_hp_loss":0,"event_name":"Cursed Tome","floor":29,"gold_loss":0},{"cards_removed":["Lust_TH"],"damage_healed":0,"gold_gain":0,"player_choice":"Removed Curses","damage_taken":0,"max_hp_gain":0,"max_hp_loss":0,"event_name":"Fountain of Cleansing","floor":36,"gold_loss":0}],"is_beta":false,"boss_relics":[{"not_picked":["halation:PinkAlligatorPlush","halation:SmartPhone"],"picked":"EasyGame_NEW"},{"not_picked":["AddBug","JellyFishMachine"],"picked":"Coffee Dripper"}],"items_purged_floors":[],"is_endless":false,"potions_floor_spawned":[6,11,13,16,18,23,33,39,46,54],"ascension_level":0}}