{"host":"yawnmhdh5u4s0p8o","time":1614301213,"event":{"mods":["AchievementEnabler","Aspiration","BaseMod","BetterRewards","Colored Powertips","Conspire","Downfall","Friendly Minions","GifTheSpireLib","Gremlin Mod","Hermit","Hubris","Infinite Spire","Ironclad Rager","Minty Spire (QoL Compilation)","Permanent Neow","Reliquary","Replay The Spire","Shop Mod","Spicy Shops","StSLib","The Construct","The Cursed","The Disciple","The Gatherer","The Hierophant","The Necromancer","The Runesmith","The Wild Card"],"gold_per_floor":[112,129,129,129,129,143,153,153,177,193,193,208,54,66,66,162,162,82,99,24,24,37,37,51,66,89,106,24,24,52,66,66,165,165,185,205,205,205,0,0,17,17,42,42,74,92,92,120,120,120],"floor_reached":51,"language":"ENG","playtime":5772,"items_purged":[],"score":773,"play_id":"60f24621-2067-4d3a-956b-c7d9bd257765","local_time":"20210226120013","is_ascension_mode":false,"campfire_choices":[{"floor":8,"key":"REST"},{"floor":15,"key":"REST"},{"data":"conspire:Banana","floor":23,"key":"SMITH"},{"floor":29,"key":"REST"},{"floor":32,"key":"DIG"},{"floor":40,"key":"REST"},{"floor":42,"key":"REST"},{"data":"Runesmith:RunicBlueprint","floor":47,"key":"SMITH"},{"floor":49,"key":"REST"}],"circlet_count":0,"master_deck":["Runesmith:Strike_RS","Runesmith:Strike_RS","Runesmith:Strike_RS","Runesmith:Strike_RS","Runesmith:Defend_RS","Runesmith:Defend_RS+1","Runesmith:Defend_RS","Runesmith:Defend_RS","Runesmith:Fortify","Runesmith:LithiumIon+1","Runesmith:HammerThrow","Runesmith:LithiumIon+1","Runesmith:CraftMagma","Runesmith:CraftProtectio","Runesmith:ChiselStab","Runesmith:UnstableHammer+1","Runesmith:ChargedHammer+1","Runesmith:HeatedChisel+1","ReplayTheSpireMod:Armaments MK-II-B+1","Runesmith:Grindstone","Runesmith:Grindstone","conspire:Banana+1","Runesmith:PoweredAnvil","Runesmith:HeatedChisel+1","Runesmith:CraftFirestone","Runesmith:CraftMedicinae","CurseOfTheBell","Runesmith:CraftProtectio+1","Runesmith:HeatedChisel+1","Runesmith:Firestorm+1","Runesmith:ChiselStab+1","Runesmith:HeatedChisel+1","Runesmith:HammerThrow+1","Runesmith:CraftIncendium","Runesmith:CreatorForm","Runesmith:CraftPrismatica","Doubt","ReplayTheSpireMod:Doomed","hubris:Wrath","Runesmith:RunicBlueprint+1","Madness","Runesmith:Firestorm+1","Runesmith:CraftMedicinae","Runesmith:GoWithTheFlow+1"],"relics":["Blue Doll","reliquary:Firecrackers","MerchantsRug","Molten Egg 2","hubris:Towel","Toy Ornithopter","m_RuneBlood","Replay:Wax Seal","Calling Bell","ReplayTheSpireMod:TigerMarble","Matryoshka","hubris:Spice","War Paint","Replay:Bottled Eggs","Happy Flower","Replay:Ancient Bell","Regal Pillow","reliquary:BoilingFlask","Ginger","Red Mask","Lizard Tail","reliquary:TuningFork"],"acts_visited":["Exordium","TheCity","TheBeyond"],"potions_floor_usage":[12,16,25,27,30,33,33,46,48],"damage_taken":[{"damage":2,"enemies":"conspire:RoseBush","floor":1,"turns":3},{"damage":13,"enemies":"Small Slimes","floor":2,"turns":3},{"damage":6,"enemies":"2 Louse","floor":6,"turns":2},{"damage":14,"enemies":"Exordium Thugs","floor":7,"turns":4},{"damage":5,"enemies":"conspire:2 RoseBushes","floor":10,"turns":4},{"damage":0,"enemies":"3 Louse","floor":12,"turns":2},{"damage":6,"enemies":"Exordium Wildlife","floor":14,"turns":2},{"damage":53,"enemies":"Fading Forest","floor":16,"turns":11},{"damage":8,"enemies":"Spheric Guardian","floor":18,"turns":5},{"damage":4,"enemies":"Chosen","floor":19,"turns":5},{"damage":40,"enemies":"Shelled Parasite and Fungi","floor":22,"turns":5},{"damage":24,"enemies":"Snake Plant","floor":24,"turns":6},{"damage":15,"enemies":"conspire:HollyBat","floor":25,"turns":6},{"damage":29,"enemies":"Shelled Parasite and Fungi","floor":27,"turns":5},{"damage":10,"enemies":"Centurion and Healer","floor":28,"turns":7},{"damage":11,"enemies":"Book of Stabbing","floor":30,"turns":6},{"damage":4,"enemies":"Cultist and Chosen","floor":31,"turns":6},{"damage":35,"enemies":"Collector","floor":33,"turns":9},{"damage":55,"enemies":"3 Darklings","floor":35,"turns":6},{"damage":14,"enemies":"3 Shapes","floor":36,"turns":5},{"damage":63,"enemies":"Writhing Mass","floor":41,"turns":7},{"damage":17,"enemies":"R_Hoarder","floor":45,"turns":7},{"damage":5,"enemies":"Maw","floor":46,"turns":8},{"damage":61,"enemies":"Nemesis","floor":48,"turns":7},{"damage":93,"enemies":"Time Eater","floor":50,"turns":14}],"seed_played":"4913616329376805311","potions_obtained":[{"floor":1,"key":"sneckomod:MuddlingPotion"},{"floor":6,"key":"Adrenaline Potion"},{"floor":7,"key":"Toxic Potion"},{"floor":25,"key":"Toxic Potion"},{"floor":28,"key":"EssenceOfSteel"},{"floor":30,"key":"hexamod:SoulburnPotion"},{"floor":31,"key":"Weak Potion"},{"floor":41,"key":"LiquidMemories"},{"floor":45,"key":"SteroidPotion"},{"floor":46,"key":"ColorlessPotion"}],"is_trial":false,"path_per_floor":["M","M","?","?","?","M","M","R","T","M","?","M","$","M","R","B",null,"M","M","?","?","M","R","M","M","T","M","M","R","E","M","R","B",null,"M","M","?","?","?","R","M","R","T","?","E","M","R","E","R","B",null],"character_chosen":"RUNESMITH_CLASS","items_purchased":["Blue Doll","reliquary:Firecrackers","MerchantsRug","Runesmith:LithiumIon","Runesmith:HammerThrow","Runesmith:LithiumIon","Runesmith:CraftMagma","Runesmith:CraftProtectio","Runesmith:Grindstone","Replay:Wax Seal","conspire:Banana","Runesmith:PoweredAnvil","Runesmith:HeatedChisel+1"],"campfire_rested":6,"item_purchase_floors":[0,0,0,0,0,0,0,0,13,13,13,13,13],"current_hp_per_floor":[36,23,23,23,23,17,3,24,24,19,19,27,27,25,46,20,80,76,76,76,76,40,40,21,20,28,9,28,57,56,57,57,37,105,55,46,32,32,32,79,26,74,74,74,66,76,76,27,72,41],"gold":120,"neow_bonus":"","is_daily":false,"chose_seed":false,"campfire_upgraded":2,"win_rate":0.0,"timestamp":1614301213,"path_taken":["M","M","?","?","?","?","M","R","T","M","?","M","$","M","R","BOSS","M","M","?","?","M","R","M","M","T","M","M","R","E","M","R","BOSS","M","M","?","?","?","R","M","R","T","?","E","M","R","E","R","BOSS"],"items_purchased_type":["Relic","Relic","Relic","Card","Card","Card","Card","Card","Card","Relic","Card","Card","Card"],"build_version":"2020-12-22","purchased_purges":0,"victory":true,"max_hp_per_floor":[70,70,70,70,70,70,70,70,70,70,70,70,70,71,71,72,80,81,82,82,82,83,83,85,87,95,97,99,99,101,103,103,105,105,107,109,109,109,109,109,111,111,111,103,105,100,100,102,102,104],"card_choices":[{"not_picked":["Runesmith:RuneHurl","Runesmith:CraftMagma","Runesmith:StaticCage"],"picked":"SKIP","floor":1},{"not_picked":["Runesmith:RuneHurl","Runesmith:UnstableHammer"],"picked":"Runesmith:ChiselStab","floor":2},{"not_picked":["Runesmith:NanitesCloud","Runesmith:StaticCage"],"picked":"Runesmith:UnstableHammer+1","floor":6},{"not_picked":["Runesmith:UnstableHammer+1","Runesmith:DoubleUp"],"picked":"Runesmith:ChargedHammer+1","floor":7},{"not_picked":["Runesmith:HeatExchange+1","Runesmith:BackupBattery"],"picked":"Runesmith:HeatedChisel+1","floor":10},{"not_picked":["Bash+1","Runesmith:Refine","Headbutt+1"],"picked":"SKIP","floor":12},{"not_picked":["Runesmith:BackupBattery","Runesmith:Grindstone"],"picked":"Runesmith:CraftFirestone","floor":14},{"not_picked":["Runesmith:MetallurgicalResearch","Runesmith:CraftIndustria"],"picked":"Runesmith:CraftMedicinae","floor":16},{"not_picked":["Runesmith:HeatedChisel+1","Runesmith:EnergizedChisel+1"],"picked":"Runesmith:CraftProtectio","floor":18},{"not_picked":["Runesmith:Empowerment","Runesmith:FrozenChisel+1"],"picked":"Runesmith:HeatedChisel+1","floor":19},{"not_picked":["Runesmith:StaticCage+1","Runesmith:CraftMagma"],"picked":"Runesmith:Firestorm+1","floor":22},{"not_picked":["Runesmith:RuneHurl+1","Runesmith:BackupBattery"],"picked":"Runesmith:ChiselStab+1","floor":24},{"not_picked":["Runesmith:MakeshiftArmor","Runesmith:Overpower+1","Runesmith:HeatExchange+1"],"picked":"SKIP","floor":25},{"not_picked":["Runesmith:Overpower+1","Runesmith:Accelerate"],"picked":"Runesmith:HeatedChisel+1","floor":27},{"not_picked":["Runesmith:MakeshiftArmor","Runesmith:Retool"],"picked":"Runesmith:HammerThrow+1","floor":28},{"not_picked":["Runesmith:BackupBattery","Runesmith:CraftReservo"],"picked":"Runesmith:CraftIncendium","floor":30},{"not_picked":["Runesmith:CraftReservo+1","Runesmith:HeatExchange+1"],"picked":"Runesmith:CreatorForm","floor":31},{"not_picked":["Runesmith:LightningRod","Runesmith:CreatorForm"],"picked":"Runesmith:CraftPrismatica","floor":33},{"not_picked":["SwitchThreat","downfall:Malfunctioning"],"picked":"Doubt","floor":34},{"not_picked":["hubris:Lust","Replay:Hysterical Blindness"],"picked":"ReplayTheSpireMod:Doomed","floor":34},{"not_picked":["Writhe","Decay"],"picked":"hubris:Wrath","floor":34},{"not_picked":["Runesmith:RuneHurl+1","Runesmith:Retool","Runesmith:MakeshiftArmor"],"picked":"SKIP","floor":35},{"not_picked":["Runesmith:CreatorForm","Runesmith:Repurpose+1"],"picked":"Runesmith:RunicBlueprint","floor":36},{"not_picked":["Runesmith:HeatedChisel+1","Runesmith:CraftReservo+1"],"picked":"Runesmith:Firestorm+1","floor":41},{"not_picked":["Runesmith:Grindstone","Runesmith:ShiftingStrike+1"],"picked":"Runesmith:CraftMedicinae","floor":45},{"not_picked":["Runesmith:BackupBattery+1","hubris:SpiceAddiction"],"picked":"hubris:SpiceAddiction","floor":46},{"not_picked":["Runesmith:UnstableHammer+1","Runesmith:CraftProtectio"],"picked":"Runesmith:GoWithTheFlow+1","floor":48}],"player_experience":136655,"relics_obtained":[{"floor":9,"key":"Toy Ornithopter"},{"floor":17,"key":"ReplayTheSpireMod:TigerMarble"},{"floor":17,"key":"Matryoshka"},{"floor":17,"key":"hubris:Spice"},{"floor":26,"key":"hubris:Spice"},{"floor":26,"key":"War Paint"},{"floor":30,"key":"Replay:Bottled Eggs"},{"floor":32,"key":"Happy Flower"},{"floor":43,"key":"Lizard Tail"},{"floor":43,"key":"reliquary:TuningFork"}],"event_choices":[{"damage_healed":0,"gold_gain":0,"player_choice":"Upgraded","damage_taken":0,"max_hp_gain":0,"max_hp_loss":0,"event_name":"Upgrade Shrine","floor":5,"gold_loss":0,"cards_upgraded":["Runesmith:CraftFirestone"]},{"cards_removed":["Injury"],"damage_healed":0,"gold_gain":0,"player_choice":"Gave Gold","damage_taken":0,"max_hp_gain":0,"max_hp_loss":0,"event_name":"Beggar","floor":20,"gold_loss":75},{"damage_healed":0,"gold_gain":0,"player_choice":"Embrace Madness","damage_taken":14,"max_hp_gain":0,"max_hp_loss":0,"event_name":"Winding Halls","floor":37,"gold_loss":0,"cards_obtained":["Madness","Madness"]},{"damage_healed":0,"gold_gain":0,"player_choice":"Ignored","damage_taken":0,"max_hp_gain":0,"max_hp_loss":0,"event_name":"Mysterious Sphere","floor":38,"gold_loss":0},{"damage_healed":0,"gold_gain":0,"player_choice":"Paid","damage_taken":0,"relics_obtained":["Red Mask"],"max_hp_gain":0,"max_hp_loss":0,"event_name":"Tomb of Lord Red Mask","floor":39,"gold_loss":205},{"cards_removed":["Madness"],"damage_healed":0,"gold_gain":0,"player_choice":"Gave Card","damage_taken":0,"relics_obtained":["hubris:Spice"],"max_hp_gain":0,"max_hp_loss":0,"event_name":"WeMeetAgain","floor":44,"gold_loss":0}],"is_beta":false,"boss_relics":[{"not_picked":["Runic Dome","Black Star"],"picked":"Calling Bell"},{"not_picked":["conspire:SeveredTorchhead","conspire:RunicOctahedron"],"picked":"Replay:Ancient Bell"},{"not_picked":["hubris:Spice","Boot"],"picked":"Regal Pillow"},{"not_picked":["hubris:Spice","hubris:Spice"],"picked":"reliquary:BoilingFlask"},{"not_picked":["hubris:Spice","hubris:Spice"],"picked":"Ginger"}],"items_purged_floors":[],"is_endless":false,"potions_floor_spawned":[1,6,7,25,28,30,31,41,45,46],"ascension_level":0}}