{"host":"ls9famm0cjqbttri","time":1614316002,"event":{"mods":["AchievementEnabler","Act Like it!","BaseMod","Hermit","Minty Spire (QoL Compilation)","Quick Restart","Relic Stats","Robot Space Explorer","Ruina","StSLib","The Animator","The Death Knight","The Marked","????"],"gold_per_floor":[118,118,43,43,43,43,43,43,43,69,82,96,46,62,62,136,136,148,148,168,186,49,83,83,116,139,139,153,182,182,182],"floor_reached":30,"language":"ENG","playtime":2016,"items_purged":["Pain","Decay"],"score":672,"play_id":"6fbcfb48-38cf-4d8e-976a-fd94f3ac1693","local_time":"20210226060642","daily_mods":["SealedDeck","Heirloom","DeadlyEvents","Elite Swarm","Night Terrors"],"is_ascension_mode":true,"campfire_choices":[{"data":"DeathKnight:UnholyPresence","floor":6,"key":"SMITH"},{"data":"DeathKnight:Hysteria","floor":8,"key":"SMITH"},{"data":"DeathKnight:Pestilence","floor":15,"key":"SMITH"},{"floor":24,"key":"REST"},{"data":"DeathKnight:Defile","floor":27,"key":"SMITH"}],"circlet_count":0,"master_deck":["AscendersBane","DeathKnight:MutagenicPlague","DeathKnight:BladedArmor","DeathKnight:RaiseAlly","DeathKnight:Parry+1","DeathKnight:DeathCoil","DeathKnight:BludPresence","DeathKnight:HowlingBlast","DeathKnight:FrosPresence+1","DeathKnight:Hysteria+1","DeathKnight:UnholyPresence+1","DeathKnight:Contagion","DeathKnight:MindFreeze","DeathKnight:Pestilence+1","DeathKnight:Runesurge","DeathKnight:GargoyleSkin","DeathKnight:IceboundArmor","DeathKnight:Contagion","DeathKnight:Defile+1","DeathKnight:FrosPresence"],"relics":["DeathKnight:BrokenRuneblade","Thread and Needle","WarpedTongs","PlaceholderMod:DaolothFragment","Singing Bowl","Pear","Sozu","Mercury Hourglass","Pantograph","Orichalcum","Omamori"],"acts_visited":["Exordium","TheCity"],"potions_floor_usage":[14,23],"damage_taken":[{"damage":0,"enemies":"2 Louse","floor":1,"turns":2},{"damage":19,"enemies":"Gremlin Nob","floor":10,"turns":4},{"damage":2,"enemies":"Cultist","floor":11,"turns":4},{"damage":0,"enemies":"Small Slimes","floor":12,"turns":3},{"damage":2,"enemies":"3 Louse","floor":14,"turns":3},{"damage":0,"enemies":"Hexaghost","floor":16,"turns":6},{"damage":0,"enemies":"Chosen","floor":18,"turns":4},{"damage":9,"enemies":"Spheric Guardian","floor":20,"turns":4},{"damage":19,"enemies":"Centurion and Healer","floor":21,"turns":6},{"damage":44,"enemies":"Gremlin Leader","floor":23,"turns":7},{"damage":42,"enemies":"Slavers","floor":25,"turns":5},{"damage":20,"enemies":"3 Cultists","floor":28,"turns":5},{"damage":6,"enemies":"Book of Stabbing","floor":29,"turns":6},{"damage":23,"enemies":"Slavers","floor":30,"turns":3}],"seed_played":"-4711621975133782175","potions_obtained":[{"floor":12,"key":"Explosive Potion"},{"floor":16,"key":"Swift Potion"}],"is_trial":true,"path_per_floor":["M","?","$","T","?","R","$","R","T","E","M","M","$","M","R","B",null,"M","?","M","M","$","E","R","E","T","R","M","E","E"],"character_chosen":"DEATH_KNIGHT","items_purchased":["DeathKnight:Pestilence","DeathKnight:Contagion"],"campfire_rested":1,"item_purchase_floors":[13,22],"current_hp_per_floor":[64,64,64,64,43,43,43,43,43,36,34,36,36,36,36,36,74,76,76,67,48,48,4,84,44,44,44,24,20,0,0],"gold":182,"neow_bonus":"","is_daily":false,"chose_seed":false,"campfire_upgraded":4,"win_rate":0.0,"timestamp":1614316002,"path_taken":["M","?","$","?","?","R","$","R","T","E","?","M","$","M","R","BOSS","M","?","M","M","$","E","R","E","T","R","M","?","E"],"items_purchased_type":["Card","Card"],"build_version":"2020-12-22","purchased_purges":2,"victory":false,"max_hp_per_floor":[71,71,71,71,71,71,71,71,71,83,83,85,85,87,87,87,87,89,89,89,89,89,89,84,86,86,86,86,88,88,88],"relic_stats":{"Sozu":4,"Singing Bowl":12,"counters":[14,61],"Pantograph":0,"Orichalcum":[18],"obtain_stats":[{"Sozu":17,"Pear":10,"PlaceholderMod:DaolothFragment":4,"Singing Bowl":9,"Pantograph":25,"Thread and Needle":0,"Omamori":29,"Orichalcum":26,"DeathKnight:BrokenRuneblade":0,"WarpedTongs":2,"Mercury Hourglass":23},{"Sozu":6,"Pear":2,"PlaceholderMod:DaolothFragment":1,"Singing Bowl":1,"Pantograph":11,"Thread and Needle":0,"Omamori":13,"Orichalcum":11,"DeathKnight:BrokenRuneblade":0,"WarpedTongs":1,"Mercury Hourglass":10},{"Sozu":22,"Pear":6,"PlaceholderMod:DaolothFragment":2,"Singing Bowl":2,"Pantograph":47,"Thread and Needle":0,"Omamori":58,"Orichalcum":47,"DeathKnight:BrokenRuneblade":0,"WarpedTongs":2,"Mercury Hourglass":43}],"WarpedTongs":[58],"Mercury Hourglass":[116]},"card_choices":[{"not_picked":["DeathKnight:BoneSpear","DeathKnight:DancingRuneblade"],"picked":"DeathKnight:Contagion","floor":1},{"not_picked":["DeathKnight:RunicDetonation","DeathKnight:UnholyExperiment","DeathKnight:ReapingStrike"],"picked":"Singing Bowl","floor":10},{"not_picked":["DeathKnight:MutagenicPlague","DeathKnight:FrostStrike"],"picked":"DeathKnight:MindFreeze","floor":11},{"not_picked":["DeathKnight:MutagenicPlague","DeathKnight:RuneShock","DeathKnight:DeathCoil"],"picked":"Singing Bowl","floor":12},{"not_picked":["DeathKnight:MutagenicPlague","DeathKnight:RunicDetonation","DeathKnight:UnholyPresence"],"picked":"Singing Bowl","floor":14},{"not_picked":["DeathKnight:MarkOfBlood","DeathKnight:ReapingStrike"],"picked":"DeathKnight:Runesurge","floor":16},{"not_picked":["DeathKnight:DeathAndDecay","DeathKnight:BladedArmor+1","DeathKnight:Marrowrend"],"picked":"Singing Bowl","floor":18},{"not_picked":["DeathKnight:Rot","DeathKnight:Lichborne"],"picked":"DeathKnight:GargoyleSkin","floor":20},{"not_picked":["DeathKnight:DeathStrike","DeathKnight:BloodBoil"],"picked":"DeathKnight:IceboundArmor","floor":21},{"not_picked":["DeathKnight:SindragosasBreath","DeathKnight:ReapingStrike"],"picked":"DeathKnight:Defile","floor":23},{"not_picked":["DeathKnight:MarkOfBlood","DeathKnight:VampiricBlood","DeathKnight:BoneStorm"],"picked":"Singing Bowl","floor":25},{"not_picked":["DeathKnight:BloodPact","DeathKnight:Pestilence"],"picked":"DeathKnight:FrosPresence","floor":28},{"not_picked":["DeathKnight:VampiricBlood","DeathKnight:RunicDetonation","DeathKnight:Outbreak"],"picked":"Singing Bowl","floor":29}],"player_experience":96512,"relics_obtained":[{"floor":4,"key":"PlaceholderMod:DaolothFragment"},{"floor":9,"key":"Singing Bowl"},{"floor":10,"key":"Pear"},{"floor":23,"key":"Mercury Hourglass"},{"floor":25,"key":"Pantograph"},{"floor":26,"key":"Orichalcum"},{"floor":29,"key":"Omamori"}],"event_choices":[{"damage_healed":0,"gold_gain":0,"player_choice":"Rummage","damage_taken":0,"relics_obtained":["WarpedTongs"],"max_hp_gain":0,"max_hp_loss":0,"event_name":"Accursed Blacksmith","floor":2,"gold_loss":0,"cards_obtained":["Pain"]},{"damage_healed":0,"gold_gain":0,"player_choice":"Entered Light","damage_taken":21,"max_hp_gain":0,"max_hp_loss":0,"event_name":"Shining Light","floor":5,"gold_loss":0,"cards_upgraded":["DeathKnight:Parry","DeathKnight:FrosPresence"]},{"damage_healed":0,"gold_gain":0,"player_choice":"Cursed","damage_taken":0,"max_hp_gain":0,"max_hp_loss":0,"event_name":"Wheel of Change","floor":19,"gold_loss":0,"cards_obtained":["Decay"]}],"is_beta":false,"boss_relics":[{"not_picked":["Velvet Choker","Astrolabe"],"picked":"Sozu"}],"items_purged_floors":[3,22],"is_endless":false,"potions_floor_spawned":[12,16,20,23,28,29],"killed_by":"Slavers","ascension_level":20}}