{"host":"d2gh6suihlstufn7","time":1614375538,"event":{"mods":["AchievementEnabler","BaseMod","Colored Map","Colored Powertips","Minty Spire (QoL Compilation)","Permanent Neow","Quick Restart","StSLib","SuperFastMode"],"gold_per_floor":[109,109,0,0,10,40,53,53,53,70,84,84,104,122,122,224,224,238,258,258,269,283,283,294,294,321,321,341,241,241,255,255,255,255],"floor_reached":33,"language":"KOR","playtime":1380,"items_purged":["CutThroughFate","WindmillStrike"],"score":253,"play_id":"7eb5de26-bde1-46a9-b792-d90ea13e940b","local_time":"20210227063858","is_ascension_mode":false,"campfire_choices":[{"data":"Adaptation","floor":8.0,"key":"SMITH"},{"data":"MentalFortress","floor":12.0,"key":"SMITH"},{"floor":15.0,"key":"REST"},{"floor":23.0,"key":"REST"},{"floor":25.0,"key":"REST"},{"floor":30.0,"key":"REST"},{"floor":32.0,"key":"REST"}],"circlet_count":0,"master_deck":["Eruption+1","Vigilance","Adaptation+1","CrushJoints","Prostrate","EmptyBody","Indignation","FearNoEvil","MentalFortress+1","FlurryOfBlows"],"relics":["Pandora\u0027s Box"],"acts_visited":["Exordium","TheCity"],"potions_floor_usage":[],"damage_taken":[{"damage":0.0,"enemies":"Cultist","floor":1.0,"turns":3.0},{"damage":4.0,"enemies":"Small Slimes","floor":5.0,"turns":3.0},{"damage":10.0,"enemies":"3 Sentries","floor":6.0,"turns":7.0},{"damage":0.0,"enemies":"Jaw Worm","floor":7.0,"turns":3.0},{"damage":9.0,"enemies":"Gremlin Gang","floor":10.0,"turns":4.0},{"damage":9.0,"enemies":"Large Slime","floor":11.0,"turns":3.0},{"damage":12.0,"enemies":"Exordium Thugs","floor":13.0,"turns":3.0},{"damage":4.0,"enemies":"Gremlin Gang","floor":14.0,"turns":3.0},{"damage":7.0,"enemies":"Hexaghost","floor":16.0,"turns":5.0},{"damage":17.0,"enemies":"3 Byrds","floor":18.0,"turns":4.0},{"damage":0.0,"enemies":"Shell Parasite","floor":19.0,"turns":3.0},{"damage":4.0,"enemies":"Shelled Parasite and Fungi","floor":21.0,"turns":4.0},{"damage":8.0,"enemies":"Centurion and Healer","floor":22.0,"turns":3.0},{"damage":24.0,"enemies":"Snecko","floor":24.0,"turns":5.0},{"damage":38.0,"enemies":"Snake Plant","floor":28.0,"turns":3.0},{"damage":39.0,"enemies":"Chosen and Byrds","floor":31.0,"turns":7.0},{"damage":0,"enemies":"Collector","floor":33,"turns":1}],"seed_played":"-3120122335705014275","potions_obtained":[{"floor":1.0,"key":"PowerPotion"},{"floor":6.0,"key":"GamblersBrew"},{"floor":16.0,"key":"Fire Potion"},{"floor":18.0,"key":"FearPotion"},{"floor":21.0,"key":"LiquidBronze"},{"floor":28.0,"key":"SteroidPotion"}],"is_trial":false,"path_per_floor":["M","?","$","?","M","E","M","R","T","M","M","R","M","M","R","B",null,"M","M","?","M","M","R","M","R","T","?","M","$","R","M","R","B"],"character_chosen":"WATCHER","items_purchased":["MentalFortress"],"campfire_rested":5,"item_purchase_floors":[3],"current_hp_per_floor":[72,72,72,65,61,51,51,51,51,42,33,33,21,17,38,31,72,55,55,55,51,43,64,40,61,61,61,23,23,44,5,26,26,26],"gold":255,"neow_bonus":"BOSS_RELIC","is_daily":false,"chose_seed":false,"campfire_upgraded":2,"win_rate":0.0,"timestamp":1614375538,"path_taken":["M","?","?","?","M","E","M","R","T","M","M","R","M","M","R","BOSS","M","M","?","M","?","R","M","R","T","?","M","$","R","M","R","BOSS"],"items_purchased_type":["Card"],"build_version":"2020-12-22","purchased_purges":2,"victory":false,"max_hp_per_floor":[72,72,72,72,72,72,72,72,72,72,72,72,72,72,72,72,72,72,72,72,72,72,72,72,72,72,72,72,72,72,72,72,72,72],"card_choices":[{"not_picked":["Worship","Consecrate","TalkToTheHand"],"picked":"SKIP","floor":1.0},{"not_picked":["SashWhip","FlyingSleeves","Crescendo"],"picked":"SKIP","floor":5.0},{"not_picked":["ReachHeaven","LessonLearned","Wallop"],"picked":"SKIP","floor":6.0},{"not_picked":["ReachHeaven","LessonLearned","Wallop"],"picked":"SKIP","floor":6.0},{"not_picked":["EmptyMind","JustLucky","SignatureMove"],"picked":"SKIP","floor":7.0},{"not_picked":["PathToVictory","Halt","EmptyBody"],"picked":"SKIP","floor":10.0},{"not_picked":["Protect","FlyingSleeves"],"picked":"FlurryOfBlows","floor":11.0},{"not_picked":["ThirdEye","FollowUp","FlurryOfBlows"],"picked":"SKIP","floor":13.0},{"not_picked":["FearNoEvil","SpiritShield","Weave"],"picked":"SKIP","floor":14.0},{"not_picked":["ThirdEye","EmptyBody","ClearTheMind"],"picked":"SKIP","floor":18.0},{"not_picked":["FlyingSleeves+1","Pray","BowlingBash"],"picked":"SKIP","floor":19.0},{"not_picked":["EmptyBody","Prostrate","Halt"],"picked":"SKIP","floor":21.0},{"not_picked":["BowlingBash","EmptyMind+1","ThirdEye"],"picked":"SKIP","floor":22.0},{"not_picked":["Halt","Establishment","FollowUp"],"picked":"SKIP","floor":24.0},{"not_picked":["CutThroughFate","Crescendo","Nirvana"],"picked":"SKIP","floor":28.0},{"not_picked":["ReachHeaven","BowlingBash","ThirdEye"],"picked":"SKIP","floor":31.0}],"player_experience":77338,"relics_obtained":[],"event_choices":[{"damage_healed":0.0,"max_hp_gain":0.0,"max_hp_loss":0.0,"gold_gain":0.0,"event_name":"Accursed Blacksmith","player_choice":"Forge","floor":2.0,"gold_loss":0.0,"damage_taken":0.0,"cards_upgraded":["Eruption"]},{"damage_healed":0.0,"max_hp_gain":0.0,"max_hp_loss":0.0,"gold_gain":0.0,"event_name":"Scrap Ooze","player_choice":"Fled","floor":4.0,"gold_loss":0.0,"damage_taken":7.0},{"damage_healed":0.0,"max_hp_gain":0.0,"max_hp_loss":0.0,"gold_gain":0.0,"event_name":"Duplicator","player_choice":"Ignored","floor":20.0,"gold_loss":0.0,"damage_taken":0.0},{"damage_healed":0.0,"max_hp_gain":0.0,"max_hp_loss":0.0,"gold_gain":0.0,"event_name":"The Mausoleum","player_choice":"Ignored","floor":27.0,"gold_loss":0.0,"damage_taken":0.0}],"is_beta":false,"boss_relics":[{"not_picked":["Ectoplasm","Calling Bell","Runic Pyramid"]}],"items_purged_floors":[3,29],"is_endless":false,"potions_floor_spawned":[1,6,16,18,21,28],"killed_by":"Collector","ascension_level":0}}