{"host":"qc8p2flj7wsy3zpg","time":1614356844,"event":{"mods":["BaseMod","Highlight Path","Minty Spire (QoL Compilation)","Monster List Patch","Relic Stats","StSLib"],"gold_per_floor":[111,127,127,140,140,167,167,187,213,226,255,255,255,284,284,358,358,374,39,219,232,248,278,278,290,359,371,388,63,92,104,104,181,181,198,253,265,265,1264,1264,1291,1291,1291,1319,1337,1385,756,766,766,766,766,766,766,133,160,160,160],"floor_reached":56,"language":"ENG","playtime":2271,"items_purged":["Anger","Searing Blow"],"score":2209,"play_id":"25415c8a-4cc6-4bec-9fb3-1b0e762b43d2","local_time":"20210226102724","is_ascension_mode":true,"campfire_choices":[{"floor":7.0,"key":"REST"},{"data":"Carnage","floor":12.0,"key":"SMITH"},{"data":"Shockwave","floor":15.0,"key":"SMITH"},{"data":"Spot Weakness","floor":24.0,"key":"SMITH"},{"data":"Uppercut","floor":32.0,"key":"SMITH"},{"data":"Whirlwind","floor":40.0,"key":"SMITH"},{"floor":42.0,"key":"RECALL"},{"data":"Second Wind","floor":49,"key":"SMITH"},{"data":"Carnage","floor":53,"key":"SMITH"}],"circlet_count":0,"master_deck":["AscendersBane","Bash","Cleave","Battle Trance","Carnage+1","Reaper","Pommel Strike","Shockwave+1","Reaper","Heavy Blade+1","Spot Weakness+1","Ghostly Armor","Armaments+1","Sword Boomerang+1","Shrug It Off","Reaper","Headbutt+1","Uppercut+1","Impervious","Sword Boomerang","Sword Boomerang","Whirlwind+1","Reaper","Shrug It Off","Carnage+1","Power Through","True Grit+1","Feed","Second Wind+1"],"relics":["Burning Blood","Unceasing Top","FaceOfCleric","Omamori","War Paint","Akabeko","Meat on the Bone","Snecko Eye","Bag of Marbles","Ancient Tea Set","Ornamental Fan","DollysMirror","Bag of Preparation","Vajra","Pandora\u0027s Box","Du-Vu Doll","Anchor","Centennial Puzzle","Orichalcum","Chemical X","Strawberry","Art of War","TheAbacus","Boot","Happy Flower","Sundial"],"acts_visited":["Exordium","TheCity","TheBeyond","TheEnding"],"potions_floor_usage":[56,56],"damage_taken":[{"damage":13.0,"enemies":"Cultist","floor":1.0,"turns":5.0},{"damage":7.0,"enemies":"Small Slimes","floor":2.0,"turns":4.0},{"damage":0.0,"enemies":"2 Louse","floor":4.0,"turns":2.0},{"damage":31.0,"enemies":"Gremlin Nob","floor":6.0,"turns":4.0},{"damage":6.0,"enemies":"Looter","floor":8.0,"turns":2.0},{"damage":0.0,"enemies":"Lots of Slimes","floor":10.0,"turns":1.0},{"damage":17.0,"enemies":"3 Sentries","floor":11.0,"turns":6.0},{"damage":0.0,"enemies":"Gremlin Nob","floor":14.0,"turns":2.0},{"damage":47.0,"enemies":"Hexaghost","floor":16.0,"turns":9.0},{"damage":30.0,"enemies":"2 Thieves","floor":18.0,"turns":4.0},{"damage":16.0,"enemies":"Chosen","floor":21.0,"turns":4.0},{"damage":3.0,"enemies":"3 Cultists","floor":22.0,"turns":4.0},{"damage":28.0,"enemies":"Gremlin Leader","floor":23.0,"turns":8.0},{"damage":6.0,"enemies":"Centurion and Healer","floor":25.0,"turns":5.0},{"damage":16.0,"enemies":"Snake Plant","floor":27.0,"turns":2.0},{"damage":1.0,"enemies":"Chosen and Byrds","floor":28.0,"turns":5.0},{"damage":12.0,"enemies":"Book of Stabbing","floor":30.0,"turns":2.0},{"damage":21.0,"enemies":"Centurion and Healer","floor":31.0,"turns":7.0},{"damage":108.0,"enemies":"Collector","floor":33.0,"turns":8.0},{"damage":13.0,"enemies":"3 Shapes","floor":35.0,"turns":3.0},{"damage":32.0,"enemies":"2 Orb Walkers","floor":36.0,"turns":2.0},{"damage":7.0,"enemies":"Orb Walker","floor":37.0,"turns":2.0},{"damage":0.0,"enemies":"Reptomancer","floor":41.0,"turns":2.0},{"damage":36,"enemies":"Nemesis","floor":44,"turns":3},{"damage":0,"enemies":"Jaw Worm Horde","floor":45,"turns":2},{"damage":5,"enemies":"4 Shapes","floor":48,"turns":4},{"damage":106,"enemies":"Donu and Deca","floor":50,"turns":8},{"damage":68,"enemies":"Time Eater","floor":51,"turns":8},{"damage":0,"enemies":"Shield and Spear","floor":55,"turns":1},{"damage":233,"enemies":"The Heart","floor":56,"turns":9}],"seed_played":"-5242256064184220567","potions_obtained":[{"floor":1.0,"key":"SkillPotion"},{"floor":6.0,"key":"DistilledChaos"},{"floor":8.0,"key":"Explosive Potion"},{"floor":14.0,"key":"BloodPotion"},{"floor":22.0,"key":"Swift Potion"},{"floor":25.0,"key":"ColorlessPotion"},{"floor":28.0,"key":"Explosive Potion"},{"floor":37.0,"key":"ColorlessPotion"},{"floor":44,"key":"BlessingOfTheForge"}],"is_trial":false,"path_per_floor":["M","M","?","M","?","E","R","M","T","M","E","R","?","E","R","B",null,"M","$","?","M","M","E","R","M","T","M","M","$","E","M","R","B",null,"M","?","M","?","?","R","E","R","T","E","M","T","$","M","R","B","B",null,"R","$","E","B"],"character_chosen":"IRONCLAD","items_purchased":["Spot Weakness","Bag of Marbles","Ghostly Armor","DollysMirror","Bag of Preparation","Chemical X","Strawberry","Art of War","PowerPotion","TheAbacus","Boot","Happy Flower","BloodPotion"],"campfire_rested":1,"item_purchase_floors":[19,19,19,29,29,47,47,47,47,54,54,54,54],"current_hp_per_floor":[43,42,37,43,43,19,41,42,42,49,39,39,44,51,51,23,70,75,75,56,65,89,68,68,75,75,75,89,89,90,95,95,53,85,96,71,99,99,99,99,100,100,100,71,102,102,109,113,113,48,59,101,101,101,108,0,0],"gold":160,"neow_bonus":"ONE_RARE_RELIC","is_daily":false,"chose_seed":false,"campfire_upgraded":7,"win_rate":0.0,"timestamp":1614356844,"path_taken":["M","?","?","M","?","E","R","M","T","?","E","R","?","E","R","BOSS","M","$","?","M","M","E","R","M","T","?","M","$","E","M","R","BOSS","M","?","M","?","?","R","E","R","T","E","M","?","$","?","R","BOSS","BOSS","R","$","E","BOSS"],"items_purchased_type":["Card","Relic","Card","Relic","Relic","Relic","Relic","Relic","Potion","Relic","Relic","Relic","Potion"],"build_version":"2020-12-22","purchased_purges":2,"victory":false,"max_hp_per_floor":[75,75,75,75,75,76,76,77,77,78,79,79,84,85,85,86,86,87,87,87,88,89,90,90,91,91,92,93,93,94,95,95,96,96,97,98,99,99,99,99,100,100,100,101,102,102,109,113,113,114,115,115,115,115,116,116,116],"relic_stats":{"Happy Flower":[3],"counters":[30,128],"Bag of Preparation":[28],"War Paint":["Defend_R","Defend_R"],"Orichalcum":[54],"Boot":[0],"Burning Blood":155,"Centennial Puzzle":[9],"TheAbacus":[18],"FaceOfCleric":26,"Ornamental Fan":[92],"Sundial":[2],"Snecko Eye":[166,157,189,178],"Pandora\u0027s Box":["Barricade","Sword Boomerang","Sword Boomerang","Whirlwind","Reaper","Searing Blow","Shrug It Off","Carnage","Power Through"],"Art of War":[2],"Chemical X":[9],"obtain_stats":[{"Vajra":30,"Bag of Preparation":29,"Ancient Tea Set":23,"Boot":54,"Burning Blood":0,"Centennial Puzzle":44,"TheAbacus":54,"FaceOfCleric":5,"DollysMirror":29,"Sundial":55,"Strawberry":47,"Chemical X":47,"Happy Flower":54,"Omamori":6,"War Paint":9,"Orichalcum":46,"Akabeko":11,"Du-Vu Doll":36,"Anchor":41,"Ornamental Fan":26,"Snecko Eye":17,"Pandora\u0027s Box":34,"Bag of Marbles":19,"Art of War":47,"Unceasing Top":0,"Meat on the Bone":14},{"Vajra":17,"Bag of Preparation":16,"Ancient Tea Set":13,"Boot":28,"Burning Blood":0,"Centennial Puzzle":24,"TheAbacus":28,"FaceOfCleric":3,"DollysMirror":16,"Sundial":29,"Strawberry":25,"Chemical X":25,"Happy Flower":28,"Omamori":4,"War Paint":5,"Orichalcum":25,"Akabeko":7,"Du-Vu Doll":21,"Anchor":23,"Ornamental Fan":14,"Snecko Eye":9,"Pandora\u0027s Box":19,"Bag of Marbles":10,"Art of War":25,"Unceasing Top":0,"Meat on the Bone":8},{"Vajra":69,"Bag of Preparation":67,"Ancient Tea Set":55,"Boot":118,"Burning Blood":0,"Centennial Puzzle":96,"TheAbacus":118,"FaceOfCleric":11,"DollysMirror":67,"Sundial":119,"Strawberry":98,"Chemical X":98,"Happy Flower":118,"Omamori":15,"War Paint":17,"Orichalcum":98,"Akabeko":24,"Du-Vu Doll":89,"Anchor":93,"Ornamental Fan":60,"Snecko Eye":35,"Pandora\u0027s Box":84,"Bag of Marbles":39,"Art of War":98,"Unceasing Top":0,"Meat on the Bone":26}],"Unceasing Top":[2],"Meat on the Bone":48},"card_choices":[{"not_picked":["Searing Blow","Thunderclap"],"picked":"Cleave","floor":1.0},{"not_picked":["Dropkick","Seeing Red"],"picked":"Anger","floor":2.0},{"not_picked":["Armaments","True Grit"],"picked":"Battle Trance","floor":4.0},{"not_picked":["Armaments","Heavy Blade"],"picked":"Carnage","floor":6.0},{"not_picked":["Wild Strike","Fire Breathing"],"picked":"Reaper","floor":10.0},{"not_picked":["Burning Pact","Rampage"],"picked":"Pommel Strike","floor":11.0},{"not_picked":["Clash","Anger"],"picked":"Shockwave","floor":14.0},{"not_picked":["Juggernaut","Double Tap"],"picked":"Reaper","floor":16.0},{"not_picked":["Warcry","Flex"],"picked":"Heavy Blade+1","floor":18.0},{"not_picked":["Burning Pact","Body Slam"],"picked":"Armaments+1","floor":22.0},{"not_picked":["Searing Blow+1","Thunderclap"],"picked":"Sword Boomerang+1","floor":23.0},{"not_picked":["Headbutt","Havoc+1"],"picked":"Shrug It Off","floor":28.0},{"not_picked":["Wild Strike","Hemokinesis"],"picked":"Headbutt+1","floor":30.0},{"not_picked":["Shockwave","Cleave"],"picked":"Uppercut","floor":31.0},{"not_picked":["Berserk","Exhume"],"picked":"Impervious","floor":33.0},{"not_picked":["Armaments","Pummel"],"picked":"True Grit+1","floor":35.0},{"not_picked":["Seeing Red","Hemokinesis"],"picked":"Feed","floor":45},{"not_picked":["Wild Strike","Body Slam"],"picked":"Second Wind","floor":48}],"player_experience":2434637,"relics_obtained":[{"floor":6.0,"key":"Omamori"},{"floor":9.0,"key":"War Paint"},{"floor":11.0,"key":"Akabeko"},{"floor":14.0,"key":"Meat on the Bone"},{"floor":23.0,"key":"Ancient Tea Set"},{"floor":26.0,"key":"Ornamental Fan"},{"floor":30.0,"key":"Vajra"},{"floor":36.0,"key":"Du-Vu Doll"},{"floor":41.0,"key":"Anchor"},{"floor":44,"key":"Centennial Puzzle"},{"floor":46,"key":"Orichalcum"},{"floor":55,"key":"Sundial"}],"event_choices":[{"damage_healed":0.0,"max_hp_gain":0.0,"max_hp_loss":0.0,"gold_gain":0.0,"event_name":"Scrap Ooze","player_choice":"Fled","floor":3.0,"gold_loss":0.0,"damage_taken":5.0},{"damage_healed":0.0,"max_hp_gain":0.0,"max_hp_loss":0.0,"gold_gain":0.0,"event_name":"FaceTrader","player_choice":"Trade","floor":5.0,"gold_loss":0.0,"damage_taken":0.0,"relics_obtained":["FaceOfCleric"]},{"damage_healed":0.0,"max_hp_gain":5.0,"max_hp_loss":0.0,"gold_gain":0.0,"event_name":"Big Fish","player_choice":"Donut","floor":13.0,"gold_loss":0.0,"damage_taken":0.0},{"damage_healed":0.0,"max_hp_gain":0.0,"max_hp_loss":0.0,"gold_gain":180.0,"event_name":"Knowing Skull","player_choice":"GOLD GOLD ","floor":20.0,"potions_obtained":[],"gold_loss":0.0,"damage_taken":19.0,"cards_obtained":[]},{"damage_healed":0.0,"max_hp_gain":0.0,"max_hp_loss":0.0,"gold_gain":0.0,"event_name":"Mysterious Sphere","player_choice":"Fight","floor":36.0,"gold_loss":0.0,"damage_taken":0.0},{"cards_removed":["Barricade"],"damage_healed":0.0,"max_hp_gain":0.0,"max_hp_loss":0.0,"gold_gain":0.0,"event_name":"Falling","player_choice":"Removed Power","floor":38.0,"gold_loss":0.0,"damage_taken":0.0},{"damage_healed":0.0,"max_hp_gain":0.0,"max_hp_loss":0.0,"gold_gain":999.0,"event_name":"MindBloom","player_choice":"Gold","floor":39.0,"gold_loss":0.0,"damage_taken":0.0,"cards_obtained":["Normality","Normality"]}],"is_beta":false,"boss_relics":[{"not_picked":["Astrolabe","Runic Dome"],"picked":"Snecko Eye"},{"not_picked":["Runic Cube","Tiny House"],"picked":"Pandora\u0027s Box"}],"items_purged_floors":[47,54],"is_endless":false,"potions_floor_spawned":[1,6,8,14,22,25,28,33,35,37,44,55],"killed_by":"The Heart","ascension_level":20}}