{"host":"0v07cr0k93jhgkpm","time":1614341117,"event":{"mods":["BaseMod","Colored Map","DeckTracker","Minty Spire (QoL Compilation)","Quick Restart","SuperFastMode"],"gold_per_floor":[113,113,26,26,26,66,84,124,169,169,185,204,204,224,224,224,224],"floor_reached":16,"language":"KOR","playtime":390,"items_purged":[],"score":270,"play_id":"d0f7827a-d9a7-4a36-a885-a43b04486cd8","local_time":"20210226210517","is_ascension_mode":true,"campfire_choices":[{"floor":10,"key":"REST"},{"data":"Body Slam","floor":13,"key":"SMITH"},{"floor":15,"key":"REST"}],"circlet_count":0,"master_deck":["AscendersBane","Strike_R+1","Strike_R","Strike_R","Strike_R","Strike_R","Defend_R","Defend_R","Defend_R","Defend_R","Bash","True Grit+1","Inflame","Shrug It Off","Entrench","Feed","Body Slam+1","Body Slam","Sword Boomerang","Rage"],"relics":["Burning Blood","NeowsBlessing","Golden Idol","Smiling Mask","Charon\u0027s Ashes","Dream Catcher"],"acts_visited":["Exordium"],"potions_floor_usage":[8,14,14],"damage_taken":[{"damage":0,"enemies":"2 Louse","floor":1,"turns":1},{"damage":0,"enemies":"3 Sentries","floor":6,"turns":2},{"damage":0,"enemies":"Small Slimes","floor":7,"turns":1},{"damage":50,"enemies":"Lagavulin","floor":8,"turns":9},{"damage":5,"enemies":"Jaw Worm","floor":11,"turns":3},{"damage":13,"enemies":"3 Louse","floor":12,"turns":4},{"damage":28,"enemies":"Gremlin Gang","floor":14,"turns":4},{"damage":36,"enemies":"Hexaghost","floor":16,"turns":7}],"seed_played":"7918257798811095028","potions_obtained":[{"floor":7,"key":"BlessingOfTheForge"},{"floor":8,"key":"Swift Potion"},{"floor":12,"key":"BlessingOfTheForge"}],"is_trial":false,"path_per_floor":["M","?","$","?","?","E","M","E","T","R","M","M","R","M","R","B"],"character_chosen":"IRONCLAD","items_purchased":["Inflame"],"campfire_rested":2,"item_purchase_floors":[3],"current_hp_per_floor":[74,51,51,51,44,50,56,12,12,34,38,34,34,12,36,0,0],"gold":224,"neow_bonus":"THREE_ENEMY_KILL","is_daily":false,"chose_seed":false,"campfire_upgraded":1,"win_rate":0.0,"timestamp":1614341117,"path_taken":["M","?","$","?","?","E","?","E","T","R","M","M","R","M","R","BOSS"],"items_purchased_type":["Card"],"build_version":"2020-12-22","purchased_purges":0,"victory":false,"max_hp_per_floor":[75,75,75,75,75,75,75,75,75,75,78,81,81,81,81,81,81],"card_choices":[{"not_picked":["Clash","Warcry"],"picked":"True Grit","floor":1},{"not_picked":["Armaments","Uppercut"],"picked":"Shrug It Off","floor":6},{"not_picked":["Dropkick","Power Through"],"picked":"Entrench","floor":7},{"not_picked":["Spot Weakness","Warcry"],"picked":"Feed","floor":8},{"not_picked":["True Grit","Twin Strike"],"picked":"Body Slam","floor":10},{"not_picked":["Shrug It Off","Thunderclap"],"picked":"Body Slam","floor":11},{"not_picked":["Armaments","Metallicize"],"picked":"Sword Boomerang","floor":12},{"not_picked":["Blood for Blood","Headbutt","Dual Wield"],"picked":"SKIP","floor":14},{"not_picked":["Thunderclap","Flex"],"picked":"Rage","floor":15}],"player_experience":2521549,"relics_obtained":[{"floor":6,"key":"Smiling Mask"},{"floor":8,"key":"Charon\u0027s Ashes"},{"floor":9,"key":"Dream Catcher"}],"event_choices":[{"damage_healed":0,"gold_gain":0,"player_choice":"Entered Light","damage_taken":23,"max_hp_gain":0,"max_hp_loss":0,"event_name":"Shining Light","floor":2,"gold_loss":0,"cards_upgraded":["Strike_R","True Grit"]},{"damage_healed":0,"gold_gain":0,"player_choice":"Take Wound","damage_taken":0,"relics_obtained":["Golden Idol"],"max_hp_gain":0,"max_hp_loss":0,"event_name":"Golden Idol","floor":4,"gold_loss":0,"cards_obtained":["Injury"]},{"cards_removed":["Injury"],"damage_healed":0,"gold_gain":0,"player_choice":"Card Removal","damage_taken":7,"max_hp_gain":0,"max_hp_loss":0,"event_name":"Golden Wing","floor":5,"gold_loss":0}],"is_beta":false,"boss_relics":[],"items_purged_floors":[],"is_endless":false,"potions_floor_spawned":[7,8,12],"killed_by":"Hexaghost","ascension_level":20}}