{"host":"rsokn1b2nrspb1iw","time":1614325184,"event":{"mods":["BaseMod","Better Altar","Better Match","Better Note","Better Sensory Stone","Better Skull","Better Third Choice","Better Vampires","BetterRewards","Block Reminder","Colored Map","Colored Powertips","Curses Come First","Custom Start","GifTheSpireLib","Hermit","Minty Spire (QoL Compilation)","Quick Restart","Rare Cards Sparkle","Relic Stats","Spire Birthday Party","StSLib","Unceasing Turn Reminder"],"gold_per_floor":[112,37,37,0,0,0,10,10,10,26,38,69,21,52,52,52,52],"floor_reached":16,"language":"ENG","playtime":550,"items_purged":[],"score":108,"play_id":"2c204857-1ded-4654-9feb-f3974de1f519","local_time":"20210226003944","is_ascension_mode":false,"campfire_choices":[{"data":"Enlightenment","floor":6.0,"key":"SMITH"},{"data":"Demon Form","floor":8.0,"key":"SMITH"},{"floor":15.0,"key":"REST"}],"circlet_count":0,"master_deck":["Strike_R","Strike_R","Strike_R","Strike_R","Strike_R","Defend_R","Defend_R","Defend_R","Defend_R","Bash","Sadistic Nature","Demon Form+1","Enlightenment+1","Uppercut"],"relics":["Burning Blood","Anchor","HornCleat"],"acts_visited":["Exordium"],"potions_floor_usage":[16],"damage_taken":[{"damage":8.0,"enemies":"2 Louse","floor":1.0,"turns":3.0},{"damage":4.0,"enemies":"Cultist","floor":7.0,"turns":4.0},{"damage":12.0,"enemies":"Small Slimes","floor":10.0,"turns":3.0},{"damage":32.0,"enemies":"3 Louse","floor":11.0,"turns":6.0},{"damage":43.0,"enemies":"3 Sentries","floor":12.0,"turns":8.0},{"damage":6.0,"enemies":"Gremlin Nob","floor":14.0,"turns":3.0},{"damage":44,"enemies":"The Guardian","floor":16,"turns":8}],"seed_played":"1784238685191998254","potions_obtained":[{"floor":1.0,"key":"SteroidPotion"},{"floor":12.0,"key":"Explosive Potion"},{"floor":14.0,"key":"ColorlessPotion"}],"is_trial":false,"path_per_floor":["M","?","$","?","?","R","M","R","T","M","M","E","?","E","R","B"],"character_chosen":"IRONCLAD","items_purchased":[],"campfire_rested":1,"item_purchase_floors":[],"current_hp_per_floor":[70,70,70,76,81,81,83,83,83,77,51,14,14,14,38,0,0],"gold":52,"neow_bonus":"RANDOM_COLORLESS_2","is_daily":false,"chose_seed":false,"campfire_upgraded":2,"win_rate":0.0,"timestamp":1614325184,"path_taken":["M","?","$","?","?","R","M","R","T","M","M","E","?","E","R","BOSS"],"items_purchased_type":[],"build_version":"2020-12-22","purchased_purges":0,"victory":false,"max_hp_per_floor":[72,72,72,78,83,83,83,83,83,83,83,83,83,83,83,83,83],"relic_stats":{"counters":[7,35],"obtain_stats":[{"Anchor":12,"HornCleat":14,"Burning Blood":0},{"Anchor":5,"HornCleat":6,"Burning Blood":0},{"Anchor":24,"HornCleat":27,"Burning Blood":0}],"Burning Blood":36},"card_choices":[{"not_picked":["Metamorphosis","Apotheosis"],"picked":"Sadistic Nature","floor":0.0},{"not_picked":["Shrug It Off","Clash","Pommel Strike"],"picked":"SKIP","floor":1.0},{"not_picked":["Double Tap","Corruption"],"picked":"Demon Form","floor":2.0},{"not_picked":["Armaments","Dropkick","Wild Strike"],"picked":"SKIP","floor":7.0},{"not_picked":["Disarm","Anger","Second Wind"],"picked":"SKIP","floor":10.0},{"not_picked":["Rampage","Sword Boomerang","Wild Strike"],"picked":"SKIP","floor":11.0},{"not_picked":["Sever Soul","Wild Strike"],"picked":"Uppercut","floor":12.0},{"not_picked":["Iron Wave","Wild Strike","Body Slam"],"picked":"SKIP","floor":14.0}],"player_experience":200225,"relics_obtained":[{"floor":12.0,"key":"Anchor"},{"floor":14.0,"key":"HornCleat"}],"event_choices":[{"damage_healed":0.0,"max_hp_gain":0.0,"max_hp_loss":0.0,"gold_gain":0.0,"event_name":"betterMatch:BetterMatch","player_choice":"1","floor":2.0,"gold_loss":0.0,"damage_taken":0.0,"cards_obtained":["betterMatch:RareCard"]},{"damage_healed":0.0,"max_hp_gain":0.0,"max_hp_loss":0.0,"gold_gain":0.0,"event_name":"betterThird:BetterSerpent","player_choice":"RENOUNCE","floor":4.0,"gold_loss":37.0,"damage_taken":37.0,"cards_obtained":["Enlightenment"]},{"damage_healed":0.0,"max_hp_gain":5.0,"max_hp_loss":0.0,"gold_gain":0.0,"event_name":"Big Fish","player_choice":"Donut","floor":5.0,"gold_loss":0.0,"damage_taken":0.0},{"damage_healed":0.0,"max_hp_gain":0.0,"max_hp_loss":0.0,"gold_gain":0.0,"event_name":"betterThird:BetterGoop","player_choice":"Left","floor":13.0,"gold_loss":48.0,"damage_taken":0.0}],"is_beta":false,"boss_relics":[],"items_purged_floors":[],"is_endless":false,"potions_floor_spawned":[1,12,14],"killed_by":"The Guardian","ascension_level":0}}