{"host":"s0nrlal5fls38heo","time":1614355771,"event":{"mods":["AchievementEnabler","BaseMod","Better Vampires","Colored Powertips","Dark Map","Displayed Cursed Tome","Downfall","Faster Ascension Climbing","GifTheSpireLib","Minty Spire (QoL Compilation)","Permanent Neow","Rare Cards Sparkle","Relic Filter Mod","Relic Stats","StSLib"],"gold_per_floor":[99,122,122,136,153,153,153,169,179,211,32,60,78,103,123,196,196,96,112,124,142,152,152,222,236,269,279,279,279,313,40,60,136,136,136,154,168,168,185,218,218,230,130,146,40,74,14,32,52,52],"floor_reached":51,"language":"ENG","playtime":3144,"items_purged":[],"score":1358,"play_id":"a36d6f54-9ac9-49b6-91e8-6a2cc57deb5f","local_time":"20210226170931","is_ascension_mode":true,"campfire_choices":[{"data":"Guardian:TwinSlam","floor":1.0,"key":"SMITH"},{"data":"Guardian:Repulse","floor":6.0,"key":"SMITH"},{"data":"Secret Technique","floor":18.0,"key":"SMITH"},{"data":"Guardian:DecasProtection","floor":29.0,"key":"SMITH"},{"floor":35.0,"key":"RECALL"},{"floor":43.0,"key":"REST"}],"circlet_count":0,"master_deck":["AscendersBane","Guardian:Strike_Guardian","Guardian:Strike_Guardian","Guardian:Strike_Guardian","Guardian:Strike_Guardian","Guardian:Defend_Guardian","Guardian:Defend_Guardian","Guardian:Defend_Guardian","Guardian:Defend_Guardian","Guardian:CurlUp","Guardian:TwinSlam+1","Guardian:FloatingOrbs","Guardian:Repulse+1","Guardian:ArmoredProtocol","Guardian:Recover","Guardian:BronzeOrb","Guardian:ExploitGems","Secret Technique+1","Guardian:Planning","Guardian:AncientConstruct","Guardian:ShieldCharger","Guardian:Harden+1","Guardian:ChargeUp","Guardian:FloatingOrbs+1","Guardian:ChargeUp","Guardian:DecasProtection+1","Guardian:ArmoredProtocol","Guardian:SpikerProtocol","expansioncontent:QuickStudy","Guardian:DecasProtection","Guardian:FuturePlans","Guardian:TimeSifter","Guardian:Recover","Guardian:BronzeOrb","Guardian:DonusPower+1","Guardian:Clone+1","expansioncontent:InvincibleStrength","Guardian:Harden+1"],"relics":["Black Star","Bronze Scales","Matryoshka","Bag of Preparation","WingedGreaves","Happy Flower","Orichalcum","Centennial Puzzle","Slimebound:PreparedRelic","SlaversCollar","downfall:HeartBlessingGreen","Pen Nib","Shuriken","Anchor","Pantograph","Vajra","Ice Cream","Guardian:StasisSlotReductionRelic","Mercury Hourglass","Pear","Toxic Egg 2","Incense Burner","PreservedInsect","downfall:HeartBlessingRed","Potion Belt","White Beast Statue","Strawberry","Strange Spoon"],"acts_visited":["Exordium","TheCity","TheBeyond"],"potions_floor_usage":[50],"damage_taken":[{"damage":1.0,"enemies":"Cultist","floor":4.0,"turns":4.0},{"damage":3.0,"enemies":"Jaw Worm","floor":5.0,"turns":4.0},{"damage":8.0,"enemies":"2 Louse","floor":8.0,"turns":3.0},{"damage":4.0,"enemies":"Red Slaver","floor":9.0,"turns":4.0},{"damage":5.0,"enemies":"3 Sentries","floor":10.0,"turns":7.0},{"damage":0.0,"enemies":"downfall:FleeingMerchant","floor":11.0,"turns":4.0},{"damage":8.0,"enemies":"Lagavulin","floor":12.0,"turns":11.0},{"damage":1.0,"enemies":"3 Louse","floor":13.0,"turns":5.0},{"damage":11.0,"enemies":"Gremlin Nob","floor":14.0,"turns":5.0},{"damage":0.0,"enemies":"Exordium Thugs","floor":15.0,"turns":6.0},{"damage":2.0,"enemies":"SI_SHIV_ARCHETYPE","floor":16.0,"turns":9.0},{"damage":0.0,"enemies":"downfall:LooterAlt2","floor":19.0,"turns":6.0},{"damage":3.0,"enemies":"Shell Parasite","floor":20.0,"turns":5.0},{"damage":25.0,"enemies":"3 Cultists","floor":21.0,"turns":8.0},{"damage":6.0,"enemies":"Snecko","floor":22.0,"turns":6.0},{"damage":0.0,"enemies":"Sentry and Sphere","floor":25.0,"turns":5.0},{"damage":15.0,"enemies":"Book of Stabbing","floor":26.0,"turns":5.0},{"damage":0.0,"enemies":"Centurion and Healer","floor":27.0,"turns":7.0},{"damage":7.0,"enemies":"Gremlin Leader","floor":30.0,"turns":6.0},{"damage":0.0,"enemies":"downfall:FleeingMerchant","floor":31.0,"turns":4.0},{"damage":1.0,"enemies":"Snake Plant","floor":32.0,"turns":4.0},{"damage":29.0,"enemies":"DF_ARCHETYPE_CLAW","floor":33.0,"turns":8.0},{"damage":0.0,"enemies":"Orb Walker","floor":36.0,"turns":5.0},{"damage":19.0,"enemies":"3 Darklings","floor":37.0,"turns":8.0},{"damage":10.0,"enemies":"Jaw Worm Horde","floor":39.0,"turns":4.0},{"damage":11.0,"enemies":"Reptomancer","floor":40.0,"turns":8.0},{"damage":0.0,"enemies":"4 Shapes","floor":42.0,"turns":8.0},{"damage":7.0,"enemies":"Spire Growth","floor":44.0,"turns":5.0},{"damage":0.0,"enemies":"downfall:FleeingMerchant","floor":45.0,"turns":4.0},{"damage":10.0,"enemies":"Nemesis","floor":46.0,"turns":5.0},{"damage":0.0,"enemies":"downfall:FleeingMerchant","floor":47.0,"turns":3.0},{"damage":4,"enemies":"3 Darklings","floor":48,"turns":7},{"damage":20,"enemies":"Jaw Worm Horde","floor":49,"turns":3},{"damage":10,"enemies":"IC_BLOCK_ARCHETYPE","floor":50,"turns":11}],"seed_played":"5884996260457092475","potions_obtained":[{"floor":3.0,"key":"Fire Potion"},{"floor":3.0,"key":"BlessingOfTheForge"},{"floor":10.0,"key":"Guardian:BlockOnCardUsePotion"},{"floor":14.0,"key":"Block Potion"},{"floor":15.0,"key":"Strength Potion"},{"floor":21.0,"key":"Fire Potion"},{"floor":26.0,"key":"LiquidMemories"},{"floor":32.0,"key":"Block Potion"},{"floor":33.0,"key":"sneckomod:MuddlingPotion"},{"floor":37.0,"key":"EssenceOfSteel"},{"floor":39.0,"key":"DistilledChaos"},{"floor":42.0,"key":"hexamod:SoulburnPotion"},{"floor":49,"key":"SteroidPotion"}],"is_trial":false,"path_per_floor":["R","T","?","M","M","R","T","M","M","E","$","E","M","E","M","B",null,"R","M","M","M","M","?","T","M","E","M","?","R","E","$","M","B",null,"R","M","M","T","M","E","T","M","R","M","$","E","$","M","M","B",null],"character_chosen":"GUARDIAN","items_purchased":["Secret Technique","expansioncontent:QuickStudy","Guardian:DecasProtection","expansioncontent:InvincibleStrength","Guardian:StasisDiscoveryPotion","Strawberry","Strange Spoon"],"campfire_rested":1,"item_purchase_floors":[11,31,31,45,47,47,47],"current_hp_per_floor":[65,65,65,64,61,61,61,53,49,44,44,36,35,24,24,22,60,60,60,57,32,26,26,26,26,11,11,72,72,65,65,64,43,65,65,65,46,56,46,35,35,35,59,52,52,42,49,45,25,40],"gold":52,"neow_bonus":"BOSS_RELIC","is_daily":false,"chose_seed":false,"campfire_upgraded":4,"win_rate":0.0,"timestamp":1614355771,"path_taken":["R","?","?","M","?","R","T","M","M","E","?","E","M","E","M","BOSS","R","M","M","?","M","?","T","M","E","?","?","R","E","$","M","BOSS","R","M","M","?","?","E","T","M","R","M","$","E","$","M","M","BOSS"],"items_purchased_type":["Card","Card","Card","Card","Potion","Relic","Relic"],"build_version":"2020-12-22","purchased_purges":0,"victory":true,"max_hp_per_floor":[72,72,72,72,72,72,72,72,72,72,72,72,72,72,72,72,72,72,72,72,72,72,72,72,72,72,72,72,72,72,72,72,72,72,72,72,72,82,82,82,82,82,82,82,82,82,89,89,89,89],"relic_stats":{"Happy Flower":[53],"counters":[34,196],"Pen Nib":[24],"PreservedInsect":50,"Bag of Preparation":[58],"Orichalcum":[36],"Mercury Hourglass":[203],"Strange Spoon":[20],"Centennial Puzzle":[48],"Shuriken":[46],"Bronze Scales":[571],"Pantograph":33,"Black Star":7,"obtain_stats":[{"Ice Cream":30,"Guardian:StasisSlotReductionRelic":34,"Vajra":30,"downfall:HeartBlessingGreen":18,"Bag of Preparation":10,"Incense Burner":40,"Centennial Puzzle":14,"Matryoshka":7,"Pantograph":26,"Strawberry":47,"WingedGreaves":10,"Toxic Egg 2":40,"Potion Belt":46,"Pear":38,"Happy Flower":12,"downfall:HeartBlessingRed":43,"Guardian:ModeShifter":0,"Pen Nib":24,"PreservedInsect":41,"Orichalcum":12,"White Beast Statue":46,"Mercury Hourglass":38,"SlaversCollar":17,"Strange Spoon":47,"Anchor":26,"Shuriken":24,"Bronze Scales":2,"Slimebound:PreparedRelic":14,"Black Star":0},{"Ice Cream":19,"Guardian:StasisSlotReductionRelic":22,"Vajra":19,"downfall:HeartBlessingGreen":11,"Bag of Preparation":5,"Incense Burner":26,"Centennial Puzzle":9,"Matryoshka":2,"Pantograph":17,"Strawberry":31,"WingedGreaves":5,"Toxic Egg 2":26,"Potion Belt":30,"Pear":24,"Happy Flower":7,"downfall:HeartBlessingRed":27,"Guardian:ModeShifter":0,"Pen Nib":15,"PreservedInsect":26,"Orichalcum":7,"White Beast Statue":30,"Mercury Hourglass":24,"SlaversCollar":11,"Strange Spoon":31,"Anchor":17,"Shuriken":15,"Bronze Scales":0,"Slimebound:PreparedRelic":9,"Black Star":0},{"Ice Cream":110,"Guardian:StasisSlotReductionRelic":126,"Vajra":110,"downfall:HeartBlessingGreen":62,"Bag of Preparation":22,"Incense Burner":151,"Centennial Puzzle":47,"Matryoshka":8,"Pantograph":97,"Strawberry":175,"WingedGreaves":22,"Toxic Egg 2":151,"Potion Belt":172,"Pear":139,"Happy Flower":37,"downfall:HeartBlessingRed":158,"Guardian:ModeShifter":0,"Pen Nib":87,"PreservedInsect":151,"Orichalcum":37,"White Beast Statue":172,"Mercury Hourglass":139,"SlaversCollar":62,"Strange Spoon":175,"Anchor":97,"Shuriken":87,"Bronze Scales":0,"Slimebound:PreparedRelic":47,"Black Star":0}]},"card_choices":[{"not_picked":["Guardian:Gem_Green","Guardian:Orbwalk"],"picked":"Guardian:FloatingOrbs","floor":4.0},{"not_picked":["Guardian:Gem_Red","Guardian:Suspension"],"picked":"Guardian:Repulse","floor":5.0},{"not_picked":["Guardian:Suspension","Guardian:CrystalBeam"],"picked":"Guardian:ArmoredProtocol","floor":8.0},{"not_picked":["Guardian:RollAttack","Guardian:PrimingBeam"],"picked":"Guardian:Recover","floor":9.0},{"not_picked":["Guardian:Reroute","Guardian:CrystalBeam"],"picked":"Guardian:BronzeOrb","floor":10.0},{"not_picked":["Guardian:TemporalStrike","Guardian:ArmoredProtocol"],"picked":"Guardian:ExploitGems","floor":11.0},{"not_picked":["Guardian:DonusPower","Guardian:ChargeUp"],"picked":"Guardian:Planning","floor":12.0},{"not_picked":["Guardian:Gem_Red","Guardian:CrystalBeam"],"picked":"Guardian:Gem_Green","floor":13.0},{"not_picked":["Guardian:Reroute","Guardian:Incinerate"],"picked":"Guardian:AncientConstruct","floor":14.0},{"not_picked":["Guardian:ChargeCore","Guardian:Preprogram"],"picked":"Guardian:ShieldCharger","floor":15.0},{"not_picked":["Guardian:SphericShield","Guardian:ConstructionForm"],"picked":"Guardian:Gem_Orange","floor":16.0},{"not_picked":["Guardian:Gem_Fragmented","Guardian:Reroute"],"picked":"Guardian:Harden+1","floor":19.0},{"not_picked":["Guardian:Gem_Lightblue","Guardian:VentSteam","Guardian:Gem_Red"],"picked":"SKIP","floor":20.0},{"not_picked":["Guardian:Emergency","Guardian:ShieldSpikes+1"],"picked":"Guardian:ChargeUp","floor":21.0},{"not_picked":["Guardian:Gem_Cyan","Guardian:BronzeOrb"],"picked":"Guardian:FloatingOrbs+1","floor":22.0},{"not_picked":["Guardian:BronzeOrb","Guardian:ShieldCharger"],"picked":"Guardian:Gem_Synthetic","floor":25.0},{"not_picked":["Guardian:PrismaticBeam","Guardian:ShieldCharger"],"picked":"Guardian:ChargeUp","floor":26.0},{"not_picked":["Guardian:TemporalStrike","Guardian:FuturePlans"],"picked":"Guardian:DecasProtection","floor":27.0},{"not_picked":["Guardian:TemporalStrike","Guardian:Gem_Red"],"picked":"Guardian:ArmoredProtocol","floor":30.0},{"not_picked":["Guardian:PiercingHide","Guardian:GatlingBeam"],"picked":"Guardian:SpikerProtocol","floor":31.0},{"not_picked":["Guardian:SpikerProtocol","Guardian:Gem_Cyan"],"picked":"Guardian:FuturePlans","floor":32.0},{"not_picked":["Guardian:StasisStrike","Guardian:SphericShield"],"picked":"Guardian:TimeSifter","floor":33.0},{"not_picked":["Guardian:VentSteam","Guardian:Orbwalk"],"picked":"Guardian:Recover","floor":36.0},{"not_picked":["Guardian:PrismaticBarrier","Guardian:PrismaticBeam","Guardian:PrimingBeam"],"picked":"SKIP","floor":37.0},{"not_picked":["Guardian:Orbwalk+1","Guardian:BodySlam+1"],"picked":"Guardian:Gem_White","floor":39.0},{"not_picked":["Guardian:Suspension+1","Guardian:Gem_Green"],"picked":"Guardian:BronzeOrb","floor":40.0},{"not_picked":["Guardian:Repulse","Guardian:Gem_Lightblue","Guardian:PrimingBeam"],"picked":"SKIP","floor":42.0},{"not_picked":["Guardian:VentSteam+1","Guardian:Gem_Green"],"picked":"Guardian:DonusPower+1","floor":44.0},{"not_picked":["Guardian:RollAttack","Guardian:Recover+1"],"picked":"Guardian:Clone+1","floor":45.0},{"not_picked":["Guardian:PiercingHide+1","Guardian:PrismaticBarrier+1"],"picked":"Guardian:Harden+1","floor":46.0},{"not_picked":["Guardian:PiercingHide+1","Guardian:CrystalBeam","Guardian:Preprogram+1"],"picked":"SKIP","floor":48},{"not_picked":["Guardian:ChargeUp+1","Guardian:PolyBeam","Guardian:WalkerClaw+1"],"picked":"SKIP","floor":49}],"player_experience":91880,"relics_obtained":[{"floor":2.0,"key":"Bronze Scales"},{"floor":7.0,"key":"Matryoshka"},{"floor":10.0,"key":"Bag of Preparation"},{"floor":10.0,"key":"WingedGreaves"},{"floor":12.0,"key":"Happy Flower"},{"floor":12.0,"key":"Orichalcum"},{"floor":14.0,"key":"Centennial Puzzle"},{"floor":14.0,"key":"Slimebound:PreparedRelic"},{"floor":24.0,"key":"Pen Nib"},{"floor":24.0,"key":"Shuriken"},{"floor":26.0,"key":"Anchor"},{"floor":26.0,"key":"Pantograph"},{"floor":30.0,"key":"Vajra"},{"floor":30.0,"key":"Ice Cream"},{"floor":38.0,"key":"Mercury Hourglass"},{"floor":38.0,"key":"Pear"},{"floor":40.0,"key":"Toxic Egg 2"},{"floor":40.0,"key":"Incense Burner"},{"floor":41.0,"key":"PreservedInsect"},{"floor":46.0,"key":"Potion Belt"},{"floor":46.0,"key":"White Beast Statue"}],"event_choices":[{"damage_healed":0.0,"max_hp_gain":0.0,"max_hp_loss":0.0,"gold_gain":0.0,"event_name":"Lab","player_choice":"Got Potions","floor":3.0,"gold_loss":0.0,"damage_taken":0.0},{"damage_healed":61.0,"max_hp_gain":0.0,"max_hp_loss":0.0,"gold_gain":0.0,"event_name":"Wheel of Change","player_choice":"Full Heal","floor":28.0,"gold_loss":0.0,"damage_taken":0.0}],"is_beta":false,"boss_relics":[{"not_picked":["Astrolabe","expansioncontent:StudyCardRelic"],"picked":"SlaversCollar"},{"not_picked":["Velvet Choker","SacredBark"],"picked":"Guardian:StasisSlotReductionRelic"}],"items_purged_floors":[],"is_endless":false,"potions_floor_spawned":[5,8,10,14,15,16,21,26,32,33,37,39,42,44,47,49],"ascension_level":14}}