{"host":"fea6kdxvty5fzy91","time":1614300119,"event":{"mods":["A Magickal Journey","AchievementEnabler","BaseMod","Better Third Choice","Colored Map","Colored Powertips","Custom Start","DeckTracker","Googly Eyes","Highlight Path","Minty Spire (QoL Compilation)","Quick Restart","Rare Cards Sparkle","StSLib","The IronCluck","everything is the same but u backflip on backflip","slay the spire mod where everything is the same but ironclad has a cowboy hat"],"gold_per_floor":[115,115,115,130,146,176,176,451,451,451,296,313,325,342,342,444,444,456,356,374,214,214,224,255,255,305,305,322,322,337,337,337,439,439,451,451,451,520,540,540,314,314,337,337,369,369,215,232,232,232,232,232,46,80,80,80],"floor_reached":55,"language":"ENG","playtime":4266,"items_purged":["Regret","Strike_P","Defend_P"],"score":688,"play_id":"91fbfe49-e06b-4e93-b6e9-050e19a00858","local_time":"20210225174159","is_ascension_mode":false,"campfire_choices":[{"data":"WindmillStrike","floor":7,"key":"SMITH"},{"floor":10,"key":"REST"},{"data":"LikeWater","floor":15,"key":"SMITH"},{"floor":25,"key":"RECALL"},{"data":"MentalFortress","floor":27,"key":"SMITH"},{"data":"SpiritShield","floor":29,"key":"SMITH"},{"floor":32,"key":"REST"},{"floor":40,"key":"REST"},{"floor":44,"key":"REST"},{"floor":46,"key":"REST"},{"floor":49,"key":"REST"},{"floor":52,"key":"REST"}],"circlet_count":0,"master_deck":["Strike_P","Strike_P","Defend_P","Eruption+1","Vigilance","Nirvana","WindmillStrike+1","LikeWater+1","Wallop","Protect","Tantrum","SpiritShield+1","MentalFortress+1","Protect+1","InnerPeace","FearNoEvil","LikeWater+1","JustLucky","FlurryOfBlows","Vault","LikeWater+1","Apotheosis","Crescendo+1","ThirdEye","ClearTheMind","CutThroughFate+1","InnerPeace"],"relics":["HolyWater","Ice Cream","Art of War","Bag of Marbles","Fusion Hammer","Gremlin Horn","Potion Belt","Omamori","Oddly Smooth Stone","HandDrill","Vajra"],"acts_visited":["Exordium","TheCity","TheBeyond","TheEnding"],"potions_floor_usage":[6,20,24,24,33,50,55],"damage_taken":[{"damage":3,"enemies":"Jaw Worm","floor":1,"turns":4},{"damage":0,"enemies":"Small Slimes","floor":4,"turns":2},{"damage":0,"enemies":"2 Louse","floor":5,"turns":2},{"damage":27,"enemies":"3 Sentries","floor":6,"turns":8},{"damage":7,"enemies":"Gremlin Gang","floor":12,"turns":4},{"damage":13,"enemies":"3 Louse","floor":13,"turns":3},{"damage":4,"enemies":"2 Fungi Beasts","floor":14,"turns":3},{"damage":12,"enemies":"Hexaghost","floor":16,"turns":8},{"damage":7,"enemies":"Shell Parasite","floor":18,"turns":3},{"damage":8,"enemies":"3 Byrds","floor":20,"turns":5},{"damage":2,"enemies":"Centurion and Healer","floor":23,"turns":5},{"damage":12,"enemies":"Gremlin Leader","floor":24,"turns":7},{"damage":1,"enemies":"Snake Plant","floor":28,"turns":6},{"damage":3,"enemies":"Cultist and Chosen","floor":30,"turns":10},{"damage":31,"enemies":"Collector","floor":33,"turns":15},{"damage":9,"enemies":"Orb Walker","floor":35,"turns":3},{"damage":0,"enemies":"3 Shapes","floor":39,"turns":6},{"damage":0,"enemies":"Giant Head","floor":45,"turns":11},{"damage":0,"enemies":"Writhing Mass","floor":48,"turns":7},{"damage":19,"enemies":"Awakened One","floor":50,"turns":17},{"damage":1,"enemies":"Shield and Spear","floor":54,"turns":9},{"damage":67,"enemies":"The Heart","floor":55,"turns":13}],"seed_played":"-284724609565232399","potions_obtained":[{"floor":1,"key":"Explosive Potion"},{"floor":13,"key":"SmokeBomb"},{"floor":14,"key":"BottledMiracle"},{"floor":16,"key":"LiquidMemories"},{"floor":18,"key":"Dexterity Potion"},{"floor":23,"key":"DuplicationPotion"},{"floor":39,"key":"Weak Potion"},{"floor":45,"key":"Weak Potion"}],"is_trial":false,"path_per_floor":["M","?","?","M","M","E","R","?","T","R","$","M","M","M","R","B",null,"M","$","M","$","?","M","E","R","T","R","M","R","M","?","R","B",null,"M","?","?","T","M","R","$","?","T","R","E","R","$","M","R","B",null,"R","$","E","B"],"character_chosen":"WATCHER","items_purchased":["LikeWater","InnerPeace","FearNoEvil","ThirdEye","ClearTheMind","Oddly Smooth Stone","HandDrill","InnerPeace"],"campfire_rested":7,"item_purchase_floors":[11,21,21,41,41,47,53,53],"current_hp_per_floor":[62,62,55,55,55,28,28,28,28,47,47,40,27,23,23,11,65,58,58,50,50,50,48,36,36,36,36,35,35,32,21,42,11,70,61,61,61,61,61,66,66,66,66,66,66,66,66,66,66,47,66,66,66,65,0,0],"gold":80,"neow_bonus":"REMOVE_TWO","is_daily":false,"chose_seed":false,"campfire_upgraded":4,"win_rate":0.0,"timestamp":1614300119,"path_taken":["M","?","?","M","M","E","R","?","T","R","$","M","M","M","R","BOSS","M","$","?","$","?","M","E","R","T","R","M","R","?","?","R","BOSS","M","?","?","?","M","R","$","?","T","R","E","R","?","?","R","BOSS","R","$","E","BOSS"],"items_purchased_type":["Card","Card","Card","Card","Card","Relic","Relic","Card"],"build_version":"2020-12-22","purchased_purges":3,"victory":false,"max_hp_per_floor":[65,65,65,65,65,65,65,65,65,65,65,65,65,65,65,65,65,65,65,65,65,65,65,65,65,65,65,65,65,65,70,70,70,70,70,70,66,66,66,66,66,66,66,66,66,66,66,66,66,66,66,66,66,66,66,66],"card_choices":[{"not_picked":["Indignation","FlyingSleeves"],"picked":"Nirvana","floor":1},{"not_picked":["EmptyBody","Swivel","EmptyFist"],"picked":"SKIP","floor":4},{"not_picked":["PathToVictory","Crescendo"],"picked":"WindmillStrike","floor":5},{"not_picked":["FollowUp","CarveReality","EmptyMind"],"picked":"SKIP","floor":6},{"not_picked":["Prostrate","WreathOfFlame"],"picked":"Wallop","floor":12},{"not_picked":["SandsOfTime","EmptyBody"],"picked":"Protect","floor":13},{"not_picked":["FollowUp","Fasting2"],"picked":"Tantrum","floor":14},{"not_picked":["Scrawl","Devotion"],"picked":"SpiritShield","floor":16},{"not_picked":["Protect","WaveOfTheHand"],"picked":"MentalFortress","floor":18},{"not_picked":["WindmillStrike","WheelKick+1"],"picked":"Protect+1","floor":20},{"not_picked":["BowlingBash","EmptyFist"],"picked":"JustLucky","floor":23},{"not_picked":["Alpha","Collect","PathToVictory"],"picked":"SKIP","floor":24},{"not_picked":["FlyingSleeves","InnerPeace"],"picked":"FlurryOfBlows","floor":28},{"not_picked":["FlurryOfBlows+1","Sanctity+1","FlyingSleeves"],"picked":"SKIP","floor":30},{"not_picked":["Wish","LessonLearned"],"picked":"Vault","floor":33},{"not_picked":["Indignation","SashWhip"],"picked":"LikeWater+1","floor":35},{"not_picked":["Blind","Dramatic Entrance"],"picked":"Apotheosis","floor":36},{"not_picked":["FlurryOfBlows+1","FollowUp"],"picked":"Crescendo+1","floor":39},{"not_picked":["ConjureBlade","Consecrate+1"],"picked":"CutThroughFate+1","floor":45},{"not_picked":["EmptyFist+1","ReachHeaven+1","ClearTheMind"],"picked":"SKIP","floor":48},{"not_picked":["JustLucky","EmptyBody","WheelKick"],"picked":"SKIP","floor":54}],"player_experience":293398,"relics_obtained":[{"floor":6,"key":"Ice Cream"},{"floor":24,"key":"Art of War"},{"floor":26,"key":"Bag of Marbles"},{"floor":38,"key":"Gremlin Horn"},{"floor":43,"key":"Potion Belt"},{"floor":45,"key":"Omamori"},{"floor":54,"key":"Vajra"}],"event_choices":[{"damage_healed":0,"gold_gain":0,"player_choice":"Grow","damage_taken":0,"max_hp_gain":0,"max_hp_loss":0,"event_name":"Living Wall","floor":2,"gold_loss":0,"cards_upgraded":["Eruption"]},{"cards_removed":["Defend_P"],"damage_healed":0,"gold_gain":0,"player_choice":"Card Removal","damage_taken":7,"max_hp_gain":0,"max_hp_loss":0,"event_name":"Golden Wing","floor":3,"gold_loss":0},{"damage_healed":0,"gold_gain":275,"player_choice":"Desecrate","damage_taken":0,"max_hp_gain":0,"max_hp_loss":0,"event_name":"Golden Shrine","floor":8,"gold_loss":0,"cards_obtained":["Regret"]},{"damage_healed":0,"gold_gain":0,"player_choice":"Copied","damage_taken":0,"max_hp_gain":0,"max_hp_loss":0,"event_name":"Duplicator","floor":22,"gold_loss":0,"cards_obtained":["LikeWater"]},{"damage_healed":0,"gold_gain":0,"player_choice":"Shed Blood","damage_taken":16,"max_hp_gain":5,"max_hp_loss":0,"event_name":"Forgotten Altar","floor":31,"gold_loss":0},{"damage_healed":0,"gold_gain":0,"player_choice":"Memory 1","damage_taken":0,"max_hp_gain":0,"max_hp_loss":0,"event_name":"SensoryStone","floor":36,"gold_loss":0},{"damage_healed":0,"gold_gain":0,"player_choice":"Max HP","damage_taken":0,"max_hp_gain":0,"max_hp_loss":4,"event_name":"Winding Halls","floor":37,"gold_loss":0},{"damage_healed":0,"gold_gain":0,"player_choice":"Ignored","damage_taken":0,"max_hp_gain":0,"max_hp_loss":0,"event_name":"Tomb of Lord Red Mask","floor":42,"gold_loss":0}],"is_beta":false,"boss_relics":[{"not_picked":["Cursed Key","SlaversCollar"],"picked":"HolyWater"},{"not_picked":["Runic Dome","Tiny House"],"picked":"Fusion Hammer"}],"items_purged_floors":[11,19,41],"is_endless":false,"potions_floor_spawned":[1,13,14,16,18,23,39,45],"killed_by":"The Heart","ascension_level":0}}