{"host":"fhwr1fuluf6086fh","time":1614322161,"event":{"mods":["2.2 Compatiblity","Act Like it!","BaseMod","Colored Map","Elementarium","Minty Spire (QoL Compilation)","StSLib"],"gold_per_floor":[111,121,132,150,164,194,194,228,228,193,193,193,228,248,248,324,324,343,343,21,41,41,67,67,80,80,80,105,105,105,123,123,123,123],"floor_reached":33,"language":"ENG","playtime":3490,"items_purged":[],"score":549,"play_id":"94090698-e981-48f9-b2e0-303910020523","local_time":"20210226014921","is_ascension_mode":true,"campfire_choices":[{"floor":7,"key":"REST"},{"floor":11,"key":"REST"},{"data":"Metallicize","floor":15,"key":"SMITH"},{"floor":24,"key":"REST"},{"floor":27,"key":"REST"},{"floor":29,"key":"REST"},{"data":"Shrug It Off","floor":32,"key":"SMITH"}],"circlet_count":0,"master_deck":["AscendersBane","Defend_R","Defend_R","Defend_R","Defend_R","Bash","Ghostly Armor","Shrug It Off+1","Clothesline","Metallicize+1","Cleave","Fire Breathing","Thunderclap","Wild Strike","Dropkick","Clothesline+1","Reckless Charge+1","Feed+1","Reckless Charge+1","Metallicize+1","Havoc","Fire Breathing+1","Berserk","Fire Breathing","Decay","Warcry"],"relics":["Burning Blood","Letter Opener","Oddly Smooth Stone","Molten Egg 2","Vajra","Empty Cage","Charon\u0027s Ashes","CaptainsWheel","Question Card","Ornamental Fan"],"acts_visited":["Exordium","TheCity"],"potions_floor_usage":[5,5,16,33],"damage_taken":[{"damage":3,"enemies":"Small Slimes","floor":1,"turns":5},{"damage":1,"enemies":"2 Louse","floor":2,"turns":3},{"damage":3,"enemies":"Cultist","floor":3,"turns":5},{"damage":10,"enemies":"Exordium Thugs","floor":4,"turns":5},{"damage":30,"enemies":"Gremlin Gang","floor":5,"turns":6},{"damage":19,"enemies":"3 Sentries","floor":6,"turns":5},{"damage":38,"enemies":"Gremlin Nob","floor":8,"turns":6},{"damage":7,"enemies":"Lagavulin","floor":13,"turns":11},{"damage":0,"enemies":"Blue Slaver","floor":14,"turns":4},{"damage":1,"enemies":"The Guardian","floor":16,"turns":11},{"damage":16,"enemies":"3 Byrds","floor":18,"turns":7},{"damage":5,"enemies":"Shell Parasite","floor":21,"turns":6},{"damage":50,"enemies":"Gremlin Leader","floor":23,"turns":8},{"damage":34,"enemies":"Snake Plant","floor":25,"turns":6},{"damage":32,"enemies":"Slavers","floor":28,"turns":6},{"damage":2,"enemies":"3 Cultists","floor":31,"turns":4},{"damage":63,"enemies":"Champ","floor":33,"turns":10}],"seed_played":"3469435493378335125","potions_obtained":[{"floor":2,"key":"SteroidPotion"},{"floor":3,"key":"Block Potion"},{"floor":8,"key":"SteroidPotion"},{"floor":13,"key":"BlessingOfTheForge"},{"floor":28,"key":"LiquidMemories"}],"is_trial":false,"path_per_floor":["M","M","M","M","M","E","R","E","T","?","R","?","E","M","R","B",null,"M","?","$","M","$","E","R","M","T","R","E","R","?","M","R","B"],"character_chosen":"IRONCLAD","items_purchased":["Charon\u0027s Ashes"],"campfire_rested":5,"item_purchase_floors":[20],"current_hp_per_floor":[53,58,61,57,33,20,42,10,10,28,50,50,49,55,55,60,71,65,65,65,66,66,22,45,21,21,45,23,49,49,57,57,0,0],"gold":123,"neow_bonus":"TRANSFORM_TWO_CARDS","is_daily":false,"chose_seed":false,"campfire_upgraded":2,"win_rate":0.0,"timestamp":1614322161,"path_taken":["M","M","M","M","M","E","R","E","T","?","R","?","E","M","R","BOSS","M","?","?","M","$","E","R","?","T","R","E","R","?","M","R","BOSS"],"items_purchased_type":["Relic"],"build_version":"2020-12-22","purchased_purges":0,"victory":false,"max_hp_per_floor":[75,75,75,75,75,75,75,75,75,75,75,75,75,75,75,75,75,79,79,79,79,79,79,79,83,83,83,87,87,87,91,91,91,91],"card_choices":[{"not_picked":["Seeing Red","Rage"],"picked":"Clothesline","floor":1},{"not_picked":["Shrug It Off","Cleave"],"picked":"Metallicize","floor":2},{"not_picked":["Burning Pact","Hemokinesis"],"picked":"Cleave","floor":3},{"not_picked":["Pommel Strike","Flex"],"picked":"Fire Breathing","floor":4},{"not_picked":["Shrug It Off","Flame Barrier"],"picked":"Thunderclap","floor":5},{"not_picked":["Heavy Blade","Clash"],"picked":"Wild Strike","floor":6},{"not_picked":["Burning Pact","Perfected Strike"],"picked":"Dropkick","floor":8},{"not_picked":["Seeing Red","Clash+1"],"picked":"Clothesline+1","floor":13},{"not_picked":["Cleave+1","Rampage+1"],"picked":"Reckless Charge+1","floor":14},{"not_picked":["Double Tap","Exhume"],"picked":"Feed+1","floor":16},{"not_picked":["Intimidate+1","Combust+1"],"picked":"Reckless Charge+1","floor":18},{"not_picked":["Twin Strike+1","Blood for Blood+1"],"picked":"Havoc","floor":21},{"not_picked":["Anger+1","Havoc"],"picked":"Fire Breathing+1","floor":23},{"not_picked":["Thunderclap+1","Armaments"],"picked":"Berserk","floor":25},{"not_picked":["Sever Soul+1","Spot Weakness","Double Tap"],"picked":"Fire Breathing","floor":28},{"not_picked":["Shrug It Off","Heavy Blade+1","Flex"],"picked":"Warcry","floor":31}],"player_experience":901545,"relics_obtained":[{"floor":6,"key":"Letter Opener"},{"floor":8,"key":"Oddly Smooth Stone"},{"floor":9,"key":"Molten Egg 2"},{"floor":13,"key":"Vajra"},{"floor":23,"key":"CaptainsWheel"},{"floor":26,"key":"Question Card"},{"floor":28,"key":"Ornamental Fan"}],"event_choices":[{"damage_healed":18,"gold_gain":0,"player_choice":"Healed","damage_taken":0,"max_hp_gain":0,"max_hp_loss":0,"event_name":"The Cleric","floor":10,"gold_loss":35},{"cards_removed":["Strike_R"],"damage_healed":0,"gold_gain":0,"player_choice":"Offered Basic","damage_taken":0,"max_hp_gain":0,"max_hp_loss":0,"event_name":"Bonfire Elementals","floor":12,"gold_loss":0},{"damage_healed":0,"gold_gain":0,"player_choice":"Copied","damage_taken":0,"max_hp_gain":0,"max_hp_loss":0,"event_name":"Duplicator","floor":19,"gold_loss":0,"cards_obtained":["Metallicize"]},{"damage_healed":0,"gold_gain":0,"player_choice":"Smashed Altar","damage_taken":0,"max_hp_gain":0,"max_hp_loss":0,"event_name":"Forgotten Altar","floor":30,"gold_loss":0,"cards_obtained":["Decay"]}],"is_beta":false,"boss_relics":[{"not_picked":["Busted Crown","Runic Pyramid"],"picked":"Empty Cage"}],"items_purged_floors":[],"is_endless":false,"potions_floor_spawned":[2,3,8,13,14,28,31],"killed_by":"Champ","ascension_level":16}}