{"host":"czzthkrvfe6r7fjf","time":1614329900,"event":{"mods":["ATMod(∞¢Ë™Mod)","Act Like it!","BaseMod","Downfall","GungeonMod","Marisa£®ÏF”Í°°ƒß¿Ì…≥£©","Minty Spire (QoL Compilation)","Quick Restart","StSLib","The Servant 0.9.4","Waifu the Spire","°æπ¶ƒ‹Mod°øªÏ„Á÷Æª∑–ﬁ∏¥≤π∂°"],"gold_per_floor":[116,133,62,62,62,62,95,105,105,105,105,105,105,138,138,138,138],"floor_reached":16,"language":"ZHS","playtime":324,"items_purged":[],"score":131,"play_id":"81a0cb94-06d0-470e-881f-b98bb797aa01","local_time":"20210226165820","is_ascension_mode":false,"campfire_choices":[{"data":"Blade Dance","floor":6,"key":"SMITH"},{"data":"AT_KingSlayer","floor":10,"key":"SMITH"},{"floor":12,"key":"REST"},{"data":"AT_TwilightShroud","floor":15,"key":"SMITH"}],"circlet_count":0,"master_deck":["Strike_G","Strike_G","Strike_G","Strike_G","Defend_G","Defend_G","Defend_G","Defend_G","Defend_G","Survivor","Neutralize","AT_KingSlayer+1","Blade Dance+1","Accuracy","Regret","Backflip","Prepared","AT_TwilightShroud+1"],"relics":["Ring of the Snake","AT_ATBox","NeowsBlessing","AT_ArchangelStaff","DemoMod:ChaffGrenade","DemoMod:LamentConfigurum","Frozen Egg 2","DemoMod:DecoyRelic","Regal Pillow"],"acts_visited":["Exordium"],"potions_floor_usage":[8],"damage_taken":[{"damage":0,"enemies":"Small Slimes","floor":1,"turns":1},{"damage":0,"enemies":"2 Louse","floor":2,"turns":1},{"damage":0,"enemies":"Gremlin Nob","floor":7,"turns":1},{"damage":18,"enemies":"Cultist","floor":8,"turns":5},{"damage":3,"enemies":"3 Sentries","floor":14,"turns":9},{"damage":1,"enemies":"Slime Boss","floor":16,"turns":4}],"seed_played":"-8199971454817113316","potions_obtained":[{"floor":2,"key":"SteroidPotion"}],"is_trial":false,"path_per_floor":["M","M","$","?","?","R","E","M","T","R","?","R","T","E","R","B"],"character_chosen":"THE_SILENT","items_purchased":["Accuracy"],"campfire_rested":1,"item_purchase_floors":[3],"current_hp_per_floor":[70,70,70,70,52,52,52,34,34,34,27,48,48,45,45,44,44],"gold":138,"neow_bonus":"THREE_ENEMY_KILL","is_daily":false,"chose_seed":false,"campfire_upgraded":3,"win_rate":0.0,"timestamp":1614329900,"path_taken":["M","M","$","?","?","R","E","M","T","R","?","R","?","E","R","BOSS"],"items_purchased_type":["Card"],"build_version":"2020-12-22","purchased_purges":0,"victory":false,"max_hp_per_floor":[70,70,70,70,70,70,70,70,70,70,70,70,70,70,70,70,70],"card_choices":[{"not_picked":["Dagger Throw","Catalyst"],"picked":"Blade Dance","floor":1},{"not_picked":["Sucker Punch","Flying Knee","Underhanded Strike"],"picked":"SKIP","floor":2},{"not_picked":["Slice","Blade Dance"],"picked":"Backflip","floor":7},{"not_picked":["Acrobatics","Heel Hook"],"picked":"Prepared","floor":8},{"not_picked":["Slice","Doppelganger"],"picked":"AT_TwilightShroud","floor":14}],"player_experience":161419,"relics_obtained":[{"floor":7,"key":"DemoMod:LamentConfigurum"},{"floor":9,"key":"Frozen Egg 2"},{"floor":13,"key":"DemoMod:DecoyRelic"},{"floor":14,"key":"Regal Pillow"}],"event_choices":[{"damage_healed":0,"gold_gain":0,"player_choice":"Box","damage_taken":0,"relics_obtained":["AT_ArchangelStaff"],"max_hp_gain":0,"max_hp_loss":0,"event_name":"Big Fish","floor":4,"gold_loss":0,"cards_obtained":["Regret"]},{"damage_healed":0,"gold_gain":0,"player_choice":"Success","damage_taken":18,"relics_obtained":["DemoMod:ChaffGrenade"],"max_hp_gain":0,"max_hp_loss":0,"event_name":"Scrap Ooze","floor":5,"gold_loss":0},{"cards_removed":["Strike_G"],"damage_healed":0,"gold_gain":0,"player_choice":"Card Removal","damage_taken":7,"max_hp_gain":0,"max_hp_loss":0,"event_name":"Golden Wing","floor":11,"gold_loss":0}],"is_beta":false,"boss_relics":[],"items_purged_floors":[],"is_endless":false,"potions_floor_spawned":[2],"killed_by":"Slime Boss","ascension_level":0}}