{"host":"Sean","time":1614363535,"event":{"mods":["BaseMod","Block Reminder","Colored Map","Colored Powertips","Highlight Path","Minty Spire (QoL Compilation)","Permanent Neow","Relic Stats"],"gold_per_floor":[114,127,127,7,82,107,107,138,138,138,37,37,73,96,96,184,184,203,232,258,284,18,18,62,91,143,183,145,165,202,301,301,389,416,445,445,472,21,46,77,77,106,131,131,143,173,173,173,173,173,173,173,21,55,55,55],"floor_reached":55,"language":"ENG","playtime":7926,"items_purged":["Decay","Strike_B","Strike_B","Defend_B","Strike_B"],"score":1307,"play_id":"94c2af17-20fe-4943-a23d-50ae0b1ecf2e","local_time":"20210226181855","is_ascension_mode":true,"campfire_choices":[{"floor":7.0,"key":"REST"},{"data":"All For One","floor":10.0,"key":"SMITH"},{"floor":12.0,"key":"REST"},{"data":"Zap","floor":15.0,"key":"SMITH"},{"floor":23.0,"key":"REST"},{"floor":32.0,"key":"REST"},{"floor":44,"key":"REST"},{"floor":47,"key":"REST"},{"floor":49,"key":"RECALL"},{"floor":52,"key":"REST"}],"circlet_count":0,"master_deck":["AscendersBane","Strike_B","Zap+1","Dualcast","All For One+1","Chill","Coolheaded","Beam Cell+1","Gash+1","Sweeping Beam+1","Core Surge+1","Skim","Echo Form","Steam","Go for the Eyes+1","Leap","Hologram","Echo Form","Gash+1","Steam","Fusion+1","Gash+1","All For One+1","Biased Cognition","All For One+1","Darkness+1","Hologram+1","Capacitor+1","Panache+1","Sadistic Nature","Metamorphosis","Compile Driver+1"],"relics":["Cracked Core","Molten Egg 2","Pear","Smiling Mask","CeramicFish","Fusion Hammer","Oddly Smooth Stone","Dead Branch","Juzu Bracelet","MawBank","Centennial Puzzle","Astrolabe","Akabeko","Runic Capacitor","Calipers","Lizard Tail","Bronze Scales","Bottled Flame","OrangePellets","Blue Candle"],"acts_visited":["Exordium","TheCity","TheBeyond","TheEnding"],"potions_floor_usage":[50,55,55],"damage_taken":[{"damage":2.0,"enemies":"Small Slimes","floor":1.0,"turns":4.0},{"damage":9.0,"enemies":"2 Louse","floor":2.0,"turns":2.0},{"damage":32.0,"enemies":"Gremlin Nob","floor":6.0,"turns":4.0},{"damage":23.0,"enemies":"Lagavulin","floor":8.0,"turns":7.0},{"damage":4.0,"enemies":"3 Sentries","floor":13.0,"turns":6.0},{"damage":0.0,"enemies":"Jaw Worm","floor":14.0,"turns":3.0},{"damage":7.0,"enemies":"Slime Boss","floor":16.0,"turns":7.0},{"damage":10.0,"enemies":"3 Byrds","floor":18.0,"turns":4.0},{"damage":0.0,"enemies":"Spheric Guardian","floor":19.0,"turns":2.0},{"damage":12.0,"enemies":"Chosen and Byrds","floor":20.0,"turns":4.0},{"damage":10.0,"enemies":"Centurion and Healer","floor":21.0,"turns":3.0},{"damage":16.0,"enemies":"Gremlin Leader","floor":24.0,"turns":5.0},{"damage":0.0,"enemies":"3 Cultists","floor":25.0,"turns":4.0},{"damage":27.0,"enemies":"Slavers","floor":27.0,"turns":5.0},{"damage":0.0,"enemies":"Snecko","floor":29.0,"turns":3.0},{"damage":8.0,"enemies":"Book of Stabbing","floor":30.0,"turns":5.0},{"damage":15.0,"enemies":"Champ","floor":33.0,"turns":6.0},{"damage":3.0,"enemies":"3 Shapes","floor":35.0,"turns":3.0},{"damage":8.0,"enemies":"Mind Bloom Boss Battle","floor":39.0,"turns":4.0},{"damage":7.0,"enemies":"Giant Head","floor":40.0,"turns":7.0},{"damage":34,"enemies":"Reptomancer","floor":42,"turns":5},{"damage":11,"enemies":"Orb Walker","floor":45,"turns":3},{"damage":13,"enemies":"Giant Head","floor":46,"turns":3},{"damage":53,"enemies":"Awakened One","floor":50,"turns":11},{"damage":58,"enemies":"Shield and Spear","floor":54,"turns":5},{"damage":83,"enemies":"The Heart","floor":55,"turns":6}],"seed_played":"5501151680662444817","potions_obtained":[{"floor":1.0,"key":"SneckoOil"},{"floor":6.0,"key":"SkillPotion"},{"floor":8.0,"key":"SpeedPotion"},{"floor":16.0,"key":"BlessingOfTheForge"},{"floor":24.0,"key":"BlessingOfTheForge"},{"floor":30.0,"key":"Fire Potion"},{"floor":42,"key":"Dexterity Potion"},{"floor":46,"key":"Explosive Potion"},{"floor":54,"key":"CultistPotion"}],"is_trial":false,"path_per_floor":["M","M","?","$","?","E","R","E","T","R","$","R","E","M","R","B",null,"M","M","M","M","$","R","E","M","T","E","$","M","E","?","R","B",null,"M","?","?","$","?","E","?","E","T","R","M","E","R","?","R","B",null,"R","$","E","B"],"character_chosen":"DEFECT","items_purchased":["Coolheaded","Sweeping Beam+1","Oddly Smooth Stone","Echo Form","Akabeko","Runic Capacitor","Compile Driver+1","Block Potion","OrangePellets"],"campfire_rested":7,"item_purchase_floors":[4,11,22,22,38,38,38,38,53],"current_hp_per_floor":[66,57,57,57,46,14,36,23,23,23,23,48,44,44,44,37,73,63,63,51,41,41,66,50,50,50,23,23,23,15,15,40,25,70,67,67,57,57,49,42,42,8,8,33,22,9,34,74,74,21,61,74,74,16,0,0],"gold":55,"neow_bonus":"THREE_RARE_CARDS","is_daily":false,"chose_seed":false,"campfire_upgraded":2,"win_rate":0.0,"timestamp":1614363535,"path_taken":["M","M","?","$","?","E","R","E","T","R","?","R","E","M","R","BOSS","M","M","M","M","$","R","E","?","T","E","?","M","E","?","R","BOSS","M","?","?","$","?","E","?","E","T","R","M","E","R","?","R","BOSS","R","$","E","BOSS"],"items_purchased_type":["Card","Card","Relic","Card","Relic","Relic","Card","Potion","Relic"],"build_version":"2020-12-18","purchased_purges":5,"victory":false,"max_hp_per_floor":[75,75,75,75,75,75,75,85,85,85,85,85,85,85,85,85,85,85,85,85,85,85,85,85,85,85,85,85,85,85,85,85,85,85,85,85,85,85,85,85,85,85,85,85,85,85,85,74,74,74,74,74,74,74,74,74],"relic_stats":{"counters":[26,121],"CeramicFish":198,"Dead Branch":[59],"Astrolabe":["All For One","Darkness","Hologram"],"Blue Candle":[0],"Juzu Bracelet":1,"Smiling Mask":350,"MawBank":12,"OrangePellets":[1],"Centennial Puzzle":[27],"Lizard Tail":37,"Bronze Scales":[135],"obtain_stats":[{"Pear":8,"Calipers":39,"CeramicFish":13,"Dead Branch":24,"Astrolabe":34,"Blue Candle":54,"Oddly Smooth Stone":22,"Juzu Bracelet":26,"Runic Capacitor":38,"Smiling Mask":9,"MawBank":27,"Akabeko":38,"OrangePellets":53,"Centennial Puzzle":30,"Lizard Tail":40,"Bottled Flame":46,"Bronze Scales":42,"Molten Egg 2":6,"Fusion Hammer":17,"Cracked Core":0},{"Pear":4,"Calipers":19,"CeramicFish":5,"Dead Branch":12,"Astrolabe":17,"Blue Candle":25,"Oddly Smooth Stone":11,"Juzu Bracelet":13,"Runic Capacitor":18,"Smiling Mask":4,"MawBank":14,"Akabeko":18,"OrangePellets":24,"Centennial Puzzle":16,"Lizard Tail":20,"Bottled Flame":23,"Bronze Scales":21,"Molten Egg 2":3,"Fusion Hammer":7,"Cracked Core":0},{"Pear":17,"Calipers":81,"CeramicFish":23,"Dead Branch":51,"Astrolabe":74,"Blue Candle":115,"Oddly Smooth Stone":46,"Juzu Bracelet":55,"Runic Capacitor":77,"Smiling Mask":17,"MawBank":60,"Akabeko":77,"OrangePellets":110,"Centennial Puzzle":68,"Lizard Tail":88,"Bottled Flame":99,"Bronze Scales":93,"Molten Egg 2":10,"Fusion Hammer":33,"Cracked Core":0}]},"card_choices":[{"not_picked":["Biased Cognition","Thunder Strike"],"picked":"All For One","floor":0.0},{"not_picked":["Streamline","Go for the Eyes"],"picked":"Beam Cell","floor":1.0},{"not_picked":["Aggregate","Compile Driver"],"picked":"Chill","floor":2.0},{"not_picked":["Creative AI","Stack"],"picked":"Beam Cell+1","floor":6.0},{"not_picked":["Turbo","Machine Learning"],"picked":"Gash+1","floor":8.0},{"not_picked":["Steam","Hologram"],"picked":"Core Surge+1","floor":13.0},{"not_picked":["Redo","Conserve Battery"],"picked":"Skim","floor":14.0},{"not_picked":["Hyperbeam+1","Multi-Cast"],"picked":"Echo Form","floor":16.0},{"not_picked":["Heatsinks","Defragment"],"picked":"Steam","floor":18.0},{"not_picked":["Stack","Leap"],"picked":"Go for the Eyes+1","floor":19.0},{"not_picked":["Beam Cell+1","Go for the Eyes+1"],"picked":"Leap","floor":20.0},{"not_picked":["Coolheaded","Go for the Eyes+1"],"picked":"Hologram","floor":21.0},{"not_picked":["White Noise","Sweeping Beam+1"],"picked":"Gash+1","floor":24.0},{"not_picked":["Redo","Fission"],"picked":"Steam","floor":25.0},{"not_picked":["Redo","Leap"],"picked":"Fusion+1","floor":27.0},{"not_picked":["Ball Lightning+1","Static Discharge"],"picked":"Gash+1","floor":29.0},{"not_picked":["Gash+1","Recycle"],"picked":"All For One+1","floor":30.0},{"not_picked":["Hyperbeam+1","Meteor Strike+1"],"picked":"Biased Cognition","floor":33.0},{"not_picked":["Recycle","Coolheaded"],"picked":"Capacitor+1","floor":35.0},{"not_picked":["Jack Of All Trades","Enlightenment"],"picked":"Panache","floor":37.0},{"not_picked":["Dark Shackles","Good Instincts"],"picked":"Sadistic Nature","floor":37.0},{"not_picked":["Good Instincts","Purity"],"picked":"Metamorphosis","floor":37.0},{"not_picked":["Thunder Strike+1","Loop","Stack"],"picked":"SKIP","floor":40.0},{"not_picked":["Go for the Eyes+1","Blizzard+1","Hello World"],"picked":"SKIP","floor":42},{"not_picked":["Compile Driver+1","Doom and Gloom+1","Tempest"],"picked":"SKIP","floor":45},{"not_picked":["Go for the Eyes+1","Aggregate","Undo"],"picked":"SKIP","floor":46},{"not_picked":["Chill","Streamline+1","Redo"],"picked":"SKIP","floor":54}],"player_experience":615079,"relics_obtained":[{"floor":6.0,"key":"Molten Egg 2"},{"floor":8.0,"key":"Pear"},{"floor":9.0,"key":"Smiling Mask"},{"floor":13.0,"key":"CeramicFish"},{"floor":24.0,"key":"Dead Branch"},{"floor":26.0,"key":"Juzu Bracelet"},{"floor":27.0,"key":"MawBank"},{"floor":30.0,"key":"Centennial Puzzle"},{"floor":39.0,"key":"Calipers"},{"floor":40.0,"key":"Lizard Tail"},{"floor":42,"key":"Bronze Scales"},{"floor":46,"key":"Bottled Flame"},{"floor":54,"key":"Blue Candle"}],"event_choices":[{"damage_healed":0.0,"max_hp_gain":0.0,"max_hp_loss":0.0,"gold_gain":0.0,"event_name":"Liars Game","player_choice":"Ignored","floor":3.0,"gold_loss":0.0,"damage_taken":0.0},{"damage_healed":0.0,"max_hp_gain":0.0,"max_hp_loss":0.0,"gold_gain":75.0,"event_name":"World of Goop","player_choice":"Gather Gold","floor":5.0,"gold_loss":0.0,"damage_taken":11.0},{"damage_healed":0.0,"max_hp_gain":0.0,"max_hp_loss":0.0,"gold_gain":99.0,"event_name":"Nest","player_choice":"Stole From Cult","floor":31.0,"gold_loss":0.0,"damage_taken":0.0},{"cards_removed":["Beam Cell"],"damage_healed":0.0,"max_hp_gain":0.0,"max_hp_loss":0.0,"gold_gain":0.0,"event_name":"Falling","player_choice":"Removed Attack","floor":36.0,"gold_loss":0.0,"damage_taken":0.0},{"damage_healed":0.0,"max_hp_gain":0.0,"max_hp_loss":0.0,"gold_gain":0.0,"event_name":"SensoryStone","player_choice":"Memory 3","floor":37.0,"gold_loss":0.0,"damage_taken":10.0},{"damage_healed":0.0,"max_hp_gain":0.0,"max_hp_loss":0.0,"gold_gain":0.0,"event_name":"MindBloom","player_choice":"Fight","floor":39.0,"gold_loss":0.0,"damage_taken":0.0},{"damage_healed":0.0,"max_hp_gain":0.0,"max_hp_loss":0.0,"gold_gain":0.0,"event_name":"Accursed Blacksmith","player_choice":"Forge","floor":41.0,"gold_loss":0.0,"damage_taken":0.0,"cards_upgraded":["Panache"]},{"damage_healed":74,"gold_gain":0,"player_choice":"Heal","damage_taken":0,"max_hp_gain":0,"max_hp_loss":11,"event_name":"The Moai Head","floor":48,"gold_loss":0}],"is_beta":true,"boss_relics":[{"not_picked":["Empty Cage","FrozenCore"],"picked":"Fusion Hammer"},{"not_picked":["Runic Pyramid","Coffee Dripper"],"picked":"Astrolabe"}],"items_purged_floors":[4,11,22,28,38],"is_endless":false,"potions_floor_spawned":[1,6,8,16,18,24,25,30,42,46,54],"killed_by":"The Heart","ascension_level":13}}