{"host":"zdx3mk58qfaqn5dx","time":1614309551,"event":{"mods":["BaseMod","Bestiary","Better Third Choice","Colored Map","Colored Powertips","Dark Map","Downfall","Hermit","Highlight Path","Minty Spire (QoL Compilation)","Quick Restart","Relic Stats","StSLib","SuperFastMode"],"gold_per_floor":[119,119,119,136,136,180,180,199,222,98,98,123,165,197,197,325,325,301,132,132,162,162,162,190,190,190],"floor_reached":25,"language":"ENG","playtime":1874,"items_purged":["Injury","Defend_B"],"score":271,"play_id":"b180b8f9-9757-4175-aadc-f57db6c58736","local_time":"20210226041911","is_ascension_mode":true,"campfire_choices":[{"data":"Hologram","floor":7,"key":"SMITH"},{"data":"Fusion","floor":11,"key":"SMITH"},{"data":"Reinforced Body","floor":15,"key":"SMITH"},{"floor":23,"key":"REST"}],"circlet_count":0,"master_deck":["Strike_B","Strike_B","Strike_B","Defend_B","Defend_B","Defend_B","Zap","Dualcast","Hologram+1","Blur","Leap","Conserve Battery","Fusion+1","Conserve Battery","Cold Snap","Reinforced Body+1","Cold Snap","Chill","Genetic Algorithm","Leap"],"relics":["Cracked Core","NeowsBlessing","Oddly Smooth Stone","Golden Idol","Torii","CeramicFish","Nuclear Battery","NlothsMask"],"acts_visited":["Exordium","TheCity"],"potions_floor_usage":[16,16],"damage_taken":[{"damage":0,"enemies":"2 Louse","floor":1,"turns":1},{"damage":0,"enemies":"Small Slimes","floor":4,"turns":1},{"damage":0,"enemies":"Lagavulin","floor":6,"turns":1},{"damage":0,"enemies":"Cultist","floor":8,"turns":4},{"damage":0,"enemies":"Blue Slaver","floor":12,"turns":4},{"damage":2,"enemies":"3 Sentries","floor":13,"turns":11},{"damage":0,"enemies":"Large Slime","floor":14,"turns":7},{"damage":46,"enemies":"Hexaghost","floor":16,"turns":21},{"damage":7,"enemies":"2 Thieves","floor":18,"turns":5},{"damage":20,"enemies":"Shell Parasite","floor":21,"turns":18},{"damage":8,"enemies":"Sentry and Sphere","floor":24,"turns":20},{"damage":73,"enemies":"Slavers","floor":25,"turns":7}],"seed_played":"5468112799931122067","potions_obtained":[{"floor":4,"key":"SteroidPotion"},{"floor":6,"key":"Strength Potion"},{"floor":13,"key":"PowerPotion"},{"floor":14,"key":"LiquidMemories"},{"floor":16,"key":"SkillPotion"},{"floor":18,"key":"Swift Potion"},{"floor":24,"key":"EntropicBrew"}],"is_trial":false,"path_per_floor":["M","?","?","M","?","E","R","M","T","$","R","M","E","M","R","B",null,"M","$","?","M","?","R","M","E"],"character_chosen":"DEFECT","items_purchased":["Conserve Battery","Chill"],"campfire_rested":1,"item_purchase_floors":[10,19],"current_hp_per_floor":[75,54,54,54,54,54,54,54,54,54,54,54,52,52,52,6,75,68,68,68,48,48,70,62,0,0],"gold":190,"neow_bonus":"THREE_ENEMY_KILL","is_daily":false,"chose_seed":false,"campfire_upgraded":3,"win_rate":0.0,"timestamp":1614309551,"path_taken":["M","?","?","?","?","E","R","M","T","$","R","M","E","M","R","BOSS","M","$","?","M","?","R","?","E"],"items_purchased_type":["Card","Card"],"build_version":"2020-12-22","purchased_purges":2,"victory":false,"max_hp_per_floor":[75,75,75,75,75,75,75,75,75,75,75,75,75,75,75,75,75,75,75,75,75,75,75,75,75,75],"relic_stats":{"Torii":22,"counters":[12,100],"Golden Idol":68,"CeramicFish":45,"obtain_stats":[{"NeowsBlessing":0,"Torii":6,"Golden Idol":5,"CeramicFish":13,"Oddly Smooth Stone":2,"Cracked Core":0,"Nuclear Battery":17,"NlothsMask":22},{"NeowsBlessing":0,"Torii":3,"Golden Idol":2,"CeramicFish":6,"Oddly Smooth Stone":1,"Cracked Core":0,"Nuclear Battery":8,"NlothsMask":10},{"NeowsBlessing":0,"Torii":3,"Golden Idol":2,"CeramicFish":22,"Oddly Smooth Stone":1,"Cracked Core":0,"Nuclear Battery":50,"NlothsMask":73}]},"card_choices":[{"not_picked":["Skim","Steam Power"],"picked":"Hologram","floor":1},{"not_picked":["Undo","Chaos"],"picked":"Leap","floor":4},{"not_picked":["Self Repair","Stack"],"picked":"Conserve Battery","floor":6},{"not_picked":["Streamline","Sunder"],"picked":"Fusion","floor":8},{"not_picked":["Recycle","Steam Power"],"picked":"Cold Snap","floor":12},{"not_picked":["White Noise","Biased Cognition"],"picked":"Reinforced Body","floor":13},{"not_picked":["Hologram","Compile Driver"],"picked":"Cold Snap","floor":14},{"not_picked":["Sunder","Rip and Tear","Sweeping Beam"],"picked":"SKIP","floor":18},{"not_picked":["Recycle","Compile Driver+1"],"picked":"Genetic Algorithm","floor":21},{"not_picked":["Auto Shields","Go for the Eyes"],"picked":"Leap","floor":24}],"player_experience":221122,"relics_obtained":[{"floor":6,"key":"Torii"},{"floor":13,"key":"CeramicFish"}],"event_choices":[{"cards_removed":["Strike_B"],"damage_healed":0,"gold_gain":0,"player_choice":"Offered Basic","damage_taken":0,"max_hp_gain":0,"max_hp_loss":0,"event_name":"Bonfire Elementals","floor":3,"gold_loss":0},{"damage_healed":0,"gold_gain":0,"player_choice":"Take Wound","damage_taken":0,"relics_obtained":["Golden Idol"],"max_hp_gain":0,"max_hp_loss":0,"event_name":"Golden Idol","floor":5,"gold_loss":0,"cards_obtained":["Injury"]},{"damage_healed":0,"gold_gain":0,"player_choice":"Ignored","damage_taken":0,"max_hp_gain":0,"max_hp_loss":0,"event_name":"Vampires","floor":20,"gold_loss":0},{"damage_healed":0,"gold_gain":0,"player_choice":"Trade","damage_taken":0,"relics_obtained":["NlothsMask"],"max_hp_gain":0,"max_hp_loss":0,"event_name":"FaceTrader","floor":22,"gold_loss":0}],"is_beta":false,"boss_relics":[{"not_picked":["Philosopher\u0027s Stone","Coffee Dripper"],"picked":"Nuclear Battery"}],"items_purged_floors":[10,19],"is_endless":false,"potions_floor_spawned":[4,6,13,14,16,18,24],"killed_by":"Slavers","ascension_level":3}}