{"host":"zmr8u29ebzxwermy","time":1614323818,"event":{"mods":["BaseMod","BetterRewards","Colored Map","DeckTracker","Minty Spire (QoL Compilation)","Quick Restart","Replay The Spire","Shop Mod","StSLib","SuperFastMode","everything is the same but u backflip on backflip"],"gold_per_floor":[119,119,137,154,176,208,251,251,251,251,251,288,329,352,352,467,467,495,523,548,577,595,595,595,595],"floor_reached":24,"language":"KOR","playtime":796,"items_purged":["Voices","Bash","Heavy Blade","Heavy Blade"],"score":453,"play_id":"f45dbef7-852e-4ef6-806c-a1364c5574d2","local_time":"20210226161658","is_ascension_mode":false,"campfire_choices":[{"data":"Strike_R","floor":8.0,"key":"SMITH"},{"data":"Strike_R","floor":8.0,"key":"SMITH"},{"data":"Strike_R+1","floor":15.0,"key":"SMITH"},{"data":"Strike_R+1","floor":15.0,"key":"SMITH"},{"data":"Defend_R","floor":23,"key":"SMITH"},{"data":"Defend_R","floor":23,"key":"SMITH"}],"circlet_count":0,"master_deck":["Defend_R+1","Defend_R+1","Defend_R","Defend_R","Strike_R+1","Strike_R+1","Strike_R+1","Strike_R+1","Strike_R+1"],"relics":["Burning Blood","The Courier","ReplayTheSpireMod:CursedCoin","Tiny Chest","Vajra","Strawberry","Divine Protection","Anchor","Replay:Bottled Flurry","Simple Rune","Frozen Eye","Ginger","StrikeDummy","Blood Vial","WingedGreaves","Pocketwatch","Replay:Arrowhead","ReplayTheSpireMod:Spearhead","Kunai","Replay:Bandana","Replay:PocketPolymizer","Mirror","MerchantsRug","Akabeko","Bag of Marbles","Shuriken","Potion Belt","PreservedInsect","ReplayTheSpireMod:TigerMarble","Prayer Wheel","Pondfish Scales","Red Skull","Snack Pack","Turnip","Boot","Bronze Scales","Whetstone","Ornamental Fan","Toy Ornithopter","Question Card","Garlic","Replay:Bottled Steam","Singing Bowl","Smiling Mask","Black Star","Art of War"],"acts_visited":["Exordium","TheCity"],"potions_floor_usage":[],"damage_taken":[{"damage":0.0,"enemies":"Jaw Worm","floor":1.0,"turns":1.0},{"damage":0.0,"enemies":"Small Slimes","floor":3.0,"turns":1.0},{"damage":0.0,"enemies":"2 Louse","floor":4.0,"turns":1.0},{"damage":0.0,"enemies":"2 Fungi Beasts","floor":5.0,"turns":2.0},{"damage":0.0,"enemies":"Gremlin Nob","floor":6.0,"turns":1.0},{"damage":0.0,"enemies":"Lagavulin","floor":7.0,"turns":1.0},{"damage":0.0,"enemies":"3 Sentries","floor":12.0,"turns":3.0},{"damage":0.0,"enemies":"Gremlin Nob","floor":13.0,"turns":1.0},{"damage":0.0,"enemies":"3 Louse","floor":14.0,"turns":1.0},{"damage":9.0,"enemies":"Slime Boss","floor":16.0,"turns":5.0},{"damage":0.0,"enemies":"Chosen","floor":18.0,"turns":2.0},{"damage":0.0,"enemies":"2 Thieves","floor":19.0,"turns":2.0},{"damage":0.0,"enemies":"Sentry and Sphere","floor":21.0,"turns":3.0},{"damage":0.0,"enemies":"Snake Plant","floor":22.0,"turns":2.0},{"damage":0,"enemies":"Gremlin Leader","floor":24,"turns":1}],"seed_played":"-2998029408359790017","potions_obtained":[{"floor":1.0,"key":"ElixirPotion"},{"floor":4.0,"key":"FearPotion"},{"floor":6.0,"key":"AttackPotion"},{"floor":13.0,"key":"Block Potion"},{"floor":22.0,"key":"Adrenaline Potion"}],"is_trial":false,"path_per_floor":["M","?","M","M","M","E","E","R","T","?","?","E","E","M","R","B",null,"M","M","T","M","M","R","E"],"character_chosen":"IRONCLAD","items_purchased":["ReplayTheSpireMod:CursedCoin","Tiny Chest","Vajra","Strawberry","Flex","Heavy Blade","Divine Protection","Anchor","Replay:Bottled Flurry","Heavy Blade","Simple Rune","Frozen Eye","Ginger","StrikeDummy","Blood Vial","WingedGreaves","Pocketwatch","Replay:Arrowhead","ReplayTheSpireMod:Spearhead","Kunai","Replay:Bandana","Replay:PocketPolymizer","Mirror","MerchantsRug","Akabeko","Bag of Marbles","Shuriken","Potion Belt","PreservedInsect","ReplayTheSpireMod:TigerMarble","Prayer Wheel","Pondfish Scales","Red Skull","Snack Pack","Turnip","Boot","Bronze Scales","Whetstone","Ornamental Fan"],"campfire_rested":0,"item_purchase_floors":[0,0,0,0,0,0,0,0,0,0,0,0,0,0,0,0,0,0,0,0,0,0,0,0,0,0,0,0,0,0,0,0,0,0,0,0,0,0,0],"current_hp_per_floor":[87,70,78,86,87,87,87,87,87,84,84,89,91,98,98,99,77,15,19,19,21,11,11,11,11],"gold":595,"neow_bonus":"","is_daily":false,"chose_seed":true,"campfire_upgraded":6,"win_rate":0.0,"timestamp":1614323818,"path_taken":["M","?","M","M","M","E","E","R","T","?","?","E","E","M","R","BOSS","M","M","?","M","M","R","E"],"items_purchased_type":["Relic","Relic","Relic","Relic","Card","Card","Relic","Relic","Relic","Card","Relic","Relic","Relic","Relic","Relic","Relic","Relic","Relic","Relic","Relic","Relic","Relic","Relic","Relic","Relic","Relic","Relic","Relic","Relic","Relic","Relic","Relic","Relic","Relic","Relic","Relic","Relic","Relic","Relic"],"build_version":"2020-12-22","purchased_purges":4,"victory":false,"max_hp_per_floor":[87,87,87,87,87,87,87,87,87,87,87,89,91,98,98,100,77,15,19,19,21,11,11,11,11],"card_choices":[{"not_picked":["Pommel Strike","Perfected Strike","Run Through"],"picked":"SKIP","floor":3.0},{"not_picked":["Sword Boomerang","Entrench","Body Slam"],"picked":"SKIP","floor":3.0},{"not_picked":["Burning Pact","Infernal Blade","Anger","Whirlwind"],"picked":"Singing Bowl","floor":12.0},{"not_picked":["Disarm","Clash","Whirlwind","Sentinel"],"picked":"Singing Bowl","floor":13.0},{"not_picked":["Disarm","Headbutt","Replay:Undeath\u0027s Touch","Twin Strike"],"picked":"Singing Bowl","floor":14.0},{"not_picked":["Sentinel","Blood for Blood","Body Slam","Rupture"],"picked":"Singing Bowl","floor":14.0},{"not_picked":["Replay:Many Hands","Barricade","Demonic Infusion","Reaper"],"picked":"Singing Bowl","floor":16.0},{"not_picked":["Pommel Strike","Perfected Strike","Burning Pact","Feel No Pain+1"],"picked":"Singing Bowl","floor":18.0},{"not_picked":["Clash","Cleave","Shrug It Off","Uppercut"],"picked":"Singing Bowl","floor":18.0},{"not_picked":["Replay:Undeath\u0027s Touch","Clash","Inflame","Intimidate"],"picked":"Singing Bowl","floor":19.0},{"not_picked":["Abandon","Dark Embrace","Cleave","Pommel Strike"],"picked":"Singing Bowl","floor":19.0},{"not_picked":["Shrug It Off","Wild Strike","Disarm+1"],"picked":"Perfected Strike","floor":21.0},{"not_picked":["True Grit","Thunderclap","Replay:Undeath\u0027s Touch","Carnage"],"picked":"Singing Bowl","floor":21.0},{"not_picked":["Body Slam","Headbutt","Juggernaut","ReplayTheSpireMod:Strike From Hell"],"picked":"Singing Bowl","floor":22.0},{"not_picked":["Headbutt+1","Cleave+1","Run Through+1","ReplayTheSpireMod:Muscle Training+1"],"picked":"Singing Bowl","floor":22.0}],"player_experience":412497,"relics_obtained":[{"floor":6.0,"key":"Toy Ornithopter"},{"floor":7.0,"key":"Question Card"},{"floor":9.0,"key":"Replay:Bottled Steam"},{"floor":12.0,"key":"Singing Bowl"},{"floor":13.0,"key":"Smiling Mask"},{"floor":20.0,"key":"Art of War"}],"event_choices":[{"damage_healed":0.0,"max_hp_gain":0.0,"max_hp_loss":0.0,"gold_gain":0.0,"event_name":"Shining Light","player_choice":"Entered Light","floor":2.0,"gold_loss":0.0,"damage_taken":17.0,"cards_upgraded":["Strike_R","Strike_R"]},{"damage_healed":0.0,"max_hp_gain":0.0,"max_hp_loss":0.0,"gold_gain":0.0,"event_name":"Scrap Ooze","player_choice":"Success","floor":10.0,"gold_loss":0.0,"damage_taken":3.0,"relics_obtained":["Garlic"]},{"damage_healed":0.0,"max_hp_gain":0.0,"max_hp_loss":0.0,"gold_gain":0.0,"event_name":"The Cleric","player_choice":"Leave","floor":11.0,"gold_loss":0.0,"damage_taken":0.0}],"is_beta":false,"boss_relics":[{"not_picked":["Coffee Dripper","Tiny House"],"picked":"Black Star"}],"items_purged_floors":[0,0,0,0],"is_endless":false,"potions_floor_spawned":[1,4,6,13,22],"killed_by":"Gremlin Leader","ascension_level":0}}