{"host":"mydft8i2zzydgggw","time":1614356164,"event":{"mods":["AchievementEnabler","BaseMod","Colored Map","Colored Powertips","DeckTracker","Keyboard Shortcuts","Minty Spire (QoL Compilation)","Rare Cards Sparkle","Relic Stats","StSLib","SuperFastMode","Together in Spire","everything is the same but u backflip on backflip"],"gold_per_floor":[110,110,35,35,35,35,76,76,76,115,131,152,152,185,185,278,278,299,299,349,100,121,121,154,154,204,204,204,204,223,403,403,493,493,509,305,305,328,349,73,114,142,154,190,235,247,592,620,632,644,656,668,118,147,147],"floor_reached":56,"language":"KOR","playtime":1911,"items_purged":["Strike_G","Pain","Slice","Backflip","Noxious Fumes+1"],"score":2143,"play_id":"15f06898-70e4-4cbe-976c-456f26b496bf","local_time":"20210227011604","is_ascension_mode":true,"campfire_choices":[{"data":"Neutralize","floor":6.0,"key":"SMITH"},{"data":"Footwork","floor":8.0,"key":"SMITH"},{"data":"Crippling Poison","floor":15.0,"key":"SMITH"},{"data":"Concentrate","floor":23.0,"key":"SMITH"},{"data":"Venomology","floor":25.0,"key":"SMITH"},{"floor":29.0,"key":"REST"},{"floor":32.0,"key":"REST"},{"data":"Adrenaline","floor":46.0,"key":"SMITH"},{"floor":49.0,"key":"RECALL"},{"data":"Prepared","floor":52,"key":"SMITH"}],"circlet_count":0,"master_deck":["AscendersBane","Survivor","Neutralize+1","Prepared+1","Footwork+1","Crippling Poison+1","Noxious Fumes+1","Venomology+1","Terror+1","Expertise","Masterful Stab","Underhanded Strike","Backflip","Concentrate+1","Backflip","Deadly Poison","Eviscerate","Prepared","Adrenaline+1","Prepared+1","Well Laid Plans+1","Acrobatics","Acrobatics","Finesse","Catalyst+1","Tactician"],"relics":["Ring of the Snake","NeowsBlessing","Letter Opener","Frozen Egg 2","Akabeko","WarpedTongs","Tingsha","Pandora\u0027s Box","Snake Skull","Orichalcum","Vajra","SacredBark","Bottled Tornado","MawBank","Potion Belt","Tough Bandages","Happy Flower","InkBottle"],"acts_visited":["Exordium","TheCity","TheBeyond","TheEnding"],"potions_floor_usage":[50,55,55,55,55],"damage_taken":[{"damage":0.0,"enemies":"2 Louse","floor":1.0,"turns":1.0},{"damage":0.0,"enemies":"3 Sentries","floor":7.0,"turns":1.0},{"damage":0.0,"enemies":"Gremlin Nob","floor":10.0,"turns":1.0},{"damage":0.0,"enemies":"Jaw Worm","floor":11.0,"turns":4.0},{"damage":0.0,"enemies":"Small Slimes","floor":12.0,"turns":3.0},{"damage":7.0,"enemies":"Lagavulin","floor":14.0,"turns":6.0},{"damage":42.0,"enemies":"Slime Boss","floor":16.0,"turns":10.0},{"damage":3.0,"enemies":"Chosen","floor":18.0,"turns":4.0},{"damage":17.0,"enemies":"2 Thieves","floor":22.0,"turns":3.0},{"damage":4.0,"enemies":"Book of Stabbing","floor":24.0,"turns":5.0},{"damage":0.0,"enemies":"Cultist and Chosen","floor":30.0,"turns":3.0},{"damage":15.0,"enemies":"Collector","floor":33.0,"turns":5.0},{"damage":8.0,"enemies":"3 Shapes","floor":35.0,"turns":2.0},{"damage":1.0,"enemies":"3 Darklings","floor":38.0,"turns":2.0},{"damage":2.0,"enemies":"4 Shapes","floor":39.0,"turns":3.0},{"damage":1.0,"enemies":"Reptomancer","floor":41.0,"turns":3.0},{"damage":3.0,"enemies":"Writhing Mass","floor":42.0,"turns":4.0},{"damage":0.0,"enemies":"Sphere and 2 Shapes","floor":44.0,"turns":1.0},{"damage":4.0,"enemies":"Giant Head","floor":45.0,"turns":5.0},{"damage":25.0,"enemies":"Jaw Worm Horde","floor":48.0,"turns":2.0},{"damage":41,"enemies":"Awakened One","floor":50,"turns":8},{"damage":0,"enemies":"Shield and Spear","floor":54,"turns":3},{"damage":38,"enemies":"The Heart","floor":55,"turns":6}],"seed_played":"-6673282975418744491","potions_obtained":[{"floor":1.0,"key":"DistilledChaos"},{"floor":7.0,"key":"Ancient Potion"},{"floor":16.0,"key":"FairyPotion"},{"floor":33.0,"key":"Regen Potion"},{"floor":41.0,"key":"PowerPotion"}],"is_trial":false,"path_per_floor":["M","?","$","?","?","R","E","R","T","E","M","M","?","E","R","B",null,"M","?","?","$","M","R","E","R","T","?","?","R","M","?","R","B",null,"M","$","T","M","M","$","E","M","T","M","E","R","?","M","R","B",null,"R","$","E","B",null],"character_chosen":"THE_SILENT","items_purchased":["Snake Skull","Well Laid Plans+1","Acrobatics","Finesse","Tactician","Swift Potion","SkillPotion","Happy Flower","FearPotion"],"campfire_rested":2,"item_purchase_floors":[21,36,40,40,53,53,53,53,53],"current_hp_per_floor":[59,59,59,59,59,59,59,59,59,59,59,59,59,52,52,10,48,45,45,45,45,28,28,24,24,24,24,24,42,42,23,41,26,52,60,60,60,59,57,57,56,53,53,53,49,49,49,24,24,20,50,50,50,50,35],"gold":147,"neow_bonus":"THREE_ENEMY_KILL","is_daily":false,"chose_seed":false,"campfire_upgraded":7,"win_rate":0.0,"timestamp":1614356164,"path_taken":["M","?","$","?","?","R","E","R","T","E","?","M","?","E","R","BOSS","M","?","?","$","?","R","E","R","T","?","?","R","?","?","R","BOSS","M","$","?","M","M","$","E","M","T","M","E","R","?","M","R","BOSS","R","$","E","BOSS"],"items_purchased_type":["Relic","Card","Card","Card","Card","Potion","Potion","Relic","Potion"],"build_version":"2020-12-22","purchased_purges":5,"victory":true,"max_hp_per_floor":[66,60,60,60,60,60,60,60,60,60,60,60,60,60,60,60,60,60,60,60,60,60,60,60,60,60,60,60,60,60,60,60,60,60,60,60,60,60,60,60,60,60,60,60,60,60,60,60,60,60,60,60,60,60,60],"relic_stats":{"Happy Flower":[3],"counters":[23,85],"Tingsha":[785],"Snake Skull":[84],"Letter Opener":[789],"Orichalcum":[24],"MawBank":144,"WarpedTongs":[73],"Tough Bandages":[399],"Pandora\u0027s Box":["Terror","Expertise","Masterful Stab","Slice","Underhanded Strike","Noxious Fumes","Backflip","Concentrate","Backflip"],"obtain_stats":[{"Potion Belt":45,"NeowsBlessing":0,"Happy Flower":53,"Golden Idol":2,"SacredBark":34,"Vajra":26,"Tingsha":14,"Snake Skull":21,"Letter Opener":7,"Frozen Egg 2":9,"Orichalcum":24,"Bottled Tornado":37,"MawBank":41,"Akabeko":10,"WarpedTongs":13,"Tough Bandages":50,"Pandora\u0027s Box":17,"InkBottle":54,"Ring of the Snake":0},{"Potion Belt":19,"NeowsBlessing":0,"Happy Flower":21,"Golden Idol":1,"SacredBark":12,"Vajra":10,"Tingsha":6,"Snake Skull":8,"Letter Opener":2,"Frozen Egg 2":2,"Orichalcum":10,"Bottled Tornado":13,"MawBank":16,"Akabeko":3,"WarpedTongs":5,"Tough Bandages":21,"Pandora\u0027s Box":7,"InkBottle":22,"Ring of the Snake":0},{"Potion Belt":66,"NeowsBlessing":0,"Happy Flower":76,"Golden Idol":1,"SacredBark":46,"Vajra":38,"Tingsha":16,"Snake Skull":30,"Letter Opener":2,"Frozen Egg 2":2,"Orichalcum":38,"Bottled Tornado":48,"MawBank":56,"Akabeko":3,"WarpedTongs":10,"Tough Bandages":69,"Pandora\u0027s Box":26,"InkBottle":79,"Ring of the Snake":0}],"InkBottle":[9],"Ring of the Snake":[46]},"card_choices":[{"not_picked":["Distraction","PiercingWail"],"picked":"Prepared","floor":1.0},{"not_picked":["PiercingWail","Caltrops"],"picked":"Footwork","floor":7.0},{"not_picked":["Bane","Footwork+1"],"picked":"Cloak And Dagger","floor":10.0},{"not_picked":["Cloak And Dagger","Distraction"],"picked":"Crippling Poison","floor":11.0},{"not_picked":["Choke","Deadly Poison"],"picked":"Noxious Fumes+1","floor":12.0},{"not_picked":["Dagger Spray","Sucker Punch"],"picked":"Backflip","floor":14.0},{"not_picked":["Storm of Steel","A Thousand Cuts+1"],"picked":"Venomology","floor":16.0},{"not_picked":["Bane","Underhanded Strike"],"picked":"Deadly Poison","floor":18.0},{"not_picked":["Slice","Distraction","Dodge and Roll"],"picked":"SKIP","floor":22.0},{"not_picked":["Predator","Dagger Spray"],"picked":"Eviscerate","floor":24.0},{"not_picked":["Blade Dance","Noxious Fumes+1"],"picked":"Prepared","floor":30.0},{"not_picked":["Corpse Explosion","Envenom+1"],"picked":"Adrenaline","floor":33.0},{"not_picked":["Dagger Throw+1","Backflip"],"picked":"Prepared","floor":35.0},{"not_picked":["Slice","Bouncing Flask","Glass Knife"],"picked":"SKIP","floor":38.0},{"not_picked":["Cloak And Dagger+1","Setup"],"picked":"Acrobatics","floor":39.0},{"not_picked":["Deflect","Dagger Spray","Dagger Throw"],"picked":"SKIP","floor":41.0},{"not_picked":["PiercingWail","Adrenaline"],"picked":"Catalyst+1","floor":42.0},{"not_picked":["Distraction","Deadly Poison+1","All Out Attack"],"picked":"SKIP","floor":44.0},{"not_picked":["Deflect","Sucker Punch","Slice"],"picked":"SKIP","floor":45.0},{"not_picked":["Expertise+1","Terror","Dagger Spray"],"picked":"SKIP","floor":48.0},{"not_picked":["Bane","Infinite Blades+1","Concentrate"],"picked":"SKIP","floor":54}],"player_experience":309213,"relics_obtained":[{"floor":7.0,"key":"Letter Opener"},{"floor":9.0,"key":"Frozen Egg 2"},{"floor":10.0,"key":"Akabeko"},{"floor":14.0,"key":"Tingsha"},{"floor":24.0,"key":"Orichalcum"},{"floor":26.0,"key":"Vajra"},{"floor":37.0,"key":"Bottled Tornado"},{"floor":41.0,"key":"MawBank"},{"floor":45.0,"key":"Potion Belt"},{"floor":54,"key":"InkBottle"}],"event_choices":[{"damage_healed":0.0,"max_hp_gain":0.0,"max_hp_loss":6.0,"gold_gain":0.0,"event_name":"Golden Idol","player_choice":"Lose Max HP","floor":2.0,"gold_loss":0.0,"damage_taken":0.0,"relics_obtained":["Golden Idol"]},{"damage_healed":0.0,"max_hp_gain":0.0,"max_hp_loss":0.0,"gold_gain":0.0,"event_name":"Living Wall","player_choice":"Grow","floor":4.0,"gold_loss":0.0,"damage_taken":0.0,"cards_upgraded":["Prepared"]},{"damage_healed":0.0,"max_hp_gain":0.0,"max_hp_loss":0.0,"gold_gain":0.0,"event_name":"Liars Game","player_choice":"Ignored","floor":5.0,"gold_loss":0.0,"damage_taken":0.0},{"damage_healed":0.0,"max_hp_gain":0.0,"max_hp_loss":0.0,"gold_gain":0.0,"event_name":"Accursed Blacksmith","player_choice":"Rummage","floor":13.0,"gold_loss":0.0,"damage_taken":0.0,"relics_obtained":["WarpedTongs"],"cards_obtained":["Pain"]},{"damage_healed":0.0,"max_hp_gain":0.0,"max_hp_loss":0.0,"gold_gain":0.0,"event_name":"Vampires","player_choice":"Ignored","floor":19.0,"gold_loss":0.0,"damage_taken":0.0},{"damage_healed":0.0,"max_hp_gain":0.0,"max_hp_loss":0.0,"gold_gain":100.0,"event_name":"The Joust","player_choice":"Bet on Murderer","floor":20.0,"gold_loss":50.0,"damage_taken":0.0},{"cards_removed":["Cloak And Dagger"],"damage_healed":0.0,"max_hp_gain":0.0,"max_hp_loss":0.0,"gold_gain":0.0,"event_name":"Back to Basics","player_choice":"Elegance","floor":27.0,"gold_loss":0.0,"damage_taken":0.0},{"damage_healed":0.0,"max_hp_gain":0.0,"max_hp_loss":0.0,"gold_gain":0.0,"event_name":"Upgrade Shrine","player_choice":"Upgraded","floor":28.0,"gold_loss":0.0,"damage_taken":0.0,"cards_upgraded":["Terror"]},{"damage_healed":0.0,"max_hp_gain":0.0,"max_hp_loss":0.0,"gold_gain":180.0,"event_name":"Knowing Skull","player_choice":"GOLD GOLD ","floor":31.0,"potions_obtained":[],"gold_loss":0.0,"damage_taken":19.0,"cards_obtained":[]},{"damage_healed":0.0,"max_hp_gain":0.0,"max_hp_loss":0.0,"gold_gain":333.0,"event_name":"The Moai Head","player_choice":"Gave Idol","floor":47.0,"relics_lost":["Golden Idol"],"gold_loss":0.0,"damage_taken":0.0}],"is_beta":false,"boss_relics":[{"not_picked":["Sozu","Black Star"],"picked":"Pandora\u0027s Box"},{"not_picked":["Busted Crown","Snecko Eye"],"picked":"SacredBark"}],"items_purged_floors":[3,21,36,40,53],"is_endless":false,"potions_floor_spawned":[1,7,10,16,18,30,33,35,41,42,44],"ascension_level":15}}