{"host":"rj86l90k631kbujw","time":1614297975,"event":{"mods":["Act Like it!","Aspiration","BaseMod","Better Altar","Better Skull","Better Third Choice","BetterRewards","Downfall","Hubris","JesterMod","Minty Spire (QoL Compilation)","Reliquary","Ruina","Shop Mod","Spire Arcade","StSLib","The Cursed","The Disciple","The Forsaken","The Hierophant","The Jungle","Wandering Minibosses"],"gold_per_floor":[99,112,103,103,103,103,129,129,120,151,123,145,145,181,207,312,312,312,332,332,32,57,57,57,57,57,83,83,120,120,120,146,246,246],"floor_reached":33,"language":"ENG","playtime":3601,"items_purged":[],"score":277,"play_id":"239f84ea-e491-4ab6-82a7-ee3e1912ced9","local_time":"20210226010615","daily_mods":["SealedDeck","Diverse","Colorless Cards","Heirloom","Flight","downfall:Jewelcrafting"],"is_ascension_mode":false,"campfire_choices":[{"data":"hubris:SharpeningStone","floor":1,"key":"SMITH"},{"floor":13,"key":"REST"},{"floor":23,"key":"DIG"},{"floor":26,"key":"DIG"},{"floor":30,"key":"REST"}],"circlet_count":0,"master_deck":["Guardian:ExploitGems","Guardian:ExploitGems","sneckomod:ImprovisedGuard","hierophant:OrnateBuckler","hubris:SharpeningStone+1","TheCursedMod:SpitefulStrike","TheCursedMod:CursedShiv","Pommel Strike","bronze:Iterate","bronze:Frontload","Gash","hierophant:OrnateBuckler","bronze:CutThrough","Sunder","Slimebound:MassFeed","TheCursedMod:CircleOfAbyss","Guardian:Repulse","RitualDagger","Writhe","theForsaken:PlagueCurse"],"relics":["Unceasing Top","Guardian:PickAxe","Dead Branch","Boot","Blue Candle","hubris:Icosahedron","Art of War","reliquary:Knoch","betterThird:SlimedRelic","Odd Mushroom","hubris:ScarierMask","Shovel","reliquary:Sideboard","reliquary:TridentHead","hubris:ToyBattleship","reliquary:Spinner","The Courier","reliquary:BoilingFlask","theForsaken:PlagueMask"],"acts_visited":["Exordium","TheCity"],"potions_floor_usage":[21,21,33,33,33],"damage_taken":[{"damage":0,"enemies":"Cultist","floor":2,"turns":4},{"damage":3,"enemies":"downfall:FleeingMerchant","floor":3,"turns":4},{"damage":7,"enemies":"downfall:FleeingMerchant","floor":9,"turns":4},{"damage":14,"enemies":"3 Sentries","floor":10,"turns":7},{"damage":4,"enemies":"Jaw Worm","floor":12,"turns":3},{"damage":0,"enemies":"The Mushroom Lair","floor":14,"turns":3},{"damage":0,"enemies":"Small Slimes","floor":15,"turns":3},{"damage":28,"enemies":"WA_ARCHETYPE_RETAIN","floor":16,"turns":9},{"damage":4,"enemies":"3 Byrds","floor":19,"turns":6},{"damage":12,"enemies":"downfall:FleeingMerchant","floor":21,"turns":4},{"damage":3,"enemies":"Chosen","floor":22,"turns":5},{"damage":7,"enemies":"Slavers","floor":27,"turns":4},{"damage":18,"enemies":"Book of Stabbing","floor":29,"turns":6},{"damage":1,"enemies":"Centurion and Healer","floor":32,"turns":3},{"damage":51,"enemies":"DF_ARCHETYPE_CLAW","floor":33,"turns":11}],"seed_played":"9140749092634873837","potions_obtained":[{"floor":2,"key":"ColorlessPotion"},{"floor":10,"key":"Swift Potion"},{"floor":14,"key":"Strength Potion"},{"floor":27,"key":"Energy Potion"}],"is_trial":true,"path_per_floor":["R","M","$","T","?","?","T","R","$","E","?","M","R","?","M","B",null,"R","M","?","$","M","R","T","?","R","E","?","E","R","?","M","B"],"character_chosen":"THE_JESTER","items_purchased":["Shovel"],"campfire_rested":2,"item_purchase_floors":[21],"current_hp_per_floor":[70,70,67,67,62,62,62,62,55,41,30,29,50,50,53,25,76,76,72,72,60,60,60,60,54,54,47,47,29,52,52,51,0,0],"gold":246,"neow_bonus":"","is_daily":false,"chose_seed":false,"campfire_upgraded":1,"win_rate":0.0,"timestamp":1614297975,"path_taken":["R","M","$","?","?","?","T","R","$","E","?","?","R","?","M","BOSS","R","M","?","$","?","R","T","?","R","E","?","E","R","?","M","BOSS"],"items_purchased_type":["Relic"],"build_version":"2020-12-22","purchased_purges":0,"victory":false,"max_hp_per_floor":[70,70,70,70,70,70,70,70,70,70,70,73,73,73,76,76,76,76,76,76,76,79,79,79,79,79,79,79,79,79,79,79,79,79],"card_choices":[{"not_picked":["TheCursedMod:CursedAmulet","TheCursedMod:WearCloak"],"picked":"hierophant:OrnateBuckler","floor":2},{"not_picked":["theForsaken:CorruptedWord","Twin Strike"],"picked":"bronze:CutThrough","floor":3},{"not_picked":["jesterMod:Anticipation","jesterMod:RecklessStrike"],"picked":"Sunder","floor":9},{"not_picked":["Genetic Algorithm","Slimebound:ForwardTackle"],"picked":"Slimebound:MassFeed","floor":10},{"not_picked":["Guardian:Reroute","Entrench","Iron Wave"],"picked":"SKIP","floor":12},{"not_picked":["Burning Pact","Flex","theForsaken:PanicDive"],"picked":"SKIP","floor":15},{"not_picked":["LockedAstrolabe","hierophant:WrathOfGod"],"picked":"TheCursedMod:CircleOfAbyss","floor":16},{"not_picked":["TheCursedMod:WearCloak","TheCursedMod:Torture","Leap"],"picked":"SKIP","floor":19},{"not_picked":["TheCursedMod:StingEye","bronze:Shield","Cloak And Dagger"],"picked":"SKIP","floor":21},{"not_picked":["Pummel","sneckomod:UnknownCommonAttack+1"],"picked":"Guardian:Repulse","floor":22},{"not_picked":["Blade Dance","Consume+1","Coolheaded+1"],"picked":"SKIP","floor":27},{"not_picked":["Clash","Fusion","Slimebound:FinishingTackle+1"],"picked":"SKIP","floor":29},{"not_picked":["hierophant:Doubloon","Dark Shackles+1"],"picked":"hubris:Counter","floor":32}],"player_experience":171268,"relics_obtained":[{"floor":4,"key":"Boot"},{"floor":7,"key":"Art of War"},{"floor":10,"key":"reliquary:Knoch"},{"floor":14,"key":"Odd Mushroom"},{"floor":23,"key":"reliquary:Sideboard"},{"floor":24,"key":"reliquary:TridentHead"},{"floor":26,"key":"hubris:ToyBattleship"},{"floor":27,"key":"reliquary:Spinner"},{"floor":29,"key":"reliquary:BoilingFlask"}],"event_choices":[{"damage_healed":0,"gold_gain":0,"player_choice":"Slimed","damage_taken":11,"max_hp_gain":0,"max_hp_loss":0,"event_name":"betterThird:BetterGoop","floor":11,"gold_loss":28},{"damage_healed":0,"gold_gain":0,"player_choice":"Fought Mushrooms","damage_taken":0,"max_hp_gain":0,"max_hp_loss":0,"event_name":"Mushrooms","floor":14,"gold_loss":0},{"damage_healed":0,"gold_gain":0,"player_choice":"Obtain Plague Curse","damage_taken":0,"max_hp_gain":0,"max_hp_loss":0,"event_name":"Plague Doctor","floor":31,"gold_loss":0,"cards_obtained":["theForsaken:PlagueCurse"]}],"is_beta":false,"boss_relics":[{"not_picked":["reliquary:WritOfMandamus","jesterMod:LoadedDice"],"picked":"hubris:ScarierMask"}],"items_purged_floors":[],"is_endless":true,"potions_floor_spawned":[2,10,14,27],"killed_by":"DF_ARCHETYPE_CLAW","ascension_level":0}}