{"host":"3l94tha3a4jgu0q4","time":1614323050,"event":{"mods":["2.2 Compatiblity","AchievementEnabler","Aspiration","BaseMod","Better Altar","Better Match","Better Note","Better Sensory Stone","Better Skull","Better Third Choice","Colored Map","Colored Powertips","Fox Events","Hermit","Highlight Path","Hubris","Humility","Minty Spire (QoL Compilation)","Monster B Gone","Permanent Neow","Relic Stats","Replay The Spire","StSLib","SuperFastMode","The IronCluck","Wandering Minibosses","slay the spire mod where everything is the same but ironclad has a cowboy hat"],"gold_per_floor":[111,111,131,131,143,143,143],"floor_reached":6,"language":"ENG","playtime":142,"items_purged":[],"score":36,"play_id":"97da8e53-b5c1-4649-8a5a-cbd4ecb91ad3","local_time":"20210225230410","is_ascension_mode":false,"campfire_choices":[],"circlet_count":0,"master_deck":["Strike_R","Strike_R","Strike_R","Strike_R","Strike_R","Defend_R","Defend_R","Defend_R","Defend_R","Bash","Cleave","Burn","Armaments","Dropkick"],"relics":["Burning Blood","aspiration:Nostalgia","Replay:M_SmolderingBlood","hubris:Icosahedron"],"acts_visited":["Exordium"],"potions_floor_usage":[6,6],"damage_taken":[{"damage":6,"enemies":"2 Louse","floor":1,"turns":3},{"damage":23,"enemies":"Jaw Worm","floor":3,"turns":5},{"damage":0,"enemies":"Small Slimes","floor":5,"turns":3},{"damage":72,"enemies":"Gremlin Nob","floor":6,"turns":6}],"seed_played":"-2609706106388623165","potions_obtained":[{"floor":1,"key":"BlessingOfTheForge"},{"floor":5,"key":"Strength Potion"}],"is_trial":false,"path_per_floor":["M","?","M","?","M","E"],"character_chosen":"IRONCLAD","items_purchased":[],"campfire_rested":0,"item_purchase_floors":[],"current_hp_per_floor":[80,80,63,63,69,0,0],"gold":143,"neow_bonus":"NOSTALGIA","is_daily":false,"chose_seed":false,"campfire_upgraded":0,"win_rate":0.0,"timestamp":1614323050,"path_taken":["M","?","M","?","M","E"],"items_purchased_type":[],"build_version":"2020-12-22","purchased_purges":0,"victory":false,"max_hp_per_floor":[80,80,80,80,80,80,80],"relic_stats":{"counters":[4,17],"obtain_stats":[{"hubris:Icosahedron":4,"aspiration:Nostalgia":0,"Replay:M_SmolderingBlood":0,"Burning Blood":0},{"hubris:Icosahedron":2,"aspiration:Nostalgia":0,"Replay:M_SmolderingBlood":0,"Burning Blood":0},{"hubris:Icosahedron":8,"aspiration:Nostalgia":0,"Replay:M_SmolderingBlood":0,"Burning Blood":0}],"Burning Blood":18},"card_choices":[{"not_picked":["Uppercut","Armaments"],"picked":"Cleave","floor":1},{"not_picked":["Warcry","ReplayTheSpireMod:LeadingStrike"],"picked":"Armaments","floor":3},{"not_picked":["hubris:CleavingFinish","Clash"],"picked":"Dropkick","floor":5}],"player_experience":1994544,"relics_obtained":[],"event_choices":[{"damage_healed":80,"gold_gain":0,"player_choice":"Embrace Burn","damage_taken":0,"max_hp_gain":0,"max_hp_loss":80,"event_name":"betterThird:BetterShining","floor":2,"gold_loss":0}],"is_beta":false,"boss_relics":[],"items_purged_floors":[],"is_endless":false,"potions_floor_spawned":[1,5],"killed_by":"Gremlin Nob","ascension_level":0,"is_humility":true}}