{"host":"jt67skv49snb75sm","time":1614367841,"event":{"mods":["BaseMod","Bestiary","Minty Spire (QoL Compilation)","Relic Stats"],"gold_per_floor":[117,267,267,25,50,50,83,83,109,109,34,75,90,114,114,204,204,217,231,231,231,254,293,293,336,363,363,297,332,350,371,371,371,371],"floor_reached":33,"language":"ENG","playtime":1073,"items_purged":["Doubt"],"score":747,"play_id":"f0f039c0-9d9d-4b4d-aad5-607fd83d196e","local_time":"20210226203041","is_ascension_mode":true,"campfire_choices":[{"data":"Perfected Strike","floor":6.0,"key":"SMITH"},{"data":"Armaments","floor":15.0,"key":"SMITH"},{"data":"Perfected Strike","floor":24.0,"key":"SMITH"},{"floor":32,"key":"REST"}],"circlet_count":0,"master_deck":["AscendersBane","Strike_R","Strike_R","Strike_R","Strike_R","Strike_R","Defend_R","Defend_R","Defend_R+1","Bash+1","Perfected Strike+1","Metallicize","Armaments+1","Pommel Strike","Shockwave+1","Feed","Perfected Strike+1","Combust+1","Disarm"],"relics":["Burning Blood","NeowsBlessing","Golden Idol","TheAbacus","Oddly Smooth Stone","Dream Catcher","Juzu Bracelet","Akabeko","Anchor","Busted Crown","Strawberry","PreservedInsect","Omamori","Mummified Hand","War Paint","Vajra"],"acts_visited":["Exordium","TheCity"],"potions_floor_usage":[33,33],"damage_taken":[{"damage":0.0,"enemies":"Small Slimes","floor":1.0,"turns":1.0},{"damage":0.0,"enemies":"Gremlin Nob","floor":7.0,"turns":1.0},{"damage":0.0,"enemies":"Lagavulin","floor":12.0,"turns":1.0},{"damage":2.0,"enemies":"Jaw Worm","floor":13.0,"turns":2.0},{"damage":0.0,"enemies":"2 Louse","floor":14.0,"turns":3.0},{"damage":42.0,"enemies":"Slime Boss","floor":16.0,"turns":12.0},{"damage":10.0,"enemies":"Shell Parasite","floor":18.0,"turns":6.0},{"damage":14.0,"enemies":"Spheric Guardian","floor":19.0,"turns":5.0},{"damage":7.0,"enemies":"Centurion and Healer","floor":22.0,"turns":6.0},{"damage":37.0,"enemies":"Book of Stabbing","floor":23.0,"turns":5.0},{"damage":22.0,"enemies":"Slavers","floor":25.0,"turns":7.0},{"damage":8.0,"enemies":"Book of Stabbing","floor":29.0,"turns":3.0},{"damage":24,"enemies":"Sentry and Sphere","floor":30,"turns":5},{"damage":13,"enemies":"3 Cultists","floor":31,"turns":6},{"damage":41,"enemies":"Automaton","floor":33,"turns":10}],"seed_played":"2894162073271160457","potions_obtained":[{"floor":1.0,"key":"FearPotion"},{"floor":7.0,"key":"SpeedPotion"},{"floor":13.0,"key":"BlessingOfTheForge"},{"floor":16.0,"key":"Weak Potion"},{"floor":18.0,"key":"Regen Potion"},{"floor":22.0,"key":"Weak Potion"},{"floor":23.0,"key":"Dexterity Potion"}],"is_trial":false,"path_per_floor":["M","?","?","$","T","R","E","?","T","T","?","E","M","M","R","B",null,"M","M","?","$","M","E","R","E","T","?","?","E","M","M","R","B"],"character_chosen":"IRONCLAD","items_purchased":["TheAbacus"],"campfire_rested":1,"item_purchase_floors":[4],"current_hp_per_floor":[74,74,48,48,48,48,54,54,54,54,54,60,64,70,70,34,65,65,61,61,61,77,53,53,41,41,41,41,39,21,17,47,6,6],"gold":371,"neow_bonus":"THREE_ENEMY_KILL","is_daily":false,"chose_seed":false,"campfire_upgraded":3,"win_rate":0.0,"timestamp":1614367841,"path_taken":["M","?","?","?","?","R","E","?","T","?","?","E","M","M","R","BOSS","M","M","?","$","M","E","R","E","T","?","?","E","M","M","R","BOSS"],"items_purchased_type":["Relic"],"build_version":"2020-12-22","purchased_purges":1,"victory":false,"max_hp_per_floor":[75,75,75,75,75,75,75,75,75,75,75,75,75,75,75,75,75,79,83,83,83,86,93,93,97,97,97,97,97,97,100,100,100,100],"relic_stats":{"Dream Catcher":1,"TheAbacus":[108],"Busted Crown":18,"counters":[15,73],"Golden Idol":84,"Mummified Hand":[7],"PreservedInsect":43,"Juzu Bracelet":1,"War Paint":["Defend_R","Shockwave"],"obtain_stats":[{"NeowsBlessing":0,"Golden Idol":3,"Oddly Smooth Stone":5,"Vajra":29,"PreservedInsect":25,"Juzu Bracelet":9,"Omamori":26,"War Paint":28,"Burning Blood":0,"Akabeko":10,"Dream Catcher":7,"Anchor":12,"TheAbacus":4,"Busted Crown":17,"Mummified Hand":27,"Strawberry":23},{"NeowsBlessing":0,"Golden Idol":1,"Oddly Smooth Stone":1,"Vajra":12,"PreservedInsect":11,"Juzu Bracelet":2,"Omamori":11,"War Paint":11,"Burning Blood":0,"Akabeko":2,"Dream Catcher":2,"Anchor":3,"TheAbacus":1,"Busted Crown":6,"Mummified Hand":11,"Strawberry":10},{"NeowsBlessing":0,"Golden Idol":1,"Oddly Smooth Stone":1,"Vajra":52,"PreservedInsect":49,"Juzu Bracelet":2,"Omamori":49,"War Paint":49,"Burning Blood":0,"Akabeko":2,"Dream Catcher":2,"Anchor":3,"TheAbacus":1,"Busted Crown":20,"Mummified Hand":49,"Strawberry":42}],"Burning Blood":84},"card_choices":[{"not_picked":["Bloodletting","Power Through"],"picked":"Perfected Strike","floor":1.0},{"not_picked":["Limit Break","Carnage"],"picked":"Metallicize","floor":7.0},{"not_picked":["Entrench","Rage"],"picked":"Armaments","floor":12.0},{"not_picked":["Heavy Blade","True Grit"],"picked":"Pommel Strike","floor":13.0},{"not_picked":["Reckless Charge","Sword Boomerang"],"picked":"Shockwave","floor":14.0},{"not_picked":["Juggernaut","Demon Form"],"picked":"Feed","floor":16.0},{"not_picked":[],"picked":"Perfected Strike","floor":18.0},{"not_picked":["Wild Strike"],"picked":"SKIP","floor":19.0},{"not_picked":["Clothesline"],"picked":"SKIP","floor":22.0},{"not_picked":["Reckless Charge+1"],"picked":"SKIP","floor":23.0},{"not_picked":[],"picked":"Combust+1","floor":25.0},{"not_picked":[],"picked":"Disarm","floor":29.0},{"not_picked":["Dark Embrace"],"picked":"SKIP","floor":30},{"not_picked":["Flex"],"picked":"SKIP","floor":31}],"player_experience":926366,"relics_obtained":[{"floor":5.0,"key":"Oddly Smooth Stone"},{"floor":7.0,"key":"Dream Catcher"},{"floor":9.0,"key":"Juzu Bracelet"},{"floor":10.0,"key":"Akabeko"},{"floor":12.0,"key":"Anchor"},{"floor":23.0,"key":"Strawberry"},{"floor":25.0,"key":"PreservedInsect"},{"floor":26.0,"key":"Omamori"},{"floor":29.0,"key":"Vajra"}],"event_choices":[{"damage_healed":0.0,"max_hp_gain":0.0,"max_hp_loss":0.0,"gold_gain":150.0,"event_name":"Liars Game","player_choice":"AGREE","floor":2.0,"gold_loss":0.0,"damage_taken":0.0,"cards_obtained":["Doubt"]},{"damage_healed":0.0,"max_hp_gain":0.0,"max_hp_loss":0.0,"gold_gain":0.0,"event_name":"Golden Idol","player_choice":"Take Damage","floor":3.0,"gold_loss":0.0,"damage_taken":26.0,"relics_obtained":["Golden Idol"]},{"damage_healed":0.0,"max_hp_gain":0.0,"max_hp_loss":0.0,"gold_gain":0.0,"event_name":"Living Wall","player_choice":"Grow","floor":8.0,"gold_loss":0.0,"damage_taken":0.0,"cards_upgraded":["Bash"]},{"cards_removed":["Defend_R"],"damage_healed":0.0,"max_hp_gain":0.0,"max_hp_loss":0.0,"gold_gain":0.0,"event_name":"The Cleric","player_choice":"Card Removal","floor":11.0,"gold_loss":75.0,"damage_taken":0.0},{"damage_healed":0.0,"max_hp_gain":0.0,"max_hp_loss":0.0,"gold_gain":0.0,"event_name":"Vampires","player_choice":"Ignored","floor":20.0,"gold_loss":0.0,"damage_taken":0.0},{"damage_healed":0.0,"max_hp_gain":0.0,"max_hp_loss":0.0,"gold_gain":0.0,"event_name":"The Mausoleum","player_choice":"Opened","floor":27.0,"gold_loss":0.0,"damage_taken":0.0,"relics_obtained":["Mummified Hand"],"cards_obtained":["Writhe"]},{"damage_healed":0.0,"max_hp_gain":0.0,"max_hp_loss":0.0,"gold_gain":0.0,"event_name":"WeMeetAgain","player_choice":"Paid Gold","floor":28.0,"gold_loss":66.0,"damage_taken":0.0,"relics_obtained":["War Paint"]}],"is_beta":false,"boss_relics":[{"not_picked":["Cursed Key","SacredBark"],"picked":"Busted Crown"}],"items_purged_floors":[4],"is_endless":false,"potions_floor_spawned":[1,7,13,16,18,22,23,30],"killed_by":"Automaton","ascension_level":20}}