{"host":"ymmeoa1x24ihslbm","time":1614303313,"event":{"mods":["AchievementEnabler","BaseMod","CatGirl Mod","ChefMod","Colored Map","Colored Powertips","Defuse TimeMaze Blight","Dio Mod","Hermit","Highlight Path","HornydragonMod","Hyrulean Relics","Infinite Spire","Minty Spire (QoL Compilation)","Permanent Neow","Quick Restart","Rare Cards Sparkle","Relic Sorter","Robot Space Explorer","Shapeshifter Mod","Shop Mod","StSLib","The Disciple","The Gatherer","The Marked","TheBandit","TheFirefly","TheSurvivalist","TheSwordswoman","Transform Curses"],"gold_per_floor":[112,175,175,189,202,202,202,202],"floor_reached":6,"language":"ENG","playtime":9004,"items_purged":[],"score":61,"play_id":"54a2cbd7-a531-4ce3-ad87-5bff2d9cc30a","local_time":"20210226023513","is_ascension_mode":false,"campfire_choices":[],"circlet_count":0,"master_deck":["wariomod:Strike","wariomod:Strike","wariomod:Strike","wariomod:Strike","wariomod:Defend","wariomod:Defend","wariomod:Defend","wariomod:Defend","wariomod:Step","wariomod:Leap","wariomod:DeepDig","infinitespire:Pacifist","wariomod:Boomsmack","wariomod:BoomBoom"],"relics":["wariomod:TheHat"],"acts_visited":["Exordium"],"potions_floor_usage":[6],"damage_taken":[{"damage":0,"enemies":"Small Slimes","floor":1,"turns":5},{"damage":22,"enemies":"Cultist","floor":4,"turns":7},{"damage":27,"enemies":"Jaw Worm","floor":5,"turns":8},{"damage":26,"enemies":"3 Sentries","floor":6,"turns":4}],"seed_played":"-5409657059361583041","potions_obtained":[{"floor":4,"key":"GamblersBrew"},{"floor":5,"key":"Dexterity Potion"}],"is_trial":false,"path_per_floor":["M","?","?","M","M","E"],"character_chosen":"THE_BANDIT","items_purchased":[],"campfire_rested":0,"item_purchase_floors":[],"current_hp_per_floor":[72,72,72,50,23,0,0,0],"gold":202,"neow_bonus":"TWENTY_PERCENT_HP_BONUS","is_daily":false,"chose_seed":false,"campfire_upgraded":0,"win_rate":0.0,"timestamp":1614303313,"path_taken":["M","?","?","?","M","E"],"items_purchased_type":[],"build_version":"2020-12-22","purchased_purges":0,"victory":false,"max_hp_per_floor":[96,96,96,96,96,96,96,96],"card_choices":[{"not_picked":["wariomod:Game","wariomod:DoubleDip"],"picked":"wariomod:DeepDig","floor":1},{"not_picked":["wariomod:Immortalize","wariomod:DoubleDash"],"picked":"wariomod:Boomsmack","floor":4},{"not_picked":["wariomod:BlastDash","wariomod:GoAgain"],"picked":"wariomod:BoomBoom","floor":5}],"player_experience":867793,"relics_obtained":[],"event_choices":[{"damage_healed":0,"gold_gain":63,"player_choice":"Gained Gold","damage_taken":0,"max_hp_gain":0,"max_hp_loss":0,"event_name":"Golden Wing","floor":2,"gold_loss":0},{"damage_healed":0,"gold_gain":0,"player_choice":"1 cards matched","damage_taken":0,"max_hp_gain":0,"max_hp_loss":0,"event_name":"Match and Keep!","floor":3,"gold_loss":0,"cards_obtained":["infinitespire:Pacifist"]},{"damage_healed":0,"gold_gain":0,"player_choice":"1 cards matched","damage_taken":0,"max_hp_gain":0,"max_hp_loss":0,"event_name":"Match and Keep!","floor":3,"gold_loss":0,"cards_obtained":["infinitespire:Pacifist"]}],"is_beta":false,"boss_relics":[],"items_purged_floors":[],"is_endless":false,"potions_floor_spawned":[4,5],"killed_by":"3 Sentries","ascension_level":0}}