{"host":"i29s15dsg0c43zmx","time":1614344380,"event":{"mods":["AchievementEnabler","BaseMod","Colored Map","Minty Spire (QoL Compilation)","StSLib"],"gold_per_floor":[117,67,242,242,255,255,281,300,300,314,345,358,358,375,375,477,477,466,93,93,0,0,0,25,35,61,86,101,132,147,166,166,166,166],"floor_reached":33,"language":"ENG","playtime":1456,"items_purged":["Doubt"],"score":384,"play_id":"8855e228-3263-4fa1-a82b-bffc5a3880f9","local_time":"20210226135940","is_ascension_mode":true,"campfire_choices":[{"data":"Fusion","floor":6,"key":"SMITH"},{"data":"Zap","floor":15,"key":"SMITH"},{"data":"White Noise","floor":23,"key":"SMITH"},{"data":"White Noise","floor":32,"key":"SMITH"}],"circlet_count":0,"master_deck":["Defend_B","Defend_B","Defend_B","Defend_B","Zap+1","Dualcast","Storm","Fusion+1","Chill","Lockon","Echo Form+1","CurseOfTheBell","White Noise+1","Bite","Bite","Bite","Bite","Bite","Creative AI+1","Capacitor+1","Leap","Storm+1","White Noise+1"],"relics":["Cracked Core","NeowsBlessing","Lizard Tail","Frozen Egg 2","Mercury Hourglass","Calling Bell","FossilizedHelix","StrikeDummy","Boot","Calipers","Oddly Smooth Stone","Cables","Peace Pipe"],"acts_visited":["Exordium","TheCity"],"potions_floor_usage":[11,29,29],"damage_taken":[{"damage":0,"enemies":"Cultist","floor":1,"turns":1},{"damage":0,"enemies":"Jaw Worm","floor":5,"turns":1},{"damage":0,"enemies":"3 Sentries","floor":7,"turns":1},{"damage":0,"enemies":"2 Louse","floor":8,"turns":3},{"damage":0,"enemies":"Exordium Thugs","floor":10,"turns":5},{"damage":42,"enemies":"Lagavulin","floor":11,"turns":8},{"damage":2,"enemies":"2 Fungi Beasts","floor":12,"turns":3},{"damage":0,"enemies":"Lots of Slimes","floor":14,"turns":3},{"damage":67,"enemies":"Slime Boss","floor":16,"turns":13},{"damage":26,"enemies":"2 Thieves","floor":18,"turns":4},{"damage":46,"enemies":"Book of Stabbing","floor":24,"turns":6},{"damage":8,"enemies":"Spheric Guardian","floor":25,"turns":5},{"damage":45,"enemies":"Gremlin Leader","floor":27,"turns":6},{"damage":16,"enemies":"Centurion and Healer","floor":28,"turns":7},{"damage":35,"enemies":"Slavers","floor":29,"turns":4},{"damage":0,"enemies":"Chosen and Byrds","floor":30,"turns":6},{"damage":31,"enemies":"Shelled Parasite and Fungi","floor":31,"turns":7},{"damage":54,"enemies":"Automaton","floor":33,"turns":6}],"seed_played":"3837770921036075447","potions_obtained":[{"floor":7,"key":"ColorlessPotion"},{"floor":11,"key":"FocusPotion"},{"floor":14,"key":"SteroidPotion"},{"floor":24,"key":"Dexterity Potion"},{"floor":30,"key":"FearPotion"}],"is_trial":false,"path_per_floor":["M","?","?","?","M","R","E","M","T","M","E","M","?","M","R","B",null,"M","$","?","?","?","R","E","M","T","E","M","E","M","M","R","B"],"character_chosen":"DEFECT","items_purchased":["Calipers"],"campfire_rested":0,"item_purchase_floors":[19],"current_hp_per_floor":[75,75,75,68,70,70,72,74,74,75,33,33,85,85,85,18,85,59,59,59,59,59,59,37,47,47,16,26,44,54,39,39,0,0],"gold":166,"neow_bonus":"THREE_ENEMY_KILL","is_daily":false,"chose_seed":false,"campfire_upgraded":4,"win_rate":0.0,"timestamp":1614344380,"path_taken":["M","?","?","?","M","R","E","?","T","M","E","M","?","?","R","BOSS","M","$","?","?","?","R","E","M","T","E","M","E","M","?","R","BOSS"],"items_purchased_type":["Relic"],"build_version":"2020-12-22","purchased_purges":1,"victory":false,"max_hp_per_floor":[75,75,75,75,75,75,75,75,75,75,75,75,85,85,85,85,85,85,85,85,85,85,85,85,85,85,85,85,85,85,85,85,85,85],"card_choices":[{"not_picked":["Hologram","Coolheaded"],"picked":"Storm","floor":1},{"not_picked":["Steam","Redo"],"picked":"Fusion","floor":5},{"not_picked":["Gash","Leap"],"picked":"Chill","floor":7},{"not_picked":["Ball Lightning","Gash"],"picked":"Lockon","floor":8},{"not_picked":["Hologram","Recycle","Streamline"],"picked":"SKIP","floor":10},{"not_picked":["Lockon","Coolheaded"],"picked":"Rainbow","floor":11},{"not_picked":["Rip and Tear","Rebound","Cold Snap"],"picked":"SKIP","floor":12},{"not_picked":["Sunder","Lockon","Blizzard"],"picked":"SKIP","floor":14},{"not_picked":["Fission","Multi-Cast"],"picked":"Echo Form+1","floor":16},{"not_picked":["Coolheaded","Melter","Go for the Eyes"],"picked":"SKIP","floor":18},{"not_picked":["Streamline","Undo"],"picked":"Creative AI+1","floor":24},{"not_picked":["Recycle","Cold Snap+1","Barrage"],"picked":"SKIP","floor":25},{"not_picked":["Seek","Compile Driver"],"picked":"Capacitor+1","floor":27},{"not_picked":["Streamline","Rip and Tear+1"],"picked":"Leap","floor":28},{"not_picked":["Turbo","Compile Driver"],"picked":"Storm+1","floor":29},{"not_picked":["Aggregate","Turbo","Redo+1"],"picked":"SKIP","floor":30},{"not_picked":["Reprogram+1","Turbo"],"picked":"White Noise","floor":31}],"player_experience":142432,"relics_obtained":[{"floor":7,"key":"Lizard Tail"},{"floor":9,"key":"Frozen Egg 2"},{"floor":11,"key":"Mercury Hourglass"},{"floor":17,"key":"FossilizedHelix"},{"floor":17,"key":"StrikeDummy"},{"floor":17,"key":"Boot"},{"floor":24,"key":"Oddly Smooth Stone"},{"floor":27,"key":"Cables"},{"floor":29,"key":"Peace Pipe"}],"event_choices":[{"cards_removed":["Strike_B"],"damage_healed":0,"gold_gain":0,"player_choice":"Card Removal","damage_taken":0,"max_hp_gain":0,"max_hp_loss":0,"event_name":"The Cleric","floor":2,"gold_loss":50},{"damage_healed":0,"gold_gain":175,"player_choice":"AGREE","damage_taken":0,"max_hp_gain":0,"max_hp_loss":0,"event_name":"Liars Game","floor":3,"gold_loss":0,"cards_obtained":["Doubt"]},{"damage_healed":0,"gold_gain":0,"player_choice":"Success","damage_taken":7,"relics_obtained":["Blood Vial"],"max_hp_gain":0,"max_hp_loss":0,"event_name":"Scrap Ooze","floor":4,"gold_loss":0},{"cards_removed":["Rainbow"],"damage_healed":42,"gold_gain":0,"player_choice":"Offered Rare","damage_taken":0,"max_hp_gain":10,"max_hp_loss":0,"event_name":"Bonfire Elementals","floor":13,"gold_loss":0},{"damage_healed":0,"gold_gain":0,"player_choice":"Read","damage_taken":0,"max_hp_gain":0,"max_hp_loss":0,"event_name":"The Library","floor":20,"gold_loss":0,"cards_obtained":["White Noise"]},{"damage_healed":0,"gold_gain":0,"player_choice":"Paid Fearfully","damage_taken":0,"max_hp_gain":0,"max_hp_loss":0,"event_name":"Masked Bandits","floor":21,"gold_loss":93},{"damage_healed":0,"gold_gain":0,"player_choice":"Became a vampire (Vial)","damage_taken":0,"max_hp_gain":0,"max_hp_loss":0,"event_name":"Vampires","floor":22,"relics_lost":["Blood Vial"],"gold_loss":0,"cards_obtained":["Bite","Bite","Bite","Bite","Bite"]}],"is_beta":false,"boss_relics":[{"not_picked":["Nuclear Battery","Velvet Choker"],"picked":"Calling Bell"}],"items_purged_floors":[19],"is_endless":false,"potions_floor_spawned":[7,11,14,24,25,27,30],"killed_by":"Automaton","ascension_level":1}}