{"host":"ggy1mjjy92c62u6a","time":1614325336,"event":{"mods":["10 clothes from DAL","ATMod(阿瑾Mod)","Act Like it!","BaseMod","Colored Powertips","GifTheSpireLib","Infinite Spire","Library of Ruina","Library of Ruina Extra","Lobotomy","LobotomyExtend","Marisa（F雨　魔理沙）","Minty Spire (QoL Compilation)","Quick Restart","Relic Filter Mod","Relic Stats","Reliquary","Remilia（蕾米莉亚）","Replay The Spire","RumiaBox-露米娅的神秘盒子","Shop Mod","Spicy Shops","StSLib","SuperFastMode","Youmu（魂魄妖梦）","[功能]功能增强和修复MOD","【功能Mod】混沌之环修复补丁","【遗物Mod】死灵法师NEW","【遗物卡牌】REMEMod"],"gold_per_floor":[13,13,13,233,66,66,86,86,136,149,185,49,49,97,116,66,66,66,13,13,47,94,94,114,142,16,36,8,8,107,107,123,423,490,509,38,74,74,74,101,101,112,112,147,167,167,167,167],"floor_reached":35,"language":"ZHS","playtime":1381,"items_purged":["Strike_G","Strike_G","Strike_G","Defend_G","Defend_G"],"score":1139,"play_id":"5423b841-4395-4705-ad92-3143aa77a6b7","local_time":"20210226154216","is_ascension_mode":true,"campfire_choices":[{"data":"AT_ChampionStep","floor":6.0,"key":"SMITH"},{"data":"Acrobatics","floor":13.0,"key":"SMITH"},{"data":"AT_EssenceShift","floor":6.0,"key":"SMITH"},{"data":"Acrobatics","floor":15.0,"key":"SMITH"},{"data":"AT_WindFlip","floor":24,"key":"SMITH"},{"data":"Escape Plan","floor":29,"key":"SMITH"},{"data":"Strike_G","floor":32,"key":"PURGE"}],"circlet_count":0,"master_deck":["Strike_G","Defend_G","Neutralize","AT_ChampionStep+1","Acrobatics+1","AT_WindFlip+1","AT_TwilightShroud","ReplayTheSpireMod:Exploit Weakness","Escape Plan+1","AT_EssenceShift+1","Strike_G","m_Survivalism","AT_ChampionStep+1","Blur","Escape Plan","Acrobatics+1","REME_GreenPollution","Well Laid Plans+1","PiercingWail+1","AT_WindFlip","REME_GreenPollution+1","Backflip+1"],"relics":["REME_ComplimentaryCards","AT_ATBox","EctoplasmExtend","Baka","infinitespire:Midas Blood","Snack Pack","MealTicket","GodSword4","Tiny Chest","LetterFromLob","infinitespire:Cubic Diamond","DollysMirror","Pear","AT_Kusabimaru","Potion Belt","Byrd Skull","Garlic","Membership Card","Painkiller Herb","Old Coin","CatCart","SSSystem","ZombieArmy","PageOfAspirationHeart","Durian","reliquary:RadioactivePellet"],"acts_visited":["Exordium","TheBeyond"],"potions_floor_usage":[20,20],"damage_taken":[{"damage":0.0,"enemies":"Cultist","floor":1.0,"turns":4.0},{"damage":7.0,"enemies":"Jaw Worm","floor":4.0,"turns":2.0},{"damage":11.0,"enemies":"Small Slimes","floor":7.0,"turns":3.0},{"damage":0.0,"enemies":"Exordium Thugs","floor":10.0,"turns":4.0},{"damage":22.0,"enemies":"Lagavulin","floor":11.0,"turns":7.0},{"damage":12.0,"enemies":"Looter","floor":14.0,"turns":4.0},{"damage":0.0,"enemies":"Cultist","floor":1.0,"turns":3.0},{"damage":0.0,"enemies":"Gremlin Nob","floor":7.0,"turns":1.0},{"damage":6.0,"enemies":"2 Louse","floor":10.0,"turns":2.0},{"damage":0.0,"enemies":"Lagavulin","floor":11.0,"turns":4.0},{"damage":0.0,"enemies":"Small Slimes","floor":13.0,"turns":4.0},{"damage":0.0,"enemies":"Fading Forest","floor":16.0,"turns":9.0},{"damage":2.0,"enemies":"3 Darklings","floor":18.0,"turns":3.0},{"damage":33,"enemies":"Orin","floor":20,"turns":13},{"damage":0,"enemies":"Orb Walker","floor":21,"turns":4},{"damage":18,"enemies":"Nemesis","floor":23,"turns":5},{"damage":0,"enemies":"Maw","floor":28,"turns":2},{"damage":4,"enemies":"4 Shapes","floor":30,"turns":1},{"damage":0,"enemies":"Jaw Worm Horde","floor":31,"turns":1},{"damage":0,"enemies":"Donu and Deca","floor":33,"turns":2}],"seed_played":"-3627889055950346128","potions_obtained":[{"floor":1.0,"key":"Strength Potion"},{"floor":10.0,"key":"Milkshake"},{"floor":11.0,"key":"Block Potion"},{"floor":13.0,"key":"Explosive Potion"},{"floor":23,"key":"Strength Potion"},{"floor":28,"key":"Fire Potion"},{"floor":31,"key":"Dexterity Potion"}],"is_trial":false,"path_per_floor":["M","?","?","M","$","R","M","T","T","M","E","$","R","M","R","M","?","?","?","$","R","E","T","T","M","E","$","M","$","R","B",null,"?","AVR","?","?","T","E","T","T","T","?","?","T","?","?","T","B",null,null],"character_chosen":"THE_SILENT","items_purchased":["infinitespire:Midas Blood","Tiny Chest","Escape Plan","DollysMirror","Membership Card","Acrobatics","REME_GreenPollution","SSSystem","ZombieArmy","PageOfAspirationHeart","AT_WindFlip"],"campfire_rested":0,"item_purchase_floors":[5,12,12,5,12,12,14,22,22,22,22],"current_hp_per_floor":[63,70,70,63,63,63,52,52,52,54,36,51,51,39,64,64,64,64,70,70,80,80,80,76,76,80,80,80,80,80,80,80,80,51,51,78,62,62,67,67,67,69,69,65,67,67,69,75],"gold":167,"neow_bonus":"BOSS_RELIC","is_daily":false,"chose_seed":false,"campfire_upgraded":6,"win_rate":0.0,"timestamp":1614325336,"path_taken":["M","?","?","M","$","R","M","?","T","?","E","$","R","M","R","M","?","?","?","$","R","E","?","T","M","E","$","?","?","R","BOSS","?","AVR","?","?","T","E","T","?","T","?","?","T","?","?","T","BOSS"],"items_purchased_type":["Relic","Relic","Card","Relic","Relic","Card","Card","Relic","Relic","Relic","Card"],"build_version":"2020-12-22","purchased_purges":5,"victory":true,"max_hp_per_floor":[70,70,70,70,70,70,70,70,70,70,70,70,70,70,70,70,70,70,70,70,80,80,80,80,80,80,80,80,80,80,80,80,80,80,80,92,92,92,97,97,97,97,97,97,97,97,97,97],"relic_stats":{"counters":[21,82],"MealTicket":40,"Tiny Chest":2,"obtain_stats":[{"AT_ATBox":0,"SSSystem":22,"Painkiller Herb":17,"infinitespire:Cubic Diamond":4,"Old Coin":19,"AT_Kusabimaru":7,"DollysMirror":5,"MealTicket":9,"Tiny Chest":12,"reliquary:RadioactivePellet":26,"Byrd Skull":9,"Ring of the Snake":0,"ZombieArmy":22,"Potion Belt":8,"Pear":7,"EctoplasmExtend":0,"Baka":1,"PageOfAspirationHeart":22,"LetterFromLob":1,"Snack Pack":8,"Garlic":11,"Durian":25,"Membership Card":12,"GodSword4":11,"CatCart":20,"REME_ComplimentaryCards":0,"infinitespire:Midas Blood":5},{"AT_ATBox":0,"SSSystem":15,"Painkiller Herb":12,"infinitespire:Cubic Diamond":7,"Old Coin":13,"AT_Kusabimaru":8,"DollysMirror":7,"MealTicket":3,"Tiny Chest":5,"reliquary:RadioactivePellet":16,"Byrd Skull":8,"Ring of the Snake":0,"ZombieArmy":15,"Potion Belt":8,"Pear":8,"EctoplasmExtend":0,"Baka":1,"PageOfAspirationHeart":15,"LetterFromLob":1,"Snack Pack":3,"Garlic":10,"Durian":16,"Membership Card":10,"GodSword4":5,"CatCart":14,"REME_ComplimentaryCards":0,"infinitespire:Midas Blood":2},{"AT_ATBox":0,"SSSystem":67,"Painkiller Herb":47,"infinitespire:Cubic Diamond":27,"Old Coin":50,"AT_Kusabimaru":28,"DollysMirror":27,"MealTicket":9,"Tiny Chest":20,"reliquary:RadioactivePellet":72,"Byrd Skull":28,"Ring of the Snake":0,"ZombieArmy":67,"Potion Belt":28,"Pear":28,"EctoplasmExtend":0,"Baka":4,"PageOfAspirationHeart":67,"LetterFromLob":4,"Snack Pack":9,"Garlic":34,"Durian":72,"Membership Card":34,"GodSword4":20,"CatCart":63,"REME_ComplimentaryCards":0,"infinitespire:Midas Blood":6}]},"card_choices":[{"not_picked":["Blade Dance","Cloak And Dagger"],"picked":"Acrobatics","floor":1.0},{"not_picked":["Noxious Fumes","Acrobatics"],"picked":"AT_WindFlip","floor":4.0},{"not_picked":["Sucker Punch","Slice"],"picked":"AT_TwilightShroud","floor":7.0},{"not_picked":["AT_Desolate","Endless Agony"],"picked":"ReplayTheSpireMod:Exploit Weakness","floor":10.0},{"not_picked":["Bane","Dodge and Roll","AT_FocusSwordFire"],"picked":"SKIP","floor":11.0},{"not_picked":["Underhanded Strike","Backflip"],"picked":"AT_EssenceShift","floor":14.0},{"not_picked":["Bane","Outmaneuver","Blade Dance"],"picked":"SKIP","floor":1.0},{"not_picked":["Slice","Hidden Blade","Quick Slash"],"picked":"SKIP","floor":7.0},{"not_picked":["Poisoned Stab","Masterful Stab"],"picked":"Blur","floor":10.0},{"not_picked":["Poisoned Stab","Unload"],"picked":"Escape Plan","floor":11.0},{"not_picked":["Outmaneuver","Slice","Cloak And Dagger"],"picked":"SKIP","floor":13.0},{"not_picked":["Bane","Noxious Fumes","Deflect+1"],"picked":"SKIP","floor":18.0},{"not_picked":["Flechettes+1","Deflect+1"],"picked":"Well Laid Plans+1","floor":20},{"not_picked":["Terror+1","Dagger Spray+1"],"picked":"PiercingWail+1","floor":21},{"not_picked":["Finisher+1","All Out Attack","ReplayTheSpireMod:From All Sides"],"picked":"SKIP","floor":23},{"not_picked":["Outmaneuver+1","AT_WindFlip"],"picked":"REME_GreenPollution+1","floor":28},{"not_picked":["Dash+1","Fluid Movement"],"picked":"Backflip+1","floor":30},{"not_picked":["AT_Desolate+1","Dagger Spray","Slice+1"],"picked":"SKIP","floor":31}],"player_experience":168631,"relics_obtained":[{"floor":1.0,"key":"Baka"},{"floor":1.0,"key":"LetterFromLob"},{"floor":8.0,"key":"Snack Pack"},{"floor":9.0,"key":"MealTicket"},{"floor":11.0,"key":"GodSword4"},{"floor":1.0,"key":"LetterFromLob"},{"floor":7.0,"key":"Pear"},{"floor":7.0,"key":"AT_Kusabimaru"},{"floor":8.0,"key":"Potion Belt"},{"floor":9.0,"key":"Byrd Skull"},{"floor":11.0,"key":"Garlic"},{"floor":20,"key":"CatCart"},{"floor":25,"key":"Durian"},{"floor":26,"key":"reliquary:RadioactivePellet"}],"event_choices":[{"cards_removed":["RMBKotodama"],"damage_healed":0.0,"max_hp_gain":0.0,"max_hp_loss":0.0,"gold_gain":0.0,"event_name":"The Cleric","player_choice":"Card Removal","floor":2.0,"gold_loss":50.0,"damage_taken":0.0},{"damage_healed":0,"gold_gain":0,"player_choice":"Fight","damage_taken":0,"max_hp_gain":0,"max_hp_loss":0,"event_name":"OrinTheCat","floor":20,"gold_loss":0},{"cards_removed":["Defend_G"],"damage_healed":0,"gold_gain":0,"player_choice":"Offered Basic","damage_taken":0,"max_hp_gain":0,"max_hp_loss":0,"event_name":"Bonfire Elementals","floor":27,"gold_loss":0}],"is_beta":false,"boss_relics":[{"not_picked":["Runic Dome","REME_DemonsWealth"],"picked":"Painkiller Herb"}],"items_purged_floors":[19,22,22,22,22],"is_endless":false,"potions_floor_spawned":[1,10,11,14,1,7,13,16,23,28,31],"ascension_level":6}}