{"host":"dlqyscxstsnu98l1","time":1614371109,"event":{"mods":["AchievementEnabler","BaseMod","Colored Map","Colored Powertips","GifTheSpireLib","Highlight Path","Minty Spire (QoL Compilation)","Random Character Button","SacredBarkPlus","StSLib","everything is the same but u backflip on backflip"],"gold_per_floor":[115,115,115,115,125,155,155,330,330,341,358,10,10,22,22,126,126,140,129,145,158,15,15,15,25,25,25,25,25,56,67,67,169,169,180,180,112,31,46,73,16,16,16,16,16,36,36,51,51,51,51,51,12,12,12],"floor_reached":54,"language":"ENG","playtime":2890,"items_purged":[],"score":948,"play_id":"f3bf79a2-020d-45b6-a81d-9b1356bfb7cf","local_time":"20210226142509","is_ascension_mode":true,"campfire_choices":[{"data":"Eruption","floor":7.0,"key":"SMITH"},{"data":"FlyingSleeves","floor":13.0,"key":"SMITH"},{"data":"BowlingBash","floor":15.0,"key":"SMITH"},{"floor":23.0,"key":"REST"},{"floor":27.0,"key":"REST"},{"data":"PathToVictory","floor":29.0,"key":"SMITH"},{"floor":32.0,"key":"REST"},{"data":"Protect","floor":42,"key":"SMITH"},{"floor":44,"key":"RECALL"},{"data":"Protect","floor":49,"key":"SMITH"},{"data":"TalkToTheHand","floor":52,"key":"SMITH"}],"circlet_count":0,"master_deck":["Strike_P","Strike_P","Strike_P","Defend_P","Defend_P","Defend_P","Defend_P","Vigilance","LikeWater+1","Protect+1","Doubt","Sanctity","Protect+1","FlyingSleeves+1","BowlingBash+1","Devotion","PathToVictory+1","Study+1","Wireheading","PathToVictory+1","TalkToTheHand+1","PathToVictory+1","Wish+1","DeceiveReality+1","Wish+1","CurseOfTheBell","ThirdEye+1","Protect+1","Protect+1","Protect+1","LikeWater+1","Evaluate+1"],"relics":["PureWater","NeowsBlessing","Centennial Puzzle","Darkstone Periapt","Pear","TeardropLocket","Sozu","Orrery","Frozen Egg 2","Toxic Egg 2","Calling Bell","Bag of Marbles","The Courier","FossilizedHelix","Eternal Feather","Regal Pillow"],"acts_visited":["Exordium","TheCity","TheBeyond","TheEnding"],"potions_floor_usage":[],"damage_taken":[{"damage":0.0,"enemies":"Small Slimes","floor":1.0,"turns":1.0},{"damage":0.0,"enemies":"Jaw Worm","floor":5.0,"turns":1.0},{"damage":0.0,"enemies":"Gremlin Nob","floor":6.0,"turns":1.0},{"damage":0.0,"enemies":"2 Louse","floor":10.0,"turns":3.0},{"damage":2.0,"enemies":"Large Slime","floor":11.0,"turns":18.0},{"damage":3.0,"enemies":"Red Slaver","floor":14.0,"turns":8.0},{"damage":20.0,"enemies":"The Guardian","floor":16.0,"turns":21.0},{"damage":12.0,"enemies":"Spheric Guardian","floor":18.0,"turns":7.0},{"damage":5.0,"enemies":"2 Thieves","floor":19.0,"turns":4.0},{"damage":19.0,"enemies":"Snecko","floor":20.0,"turns":11.0},{"damage":14.0,"enemies":"Snake Plant","floor":21.0,"turns":6.0},{"damage":11.0,"enemies":"Centurion and Healer","floor":25.0,"turns":7.0},{"damage":28.0,"enemies":"Book of Stabbing","floor":30.0,"turns":6.0},{"damage":17.0,"enemies":"Shelled Parasite and Fungi","floor":31.0,"turns":7.0},{"damage":47.0,"enemies":"Automaton","floor":33.0,"turns":14.0},{"damage":26.0,"enemies":"3 Darklings","floor":35.0,"turns":8.0},{"damage":0.0,"enemies":"Orb Walker","floor":39.0,"turns":8.0},{"damage":33,"enemies":"Giant Head","floor":40,"turns":9},{"damage":0,"enemies":"4 Shapes","floor":46,"turns":10},{"damage":0,"enemies":"3 Darklings","floor":48,"turns":10},{"damage":10,"enemies":"Donu and Deca","floor":50,"turns":15},{"damage":92,"enemies":"Shield and Spear","floor":54,"turns":8}],"seed_played":"4190498457543253634","potions_obtained":[{"floor":1.0,"key":"BottledMiracle"},{"floor":6.0,"key":"Strength Potion"},{"floor":16.0,"key":"Energy Potion"}],"is_trial":false,"path_per_floor":["M","?","T","$","M","E","R","?","T","M","M","$","R","M","R","B",null,"M","M","M","M","$","R","?","M","T","R","?","R","E","M","R","B",null,"M","?","?","$","M","E","$","R","T","R","$","M","?","M","R","B",null,"R","$","E"],"character_chosen":"WATCHER","items_purchased":["TeardropLocket","Fire Potion","FlyingSleeves","Orrery","Protect+1","Protect+1","LikeWater+1","Evaluate+1"],"campfire_rested":3,"item_purchase_floors":[12,12,12,22,38,38,41,53],"current_hp_per_floor":[65,65,65,65,65,65,65,71,81,81,79,79,79,76,76,56,80,68,63,44,30,30,56,56,45,45,71,71,71,43,26,52,5,73,47,82,82,82,82,49,49,67,67,82,82,82,82,82,82,72,80,82,82,0,0],"gold":12,"neow_bonus":"THREE_ENEMY_KILL","is_daily":false,"chose_seed":false,"campfire_upgraded":7,"win_rate":0.0,"timestamp":1614371109,"path_taken":["M","?","?","$","M","E","R","?","T","M","M","$","R","M","R","BOSS","M","M","M","M","$","R","?","?","T","R","?","R","E","M","R","BOSS","M","?","?","$","?","E","$","R","T","R","$","M","?","M","R","BOSS","R","$","E"],"items_purchased_type":["Relic","Potion","Card","Relic","Card","Card","Card","Card"],"build_version":"2020-12-22","purchased_purges":0,"victory":false,"max_hp_per_floor":[72,72,72,72,72,72,72,78,88,88,88,88,88,88,88,88,88,88,88,88,88,88,88,88,88,88,88,88,88,88,88,88,88,94,94,82,82,82,82,82,82,82,82,82,82,82,82,82,82,82,82,82,82,82,82],"card_choices":[{"not_picked":["WaveOfTheHand","CrushJoints"],"picked":"LikeWater","floor":1.0},{"not_picked":["Adaptation","EmptyFist","Prostrate"],"picked":"SKIP","floor":5.0},{"not_picked":["CarveReality","Pray"],"picked":"Protect","floor":6.0},{"not_picked":["CrushJoints","Crescendo"],"picked":"Sanctity","floor":10.0},{"not_picked":["CutThroughFate","ClearTheMind"],"picked":"Protect","floor":11.0},{"not_picked":["Consecrate","FlurryOfBlows"],"picked":"BowlingBash","floor":14.0},{"not_picked":["ConjureBlade","Brilliance"],"picked":"Devotion","floor":16.0},{"not_picked":["ClearTheMind","ThirdEye"],"picked":"PathToVictory+1","floor":18.0},{"not_picked":["Consecrate+1","Crescendo"],"picked":"Study+1","floor":19.0},{"not_picked":["SashWhip","FlyingSleeves","FlurryOfBlows"],"picked":"SKIP","floor":20.0},{"not_picked":["Collect","Nirvana"],"picked":"Wireheading","floor":21.0},{"not_picked":["SandsOfTime+1","EmptyFist"],"picked":"PathToVictory","floor":22.0},{"not_picked":["Fasting2","Consecrate"],"picked":"TalkToTheHand","floor":22.0},{"not_picked":["Fasting2+1","FollowUp"],"picked":"PathToVictory","floor":25.0},{"not_picked":["Worship+1","CutThroughFate"],"picked":"Wish+1","floor":30.0},{"not_picked":["EmptyFist","Wireheading+1"],"picked":"DeceiveReality+1","floor":31.0},{"not_picked":["Ragnarok","Alpha+1"],"picked":"Wish+1","floor":33.0},{"not_picked":["Vengeance+1","Crescendo+1"],"picked":"ThirdEye+1","floor":35.0},{"not_picked":["FlurryOfBlows","TalkToTheHand+1","BattleHymn+1"],"picked":"SKIP","floor":39.0},{"not_picked":["Crescendo+1","JustLucky"],"picked":"Protect+1","floor":40},{"not_picked":["WindmillStrike+1","BattleHymn+1","WheelKick"],"picked":"SKIP","floor":46},{"not_picked":["CutThroughFate","WreathOfFlame+1","MentalFortress+1"],"picked":"SKIP","floor":48}],"player_experience":289290,"relics_obtained":[{"floor":3.0,"key":"Centennial Puzzle"},{"floor":6.0,"key":"Darkstone Periapt"},{"floor":9.0,"key":"Pear"},{"floor":26.0,"key":"Frozen Egg 2"},{"floor":30.0,"key":"Toxic Egg 2"},{"floor":34.0,"key":"Bag of Marbles"},{"floor":34.0,"key":"The Courier"},{"floor":34.0,"key":"FossilizedHelix"},{"floor":40,"key":"Regal Pillow"}],"event_choices":[{"damage_healed":0.0,"max_hp_gain":0.0,"max_hp_loss":0.0,"gold_gain":0.0,"event_name":"Living Wall","player_choice":"Grow","floor":2.0,"gold_loss":0.0,"damage_taken":0.0,"cards_upgraded":["LikeWater"]},{"damage_healed":0.0,"max_hp_gain":0.0,"max_hp_loss":0.0,"gold_gain":175.0,"event_name":"Liars Game","player_choice":"AGREE","floor":8.0,"gold_loss":0.0,"damage_taken":0.0,"cards_obtained":["Doubt"]},{"cards_removed":["Strike_P"],"damage_healed":0.0,"max_hp_gain":0.0,"max_hp_loss":0.0,"gold_gain":0.0,"event_name":"Purifier","player_choice":"Purged","floor":24.0,"gold_loss":0.0,"damage_taken":0.0},{"damage_healed":0.0,"max_hp_gain":0.0,"max_hp_loss":0.0,"gold_gain":0.0,"event_name":"Accursed Blacksmith","player_choice":"Forge","floor":28.0,"gold_loss":0.0,"damage_taken":0.0,"cards_upgraded":["PathToVictory"]},{"damage_healed":82.0,"max_hp_gain":0.0,"max_hp_loss":12.0,"gold_gain":0.0,"event_name":"The Moai Head","player_choice":"Heal","floor":36.0,"gold_loss":0.0,"damage_taken":0.0},{"damage_healed":0.0,"max_hp_gain":0.0,"max_hp_loss":0.0,"gold_gain":0.0,"event_name":"WeMeetAgain","player_choice":"Paid Gold","floor":37.0,"gold_loss":68.0,"damage_taken":0.0,"relics_obtained":["Eternal Feather"]},{"cards_removed":["Eruption"],"damage_healed":0,"gold_gain":0,"player_choice":"Removed Attack","damage_taken":0,"max_hp_gain":0,"max_hp_loss":0,"event_name":"Falling","floor":47,"gold_loss":0}],"is_beta":false,"boss_relics":[{"not_picked":["Runic Pyramid","Ectoplasm"],"picked":"Sozu"},{"not_picked":["Coffee Dripper","Pandora\u0027s Box"],"picked":"Calling Bell"}],"items_purged_floors":[],"is_endless":false,"potions_floor_spawned":[1,6,14,16,25,30,33,35,48],"killed_by":"Shield and Spear","ascension_level":6}}