{"host":"ggy1mjjy92c62u6a","time":1614329910,"event":{"mods":["10 clothes from DAL","ATMod(阿瑾Mod)","Act Like it!","BaseMod","Colored Powertips","GifTheSpireLib","Infinite Spire","Library of Ruina","Library of Ruina Extra","Lobotomy","LobotomyExtend","Marisa（F雨　魔理沙）","Minty Spire (QoL Compilation)","Quick Restart","Relic Filter Mod","Relic Stats","Reliquary","Remilia（蕾米莉亚）","Replay The Spire","RumiaBox-露米娅的神秘盒子","Shop Mod","Spicy Shops","StSLib","SuperFastMode","UnlockEverythingMod","Youmu（魂魄妖梦）","[功能]功能增强和修复MOD","【功能Mod】混沌之环修复补丁","【遗物Mod】死灵法师NEW","【遗物卡牌】REMEMod"],"gold_per_floor":[114,114,133,150,150,150,167,183,183,212,229,229,229,309,309,309,309],"floor_reached":16,"language":"ZHS","playtime":342,"items_purged":[],"score":229,"play_id":"ecd4712b-d89d-4fac-b0ba-53260dd14d11","local_time":"20210226165830","is_ascension_mode":true,"campfire_choices":[{"data":"Commandeering","floor":6.0,"key":"SMITH"},{"floor":12.0,"key":"REST"},{"floor":15.0,"key":"RECALL"}],"circlet_count":0,"master_deck":["AscendersBane","Strike_G","Strike_G","Strike_G","Strike_G","Strike_G","Defend_G","Defend_G","Defend_G","Defend_G","Survivor","Neutralize","Commandeering+1","AT_EmpoweredMortalDraw","CrumblingArmor","AT_ShadowStep","AT_WindFlip","Prepared","Prepared"],"relics":["Ring of the Snake","REME_ComplimentaryCards","AT_ATBox","CogitoBucket","Baka","LetterFromLob","Mummified Hand","PlanX","reliquary:JackalopeAntler","reliquary:RosewoodLute"],"acts_visited":["Exordium"],"potions_floor_usage":[16],"damage_taken":[{"damage":1.0,"enemies":"Cultist","floor":1.0,"turns":3.0},{"damage":0.0,"enemies":"2 Louse","floor":3.0,"turns":2.0},{"damage":19.0,"enemies":"infinitespire:Voidling","floor":4.0,"turns":4.0},{"damage":0.0,"enemies":"Looter","floor":7.0,"turns":2.0},{"damage":14.0,"enemies":"2 Fungi Beasts","floor":8.0,"turns":3.0},{"damage":5.0,"enemies":"Gremlin Nob","floor":10.0,"turns":2.0},{"damage":17.0,"enemies":"Exordium Wildlife","floor":11.0,"turns":4.0},{"damage":65,"enemies":"Hexaghost","floor":16,"turns":8}],"seed_played":"-831643734625926276","potions_obtained":[{"floor":4.0,"key":"CunningPotion"},{"floor":11.0,"key":"AttackPotion"}],"is_trial":false,"path_per_floor":["M","T","M","M","?","R","M","M","T","E","M","R","?","?","R","B"],"character_chosen":"THE_SILENT","items_purchased":[],"campfire_rested":1,"item_purchase_floors":[],"current_hp_per_floor":[58,58,58,48,48,48,48,41,41,36,19,47,47,47,47,0,0],"gold":309,"neow_bonus":"","is_daily":false,"chose_seed":false,"campfire_upgraded":1,"win_rate":0.0,"timestamp":1614329910,"path_taken":["M","?","?","M","?","R","?","M","T","E","M","R","?","?","R","BOSS"],"items_purchased_type":[],"build_version":"2020-12-22","purchased_purges":0,"victory":false,"max_hp_per_floor":[66,66,96,96,96,96,96,96,96,96,96,96,96,96,96,96,96],"relic_stats":{"counters":[9,29],"Mummified Hand":[0],"obtain_stats":[{"reliquary:JackalopeAntler":10,"CogitoBucket":0,"AT_ATBox":0,"Mummified Hand":2,"PlanX":5,"Baka":1,"LetterFromLob":1,"reliquary:RosewoodLute":13,"Ring of the Snake":0,"REME_ComplimentaryCards":0},{"reliquary:JackalopeAntler":6,"CogitoBucket":0,"AT_ATBox":0,"Mummified Hand":1,"PlanX":3,"Baka":1,"LetterFromLob":1,"reliquary:RosewoodLute":8,"Ring of the Snake":0,"REME_ComplimentaryCards":0},{"reliquary:JackalopeAntler":16,"CogitoBucket":0,"AT_ATBox":0,"Mummified Hand":3,"PlanX":9,"Baka":3,"LetterFromLob":3,"reliquary:RosewoodLute":21,"Ring of the Snake":0,"REME_ComplimentaryCards":0}],"Ring of the Snake":[18]},"card_choices":[{"not_picked":["Scorched","Bloodbath"],"picked":"CrumblingArmor","floor":1.0},{"not_picked":["Deflect","Hidden Blade"],"picked":"AT_ShadowStep","floor":1.0},{"not_picked":["Dodge and Roll","AT_Desolate","AT_WindRun"],"picked":"SKIP","floor":3.0},{"not_picked":["A Thousand Cuts","Backflip"],"picked":"AT_WindFlip","floor":4.0},{"not_picked":["Deadly Poison","Sucker Punch"],"picked":"Prepared","floor":7.0},{"not_picked":["Eviscerate","Underhanded Strike","Caltrops"],"picked":"SKIP","floor":8.0},{"not_picked":["Cloak And Dagger","Flying Knee","Masterful Stab"],"picked":"SKIP","floor":10.0},{"not_picked":["Quick Slash","Dagger Throw"],"picked":"Prepared","floor":11.0}],"player_experience":172260,"relics_obtained":[{"floor":1.0,"key":"Baka"},{"floor":1.0,"key":"LetterFromLob"},{"floor":2.0,"key":"Mummified Hand"},{"floor":10.0,"key":"reliquary:JackalopeAntler"}],"event_choices":[{"damage_healed":0.0,"max_hp_gain":0.0,"max_hp_loss":0.0,"gold_gain":0.0,"event_name":"WeMeetAgain","player_choice":"Gave Potion","floor":5.0,"gold_loss":0.0,"damage_taken":0.0,"relics_obtained":["PlanX"]},{"damage_healed":0.0,"max_hp_gain":0.0,"max_hp_loss":0.0,"gold_gain":0.0,"event_name":"Dead Adventurer","player_choice":"Searched \u00271\u0027 times","floor":13.0,"gold_loss":0.0,"damage_taken":0.0,"relics_obtained":["reliquary:RosewoodLute"]},{"damage_healed":0.0,"max_hp_gain":0.0,"max_hp_loss":0.0,"gold_gain":80.0,"event_name":"Golden Wing","player_choice":"Gained Gold","floor":14.0,"gold_loss":0.0,"damage_taken":0.0}],"is_beta":false,"boss_relics":[],"items_purged_floors":[],"is_endless":false,"potions_floor_spawned":[4,7,11],"killed_by":"Hexaghost","ascension_level":20}}