{"host":"w14xfy17z3c5mpoi","time":1614313560,"event":{"mods":["AchievementEnabler","BaseMod","Minty Spire (QoL Compilation)","Relic Stats"],"gold_per_floor":[211,224,224,244,11,11,11,25,25,42,42,75,75,108,108,183,183,196,209,225,115,135,170,170,199,222,222,232,269,289,317,317,391,391,412,439,466,494,521,555,555,67,67,103,103,142,158,158,158,158,158],"floor_reached":50,"language":"ENG","playtime":7041,"items_purged":["Defend_G","Strike_G"],"score":1167,"play_id":"ea2d83c4-7671-417a-b0da-d6cb0e434da5","local_time":"20210225232600","is_ascension_mode":true,"campfire_choices":[{"floor":7,"key":"REST"},{"data":"Dash","floor":11,"key":"SMITH"},{"floor":15,"key":"REST"},{"floor":24,"key":"REST"},{"floor":27,"key":"REST"},{"floor":32,"key":"REST"},{"floor":41,"key":"REST"},{"floor":45,"key":"REST"},{"floor":49,"key":"REST"}],"circlet_count":0,"master_deck":["AscendersBane","Strike_G","Strike_G","Defend_G+1","Defend_G","Defend_G","Defend_G","Survivor","Neutralize+1","PiercingWail","Dagger Throw","Quick Slash","Dash+1","Backstab","Sucker Punch","Burst","Escape Plan","Blade Dance","Bouncing Flask+1","Poisoned Stab","Terror","Escape Plan","Blur+1","Well Laid Plans+1","Backstab+1","Acrobatics","Bane+1","Burst","Bouncing Flask+1","Sucker Punch","Leg Sweep","Accuracy+1","Poisoned Stab","Noxious Fumes+1"],"relics":["Ring of the Snake","Sling","Kunai","Sundial","Mercury Hourglass","Frozen Egg 2","Fusion Hammer","Blood Vial","FossilizedHelix","Smiling Mask","CeramicFish","Runic Dome","Ginger","Strawberry","Frozen Eye","CaptainsWheel","Torii","Centennial Puzzle"],"acts_visited":["Exordium","TheCity","TheBeyond"],"potions_floor_usage":[8,18,23,40,44,50,50],"damage_taken":[{"damage":10,"enemies":"Small Slimes","floor":1,"turns":4},{"damage":9,"enemies":"Cultist","floor":2,"turns":5},{"damage":0,"enemies":"2 Louse","floor":4,"turns":2},{"damage":2,"enemies":"Exordium Thugs","floor":8,"turns":3},{"damage":0,"enemies":"Red Slaver","floor":10,"turns":4},{"damage":17,"enemies":"Gremlin Nob","floor":12,"turns":4},{"damage":6,"enemies":"3 Sentries","floor":14,"turns":5},{"damage":4,"enemies":"The Guardian","floor":16,"turns":15},{"damage":7,"enemies":"2 Thieves","floor":18,"turns":3},{"damage":1,"enemies":"Spheric Guardian","floor":19,"turns":4},{"damage":21,"enemies":"Cultist and Chosen","floor":20,"turns":9},{"damage":7,"enemies":"Centurion and Healer","floor":22,"turns":7},{"damage":0,"enemies":"Book of Stabbing","floor":23,"turns":6},{"damage":5,"enemies":"Slavers","floor":25,"turns":5},{"damage":0,"enemies":"Snake Plant","floor":28,"turns":4},{"damage":5,"enemies":"Gremlin Leader","floor":29,"turns":6},{"damage":0,"enemies":"Cultist and Chosen","floor":30,"turns":5},{"damage":0,"enemies":"Centurion and Healer","floor":31,"turns":6},{"damage":1,"enemies":"Automaton","floor":33,"turns":11},{"damage":9,"enemies":"3 Shapes","floor":35,"turns":5},{"damage":0,"enemies":"Orb Walker","floor":36,"turns":2},{"damage":0,"enemies":"Writhing Mass","floor":37,"turns":6},{"damage":11,"enemies":"Sphere and 2 Shapes","floor":38,"turns":5},{"damage":22,"enemies":"Spire Growth","floor":39,"turns":6},{"damage":18,"enemies":"Nemesis","floor":40,"turns":5},{"damage":14,"enemies":"Reptomancer","floor":44,"turns":6},{"damage":29,"enemies":"Giant Head","floor":46,"turns":8},{"damage":0,"enemies":"4 Shapes","floor":47,"turns":6},{"damage":56,"enemies":"Donu and Deca","floor":50,"turns":6}],"seed_played":"-8664565813613464534","potions_obtained":[{"floor":1,"key":"ColorlessPotion"},{"floor":10,"key":"GhostInAJar"},{"floor":12,"key":"GamblersBrew"},{"floor":22,"key":"SkillPotion"},{"floor":23,"key":"FearPotion"},{"floor":25,"key":"Regen Potion"},{"floor":33,"key":"CunningPotion"},{"floor":40,"key":"LiquidBronze"},{"floor":44,"key":"SmokeBomb"},{"floor":47,"key":"ColorlessPotion"}],"is_trial":false,"path_per_floor":["M","M","?","M","$","?","R","M","T","M","R","E","?","E","R","B",null,"M","M","M","?","M","E","R","E","T","R","M","E","M","M","R","B",null,"M","M","M","M","M","E","R","$","T","E","R","E","M","?","R","B"],"character_chosen":"THE_SILENT","items_purchased":["Sling","Leg Sweep","Strawberry","Accuracy+1","Frozen Eye"],"campfire_rested":8,"item_purchase_floors":[5,42,42,42,42],"current_hp_per_floor":[49,40,40,40,40,22,41,39,39,39,39,22,22,16,35,31,57,50,49,28,28,21,21,40,37,37,56,58,55,57,59,66,65,66,57,59,61,52,32,16,35,42,42,30,51,24,26,26,47,0,0],"gold":158,"neow_bonus":"HUNDRED_GOLD","is_daily":false,"chose_seed":false,"campfire_upgraded":1,"win_rate":0.0,"timestamp":1614313560,"path_taken":["M","M","?","?","$","?","R","M","T","M","R","E","?","E","R","BOSS","M","M","M","?","M","E","R","E","T","R","M","E","?","M","R","BOSS","M","M","M","M","M","E","R","$","T","E","R","E","M","?","R","BOSS"],"items_purchased_type":["Relic","Card","Relic","Card","Relic"],"build_version":"2020-12-22","purchased_purges":2,"victory":false,"max_hp_per_floor":[66,66,66,66,66,66,66,66,66,66,66,66,66,66,66,66,66,66,66,66,66,66,66,66,66,66,66,66,66,66,66,66,66,66,66,66,66,66,66,66,66,73,73,73,73,73,73,73,73,73,73],"relic_stats":{"Blood Vial":28,"Centennial Puzzle":[3],"Torii":3,"counters":[29,162],"Sundial":[20],"CeramicFish":117,"Kunai":[71],"Ginger":[4],"Smiling Mask":50,"obtain_stats":[{"Torii":44,"CeramicFish":29,"Ginger":40,"Frozen Egg 2":14,"Sling":5,"Smiling Mask":26,"Mercury Hourglass":12,"Blood Vial":23,"Runic Dome":34,"Frozen Eye":42,"CaptainsWheel":43,"Centennial Puzzle":46,"Sundial":9,"Strawberry":42,"Fusion Hammer":17,"Kunai":6,"FossilizedHelix":25,"Ring of the Snake":0},{"Torii":26,"CeramicFish":16,"Ginger":25,"Frozen Egg 2":7,"Sling":3,"Smiling Mask":14,"Mercury Hourglass":6,"Blood Vial":13,"Runic Dome":19,"Frozen Eye":25,"CaptainsWheel":25,"Centennial Puzzle":27,"Sundial":4,"Strawberry":25,"Fusion Hammer":8,"Kunai":3,"FossilizedHelix":14,"Ring of the Snake":0},{"Torii":142,"CeramicFish":85,"Ginger":136,"Frozen Egg 2":27,"Sling":11,"Smiling Mask":75,"Mercury Hourglass":22,"Blood Vial":70,"Runic Dome":107,"Frozen Eye":136,"CaptainsWheel":136,"Centennial Puzzle":150,"Sundial":14,"Strawberry":136,"Fusion Hammer":42,"Kunai":11,"FossilizedHelix":75,"Ring of the Snake":0}],"Ring of the Snake":[58],"Mercury Hourglass":[565]},"card_choices":[{"not_picked":["Concentrate","Well Laid Plans"],"picked":"PiercingWail","floor":1},{"not_picked":["PiercingWail","Acrobatics"],"picked":"Dagger Throw","floor":2},{"not_picked":["Cloak And Dagger","Bane"],"picked":"Quick Slash","floor":4},{"not_picked":["Bane","Leg Sweep"],"picked":"Dash","floor":8},{"not_picked":["Backflip","Skewer"],"picked":"Backstab","floor":10},{"not_picked":["Leg Sweep","Underhanded Strike","Footwork"],"picked":"SKIP","floor":12},{"not_picked":["Bouncing Flask","Caltrops+1"],"picked":"Sucker Punch","floor":14},{"not_picked":["Doppelganger","Grand Finale"],"picked":"Burst","floor":16},{"not_picked":["Dodge and Roll","Bouncing Flask"],"picked":"Escape Plan","floor":18},{"not_picked":["Predator","Acrobatics"],"picked":"Blade Dance","floor":19},{"not_picked":["Bane","Dodge and Roll"],"picked":"Bouncing Flask+1","floor":20},{"not_picked":["Outmaneuver","Dagger Throw","Distraction"],"picked":"SKIP","floor":22},{"not_picked":["Acrobatics","Prepared+1"],"picked":"Poisoned Stab","floor":23},{"not_picked":["Quick Slash","Poisoned Stab"],"picked":"Terror","floor":25},{"not_picked":["Prepared","Acrobatics","Grand Finale"],"picked":"SKIP","floor":28},{"not_picked":["Flying Knee","Slice"],"picked":"Escape Plan","floor":29},{"not_picked":["Reflex","Setup"],"picked":"Blur+1","floor":30},{"not_picked":["Terror","Underhanded Strike+1"],"picked":"Well Laid Plans+1","floor":31},{"not_picked":["Terror","Flying Knee"],"picked":"Backstab+1","floor":35},{"not_picked":["Dagger Spray","Bane"],"picked":"Acrobatics","floor":36},{"not_picked":["Endless Agony","Cloak And Dagger"],"picked":"Bane+1","floor":37},{"not_picked":["Eviscerate","Cloak And Dagger"],"picked":"Burst","floor":38},{"not_picked":["Calculated Gamble+1","Dodge and Roll"],"picked":"Bouncing Flask+1","floor":39},{"not_picked":["Predator","Flying Knee"],"picked":"Sucker Punch","floor":40},{"not_picked":["Masterful Stab","Underhanded Strike"],"picked":"Poisoned Stab","floor":44},{"not_picked":["PiercingWail","Footwork+1"],"picked":"Noxious Fumes+1","floor":46},{"not_picked":["Eviscerate","Riddle With Holes","Cloak And Dagger"],"picked":"SKIP","floor":47}],"player_experience":814727,"relics_obtained":[{"floor":9,"key":"Sundial"},{"floor":12,"key":"Mercury Hourglass"},{"floor":14,"key":"Frozen Egg 2"},{"floor":23,"key":"Blood Vial"},{"floor":25,"key":"FossilizedHelix"},{"floor":26,"key":"Smiling Mask"},{"floor":29,"key":"CeramicFish"},{"floor":40,"key":"Ginger"},{"floor":43,"key":"CaptainsWheel"},{"floor":44,"key":"Torii"},{"floor":46,"key":"Centennial Puzzle"}],"event_choices":[{"cards_removed":["Strike_G"],"damage_healed":0,"gold_gain":0,"player_choice":"Purged","damage_taken":0,"max_hp_gain":0,"max_hp_loss":0,"event_name":"Purifier","floor":3,"gold_loss":0},{"damage_healed":0,"gold_gain":0,"player_choice":"Success","damage_taken":18,"relics_obtained":["Kunai"],"max_hp_gain":0,"max_hp_loss":0,"event_name":"Scrap Ooze","floor":6,"gold_loss":0},{"damage_healed":0,"gold_gain":0,"player_choice":"Grow","damage_taken":0,"max_hp_gain":0,"max_hp_loss":0,"event_name":"Living Wall","floor":13,"gold_loss":0,"cards_upgraded":["Neutralize"]},{"cards_removed":["Strike_G"],"damage_healed":0,"gold_gain":0,"player_choice":"Upgrade and Remove","damage_taken":0,"max_hp_gain":0,"max_hp_loss":0,"event_name":"Designer","floor":21,"gold_loss":110,"cards_upgraded":["Defend_G"]},{"damage_healed":0,"gold_gain":0,"player_choice":"Ignored","damage_taken":0,"max_hp_gain":0,"max_hp_loss":0,"event_name":"Mysterious Sphere","floor":48,"gold_loss":0}],"is_beta":false,"boss_relics":[{"not_picked":["Runic Pyramid","Tiny House"],"picked":"Fusion Hammer"},{"not_picked":["Busted Crown","Pandora\u0027s Box"],"picked":"Runic Dome"}],"items_purged_floors":[5,42],"is_endless":false,"potions_floor_spawned":[1,10,12,22,23,25,28,30,33,37,38,39,40,44,47],"killed_by":"Donu and Deca","ascension_level":17}}