{"host":"dzvdy2cvkhifjmvi","time":1614320285,"event":{"mods":["BaseMod","Downfall","Infinite Spire","Marisa????????","Minty Spire (QoL Compilation)","Replay The Spire","StSLib","The Cursed","The Disciple","The Servant 0.9.4"],"gold_per_floor":[99,99,99,99,99,99,99,118,137,37,55,85,85,104,121,217,217,117,136,146,246,261,261,261,261,246,246,246,246,246],"floor_reached":28,"language":"ENG","playtime":1999,"items_purged":[],"score":241,"play_id":"8f78d5a2-e41d-45d6-bba3-6e51eadb1b6c","local_time":"20210225231805","is_ascension_mode":false,"campfire_choices":[{"data":"bronze:Goto","floor":1,"key":"SMITH"},{"data":"bronze:Constructor","floor":6,"key":"SMITH"},{"data":"bronze:HardenedForm","floor":10,"key":"SMITH"},{"data":"bronze:GetLatest","floor":18,"key":"SMITH"},{"data":"bronze:SpaghettiCode","floor":23,"key":"SMITH"}],"circlet_count":0,"master_deck":["bronze:Strike","bronze:Strike","bronze:Defend","bronze:Defend","bronze:Defend","bronze:Defend","bronze:Replicate","bronze:Goto+1","bronze:Constructor+1","bronze:ChosenStrike","bronze:Repair","bronze:HardenedForm+1","bronze:Safeguard","bronze:GetLatest+1","bronze:Branch","bronze:ClassDefault","bronze:AlphaBuild","bronze:BuggyMess","bronze:SpaghettiCode+1","bronze:BronzeArmor","J.A.X.","bronze:ItsAFeature+1","Writhe"],"relics":["bronze:BronzeCore","downfall:HeartsMalice","infinitespire:BottledMercury","downfall:HeartBlessingBlue","Juzu Bracelet","Black Star","downfall:HeartBlessingGreen","MutagenicStrength","Bird Faced Urn","ReplayTheSpireMod:TigerMarble"],"acts_visited":["Exordium","TheCity"],"potions_floor_usage":[12,16,16,26,28,28],"damage_taken":[{"damage":0,"enemies":"Cultist","floor":2,"turns":1},{"damage":0,"enemies":"2 Louse","floor":3,"turns":1},{"damage":0,"enemies":"Small Slimes","floor":5,"turns":1},{"damage":0,"enemies":"Blue Slaver","floor":8,"turns":4},{"damage":5,"enemies":"Exordium Wildlife","floor":9,"turns":4},{"damage":10,"enemies":"3 Louse","floor":11,"turns":4},{"damage":16,"enemies":"Gremlin Nob","floor":12,"turns":4},{"damage":13,"enemies":"2 Fungi Beasts","floor":14,"turns":4},{"damage":0,"enemies":"Red Slaver","floor":15,"turns":3},{"damage":26,"enemies":"IC_STATUS_ARCHETYPE","floor":16,"turns":14},{"damage":12,"enemies":"downfall:LooterAlt2","floor":19,"turns":5},{"damage":20,"enemies":"3 Byrds","floor":20,"turns":8},{"damage":31,"enemies":"downfall:Augmenter","floor":21,"turns":7},{"damage":16,"enemies":"Snake Plant","floor":22,"turns":3},{"damage":3,"enemies":"downfall:FleeingMerchant","floor":26,"turns":4},{"damage":42,"enemies":"Chosen and Byrds","floor":28,"turns":6}],"seed_played":"-4237633744277254962","potions_obtained":[{"floor":9,"key":"champ:CounterPotion"},{"floor":12,"key":"Flashbang"},{"floor":14,"key":"champ:CounterPotion"},{"floor":16,"key":"ColorlessPotion"},{"floor":19,"key":"champ:CounterPotion"},{"floor":20,"key":"Explosive Potion"}],"is_trial":false,"path_per_floor":["R","M","M","T","M","R","T","M","M","R","M","E","?","M","M","B",null,"R","M","M","?","M","R","T","?","$","?","M"],"character_chosen":"THE_AUTOMATON","items_purchased":[],"campfire_rested":0,"item_purchase_floors":[],"current_hp_per_floor":[70,70,70,70,70,70,70,70,70,80,70,61,66,60,67,48,85,85,80,60,36,20,20,20,20,30,30,0,0,0],"gold":246,"neow_bonus":"THREE_ENEMY_KILL","is_daily":false,"chose_seed":false,"campfire_upgraded":5,"win_rate":0.0,"timestamp":1614320285,"path_taken":["R","M","M","?","?","R","T","M","M","R","M","E","?","M","M","BOSS","R","M","M","?","M","R","T","?","$","?","M"],"items_purchased_type":[],"build_version":"2020-12-22","purchased_purges":0,"victory":false,"max_hp_per_floor":[70,70,70,70,70,70,70,70,70,80,80,80,85,85,85,85,85,85,85,85,85,85,85,85,85,85,85,85,85,85],"card_choices":[{"not_picked":["bronze:NullPointer","bronze:Shield"],"picked":"bronze:Constructor","floor":2},{"not_picked":["bronze:DelayedSlice","bronze:Overheat"],"picked":"bronze:ChosenStrike","floor":3},{"not_picked":["bronze:BuggyMess","bronze:DelayedGuard"],"picked":"bronze:Repair","floor":5},{"not_picked":["bronze:DelayedSlice","bronze:BugBarrage"],"picked":"bronze:HardenedForm","floor":8},{"not_picked":["bronze:BronzeArmor","bronze:Frontload"],"picked":"bronze:Safeguard","floor":9},{"not_picked":["bronze:Philosophize","bronze:BuggyMess","bronze:Overheat"],"picked":"SKIP","floor":11},{"not_picked":["bronze:Fortify","bronze:BuggyMess"],"picked":"bronze:GetLatest","floor":12},{"not_picked":["bronze:Deprecate","bronze:BitShift"],"picked":"bronze:Branch","floor":14},{"not_picked":["bronze:MaxOutput","bronze:Safeguard"],"picked":"bronze:ClassDefault","floor":15},{"not_picked":["bronze:Virus","bronze:Break"],"picked":"bronze:AlphaBuild","floor":16},{"not_picked":["bronze:OilSpill","bronze:Separator","bronze:WildBeam"],"picked":"SKIP","floor":19},{"not_picked":["bronze:WildBeam","bronze:Iterate"],"picked":"bronze:BuggyMess","floor":20},{"not_picked":[],"picked":"J.A.X.","floor":21},{"not_picked":["bronze:BuggyMess+1","bronze:Invalidate"],"picked":"bronze:ItsAFeature+1","floor":21},{"not_picked":["bronze:ItsAFeature","bronze:BronzeArmor","bronze:Philosophize+1"],"picked":"SKIP","floor":22},{"not_picked":["bronze:Separator","bronze:Overheat+1","bronze:WhirlingStrike+1"],"picked":"SKIP","floor":26}],"player_experience":1444248,"relics_obtained":[{"floor":7,"key":"infinitespire:BottledMercury"},{"floor":12,"key":"Juzu Bracelet"},{"floor":21,"key":"MutagenicStrength"},{"floor":24,"key":"Bird Faced Urn"}],"event_choices":[{"damage_healed":0,"gold_gain":0,"player_choice":"Donut","damage_taken":0,"max_hp_gain":5,"max_hp_loss":0,"event_name":"Big Fish","floor":13,"gold_loss":0}],"is_beta":false,"boss_relics":[{"not_picked":["Cursed Key","Honey Jar"],"picked":"Black Star"}],"items_purged_floors":[],"is_endless":false,"potions_floor_spawned":[9,12,14,16,19,20],"killed_by":"Chosen and Byrds","ascension_level":0}}