{"host":"5tir6155jnoxijqh","time":1614355663,"event":{"mods":["Act Like it!","Arknights","BaseMod","Downfall","Hermit","Library of Ruina","Library of Ruina Extra","Minty Spire (QoL Compilation)","MostiFishMod","Shop Mod","Spicy Shops","StSLib","WarShipGirlsR/’ΩΩ¢…Ÿ≈ÆR mod"],"gold_per_floor":[0,11,28,41,41,52,52,52,69,4,34,49,49,49,67,165,165,65,85,85,85,95,19,19,33,61,76,101,115,45,77,107,221,233,45,75,97,109,135,174,186,211,223,235,247,275,307,419,449,461],"floor_reached":51,"language":"ZHS","playtime":3273,"items_purged":[],"score":1457,"play_id":"41c3781f-4f6c-4bd1-84c8-109ad3bd8311","local_time":"20210227000743","is_ascension_mode":true,"campfire_choices":[{"data":"SenseQuarry","floor":1.0,"key":"SMITH"},{"data":"TheWillOfTheCity","floor":8.0,"key":"SMITH"},{"floor":13.0,"key":"RECALL"},{"data":"TendonChords","floor":18.0,"key":"SMITH"},{"data":"LeRegole","floor":35.0,"key":"SMITH"},{"data":"CleanUp","floor":44,"key":"SMITH"}],"circlet_count":0,"master_deck":["AscendersBane","Dodge","LightDefense","LightAttack","LightAttack","LightAttack","LightDefense","LightDefense","LightDefense","ChargeAndCover","FocusedStrikes","SenseQuarry+1","TheWillOfTheCity+1","WillOfThePrescript","LoosenUp","TendonChords+1","Outburst","RushDown","Commandeering","UnforgettableMelody+1","TrashDisposal","SnakesPrey+1","Pain","SerpentSwordTechnique+1","BladeWhirl","MostiFishMod:ButterFly","DarkCloud","Faith+1","RepressedFlesh","PreparedMind","CleanUp+1","Parry2","LeRegole+1","FrontalAssault","ChopItOff","BlazingStrike","Rewind+1","SharpenedBlade+1","Deflect_lor","ForTheFamily+1","SnakeSlit+1","expansioncontent:Chronoboost","expansioncontent:LastStand","expansioncontent:AwakenDeath","CombatPreparation+1","ShrineToMusic+1","DesperateStruggle+1","Lock"],"relics":["PageOfLibrarian","DaveBox","Nloth\u0027s Gift","Darkstone Periapt","ChiXiaoBlade","downfall:HeartBlessingGreen","downfall:RedIOU","HornCleat","PageOfPorccubus","Potion Belt","PageOfBigBadWolf","Pen Nib","MawBank","HereWithMe","downfall:HeartBlessingRed","downfall:HeartBlessingBlue","Guardian:PocketSentry","Bottled Tornado","Molten Egg 2","White Beast Statue"],"acts_visited":["Exordium","TheCity","TheBeyond"],"potions_floor_usage":[47,48,50,51,51],"damage_taken":[{"damage":0.0,"enemies":"Small Slimes","floor":2.0,"turns":5.0},{"damage":0.0,"enemies":"Cultist","floor":3.0,"turns":3.0},{"damage":0.0,"enemies":"ats:Genji","floor":4.0,"turns":2.0},{"damage":0.0,"enemies":"Blue Slaver","floor":6.0,"turns":2.0},{"damage":0.0,"enemies":"Large Slime","floor":9.0,"turns":3.0},{"damage":4.0,"enemies":"downfall:FleeingMerchant","floor":10.0,"turns":4.0},{"damage":15.0,"enemies":"Gremlin Nob","floor":11.0,"turns":3.0},{"damage":4.0,"enemies":"Lots of Slimes","floor":12.0,"turns":3.0},{"damage":0.0,"enemies":"Gremlin Gang","floor":15.0,"turns":3.0},{"damage":15.0,"enemies":"SI_SHIV_ARCHETYPE","floor":16.0,"turns":5.0},{"damage":11.0,"enemies":"downfall:LooterAlt2","floor":19.0,"turns":3.0},{"damage":8.0,"enemies":"Spheric Guardian","floor":22.0,"turns":4.0},{"damage":3.0,"enemies":"downfall:FleeingMerchant","floor":23.0,"turns":4.0},{"damage":22.0,"enemies":"Snake Plant","floor":25.0,"turns":3.0},{"damage":23.0,"enemies":"Book of Stabbing","floor":26.0,"turns":4.0},{"damage":3.0,"enemies":"Sentry and Sphere","floor":27.0,"turns":3.0},{"damage":1.0,"enemies":"Gremlin Leader","floor":28.0,"turns":4.0},{"damage":9.0,"enemies":"Centurion and Healer","floor":29.0,"turns":4.0},{"damage":0.0,"enemies":"downfall:FleeingMerchant","floor":30.0,"turns":3.0},{"damage":15.0,"enemies":"Slavers","floor":31.0,"turns":4.0},{"damage":12.0,"enemies":"Chosen and Byrds","floor":32.0,"turns":4.0},{"damage":34.0,"enemies":"IC_MUSHROOM_ARCHETYPE","floor":33.0,"turns":5.0},{"damage":0.0,"enemies":"Orb Walker","floor":36.0,"turns":1.0},{"damage":0.0,"enemies":"3 Darklings","floor":37.0,"turns":3.0},{"damage":46,"enemies":"4 Shapes","floor":39,"turns":4},{"damage":17,"enemies":"Nemesis","floor":40,"turns":5},{"damage":1,"enemies":"Maw","floor":42,"turns":3},{"damage":0,"enemies":"Writhing Mass","floor":46,"turns":3},{"damage":22,"enemies":"4 Shapes","floor":47,"turns":3},{"damage":7,"enemies":"downfall:LadyInBlue","floor":48,"turns":3},{"damage":9,"enemies":"3 Darklings","floor":49,"turns":4},{"damage":2,"enemies":"WA_ARCHETYPE_DIVINITY","floor":50,"turns":3}],"seed_played":"-211933307897206852","potions_obtained":[{"floor":4.0,"key":"EssenceOfSteel"},{"floor":5.0,"key":"Strength Potion"},{"floor":15.0,"key":"Fire Potion"},{"floor":19.0,"key":"Fire Potion"},{"floor":27.0,"key":"Regen Potion"},{"floor":31.0,"key":"DuplicationPotion"},{"floor":32.0,"key":"SteroidPotion"},{"floor":37.0,"key":"bronze:BurnAndBuffPotion"},{"floor":46,"key":"Dexterity Potion"},{"floor":47,"key":"FearPotion"},{"floor":48,"key":"PowerPotion"},{"floor":48,"key":"Ancient Potion"},{"floor":48,"key":"Energy Potion"}],"is_trial":false,"path_per_floor":["R","M","M","M","?","M","T","R","M","$","E","M","R","?","M","B",null,"R","M","?","?","M","$","T","M","E","M","E","M","$","E","M","B",null,"R","M","M","?","M","E","T","M","?","R","$","M","M","?","M","B",null],"character_chosen":"Librarian","items_purchased":["Outburst","MostiFishMod:ButterFly","DarkCloud","PageOfBigBadWolf","Pen Nib"],"campfire_rested":0,"item_purchase_floors":[10,23,23,30,30],"current_hp_per_floor":[54,54,54,54,54,54,54,54,54,62,58,57,57,54,57,48,68,68,62,62,68,67,71,71,62,53,54,80,80,80,72,77,61,75,85,89,90,90,51,47,47,53,45,45,45,49,38,31,32,32],"gold":473,"neow_bonus":"THREE_RARE_CARDS","is_daily":false,"chose_seed":false,"campfire_upgraded":5,"win_rate":0.0,"timestamp":1614355663,"path_taken":["R","M","M","M","?","M","T","R","M","$","E","?","R","?","M","BOSS","R","M","?","?","?","$","T","?","E","M","E","M","?","E","M","BOSS","R","M","M","?","M","E","T","M","?","R","$","M","M","?","M","BOSS"],"items_purchased_type":["Card","Card","Card","Relic","Relic"],"build_version":"2020-12-22","purchased_purges":0,"victory":true,"max_hp_per_floor":[60,68,65,65,65,65,65,65,76,76,74,74,74,74,74,74,74,74,74,74,80,80,80,80,80,80,80,80,80,80,80,80,80,80,90,90,90,90,90,90,90,90,90,90,90,90,90,90,90,90],"card_choices":[{"not_picked":["FleshFillet","Punishment"],"picked":"SenseQuarry","floor":0.0},{"not_picked":["FierceCharge","EnergyCycle","Diversion","QuickSuppression","MultiBlock","SunsetBlade","StayCalm","Marionette","PreemptiveStrike"],"picked":"SKIP","floor":2.0},{"not_picked":["InkOver","ScatteringSlash","GroundSmash","QuickAttack","FierceCharge","SetFire","SearingSword","AutonomousRush"],"picked":"TheWillOfTheCity","floor":3.0},{"not_picked":["UpbeatPerformance","SuppressingShot","AsThePrescriptOrders","HighKick","GroundSmash","NightInTheBackstreets","Eliminate","Diversion"],"picked":"WillOfThePrescript","floor":4.0},{"not_picked":["SinglePointStab","SilentMist","AssaultOrder","Slice_lor","FleetEdge","BlindFaith","EnergyStrike","FierceCharge","SnakesPrey"],"picked":"SKIP","floor":6.0},{"not_picked":["FaintMemories","SuppressingShot","MultiBlock","Collision","PinpointShot","FierceCharge","Disposal","WrathOfTorment"],"picked":"LoosenUp","floor":9.0},{"not_picked":["FrontalAssault","SharpSwipe","StrikeDown","Riposte","UnavoidableGaze","TieShanKao","NightInTheBackstreets","Parry2"],"picked":"TendonChords","floor":10.0},{"not_picked":["PreparedMind","FleetFootsteps","TimeForALittleTest","LossOfSenses","Disposal","CookingPrep","SinglePointStab","Retaliate"],"picked":"RushDown","floor":11.0},{"not_picked":["ScratchThat","ForTheFamily","ClassAndRespect","RapidGashes","SnakesPrey","StrikeDown","HeavyPeaks","DeepDrag"],"picked":"Commandeering","floor":12.0},{"not_picked":["SunsetBlade","GrazeTheGrass","Commandeering","UpbeatPerformance","PinpointShot","BlindFaith","FrontalAssault","TheWillOfTheCity"],"picked":"UnforgettableMelody","floor":15.0},{"not_picked":["MirageStorm","DistortedBlade"],"picked":"TrashDisposal","floor":16.0},{"not_picked":["InkOver","SmokingPipe+1","SerpentSwordTechnique","PuppetBlockade","CumulusWall","TheWillOfTheCity","TimeForALittleTest","Thrust"],"picked":"SnakesPrey","floor":19.0},{"not_picked":["Eradication","FleetEdge","DesperateStruggle","HandlingWork","BlindFaith","Pound","GuidanceOfTheGears","FierceCharge"],"picked":"SerpentSwordTechnique+1","floor":22.0},{"not_picked":["GuardingStance","Feast","Wallop_lor","ICanCookAnything","NightInTheBackstreets","IngredientHunt","AsThePrescriptOrders","FierceCharge"],"picked":"BladeWhirl","floor":23.0},{"not_picked":["EnergyShield","DesperateStruggle","SerpentSwordTechnique","StrikeDown","MultiHit","TendonChords","BindingArms","ClassAndRespect"],"picked":"Faith+1","floor":25.0},{"not_picked":["UnavoidableGaze","FieryDragonSlash+1","SilentNight","Transpierce","FlashingStrike","Reload","DarkCloud","ButterflySlash"],"picked":"RepressedFlesh","floor":26.0},{"not_picked":["GuardingStance+1","KeepItFresh","QuickAttack","TendonChords","FleetFootsteps","SunsetBlade","GuidanceOfTheGears","FlashingStrike"],"picked":"PreparedMind","floor":27.0},{"not_picked":["DarkCloud","Observe","GutHarvesting","FleetFootsteps","Commandeering","ElectricShock","Quickness","ShockingBlow"],"picked":"CleanUp","floor":28.0},{"not_picked":["NonstopAssault","FlowOfTheSword","Diversion","StructuralAnalysis","EnergyStrike","SweepTheBackstreets","Outburst","Tailoring"],"picked":"Parry2","floor":29.0},{"not_picked":["CombatPreparation","Wallop_lor","StructuralAnalysis","GuardingStance","ConcentratedFire","Thirst","Parry2","FlashOfSunup"],"picked":"LeRegole","floor":30.0},{"not_picked":["QuickSuppression","PinpointShot","SuanNi","GuardingStance","CoordinatedAssault","EnergyCycle","UnavoidableGaze","SerpentSwordTechnique"],"picked":"FrontalAssault","floor":31.0},{"not_picked":["ChargeUp","ViolentFlame","FieryDragonSlash","DefenseOrder","IllEndYou","BlindFaith+1","Standoff","DarkCloud"],"picked":"ChopItOff","floor":32.0},{"not_picked":["LeRegole","Commandeering"],"picked":"BlazingStrike","floor":33.0},{"not_picked":["Multislash","FlyingSword+1","NightInTheBackstreets","StayCalm","Tailoring+1","Clone","SilentMist","Disposal"],"picked":"Rewind+1","floor":36.0},{"not_picked":["DistortedBlade","SuppressingShot","SnakesPrey+1","Reload","GrazeTheGrass","FleetEdge+1","UncannyStrike","SmokingPipe"],"picked":"SharpenedBlade+1","floor":37.0},{"not_picked":["QuickSuppression","EnergyStrike","Outburst","ClassAndRespect","BalefulBrand","Pound+1","FleetFootsteps+1","AsThePrescriptOrders"],"picked":"Deflect_lor","floor":39},{"not_picked":["BizarreAttack","Guardian_lor","HighKick","Brawl","SuanNi","Slice_lor","DimensionalRift+1","SilentNight"],"picked":"ForTheFamily+1","floor":40},{"not_picked":["GreatSerpentsImpact+1","Zzzzzap","BlindFaith","Multislash+1","AutomatedMovement+1","BalefulBrand","BackAttack+1","ChopItOff+1"],"picked":"SnakeSlit+1","floor":42},{"not_picked":["expansioncontent:HyperBeam","expansioncontent:GuardianWhirl"],"picked":"expansioncontent:Chronoboost","floor":43},{"not_picked":["expansioncontent:AwakenDeath","expansioncontent:YouAreMine"],"picked":"expansioncontent:LastStand","floor":43},{"not_picked":["expansioncontent:PolyBeam","expansioncontent:Chronoboost"],"picked":"expansioncontent:AwakenDeath","floor":43},{"not_picked":["HighKick+1","BulkyImpact+1","UpbeatPerformance+1","Duel_lor+1","GrazeTheGrass+1","TheWillOfTheCity+1","SnakesPrey+1","Preparation"],"picked":"CombatPreparation+1","floor":46},{"not_picked":["PreemptiveStrike+1","IdentifyWeakpoint","Reload+1","ConcentratedFire+1","TheArtOfRapidSteps","BattleCommand","SuppressingShot+1","GuidanceOfTheGears"],"picked":"ShrineToMusic+1","floor":47},{"not_picked":["Riposte+1","QuickAttack+1","StayCalm","UpbeatPerformance+1","HandleRequest+1","Leap_lor+1","MultiBlock","CutIn+1"],"picked":"DesperateStruggle+1","floor":48},{"not_picked":["IronWall","StructuralAnalysis","Riposte+1","TheRedNotes+1","Outburst+1","HighKick+1","Faith","Decapitation+1"],"picked":"Lock","floor":49}],"player_experience":430939,"relics_obtained":[{"floor":11.0,"key":"Darkstone Periapt"},{"floor":24.0,"key":"HornCleat"},{"floor":26.0,"key":"PageOfPorccubus"},{"floor":28.0,"key":"Potion Belt"},{"floor":31.0,"key":"MawBank"},{"floor":38,"key":"Guardian:PocketSentry"},{"floor":40,"key":"Bottled Tornado"},{"floor":41,"key":"Molten Egg 2"},{"floor":48,"key":"White Beast Statue"}],"event_choices":[{"damage_healed":0.0,"max_hp_gain":0.0,"max_hp_loss":0.0,"gold_gain":0.0,"event_name":"Lab","player_choice":"Got Potions","floor":5.0,"gold_loss":0.0,"damage_taken":0.0},{"damage_healed":0.0,"max_hp_gain":0.0,"max_hp_loss":0.0,"gold_gain":0.0,"event_name":"Scrap Ooze","player_choice":"Success","floor":14.0,"gold_loss":0.0,"damage_taken":3.0,"relics_obtained":["Toy Ornithopter"]}],"is_beta":false,"boss_relics":[{"not_picked":["Philosopher\u0027s Stone","GreenFoldingFan"],"picked":"ChiXiaoBlade"},{"not_picked":["Runic Dome","NightmareShop"],"picked":"HereWithMe"}],"items_purged_floors":[],"is_endless":false,"potions_floor_spawned":[4,6,15,19,25,27,31,32,37,46,47,48,49],"ascension_level":12}}