{"host":"tv94t6gxbgkn39zb","time":1614307864,"event":{"mods":["BaseMod","CCEM2","Dio Mod","Downfall","Gremlin Mod","HololiveMod","Minty Spire (QoL Compilation)","Rare Cards Sparkle","Reimu??????","Replay The Spire","SIMod","Shade Mod","Shapeshifter Mod","StSLib","The Cursed","The Forsaken","The Hierophant","The Necromancer","The Witch","TheVelvet","Treasure Hunter","Waifu the Spire"],"gold_per_floor":[112,112,112,112,112,212,212,212,226,236,254,254,265,265,280,385,385,385,395,412,425,405,435,513,513,505,530,554,554,554,554],"floor_reached":29,"language":"FRA","playtime":3753,"items_purged":[],"score":235,"play_id":"f2f48e31-1120-42e1-a97a-690fe4233126","local_time":"20210226035104","is_ascension_mode":false,"campfire_choices":[{"data":"hexamod:Float","floor":1,"key":"SMITH"},{"data":"hexamod:NecessarySacrifice","floor":8,"key":"SMITH"},{"data":"hexamod:Again","floor":12,"key":"SMITH"}],"circlet_count":0,"master_deck":["hexamod:Strike+1","hexamod:Strike+1","hexamod:Strike+1","hexamod:Strike+1","hexamod:Defend+1","hexamod:Defend+1","hexamod:Defend+1","hexamod:Sear","hexamod:Float+1","hexamod:FirstSeal","hexamod:NightmareGuise","hexamod:NecessarySacrifice+1","hexamod:ThirdSeal","TH:CursedSword","hexamod:Again+1","hexamod:AdvancingGuard+1","hexamod:Hexaguard","hexamod:SixthSeal","hexamod:InspiringFlames+1","hexamod:CatchUp","hexamod:Again","hexamod:GhostOfSpireFuture+1","hexamod:WildfireWeapon+1","hexamod:InspiringFlames+1","hexamod:ExtraCrispy","hexamod:GhostflameInferno","hexamod:SkipABeat","hexamod:SkipABeat+1","TH:PixieDust","hexamod:RainOfEmbers","hexamod:SecondSeal","hexamod:FourthSeal","hexamod:SearingWound"],"relics":["hexamod:SpiritBrand","downfall:HeartsMalice","CCEMRelics:HeirloomTomato","Velvet Choker","Bag of Marbles","Pantograph"],"acts_visited":["Exordium","TheCity"],"potions_floor_usage":[16,21,23],"damage_taken":[{"damage":0,"enemies":"2 Louse","floor":2,"turns":1},{"damage":0,"enemies":"Cultist","floor":3,"turns":1},{"damage":0,"enemies":"Small Slimes","floor":5,"turns":1},{"damage":2,"enemies":"2 Fungi Beasts","floor":9,"turns":4},{"damage":5,"enemies":"downfall:LooterAlt","floor":10,"turns":4},{"damage":7,"enemies":"Exordium Wildlife","floor":11,"turns":8},{"damage":7,"enemies":"Blue Slaver","floor":13,"turns":5},{"damage":0,"enemies":"downfall:LooterAlt","floor":15,"turns":6},{"damage":65,"enemies":"WA_ARCHETYPE_RETAIN","floor":16,"turns":12},{"damage":12,"enemies":"Shell Parasite","floor":19,"turns":8},{"damage":8,"enemies":"Spheric Guardian","floor":20,"turns":6},{"damage":14,"enemies":"Snake Plant","floor":21,"turns":7},{"damage":28,"enemies":"Slavers","floor":23,"turns":7},{"damage":8,"enemies":"Centurion and Healer","floor":27,"turns":6},{"damage":2,"enemies":"Snecko","floor":28,"turns":7},{"damage":44,"enemies":"3 Cultists","floor":29,"turns":5}],"seed_played":"5702959251421690219","potions_obtained":[{"floor":9,"key":"SpeedPotion"},{"floor":13,"key":"GamblersBrew"},{"floor":15,"key":"hexamod:EctoCoolerPotion"},{"floor":16,"key":"Block Potion"},{"floor":20,"key":"DistilledChaos"},{"floor":23,"key":"Block Potion"},{"floor":27,"key":"Slimebound:ThreeZeroPotion"},{"floor":27,"key":"Ancient Potion"}],"is_trial":false,"path_per_floor":["R","M","M","?","M","?","T","R","M","M","M","R","M","?","M","B",null,"R","M","M","M","?","E","T","?","?","M","M","M"],"character_chosen":"THE_SPIRIT","items_purchased":[],"campfire_rested":0,"item_purchase_floors":[],"current_hp_per_floor":[70,70,70,70,70,70,75,75,75,72,74,74,69,69,71,8,75,75,72,73,61,61,42,42,42,42,43,43,0,0,0],"gold":554,"neow_bonus":"THREE_ENEMY_KILL","is_daily":false,"chose_seed":false,"campfire_upgraded":3,"win_rate":0.0,"timestamp":1614307864,"path_taken":["R","M","M","?","?","?","T","R","M","M","M","R","M","?","M","BOSS","R","M","M","M","?","E","T","?","?","M","M","M"],"items_purchased_type":[],"build_version":"2020-12-22","purchased_purges":0,"victory":false,"max_hp_per_floor":[70,70,70,70,70,70,75,75,75,75,75,75,75,75,75,75,75,75,75,75,75,75,75,75,75,75,75,75,75,75,75],"card_choices":[{"not_picked":["hexamod:CatchUp","hexamod:NightmareStrike"],"picked":"hexamod:FirstSeal","floor":2},{"not_picked":["hexamod:FlamesFromBeyond","hexamod:SpectersWail"],"picked":"hexamod:NightmareGuise","floor":3},{"not_picked":["hexamod:ThermalTransfer","hexamod:ShieldOfDarkness"],"picked":"hexamod:ThirdSeal","floor":5},{"not_picked":["TH:PixieDust"],"picked":"TH:CursedSword","floor":7},{"not_picked":["hexamod:SpectersWail","hexamod:SuperheatedStrike"],"picked":"hexamod:Again","floor":9},{"not_picked":["hexamod:BurningTouch","hexamod:ThirdSeal"],"picked":"hexamod:AdvancingGuard","floor":9},{"not_picked":["hexamod:HauntingEcho","hexamod:NightmareStrike"],"picked":"hexamod:Hexaguard","floor":10},{"not_picked":["hexamod:RadiantFlame","hexamod:CatchUp"],"picked":"hexamod:SixthSeal","floor":10},{"not_picked":["hexamod:StepThrough","hexamod:HauntingEcho"],"picked":"hexamod:InspiringFlames","floor":11},{"not_picked":["hexamod:StepThrough","hexamod:InspiringFlames"],"picked":"hexamod:CatchUp","floor":11},{"not_picked":["hexamod:ShieldOfDarkness","hexamod:SuperheatedStrike"],"picked":"hexamod:Again","floor":13},{"not_picked":["hexamod:NightmareStrike","hexamod:Hexaguard","hexamod:Firestarter"],"picked":"SKIP","floor":13},{"not_picked":["hexamod:HeatMetal","hexamod:SpectralAdrenaline"],"picked":"hexamod:GhostOfSpireFuture","floor":15},{"not_picked":["hexamod:Haunt","hexamod:Firestarter","hexamod:ShieldOfDarkness"],"picked":"SKIP","floor":15},{"not_picked":["hexamod:TimeWarp","hexamod:ForkedFlame"],"picked":"hexamod:WildfireWeapon","floor":16},{"not_picked":["hexamod:SoulSteal","hexamod:HeatMetal"],"picked":"hexamod:InspiringFlames","floor":19},{"not_picked":["hexamod:Hexaguard+1","hexamod:ShieldOfDarkness"],"picked":"hexamod:ExtraCrispy","floor":19},{"not_picked":["hexamod:GhostLash+1","hexamod:PhantomFireball"],"picked":"hexamod:GhostflameInferno","floor":20},{"not_picked":["hexamod:RecurringNightmare","hexamod:SuperheatedStrike","hexamod:HeatCrush"],"picked":"SKIP","floor":20},{"not_picked":["hexamod:ThermalTransfer","hexamod:InspiringFlames+1"],"picked":"hexamod:SkipABeat","floor":21},{"not_picked":["hexamod:ShieldOfDarkness+1","hexamod:GhostShield"],"picked":"hexamod:SkipABeat+1","floor":21},{"not_picked":["TH:CursedSword"],"picked":"TH:PixieDust","floor":23},{"not_picked":["hexamod:BacktrackSmack","hexamod:HauntingEcho"],"picked":"hexamod:RainOfEmbers","floor":23},{"not_picked":["hexamod:NightmareStrike+1","hexamod:CatchUp","hexamod:SkipABeat"],"picked":"SKIP","floor":23},{"not_picked":["TH:BikiniMail","TH:EnergyPotion"],"picked":"SKIP","floor":24},{"not_picked":["hexamod:Firestarter","hexamod:SuperheatedStrike"],"picked":"hexamod:SearingWound","floor":27},{"not_picked":["hexamod:SpectralSpark+1","hexamod:SuperheatedStrike","hexamod:BurningTouch+1"],"picked":"SKIP","floor":27},{"not_picked":["hexamod:SwordOfDarkness","hexamod:GhostShield","hexamod:HeatMetal"],"picked":"SKIP","floor":28}],"player_experience":319202,"relics_obtained":[{"floor":7,"key":"CCEMRelics:HeirloomTomato"},{"floor":23,"key":"Bag of Marbles"},{"floor":24,"key":"Pantograph"}],"event_choices":[],"is_beta":false,"boss_relics":[{"not_picked":["Replay:Drink Me","CCEMRelics:DefectiveTurbocharger"],"picked":"Velvet Choker"}],"items_purged_floors":[],"is_endless":false,"potions_floor_spawned":[9,13,15,16,20,23,27],"killed_by":"3 Cultists","ascension_level":0}}