{"host":"bplbr8uekuotory4","time":1614332292,"event":{"mods":["Act Like it!","BaseMod","Custom Start","GungeonMod","Hermit","KinomotoSakuraMod(木之本樱)","Marisa（F雨　魔理沙）","Minty Spire (QoL Compilation)","Prisma Mod","Quick Restart","Reimu（博丽灵梦）","SOS（斯巴达之子）","Spicy Shops","StSLib","TestMod","The Blackbeard","The Cursed","The Mystic","The Saiyan","The Senshi","The Servant 0.9.4","Yuri Mod","[IsaacMod]以撒尖塔"],"gold_per_floor":[366,161,161,336,347,347,21,21,21,31,31,31,42,75,75,176,176,192,192,192,211,211,236,236,256,328,328,253,281,281,77,77,176,176,187,202,52,65,65,90,90,109,189,189,223,237,287,161,161,161,161,161,35,61,61],"floor_reached":56,"language":"ZHS","playtime":1597,"items_purged":["theSenshi:SailorKick","Doubt","Regret","theSenshi:SailorBlock","theSenshi:SailorKick","theSenshi:SailorKick+1","theSenshi:SailorBlock+1"],"score":2172,"play_id":"2d18392f-cf7c-4aa2-b23d-01e4f1caa4de","local_time":"20210226173812","is_ascension_mode":true,"campfire_choices":[{"data":"theSenshi:RoseThrow","floor":6,"key":"SMITH"},{"data":"theSenshi:MoonPrismPowerMakeUp","floor":12,"key":"SMITH"},{"floor":15,"key":"RECALL"},{"data":"theSenshi:SailorKick","floor":24,"key":"SMITH"},{"data":"theSenshi:SailorBlock","floor":27,"key":"SMITH"},{"data":"theSenshi:MoonGorgeousMeditation","floor":32,"key":"SMITH"},{"data":"theSenshi:CrisisMakeUp","floor":44,"key":"SMITH"},{"data":"theSenshi:SilverCrystal","floor":49,"key":"SMITH"},{"floor":52,"key":"REST"}],"circlet_count":0,"master_deck":["theSenshi:SailorKick+1","theSenshi:SailorBlock+1","theSenshi:RoseThrow+1","theSenshi:MoonPrismPowerMakeUp+1","theSenshi:MoonCrisisMakeUp+1","theSenshi:MoonGorgeousMeditation+1","theSenshi:CrisisMakeUp+1","theSenshi:SilverCrystal+1","theSenshi:CrisisMakeUp+1"],"relics":["theSenshi:TransformationBroochRelic","testmod-TestBox","HushsDoor","Chaos","testmod-CardMagician","theSenshi:HolyGrailRelic","SteamSale","yuri:PortableGlitches","MegaBlast","theSenshi:ChokerRelic","GuppysTail","DeathBook","Nloth\u0027s Gift","testmod-TurbochargingSystem","Snecko Eye","DemoMod:GlassGuonStoneRelic","TuHaoJin","Anchor","DemoMod:ChaffGrenade","DemoMod:PinkGuonStone","GuppysHead","BelialBook","Juzu Bracelet","TungstenRod","Question Card","OrangePellets","DollysMirror","testmod-IndustrialRevolution","Toolbox","testmod-KeyOfTheVoid"],"acts_visited":["Exordium","TheCity","TheBeyond","TheEnding"],"potions_floor_usage":[23,25,55,55,55,55],"damage_taken":[{"damage":0,"enemies":"Cultist","floor":1,"turns":4},{"damage":0,"enemies":"2 Louse","floor":5,"turns":5},{"damage":4,"enemies":"Small Slimes","floor":10,"turns":3},{"damage":10,"enemies":"Blue Slaver","floor":13,"turns":3},{"damage":0,"enemies":"3 Sentries","floor":14,"turns":3},{"damage":0,"enemies":"Slime Boss","floor":16,"turns":1},{"damage":2,"enemies":"Shell Parasite","floor":18,"turns":4},{"damage":0,"enemies":"2 Thieves","floor":21,"turns":1},{"damage":27,"enemies":"Gremlin Leader","floor":23,"turns":8},{"damage":10,"enemies":"3 Cultists","floor":25,"turns":6},{"damage":7,"enemies":"Book of Stabbing","floor":29,"turns":7},{"damage":0,"enemies":"Automaton","floor":33,"turns":5},{"damage":0,"enemies":"3 Shapes","floor":35,"turns":2},{"damage":0,"enemies":"Orb Walker","floor":36,"turns":3},{"damage":0,"enemies":"Spire Growth","floor":38,"turns":4},{"damage":0,"enemies":"Reptomancer","floor":40,"turns":4},{"damage":0,"enemies":"Jaw Worm Horde","floor":42,"turns":2},{"damage":0,"enemies":"Nemesis","floor":45,"turns":7},{"damage":0,"enemies":"Sphere and 2 Shapes","floor":46,"turns":3},{"damage":0,"enemies":"Mind Bloom Boss Battle","floor":47,"turns":3},{"damage":0,"enemies":"Donu and Deca","floor":50,"turns":6},{"damage":0,"enemies":"Shield and Spear","floor":54,"turns":1},{"damage":0,"enemies":"The Heart","floor":55,"turns":7}],"seed_played":"-7689781814510147533","potions_obtained":[{"floor":1,"key":"LiquidBronze"},{"floor":13,"key":"ColorlessPotion"},{"floor":18,"key":"SkillPotion"},{"floor":21,"key":"Strength Potion"},{"floor":23,"key":"SpeedPotion"},{"floor":35,"key":"Strength Potion"}],"is_trial":false,"path_per_floor":["M","$","?","?","M","R","$","?","T","M","T","R","M","E","R","B",null,"M","?","?","M","?","E","R","M","T","R","?","E","?","$","R","B",null,"M","M","$","M","?","E","?","M","T","R","E","M","?","$","R","B",null,"R","$","E","B",null],"character_chosen":"THE_SENSHI","items_purchased":["theSenshi:HolyGrailRelic","SteamSale","yuri:PortableGlitches","DeathBook","DemoMod:ChaffGrenade","theSenshi:CrisisMakeUp","GuppysHead","BelialBook","Juzu Bracelet","testmod-IndustrialRevolution","Toolbox","DemoMod:LeadSkinPotion"],"campfire_rested":1,"item_purchase_floors":[2,7,7,17,31,31,34,34,37,48,53,53],"current_hp_per_floor":[68,68,54,54,54,54,54,54,54,50,50,50,40,40,40,40,50,48,48,48,48,101,74,74,64,64,64,64,57,47,47,47,47,78,78,78,78,78,78,78,78,78,78,78,78,78,78,78,78,78,81,82,82,82,82],"gold":61,"neow_bonus":"TWO_FIFTY_GOLD","is_daily":false,"chose_seed":false,"campfire_upgraded":7,"win_rate":0.0,"timestamp":1614332292,"path_taken":["M","$","?","?","?","R","$","?","T","M","?","R","M","E","R","BOSS","M","?","?","?","?","E","R","M","T","R","?","E","?","$","R","BOSS","M","M","$","M","?","E","?","M","T","R","E","M","?","$","R","BOSS","R","$","E","BOSS"],"items_purchased_type":["Relic","Relic","Relic","Relic","Relic","Card","Relic","Relic","Relic","Relic","Relic","Undefined"],"build_version":"2020-12-22","purchased_purges":7,"victory":true,"max_hp_per_floor":[68,68,68,68,68,68,68,68,68,68,68,68,68,68,68,68,53,53,53,53,53,106,106,106,106,106,106,106,106,106,106,106,106,86,86,86,86,86,82,82,82,82,82,82,82,82,82,82,82,82,82,82,82,82,82],"card_choices":[{"not_picked":["theSenshi:KlutzyLuck","theSenshi:MoonTwilightFlash"],"picked":"Bomb","floor":1},{"not_picked":["theSenshi:VenusGlamour","theSenshi:MoonPunch"],"picked":"Bomb","floor":5},{"not_picked":["theSenshi:Sidestep","theSenshi:SailorPlanetAttack","theSenshi:MoonKick"],"picked":"SKIP","floor":10},{"not_picked":["theSenshi:MoonsReflection","theSenshi:SailorMercuryAssists","theSenshi:MoonTiaraMagic"],"picked":"SKIP","floor":13},{"not_picked":["theSenshi:SailorStarHealerAssists","theSenshi:TuxedoSmokingBomber","theSenshi:SupersonicWaves"],"picked":"SKIP","floor":14},{"not_picked":["theSenshi:TallSilhouette","theSenshi:MoonSpiralHeartAttack","theSenshi:TuxedoSmokingBomber"],"picked":"SKIP","floor":18},{"not_picked":["theSenshi:MoonCosmicPowerMakeUp","theSenshi:SailorMercuryAssists"],"picked":"theSenshi:MoonCrisisMakeUp+1","floor":21},{"not_picked":["theSenshi:MoonlightKnight","theSenshi:SailorChibiMoonAssists","theSenshi:MoonTiaraMagic"],"picked":"SKIP","floor":23},{"not_picked":["theSenshi:HesSoDreamy","theSenshi:DramaticEntrance","theSenshi:MoonTwilightFlash+1"],"picked":"SKIP","floor":25},{"not_picked":["theSenshi:LunaWiseMentor","theSenshi:MoonTiaraMagic+1"],"picked":"theSenshi:MoonGorgeousMeditation","floor":29},{"not_picked":["theSenshi:MoonGorgeousMeditation","theSenshi:IWillPunishYou"],"picked":"theSenshi:SilverCrystal","floor":33},{"not_picked":["theSenshi:SchoolBag+1","theSenshi:MoonKick+1","theSenshi:SailorNeptuneAssists"],"picked":"SKIP","floor":35},{"not_picked":["theSenshi:SailorStarFighterAssists+1","theSenshi:StarlightHoneymoonTherapyKiss","theSenshi:VenusGlamour"],"picked":"SKIP","floor":36},{"not_picked":["theSenshi:MoonlightKnight","theSenshi:PlutosSolemnity","theSenshi:MoonTiaraMagic+1"],"picked":"SKIP","floor":38},{"not_picked":["theSenshi:SteeledNerves","theSenshi:HesSoDreamy+1","theSenshi:SailorStarHealerAssists"],"picked":"SKIP","floor":40},{"not_picked":["theSenshi:SchoolBag+1","theSenshi:TuxedoSmokingBomber","theSenshi:LateForSchool+1"],"picked":"SKIP","floor":42},{"not_picked":["theSenshi:LunaSensingAllies","theSenshi:SailorStarHealerAssists","theSenshi:JupitersPower","theSenshi:PlutosSolemnity+1"],"picked":"SKIP","floor":45},{"not_picked":["theSenshi:SailorV+1","theSenshi:HesSoDreamy","theSenshi:SupersonicWaves+1","theSenshi:GatheringStrength"],"picked":"SKIP","floor":46},{"not_picked":["theSenshi:MoonPunch","theSenshi:EncouragingSpeech+1","theSenshi:SailorPlutoAssists","theSenshi:LunasBite"],"picked":"SKIP","floor":54}],"player_experience":1192936,"relics_obtained":[{"floor":11,"key":"theSenshi:ChokerRelic"},{"floor":14,"key":"RedLine:ReiMu"},{"floor":23,"key":"testmod-TurbochargingSystem"},{"floor":26,"key":"Snecko Eye"},{"floor":29,"key":"TuHaoJin"},{"floor":40,"key":"TungstenRod"},{"floor":43,"key":"Question Card"},{"floor":45,"key":"OrangePellets"},{"floor":47,"key":"DollysMirror"},{"floor":54,"key":"testmod-KeyOfTheVoid"}],"event_choices":[{"damage_healed":0,"gold_gain":0,"player_choice":"Entered Light","damage_taken":14,"max_hp_gain":0,"max_hp_loss":0,"event_name":"Shining Light","floor":3,"gold_loss":0,"cards_upgraded":["theSenshi:SailorKick","theSenshi:SailorBlock"]},{"damage_healed":0,"gold_gain":175,"player_choice":"AGREE","damage_taken":0,"max_hp_gain":0,"max_hp_loss":0,"event_name":"Liars Game","floor":4,"gold_loss":0,"cards_obtained":["Doubt"]},{"damage_healed":0,"gold_gain":0,"player_choice":"Box","damage_taken":0,"relics_obtained":["MegaBlast"],"max_hp_gain":0,"max_hp_loss":0,"event_name":"Big Fish","floor":8,"gold_loss":0,"cards_obtained":["Regret"]},{"damage_healed":0,"gold_gain":0,"player_choice":"Traded Relic","damage_taken":0,"relics_obtained":["Nloth\u0027s Gift"],"max_hp_gain":0,"max_hp_loss":0,"event_name":"N\u0027loth","floor":19,"relics_lost":["RedLine:ReiMu"],"gold_loss":0},{"damage_healed":0,"gold_gain":0,"player_choice":"Swap Relic","damage_taken":0,"relics_obtained":["testmod-HarvestTotem"],"max_hp_gain":0,"max_hp_loss":0,"event_name":"给自己的盒子","floor":22,"relics_lost":["testmod-HarvestTotem"],"gold_loss":0},{"cards_removed":["theSenshi:SailorBlock"],"damage_healed":0,"gold_gain":0,"player_choice":"Gave Gold","damage_taken":0,"max_hp_gain":0,"max_hp_loss":0,"event_name":"Beggar","floor":28,"gold_loss":75},{"damage_healed":0,"gold_gain":0,"player_choice":"Anchor","damage_taken":0,"relics_obtained":["Anchor"],"max_hp_gain":0,"max_hp_loss":0,"event_name":"blackbeard:ShipwreckEvent","floor":30,"gold_loss":0},{"damage_healed":0,"gold_gain":0,"player_choice":"Max HP","damage_taken":0,"max_hp_gain":0,"max_hp_loss":4,"event_name":"Winding Halls","floor":39,"gold_loss":0},{"damage_healed":0,"gold_gain":0,"player_choice":"Memory 1","damage_taken":0,"max_hp_gain":0,"max_hp_loss":0,"event_name":"SensoryStone","floor":41,"gold_loss":0},{"damage_healed":0,"gold_gain":0,"player_choice":"Fight","damage_taken":0,"max_hp_gain":0,"max_hp_loss":0,"event_name":"MindBloom","floor":47,"gold_loss":0}],"is_beta":false,"boss_relics":[{"not_picked":["Oddly Smooth Stone","MawBank"],"picked":"GuppysTail"},{"not_picked":[]},{"not_picked":["DemoMod:MeatBun","testmod-MagicalMallet"],"picked":"DemoMod:PinkGuonStone"},{"not_picked":[]}],"items_purged_floors":[2,7,17,31,34,37,48],"is_endless":false,"potions_floor_spawned":[1,13,18,21,23,35,40,45,46],"ascension_level":9}}