{"host":"h2riq1vifvx9pvqe","time":1614371831,"event":{"mods":["Act Like it!","Bartender","BaseMod","Better Match","Bossed Relics","Chen","FTL Soundtrack","Friendly Minions","Gensokyo","Hallownest","HololiveMod","Hubris","Hyrulean Relics","Infinite Spire","KinomotoSakuraMod(????)","Koishi","Marisa????????","Minty Spire (QoL Compilation)","Nova Terra(??·??)","Prisma Mod","Quick Restart","Railgun Mod","Rare Cards Sparkle","Reimu??????","Relic Sorter","Reliquary","Remilia??????","Replay The Spire","Spikes Relics","StSLib","Synergy Search","The Administrix","The Animator","The Bug Knight","The Construct","The Disciple","The Saiyan","The Senshi","The Servant 0.9.4","TheHero","WarShipGirlsR/????R mod","Yuri Mod","Yuyuko"],"gold_per_floor":[115,14,14,29,41,75,0,51,51,68,84,84,84,84],"floor_reached":13,"language":"FRA","playtime":2912,"items_purged":["Pain"],"score":132,"play_id":"e519d912-ec70-4940-8cc0-ce084c581fd0","local_time":"20210226213711","is_ascension_mode":true,"campfire_choices":[{"floor":12,"key":"REST"}],"circlet_count":0,"master_deck":["AscendersBane","TheRailgun:Strike","TheRailgun:Strike","TheRailgun:Strike","TheRailgun:Strike","TheRailgun:Defend","TheRailgun:Defend","TheRailgun:Defend","TheRailgun:Defend","TheRailgun:Discharge","TheRailgun:Static","TheRailgun:Zip","TheRailgun:Teleporter","TheRailgun:Electric_Fence","TheRailgun:Electric_Fence","TheRailgun:Thundershock","TheRailgun:Iron_Dust_Shield","TheRailgun:Negative_Field","TheRailgun:Teleporter","TheRailgun:Heroinism","TheRailgun:Negative_Field","TheRailgun:Lightningbolt"],"relics":["TheRailgun:CoinRelic","WarpedTongs","zeldaRelics:CouragePiece","Art of War"],"acts_visited":["Exordium"],"potions_floor_usage":[10,13,13],"damage_taken":[{"damage":2,"enemies":"Small Slimes","floor":1,"turns":3},{"damage":5,"enemies":"Cultist","floor":4,"turns":4},{"damage":3,"enemies":"2 Louse","floor":5,"turns":2},{"damage":30,"enemies":"3 Sentries","floor":6,"turns":7},{"damage":19,"enemies":"Exordium Wildlife","floor":10,"turns":4},{"damage":3,"enemies":"2 Fungi Beasts","floor":11,"turns":3},{"damage":59,"enemies":"Gremlin Nob","floor":13,"turns":4}],"seed_played":"7567945313942342534","potions_obtained":[{"floor":4,"key":"FairyPotion"},{"floor":8,"key":"Toxic Potion"},{"floor":10,"key":"SpeedPotion"},{"floor":11,"key":"Toxic Potion"}],"is_trial":true,"path_per_floor":["M","$","?","M","M","E","$","?","T","M","M","R","E"],"character_chosen":"THE_DEFAULT","items_purchased":["TheRailgun:Electric_Fence","TheRailgun:Thundershock"],"campfire_rested":1,"item_purchase_floors":[2,2],"current_hp_per_floor":[61,61,61,56,53,23,23,6,6,14,11,32,0,0],"gold":84,"neow_bonus":"","is_daily":false,"chose_seed":false,"campfire_upgraded":0,"win_rate":0.0,"timestamp":1614371831,"path_taken":["M","$","?","M","?","E","$","?","T","M","M","R","E"],"items_purchased_type":["Card","Card"],"build_version":"2020-12-22","purchased_purges":1,"victory":false,"max_hp_per_floor":[70,70,70,70,70,70,70,70,70,70,70,70,70,70],"card_choices":[{"not_picked":["TheRailgun:Electrical_Storm","TheRailgun:Coin_Flip"],"picked":"TheRailgun:Teleporter","floor":1},{"not_picked":["TheRailgun:Battery_Pack","TheRailgun:Magnetic_Movement"],"picked":"TheRailgun:Iron_Dust_Shield","floor":4},{"not_picked":["TheRailgun:Electric_Fence","TheRailgun:Thunderbolt"],"picked":"TheRailgun:Negative_Field","floor":5},{"not_picked":["TheRailgun:Thunderjolt","TheRailgun:Circuit_Breaker"],"picked":"TheRailgun:Teleporter","floor":6},{"not_picked":["TheRailgun:Aerial_Shot","TheRailgun:Zap"],"picked":"TheRailgun:Heroinism","floor":8},{"not_picked":["TheRailgun:Gekotamania","TheRailgun:Recharge"],"picked":"TheRailgun:Negative_Field","floor":10},{"not_picked":["TheRailgun:Zip","TheRailgun:Circuit_Breaker"],"picked":"TheRailgun:Lightningbolt","floor":11}],"player_experience":334984,"relics_obtained":[{"floor":6,"key":"zeldaRelics:CouragePiece"},{"floor":8,"key":"Art of War"},{"floor":9,"key":"zeldaRelics:CouragePiece"}],"event_choices":[{"damage_healed":0,"gold_gain":0,"player_choice":"Rummage","damage_taken":0,"relics_obtained":["WarpedTongs"],"max_hp_gain":0,"max_hp_loss":0,"event_name":"Accursed Blacksmith","floor":3,"gold_loss":0,"cards_obtained":["Pain"]}],"is_beta":false,"boss_relics":[],"items_purged_floors":[7],"is_endless":false,"potions_floor_spawned":[4,10,11],"killed_by":"Gremlin Nob","ascension_level":11}}