{"host":"51f0ad793vly1w6u","time":1614323865,"event":{"mods":["BaseMod","Colored Map","DeckTracker","Minty Spire (QoL Compilation)","StSLib","SuperFastMode"],"gold_per_floor":[124,149,149,53,121,121,140,140,140,179,179,202,242,264,264,377,377,400,400,160,69,98,98,138,138,138,138,138,157,178,203,203,313,394,421,34,61,61,83,123,123,151,151,151,169,75,93,123,123,123],"floor_reached":51,"language":"KOR","playtime":914,"items_purged":["Strike_G","Masterful Stab"],"score":1125,"play_id":"ee850c1c-e345-4c6b-9ddf-c965bb28699a","local_time":"20210226161745","is_ascension_mode":true,"campfire_choices":[{"data":"Skewer","floor":6.0,"key":"SMITH"},{"data":"Cloak And Dagger","floor":8.0,"key":"SMITH"},{"data":"Terror","floor":11.0,"key":"SMITH"},{"data":"Footwork","floor":15.0,"key":"SMITH"},{"data":"Phantasmal Killer","floor":23.0,"key":"SMITH"},{"data":"Blade Dance","floor":25.0,"key":"SMITH"},{"data":"Neutralize","floor":27.0,"key":"SMITH"},{"data":"Accuracy","floor":32.0,"key":"SMITH"},{"data":"Envenom","floor":41,"key":"SMITH"},{"data":"Infinite Blades","floor":44,"key":"SMITH"},{"data":"Eviscerate","floor":49,"key":"SMITH"}],"circlet_count":0,"master_deck":["Survivor","Neutralize+1","Skewer+1","PiercingWail","Footwork+1","Cloak And Dagger+1","Dagger Throw","Terror+1","Infinite Blades+1","Blade Dance+1","Phantasmal Killer+1","Blade Dance","Cloak And Dagger+1","PiercingWail+1","Acrobatics+1","Accuracy+1","Storm of Steel+1","After Image+1","Concentrate+1","Heel Hook","Masterful Stab","Calculated Gamble+1","Bullet Time+1","Bouncing Flask+1","Envenom+1","Phantasmal Killer+1","Backflip+1","Leg Sweep+1","Expertise+1","Footwork+1","Prepared+1","Tactician+1","Eviscerate+1","Madness+1","Madness+1","Parasite","Blade Dance+1"],"relics":["Ring of the Snake","CeramicFish","Question Card","Shuriken","Paper Crane","Eternal Feather","WristBlade","Toxic Egg 2","Matryoshka","Ancient Tea Set","Gremlin Horn","Nunchaku","Happy Flower","Pandora\u0027s Box","FossilizedHelix","Meat on the Bone","Darkstone Periapt"],"acts_visited":["Exordium","TheCity","TheBeyond"],"potions_floor_usage":[50,50,50],"damage_taken":[{"damage":0.0,"enemies":"2 Louse","floor":1.0,"turns":4.0},{"damage":4.0,"enemies":"Cultist","floor":2.0,"turns":3.0},{"damage":0.0,"enemies":"Small Slimes","floor":7.0,"turns":3.0},{"damage":16.0,"enemies":"Gremlin Nob","floor":10.0,"turns":4.0},{"damage":5.0,"enemies":"Gremlin Gang","floor":12.0,"turns":6.0},{"damage":11.0,"enemies":"3 Sentries","floor":13.0,"turns":9.0},{"damage":5.0,"enemies":"Blue Slaver","floor":14.0,"turns":5.0},{"damage":28.0,"enemies":"The Guardian","floor":16.0,"turns":9.0},{"damage":14.0,"enemies":"Shell Parasite","floor":18.0,"turns":4.0},{"damage":0.0,"enemies":"3 Byrds","floor":22.0,"turns":4.0},{"damage":0.0,"enemies":"Gremlin Leader","floor":24.0,"turns":2.0},{"damage":0.0,"enemies":"Snake Plant","floor":29.0,"turns":2.0},{"damage":0.0,"enemies":"Centurion and Healer","floor":30.0,"turns":2.0},{"damage":0.0,"enemies":"3 Cultists","floor":31.0,"turns":3.0},{"damage":36.0,"enemies":"Champ","floor":33.0,"turns":6.0},{"damage":5.0,"enemies":"3 Shapes","floor":35.0,"turns":3.0},{"damage":0.0,"enemies":"Orb Walker","floor":37.0,"turns":2.0},{"damage":0.0,"enemies":"Spire Growth","floor":39.0,"turns":3.0},{"damage":0,"enemies":"Nemesis","floor":40,"turns":3},{"damage":0,"enemies":"Transient","floor":42,"turns":5},{"damage":0,"enemies":"Maw","floor":45,"turns":4},{"damage":0,"enemies":"Writhing Mass","floor":48,"turns":4},{"damage":15,"enemies":"Donu and Deca","floor":50,"turns":4}],"seed_played":"141349287143183493","potions_obtained":[{"floor":1.0,"key":"Block Potion"},{"floor":2.0,"key":"FearPotion"},{"floor":7.0,"key":"Strength Potion"},{"floor":10.0,"key":"Ancient Potion"},{"floor":18.0,"key":"Regen Potion"},{"floor":24.0,"key":"Fire Potion"},{"floor":29.0,"key":"DuplicationPotion"}],"is_trial":false,"path_per_floor":["M","M","?","$","T","R","M","R","T","E","R","M","E","M","R","B",null,"M","?","$","$","M","R","E","R","T","R","T","M","M","M","R","B",null,"M","$","M","?","M","E","R","M","T","R","M","$","?","M","R","B",null],"character_chosen":"THE_SILENT","items_purchased":["Footwork","Cloak And Dagger","Toxic Egg 2","Cloak And Dagger+1","FossilizedHelix","Tactician+1","Eviscerate"],"campfire_rested":0,"item_purchase_floors":[4,4,20,21,36,46,46],"current_hp_per_floor":[63,59,59,59,59,59,59,59,59,43,43,38,27,22,34,6,54,40,80,80,80,80,80,80,80,80,80,80,80,80,80,80,44,71,66,66,66,66,66,66,80,80,80,80,80,80,70,76,86,75],"gold":123,"neow_bonus":"RANDOM_COMMON_RELIC","is_daily":false,"chose_seed":false,"campfire_upgraded":11,"win_rate":0.0,"timestamp":1614323865,"path_taken":["M","M","?","$","?","R","M","R","T","E","R","M","E","M","R","BOSS","M","?","?","$","?","R","E","R","T","R","?","M","M","M","R","BOSS","M","$","M","?","M","E","R","M","T","R","?","$","?","M","R","BOSS"],"items_purchased_type":["Card","Card","Relic","Card","Relic","Card","Card"],"build_version":"2020-12-22","purchased_purges":2,"victory":true,"max_hp_per_floor":[70,70,70,70,70,70,70,70,70,70,70,70,70,70,70,70,70,70,80,80,80,80,80,80,80,80,80,80,80,80,80,80,80,80,80,80,80,80,80,80,80,80,80,80,80,80,80,86,86,86],"card_choices":[{"not_picked":["Caltrops","Prepared"],"picked":"Skewer","floor":1.0},{"not_picked":["Sucker Punch","Prepared"],"picked":"PiercingWail","floor":2.0},{"not_picked":["Slice","Acrobatics","Poisoned Stab"],"picked":"Dagger Throw","floor":7.0},{"not_picked":["Deflect","Underhanded Strike","Dagger Spray"],"picked":"Terror","floor":10.0},{"not_picked":["Flying Knee","Dodge and Roll","Outmaneuver"],"picked":"Bullet Time","floor":12.0},{"not_picked":["Deflect","Backflip","Dodge and Roll"],"picked":"Infinite Blades","floor":13.0},{"not_picked":["Acrobatics","Outmaneuver","Setup"],"picked":"Blade Dance","floor":14.0},{"not_picked":["Unload","Malaise","Grand Finale"],"picked":"Phantasmal Killer","floor":16.0},{"not_picked":["Tactician","Backflip","Slice"],"picked":"Blade Dance","floor":18.0},{"not_picked":["Noxious Fumes","Caltrops","Riddle With Holes"],"picked":"PiercingWail+1","floor":22.0},{"not_picked":["Reflex+1","Terror+1","Noxious Fumes"],"picked":"Acrobatics+1","floor":24.0},{"not_picked":["Bane","Dagger Throw+1","All Out Attack","Terror+1"],"picked":"SKIP","floor":29.0},{"not_picked":["Blade Dance+1","Escape Plan+1","Acrobatics+1"],"picked":"Accuracy","floor":30.0},{"not_picked":["Bane","Dagger Throw","Dagger Spray"],"picked":"Storm of Steel+1","floor":31.0},{"not_picked":["Wraith Form v2","Grand Finale","Tools of the Trade"],"picked":"After Image","floor":33.0},{"not_picked":["Terror+1","Skewer+1","Slice+1"],"picked":"Backflip+1","floor":35.0},{"not_picked":["Blade Dance+1","Finisher","Flying Knee+1"],"picked":"Leg Sweep+1","floor":37.0},{"not_picked":["Cloak And Dagger+1","Quick Slash+1","Sucker Punch+1"],"picked":"Expertise+1","floor":39},{"not_picked":["Poisoned Stab+1","Slice+1","Blade Dance+1"],"picked":"Footwork+1","floor":40},{"not_picked":["Dagger Throw","Terror+1","Acrobatics+1"],"picked":"Prepared+1","floor":42},{"not_picked":["Flying Knee+1","Bane+1","Catalyst+1","Grand Finale"],"picked":"SKIP","floor":45},{"not_picked":["All Out Attack+1","Sucker Punch+1","Dagger Spray"],"picked":"Blade Dance+1","floor":48}],"player_experience":1474862,"relics_obtained":[{"floor":5.0,"key":"Question Card"},{"floor":9.0,"key":"Shuriken"},{"floor":10.0,"key":"Paper Crane"},{"floor":13.0,"key":"Eternal Feather"},{"floor":24.0,"key":"Matryoshka"},{"floor":26.0,"key":"Ancient Tea Set"},{"floor":26.0,"key":"Gremlin Horn"},{"floor":28.0,"key":"Nunchaku"},{"floor":28.0,"key":"Happy Flower"},{"floor":40,"key":"Meat on the Bone"},{"floor":43,"key":"Darkstone Periapt"}],"event_choices":[{"damage_healed":0.0,"max_hp_gain":0.0,"max_hp_loss":0.0,"gold_gain":0.0,"event_name":"NoteForYourself","player_choice":"Ignored","floor":3.0,"gold_loss":0.0,"damage_taken":0.0},{"cards_removed":["Bullet Time"],"damage_healed":30.0,"max_hp_gain":10.0,"max_hp_loss":0.0,"gold_gain":0.0,"event_name":"Bonfire Elementals","player_choice":"Offered Rare","floor":19.0,"gold_loss":0.0,"damage_taken":0.0},{"damage_healed":0.0,"max_hp_gain":0.0,"max_hp_loss":0.0,"gold_gain":0.0,"event_name":"Upgrade Shrine","player_choice":"Upgraded","floor":38.0,"gold_loss":0.0,"damage_taken":0.0,"cards_upgraded":["After Image"]},{"damage_healed":0,"gold_gain":0,"player_choice":"Embrace Madness","damage_taken":10,"max_hp_gain":0,"max_hp_loss":0,"event_name":"Winding Halls","floor":47,"gold_loss":0,"cards_obtained":["Madness","Madness"]}],"is_beta":false,"boss_relics":[{"not_picked":["Sozu","HoveringKite"],"picked":"WristBlade"},{"not_picked":["Black Star","Cursed Key"],"picked":"Pandora\u0027s Box"}],"items_purged_floors":[21,36],"is_endless":false,"potions_floor_spawned":[1,2,7,10,18,24,29,37,40],"ascension_level":9}}