{"host":"oehe2dxjvdgux73m","time":1614347859,"event":{"mods":["AchievementEnabler","BaseMod","Colored Map","Colored Powertips","DeckTracker","Keyboard Shortcuts","Minty Spire (QoL Compilation)","Permanent Neow","Quick Restart","StSLib","SuperFastMode"],"gold_per_floor":[118,118,118,134,148,148,179,179,179,179,179],"floor_reached":10,"language":"KOR","playtime":135,"items_purged":[],"score":132,"play_id":"10cd6d5e-5f86-4112-a652-f5890bd0f4e0","local_time":"20210226225739","is_ascension_mode":true,"campfire_choices":[{"data":"Dagger Spray","floor":6.0,"key":"SMITH"},{"data":"Neutralize","floor":8.0,"key":"SMITH"}],"circlet_count":0,"master_deck":["AscendersBane","Strike_G","Strike_G","Strike_G","Defend_G","Defend_G","Defend_G","Defend_G","Defend_G","Survivor","Neutralize+1","Dagger Spray+1","Reflex","Dash","Finisher"],"relics":["Ring of the Snake","NeowsBlessing","Shuriken","Toxic Egg 2"],"acts_visited":["Exordium"],"potions_floor_usage":[],"damage_taken":[{"damage":0.0,"enemies":"Small Slimes","floor":1.0,"turns":1.0},{"damage":0.0,"enemies":"2 Louse","floor":4.0,"turns":1.0},{"damage":0.0,"enemies":"Cultist","floor":5.0,"turns":1.0},{"damage":32.0,"enemies":"Gremlin Nob","floor":7.0,"turns":6.0},{"damage":12,"enemies":"Lagavulin","floor":10,"turns":6}],"seed_played":"3375778858732354778","potions_obtained":[{"floor":4.0,"key":"GhostInAJar"},{"floor":7.0,"key":"LiquidBronze"}],"is_trial":false,"path_per_floor":["M","?","?","M","M","R","E","R","T","E"],"character_chosen":"THE_SILENT","items_purchased":[],"campfire_rested":0,"item_purchase_floors":[],"current_hp_per_floor":[59,59,59,59,59,59,27,27,27,15,15],"gold":179,"neow_bonus":"THREE_ENEMY_KILL","is_daily":false,"chose_seed":false,"campfire_upgraded":2,"win_rate":0.0,"timestamp":1614347859,"path_taken":["M","?","?","?","M","R","E","R","T","E"],"items_purchased_type":[],"build_version":"2020-12-22","purchased_purges":0,"victory":false,"max_hp_per_floor":[66,66,66,66,66,66,66,66,66,66,66],"card_choices":[{"not_picked":["Deadly Poison","Dagger Throw"],"picked":"Dagger Spray","floor":1.0},{"not_picked":["Backflip","Poisoned Stab"],"picked":"Reflex","floor":4.0},{"not_picked":["Eviscerate","Setup"],"picked":"Dash","floor":5.0},{"not_picked":["Distraction","Catalyst"],"picked":"Finisher","floor":7.0}],"player_experience":505779,"relics_obtained":[{"floor":7.0,"key":"Shuriken"},{"floor":9.0,"key":"Toxic Egg 2"}],"event_choices":[{"cards_removed":["Strike_G"],"damage_healed":0.0,"max_hp_gain":0.0,"max_hp_loss":0.0,"gold_gain":0.0,"event_name":"Living Wall","player_choice":"Forget","floor":2.0,"gold_loss":0.0,"damage_taken":0.0},{"cards_removed":["Strike_G"],"damage_healed":0.0,"max_hp_gain":0.0,"max_hp_loss":0.0,"gold_gain":0.0,"event_name":"Purifier","player_choice":"Purged","floor":3.0,"gold_loss":0.0,"damage_taken":0.0}],"is_beta":false,"boss_relics":[],"items_purged_floors":[],"is_endless":false,"potions_floor_spawned":[4,7],"killed_by":"Lagavulin","ascension_level":20}}