{"host":"ugys05tpep779cl6","time":1614359121,"event":{"mods":["AchievementEnabler","Aspiration","BaseMod","Beaked The Cultist","CatGirl Mod","Colored Powertips","HololiveMod","Lobotomy","Minty Spire (QoL Compilation)","Quick Restart","Replay The Spire","Spicy Shops","StSLib","The Druid"],"gold_per_floor":[116,116,191,204,221,247,247,282,282,357,374,402,402,417,417,521,521,539,559,559,569,11,40,40,66,115,115,115,140,154,78,78,78,78],"floor_reached":33,"language":"ENG","playtime":1252,"items_purged":["Strike_R"],"score":404,"play_id":"7c522ea2-be39-42c9-bf4f-c189754fb9cb","local_time":"20210226180521","is_ascension_mode":true,"campfire_choices":[{"data":"Body Slam","floor":7.0,"key":"SMITH"},{"floor":13.0,"key":"REST"},{"data":"Juggernaut","floor":15.0,"key":"SMITH"},{"data":"Entrench","floor":24.0,"key":"SMITH"},{"floor":28.0,"key":"REST"},{"data":"ReplayReversal","floor":32,"key":"SMITH"}],"circlet_count":0,"master_deck":["Strike_R","Strike_R","Defend_R+1","Defend_R+1","Defend_R+1","Defend_R+1","Bash","Cleave","Anger","Body Slam+1","Shrug It Off","Juggernaut+1","Juggernaut","ReplayReversal","ReplayReversal+1","Entrench+1","Spreading Infection","Metallicize"],"relics":["Burning Blood","aspiration:DSix","Replay:Bottled Eggs","Matryoshka","Kunai","beaked:SacredDeck","PreservedInsect","Letter Opener","Ornamental Fan","Replay:Mystery Machine","beaked:ShinyBauble","ReplayTheSpireMod:Ring of Exchange","Molten Egg 2"],"acts_visited":["Exordium","TheCity"],"potions_floor_usage":[29,30,33,33],"damage_taken":[{"damage":1.0,"enemies":"Cultist","floor":1.0,"turns":3.0},{"damage":5.0,"enemies":"Small Slimes","floor":4.0,"turns":3.0},{"damage":4.0,"enemies":"2 Louse","floor":5.0,"turns":2.0},{"damage":35.0,"enemies":"Lagavulin","floor":6.0,"turns":5.0},{"damage":16.0,"enemies":"3 Sentries","floor":8.0,"turns":8.0},{"damage":13.0,"enemies":"Exordium Thugs","floor":11.0,"turns":4.0},{"damage":11.0,"enemies":"Replay:BlueRogue","floor":12.0,"turns":6.0},{"damage":2.0,"enemies":"Large Slime","floor":14.0,"turns":5.0},{"damage":28.0,"enemies":"Hexaghost","floor":16.0,"turns":9.0},{"damage":4.0,"enemies":"Chosen","floor":18.0,"turns":4.0},{"damage":33.0,"enemies":"3 Byrds","floor":19.0,"turns":6.0},{"damage":24.0,"enemies":"Snake Plant","floor":21.0,"turns":6.0},{"damage":3.0,"enemies":"Replay:Snechameleon","floor":23.0,"turns":6.0},{"damage":11.0,"enemies":"Gremlin Leader","floor":25.0,"turns":7.0},{"damage":13,"enemies":"Book of Stabbing","floor":29,"turns":3},{"damage":0,"enemies":"Cultist and Chosen","floor":30,"turns":5},{"damage":46,"enemies":"Pondfish","floor":33,"turns":8}],"seed_played":"4214799474174692627","potions_obtained":[{"floor":5.0,"key":"Strength Potion"},{"floor":11.0,"key":"Elixir"},{"floor":12.0,"key":"AttackPotion"},{"floor":14.0,"key":"Reflective Coating"},{"floor":19.0,"key":"SkillPotion"},{"floor":25.0,"key":"AttackPotion"},{"floor":29,"key":"Block Potion"},{"floor":30,"key":"Weak Potion"}],"is_trial":false,"path_per_floor":["M","?","?","M","M","E","R","E","T","?","M","E","R","M","R","B",null,"M","M","?","M","$","E","R","E","T","?","R","E","M","$","R","B"],"character_chosen":"IRONCLAD","items_purchased":["PreservedInsect","Entrench","Letter Opener","Metallicize"],"campfire_rested":2,"item_purchase_floors":[22,22,22,31],"current_hp_per_floor":[80,80,69,70,72,43,43,33,33,25,18,13,37,41,41,19,65,67,40,40,22,22,25,25,20,20,20,44,37,43,43,43,0,0],"gold":78,"neow_bonus":"DSIX","is_daily":false,"chose_seed":false,"campfire_upgraded":4,"win_rate":0.0,"timestamp":1614359121,"path_taken":["M","?","?","M","M","E","R","E","T","?","?","E","R","M","R","BOSS","M","M","?","M","?","E","R","E","T","?","R","E","M","$","R","BOSS"],"items_purchased_type":["Relic","Card","Relic","Card"],"build_version":"2020-12-22","purchased_purges":1,"victory":false,"max_hp_per_floor":[80,80,80,80,80,80,80,80,80,80,80,80,80,80,80,80,80,80,80,80,80,80,80,80,80,80,80,80,80,80,80,80,80,80],"card_choices":[{"not_picked":["ReplayTheSpireMod:Strike From Hell","Defy Death"],"picked":"Cleave","floor":1.0},{"not_picked":["Run Through","Life Link"],"picked":"Anger","floor":4.0},{"not_picked":["True Grit","Perfected Strike"],"picked":"Body Slam","floor":5.0},{"not_picked":["Thunderclap","Heavy Blade"],"picked":"Shrug It Off","floor":6.0},{"not_picked":["Havoc","Perfected Strike"],"picked":"Juggernaut","floor":8.0},{"not_picked":["Armaments","True Grit","Seeing Red"],"picked":"SKIP","floor":11.0},{"not_picked":["Corruption","Battle Trance","Armaments"],"picked":"SKIP","floor":12.0},{"not_picked":["Carnage","Wild Strike","Shrug It Off"],"picked":"SKIP","floor":14.0},{"not_picked":["Immolate","Corruption"],"picked":"Juggernaut","floor":16.0},{"not_picked":["True Grit","Run Through+1"],"picked":"ReplayReversal","floor":18.0},{"not_picked":["Heavy Blade","Power Through","Second Wind+1"],"picked":"SKIP","floor":19.0},{"not_picked":["Pummel","ReplayTheSpireMod:Strike From Hell","Sentinel"],"picked":"SKIP","floor":21.0},{"not_picked":["Thunderclap+1","Carnage","True Grit"],"picked":"SKIP","floor":23.0},{"not_picked":["Reaper","Body Slam","Bloodletting+1"],"picked":"SKIP","floor":25.0},{"not_picked":["Rampage+1","Evolve","Anger+1"],"picked":"SKIP","floor":29},{"not_picked":["Inflame","Brutality","ReplayTheSpireMod:Limb From Limb+1"],"picked":"SKIP","floor":30}],"player_experience":788368,"relics_obtained":[{"floor":6.0,"key":"Replay:Bottled Eggs"},{"floor":8.0,"key":"Matryoshka"},{"floor":12.0,"key":"Kunai"},{"floor":23.0,"key":"Ornamental Fan"},{"floor":25.0,"key":"Replay:Mystery Machine"},{"floor":26.0,"key":"beaked:ShinyBauble"},{"floor":27.0,"key":"ReplayTheSpireMod:Ring of Exchange"},{"floor":29,"key":"Molten Egg 2"}],"event_choices":[{"cards_removed":["Strike_R"],"damage_healed":0.0,"max_hp_gain":0.0,"max_hp_loss":0.0,"gold_gain":0.0,"event_name":"Living Wall","player_choice":"Forget","floor":2.0,"gold_loss":0.0,"damage_taken":0.0},{"damage_healed":0.0,"max_hp_gain":0.0,"max_hp_loss":0.0,"gold_gain":75.0,"event_name":"World of Goop","player_choice":"Gather Gold","floor":3.0,"gold_loss":0.0,"damage_taken":11.0},{"damage_healed":0.0,"max_hp_gain":0.0,"max_hp_loss":0.0,"gold_gain":75.0,"event_name":"FaceTrader","player_choice":"Touch","floor":10.0,"gold_loss":0.0,"damage_taken":8.0},{"cards_removed":["Strike_R"],"damage_healed":0.0,"max_hp_gain":0.0,"max_hp_loss":0.0,"gold_gain":0.0,"event_name":"Bonfire Elementals","player_choice":"Offered Basic","floor":20.0,"gold_loss":0.0,"damage_taken":0.0}],"is_beta":false,"boss_relics":[{"not_picked":["Busted Crown","Replay:Grab Bag"],"picked":"beaked:SacredDeck"}],"items_purged_floors":[22],"is_endless":false,"potions_floor_spawned":[5,11,12,14,19,25,29,30],"killed_by":"Pondfish","ascension_level":5}}