{"host":"7ij4m6ehapfophuy","time":1614378399,"event":{"mods":["BaseMod","Bestiary","Curses Come First","Filter the Spire","Minty Spire (QoL Compilation)","Relic Stats","StSLib","ojb\u0027s Better Paths Mod"],"gold_per_floor":[113,129,149,167,6,6,37,37,64,98,98,113,78,104,104,181,181,201,201,214,234,246,246,246],"floor_reached":23,"language":"ENG","playtime":2653,"items_purged":["SignatureMove+1"],"score":383,"play_id":"e5eeebb6-26ab-453a-8fb1-a4004aceebeb","local_time":"20210226172639","is_ascension_mode":true,"campfire_choices":[{"data":"Eruption","floor":6,"key":"SMITH"},{"data":"EmptyFist","floor":8,"key":"SMITH"},{"data":"EmptyMind","floor":15,"key":"SMITH"}],"circlet_count":0,"master_deck":["AscendersBane","Strike_P","Strike_P","Strike_P","Strike_P","Defend_P","Eruption+1","Vigilance","WheelKick+1","Consecrate+1","ThirdEye","EmptyFist+1","FearNoEvil+1","LessonLearned+1","EmptyMind+1","Prostrate+1","SpiritShield","TalkToTheHand","J.A.X.","FlurryOfBlows","Adaptation+1","Consecrate+1"],"relics":["Astrolabe","Boot","Akabeko","Toy Ornithopter","Pantograph","Black Star"],"acts_visited":["Exordium","TheCity"],"potions_floor_usage":[7,16,21,23],"damage_taken":[{"damage":0,"enemies":"2 Louse","floor":1,"turns":2},{"damage":0,"enemies":"Small Slimes","floor":2,"turns":2},{"damage":0,"enemies":"Cultist","floor":3,"turns":2},{"damage":4,"enemies":"Looter","floor":4,"turns":3},{"damage":18,"enemies":"3 Sentries","floor":7,"turns":5},{"damage":20,"enemies":"Lagavulin","floor":10,"turns":5},{"damage":0,"enemies":"2 Fungi Beasts","floor":12,"turns":4},{"damage":5,"enemies":"3 Sentries","floor":14,"turns":4},{"damage":40,"enemies":"Hexaghost","floor":16,"turns":7},{"damage":21,"enemies":"2 Thieves","floor":18,"turns":3},{"damage":14,"enemies":"Shell Parasite","floor":20,"turns":4},{"damage":8,"enemies":"Snake Plant","floor":21,"turns":3},{"damage":8,"enemies":"Centurion and Healer","floor":22,"turns":7},{"damage":10,"enemies":"Slavers","floor":23,"turns":2}],"seed_played":"5153660048806979360","potions_obtained":[{"floor":2,"key":"Strength Potion"},{"floor":4,"key":"SteroidPotion"},{"floor":10,"key":"CultistPotion"},{"floor":12,"key":"Regen Potion"},{"floor":18,"key":"BottledMiracle"},{"floor":21,"key":"SteroidPotion"}],"is_trial":false,"path_per_floor":["M","M","M","M","$","R","E","R","T","E","?","M","?","E","R","B",null,"M","?","M","M","M","E"],"character_chosen":"WATCHER","items_purchased":["LessonLearned"],"campfire_rested":0,"item_purchase_floors":[5],"current_hp_per_floor":[61,61,61,57,57,57,39,39,39,19,19,19,36,31,31,36,60,39,39,25,22,14,9,9],"gold":246,"neow_bonus":"BOSS_RELIC","is_daily":false,"chose_seed":false,"campfire_upgraded":3,"win_rate":0.0,"timestamp":1614378399,"path_taken":["M","M","M","M","$","R","E","R","T","E","?","M","?","E","R","BOSS","M","?","M","M","M","E"],"items_purchased_type":["Card"],"build_version":"2020-12-22","purchased_purges":1,"victory":false,"max_hp_per_floor":[68,68,68,68,68,68,68,68,68,68,68,68,68,68,68,68,68,68,68,68,68,68,68,68],"relic_stats":{"counters":[14,53],"Astrolabe":["WheelKick","Consecrate","SignatureMove"],"Pantograph":25,"Black Star":0,"Boot":[32],"obtain_stats":[{"Astrolabe":0,"Pantograph":14,"Black Star":17,"PureWater":0,"Boot":7,"Akabeko":9,"Toy Ornithopter":10},{"Astrolabe":0,"Pantograph":8,"Black Star":9,"PureWater":0,"Boot":5,"Akabeko":5,"Toy Ornithopter":6},{"Astrolabe":0,"Pantograph":27,"Black Star":34,"PureWater":0,"Boot":14,"Akabeko":14,"Toy Ornithopter":19}],"Toy Ornithopter":15},"card_choices":[{"not_picked":["PathToVictory","CutThroughFate"],"picked":"ThirdEye","floor":1},{"not_picked":["DeceiveReality","Consecrate"],"picked":"EmptyFist","floor":2},{"not_picked":["BowlingBash","WindmillStrike","Worship"],"picked":"SKIP","floor":3},{"not_picked":["Conclude","WheelKick"],"picked":"FearNoEvil","floor":4},{"not_picked":["BattleHymn","MasterReality","ClearTheMind"],"picked":"SKIP","floor":7},{"not_picked":["DeceiveReality","WreathOfFlame"],"picked":"EmptyMind","floor":10},{"not_picked":["CutThroughFate","BowlingBash"],"picked":"Prostrate","floor":12},{"not_picked":["ClearTheMind","EmptyBody","Judgement"],"picked":"SKIP","floor":14},{"not_picked":["Judgement","LessonLearned"],"picked":"SpiritShield","floor":16},{"not_picked":["SashWhip","Sanctity"],"picked":"TalkToTheHand","floor":18},{"not_picked":["DeceiveReality","PathToVictory"],"picked":"FlurryOfBlows","floor":20},{"not_picked":["Fasting2","CutThroughFate"],"picked":"Adaptation","floor":21},{"not_picked":["Sanctity","CutThroughFate"],"picked":"Consecrate+1","floor":22}],"player_experience":1185491,"relics_obtained":[{"floor":7,"key":"Boot"},{"floor":9,"key":"Akabeko"},{"floor":10,"key":"Toy Ornithopter"},{"floor":14,"key":"Pantograph"}],"event_choices":[{"damage_healed":0,"gold_gain":0,"player_choice":"Ignored","damage_taken":0,"max_hp_gain":0,"max_hp_loss":0,"event_name":"Shining Light","floor":11,"gold_loss":0},{"damage_healed":17,"gold_gain":0,"player_choice":"Healed","damage_taken":0,"max_hp_gain":0,"max_hp_loss":0,"event_name":"The Cleric","floor":13,"gold_loss":35},{"damage_healed":0,"gold_gain":0,"player_choice":"Obtain J.A.X.","damage_taken":0,"max_hp_gain":0,"max_hp_loss":0,"event_name":"Drug Dealer","floor":19,"gold_loss":0,"cards_obtained":["J.A.X."]}],"is_beta":false,"boss_relics":[{"not_picked":["Ectoplasm","Pandora\u0027s Box"],"picked":"Black Star"}],"items_purged_floors":[5],"is_endless":false,"potions_floor_spawned":[2,4,10,12,18,21],"killed_by":"Slavers","ascension_level":16}}