{"host":"2l5k2wp87eek7qja","time":1614375007,"event":{"mods":["BaseMod","Colored Map","Minty Spire (QoL Compilation)","Relic Stats"],"gold_per_floor":[118,33,33,33,48,81,231,231,231,270,270,32,65,65,65,65,65],"floor_reached":16,"language":"ENG","playtime":321,"items_purged":["Doubt"],"score":278,"play_id":"18cbba0d-1976-4f93-8528-164e22a9208d","local_time":"20210226233007","is_ascension_mode":true,"campfire_choices":[{"data":"Dagger Spray","floor":8,"key":"SMITH"},{"data":"Neutralize","floor":11,"key":"SMITH"},{"data":"Accuracy","floor":15,"key":"SMITH"}],"circlet_count":0,"master_deck":["AscendersBane","Strike_G","Strike_G","Strike_G","Strike_G","Defend_G","Defend_G","Defend_G","Defend_G","Defend_G","Survivor","Neutralize+1","Blade Dance","Noxious Fumes+1","Blade Dance","Dagger Spray+1","Backflip","Corpse Explosion","Crippling Poison","Accuracy+1"],"relics":["Ring of the Snake","NeowsBlessing","Golden Idol","Paper Crane","Potion Belt","Strawberry","Matryoshka"],"acts_visited":["Exordium"],"potions_floor_usage":[10],"damage_taken":[{"damage":0,"enemies":"2 Louse","floor":1,"turns":1},{"damage":0,"enemies":"Small Slimes","floor":5,"turns":1},{"damage":0,"enemies":"3 Sentries","floor":6,"turns":1},{"damage":26,"enemies":"Lagavulin","floor":10,"turns":8},{"damage":34,"enemies":"Gremlin Nob","floor":13,"turns":5},{"damage":12,"enemies":"Slime Boss","floor":16,"turns":7}],"seed_played":"-7376040090208940334","potions_obtained":[{"floor":6,"key":"SkillPotion"}],"is_trial":false,"path_per_floor":["M","$","?","?","M","E","?","R","T","E","R","$","E","?","R","B"],"character_chosen":"THE_SILENT","items_purchased":["Noxious Fumes","Corpse Explosion","Crippling Poison"],"campfire_rested":0,"item_purchase_floors":[2,12,12],"current_hp_per_floor":[59,59,59,59,59,59,59,59,59,40,40,40,6,6,6,0,0],"gold":65,"neow_bonus":"THREE_ENEMY_KILL","is_daily":false,"chose_seed":false,"campfire_upgraded":3,"win_rate":0.0,"timestamp":1614375007,"path_taken":["M","$","?","?","M","E","?","R","T","E","R","?","E","?","R","BOSS"],"items_purchased_type":["Card","Card","Card"],"build_version":"2020-12-22","purchased_purges":1,"victory":false,"max_hp_per_floor":[66,66,66,60,60,60,60,60,60,67,67,67,67,67,67,67,67],"relic_stats":{"counters":[6,23],"Golden Idol":25,"obtain_stats":[{"Potion Belt":9,"Matryoshka":13,"NeowsBlessing":0,"Golden Idol":4,"Strawberry":10,"Paper Crane":6,"Ring of the Snake":0},{"Potion Belt":3,"Matryoshka":5,"NeowsBlessing":0,"Golden Idol":1,"Strawberry":4,"Paper Crane":3,"Ring of the Snake":0},{"Potion Belt":3,"Matryoshka":16,"NeowsBlessing":0,"Golden Idol":1,"Strawberry":11,"Paper Crane":3,"Ring of the Snake":0}],"Ring of the Snake":[12]},"card_choices":[{"not_picked":["Backflip","Poisoned Stab"],"picked":"Blade Dance","floor":1},{"not_picked":["Deflect","Prepared"],"picked":"Blade Dance","floor":5},{"not_picked":["Heel Hook","Bouncing Flask"],"picked":"Dagger Spray","floor":6},{"not_picked":["Sucker Punch","Deflect"],"picked":"Backflip","floor":10},{"not_picked":["Footwork","After Image"],"picked":"Accuracy","floor":13}],"player_experience":917281,"relics_obtained":[{"floor":6,"key":"Paper Crane"},{"floor":9,"key":"Potion Belt"},{"floor":10,"key":"Strawberry"},{"floor":13,"key":"Matryoshka"}],"event_choices":[{"damage_healed":0,"gold_gain":0,"player_choice":"Grow","damage_taken":0,"max_hp_gain":0,"max_hp_loss":0,"event_name":"Living Wall","floor":3,"gold_loss":0,"cards_upgraded":["Noxious Fumes"]},{"damage_healed":0,"gold_gain":0,"player_choice":"Lose Max HP","damage_taken":0,"relics_obtained":["Golden Idol"],"max_hp_gain":0,"max_hp_loss":6,"event_name":"Golden Idol","floor":4,"gold_loss":0},{"damage_healed":0,"gold_gain":150,"player_choice":"AGREE","damage_taken":0,"max_hp_gain":0,"max_hp_loss":0,"event_name":"Liars Game","floor":7,"gold_loss":0,"cards_obtained":["Doubt"]},{"cards_removed":["Strike_G"],"damage_healed":0,"gold_gain":0,"player_choice":"Offered Basic","damage_taken":0,"max_hp_gain":0,"max_hp_loss":0,"event_name":"Bonfire Elementals","floor":14,"gold_loss":0}],"is_beta":false,"boss_relics":[],"items_purged_floors":[12],"is_endless":false,"potions_floor_spawned":[6],"killed_by":"Slime Boss","ascension_level":20}}