{"host":"wbn3xdfsa5pc2kse","time":1614334368,"event":{"mods":["AchievementEnabler","BaseMod","Bestiary","Colored Map","Colored Powertips","Curses Come First","Highlight Path","Minty Spire (QoL Compilation)","Permanent Neow","Rare Cards Sparkle","Relic Stats","StSLib"],"gold_per_floor":[118,193,210,210,91,117,17,17,43,43,58,58,72,98,98,176,176,186,186,33,50,50,76,95,123,123,123,154,19,29,55,55,129,129,145,64,64,83,100,131,141,170,193,221,235,235,268,280,280,280,280,280,22,52,52],"floor_reached":56,"language":"ZHT","playtime":7369,"items_purged":["Strike_R","Strike_R","Writhe","Strike_R+1"],"score":2294,"play_id":"26fd435a-45b5-428d-9323-00853c5c524c","local_time":"20210226181248","is_ascension_mode":true,"campfire_choices":[{"data":"Immolate","floor":8.0,"key":"SMITH"},{"floor":15.0,"key":"REST"},{"floor":27.0,"key":"REST"},{"floor":32.0,"key":"RECALL"},{"floor":49.0,"key":"REST"},{"floor":52.0,"key":"REST"}],"circlet_count":0,"master_deck":["AscendersBane","Strike_R+1","Strike_R+1","Defend_R+1","Defend_R+1","Defend_R+1","Defend_R+1","Bash","Armaments+1","Blood for Blood+1","Sever Soul","Immolate+1","Flame Barrier","Battle Trance","Ghostly Armor","Double Tap","True Grit","Shrug It Off","Combust","Metallicize","Second Wind","Barricade","Dark Embrace","Corruption","Burning Pact","Feel No Pain","Purity","Havoc+1","Evolve","Uppercut+1","Feel No Pain","Shrug It Off+1","Sentinel","Fire Breathing","Flame Barrier"],"relics":["Burning Blood","Mummified Hand","War Paint","Oddly Smooth Stone","Fusion Hammer","Matryoshka","Toy Ornithopter","Pear","Paper Frog","Red Mask","Mercury Hourglass","Snecko Eye","The Courier","Question Card","Strawberry","Pantograph","Blood Vial","Sundial"],"acts_visited":[],"potions_floor_usage":[54,55,55],"damage_taken":[{"damage":7.0,"enemies":"Small Slimes","floor":1.0,"turns":3.0},{"damage":14.0,"enemies":"Jaw Worm","floor":3.0,"turns":4.0},{"damage":5.0,"enemies":"Lagavulin","floor":6.0,"turns":3.0},{"damage":0.0,"enemies":"2 Louse","floor":11.0,"turns":2.0},{"damage":10.0,"enemies":"Exordium Thugs","floor":13.0,"turns":4.0},{"damage":25.0,"enemies":"Gremlin Nob","floor":14.0,"turns":4.0},{"damage":28.0,"enemies":"The Guardian","floor":16.0,"turns":17.0},{"damage":3.0,"enemies":"Shell Parasite","floor":18.0,"turns":5.0},{"damage":11.0,"enemies":"3 Byrds","floor":21.0,"turns":5.0},{"damage":13.0,"enemies":"Gremlin Leader","floor":23.0,"turns":5.0},{"damage":0.0,"enemies":"Centurion and Healer","floor":24.0,"turns":6.0},{"damage":25.0,"enemies":"Book of Stabbing","floor":25.0,"turns":5.0},{"damage":12.0,"enemies":"Masked Bandits","floor":28.0,"turns":7.0},{"damage":3.0,"enemies":"Snecko","floor":30.0,"turns":4.0},{"damage":0.0,"enemies":"Slavers","floor":31.0,"turns":2.0},{"damage":36.0,"enemies":"Collector","floor":33.0,"turns":11.0},{"damage":0.0,"enemies":"3 Shapes","floor":35.0,"turns":2.0},{"damage":2.0,"enemies":"Orb Walker","floor":38.0,"turns":4.0},{"damage":0.0,"enemies":"Jaw Worm Horde","floor":39.0,"turns":2.0},{"damage":6.0,"enemies":"Reptomancer","floor":40.0,"turns":6.0},{"damage":8.0,"enemies":"Spire Growth","floor":41.0,"turns":3.0},{"damage":0.0,"enemies":"Nemesis","floor":42.0,"turns":5.0},{"damage":3.0,"enemies":"Giant Head","floor":44.0,"turns":6.0},{"damage":2.0,"enemies":"Maw","floor":45.0,"turns":5.0},{"damage":3.0,"enemies":"Reptomancer","floor":47.0,"turns":5.0},{"damage":0.0,"enemies":"Sphere and 2 Shapes","floor":48.0,"turns":4.0},{"damage":32.0,"enemies":"Time Eater","floor":50.0,"turns":13.0},{"damage":16,"enemies":"Shield and Spear","floor":54,"turns":5},{"damage":53,"enemies":"The Heart","floor":55,"turns":9}],"seed_played":"6489905171668155349","potions_obtained":[{"floor":0.0,"key":"SneckoOil"},{"floor":0.0,"key":"ElixirPotion"},{"floor":1.0,"key":"Dexterity Potion"},{"floor":6.0,"key":"BlessingOfTheForge"},{"floor":13.0,"key":"SkillPotion"},{"floor":21.0,"key":"Block Potion"},{"floor":24.0,"key":"LiquidBronze"},{"floor":25.0,"key":"DuplicationPotion"},{"floor":30.0,"key":"LiquidMemories"},{"floor":35.0,"key":"BloodPotion"},{"floor":48.0,"key":"AttackPotion"},{"floor":54,"key":"Energy Potion"}],"is_trial":false,"path_per_floor":["M","?","M","?","$","E","$","R","T","?","M","?","M","E","R","B",null,"M","?","$","M","?","E","M","E","T","R","?","$","M","E","R","B",null,"M","$","?","M","M","E","M","E","T","E","M","?","E","M","R","B",null,"R","$","E","B",null],"character_chosen":"IRONCLAD","items_purchased":["Sever Soul","Shrug It Off","PowerPotion","Dark Embrace","Feel No Pain","Sentinel","PowerPotion","Fire Breathing"],"campfire_rested":4,"item_purchase_floors":[5,20,29,29,36,53,53,53],"current_hp_per_floor":[67,56,48,53,53,54,54,54,54,30,36,36,32,13,37,15,64,67,67,67,62,62,55,61,42,52,79,78,78,81,87,87,60,83,89,89,79,83,89,89,87,90,97,97,97,97,97,97,97,71,91,97,97,87,56],"gold":52,"neow_bonus":"THREE_SMALL_POTIONS","is_daily":false,"chose_seed":false,"campfire_upgraded":1,"win_rate":0.0,"timestamp":1614334368,"path_taken":["M","?","M","?","?","E","$","R","T","?","?","?","M","E","R","BOSS","M","?","$","M","?","E","M","E","T","R","?","$","M","E","R","BOSS","M","$","?","M","M","E","M","E","T","E","M","?","E","M","R","BOSS","R","$","E","BOSS"],"items_purchased_type":["Card","Card","Potion","Card","Card","Card","Potion","Card"],"build_version":"2020-12-22","purchased_purges":4,"victory":true,"max_hp_per_floor":[75,75,75,80,80,80,80,80,80,80,80,80,80,80,80,80,80,80,80,80,80,80,80,80,80,90,90,90,90,90,90,90,90,90,90,90,90,90,90,90,90,90,97,97,97,97,97,97,97,97,97,97,97,97,97],"relic_stats":{"Blood Vial":2,"counters":[2,14],"Mummified Hand":[28],"Sundial":[8],"Pantograph":8,"Snecko Eye":[30,31,26,32],"War Paint":[],"Question Card":1,"obtain_stats":[{"Pear":0,"Oddly Smooth Stone":0,"The Courier":0,"War Paint":0,"Question Card":0,"Burning Blood":0,"Mercury Hourglass":0,"Blood Vial":0,"Matryoshka":0,"Mummified Hand":0,"Sundial":54,"Strawberry":0,"Pantograph":0,"Snecko Eye":0,"Fusion Hammer":0,"Red Mask":0,"Toy Ornithopter":0,"Paper Frog":0},{"Pear":0,"Oddly Smooth Stone":0,"The Courier":0,"War Paint":0,"Question Card":0,"Burning Blood":0,"Mercury Hourglass":0,"Blood Vial":0,"Matryoshka":0,"Mummified Hand":0,"Sundial":1,"Strawberry":0,"Pantograph":0,"Snecko Eye":0,"Fusion Hammer":0,"Red Mask":0,"Toy Ornithopter":0,"Paper Frog":0},{"Pear":0,"Oddly Smooth Stone":0,"The Courier":0,"War Paint":0,"Question Card":0,"Burning Blood":0,"Mercury Hourglass":0,"Blood Vial":0,"Matryoshka":0,"Mummified Hand":0,"Sundial":5,"Strawberry":0,"Pantograph":0,"Snecko Eye":0,"Fusion Hammer":0,"Red Mask":0,"Toy Ornithopter":0,"Paper Frog":0}],"Burning Blood":12,"Toy Ornithopter":6,"Mercury Hourglass":[42]},"card_choices":[{"not_picked":["Metallicize","Headbutt"],"picked":"Armaments","floor":1.0},{"not_picked":["Flex","Sword Boomerang"],"picked":"Blood for Blood","floor":3.0},{"not_picked":["Disarm","Hemokinesis"],"picked":"Immolate","floor":6.0},{"not_picked":["Intimidate","Rampage"],"picked":"Flame Barrier","floor":11.0},{"not_picked":["Disarm","Headbutt"],"picked":"Battle Trance","floor":13.0},{"not_picked":["Immolate","Sword Boomerang"],"picked":"Ghostly Armor","floor":14.0},{"not_picked":["Corruption","Demon Form"],"picked":"Double Tap","floor":16.0},{"not_picked":["Twin Strike","Flex"],"picked":"True Grit","floor":18.0},{"not_picked":["Warcry","Sword Boomerang","Carnage"],"picked":"SKIP","floor":21.0},{"not_picked":["Battle Trance","Rupture"],"picked":"Combust","floor":23.0},{"not_picked":["Body Slam","Clothesline"],"picked":"Metallicize","floor":24.0},{"not_picked":["Armaments","Carnage+1"],"picked":"Second Wind","floor":25.0},{"not_picked":["Bloodletting","Headbutt"],"picked":"Barricade","floor":28.0},{"not_picked":["Thunderclap","Dropkick","Sever Soul"],"picked":"SKIP","floor":30.0},{"not_picked":["Clash","Sword Boomerang","Cleave"],"picked":"SKIP","floor":31.0},{"not_picked":["Limit Break","Impervious"],"picked":"Corruption","floor":33.0},{"not_picked":["Clash","Havoc"],"picked":"Burning Pact","floor":35.0},{"not_picked":["Discovery","PanicButton"],"picked":"Purity","floor":37.0},{"not_picked":["Intimidate","Perfected Strike","Heavy Blade"],"picked":"SKIP","floor":38.0},{"not_picked":["Shockwave","Fire Breathing"],"picked":"Havoc+1","floor":39.0},{"not_picked":["Flex+1","Seeing Red"],"picked":"Evolve","floor":40.0},{"not_picked":["Rampage","Immolate","Havoc"],"picked":"SKIP","floor":41.0},{"not_picked":["Headbutt","Sword Boomerang","Iron Wave+1"],"picked":"SKIP","floor":42.0},{"not_picked":["Heavy Blade","Cleave+1","Pummel"],"picked":"Uppercut+1","floor":44.0},{"not_picked":["Heavy Blade+1","Iron Wave+1","Dual Wield"],"picked":"Feel No Pain","floor":45.0},{"not_picked":["Pummel+1","Clash+1","Warcry+1","Pommel Strike"],"picked":"SKIP","floor":47.0},{"not_picked":["Havoc","Spot Weakness","Iron Wave"],"picked":"Shrug It Off+1","floor":48.0},{"not_picked":["Uppercut","Seeing Red","Inflame"],"picked":"Flame Barrier","floor":54}],"player_experience":891407,"relics_obtained":[{"floor":6.0,"key":"Mummified Hand"},{"floor":9.0,"key":"War Paint"},{"floor":14.0,"key":"Oddly Smooth Stone"},{"floor":25.0,"key":"Toy Ornithopter"},{"floor":26.0,"key":"Pear"},{"floor":26.0,"key":"Paper Frog"},{"floor":28.0,"key":"Red Mask"},{"floor":31.0,"key":"Mercury Hourglass"},{"floor":40.0,"key":"The Courier"},{"floor":42.0,"key":"Question Card"},{"floor":43.0,"key":"Strawberry"},{"floor":44.0,"key":"Pantograph"},{"floor":47.0,"key":"Blood Vial"},{"floor":54,"key":"Sundial"}],"event_choices":[{"damage_healed":0.0,"max_hp_gain":0.0,"max_hp_loss":0.0,"gold_gain":75.0,"event_name":"World of Goop","player_choice":"Gather Gold","floor":2.0,"gold_loss":0.0,"damage_taken":11.0},{"damage_healed":0.0,"max_hp_gain":5.0,"max_hp_loss":0.0,"gold_gain":0.0,"event_name":"Big Fish","player_choice":"Donut","floor":4.0,"gold_loss":0.0,"damage_taken":0.0},{"damage_healed":0.0,"max_hp_gain":0.0,"max_hp_loss":0.0,"gold_gain":0.0,"event_name":"Shining Light","player_choice":"Entered Light","floor":10.0,"gold_loss":0.0,"damage_taken":24.0,"cards_upgraded":["Strike_R","Defend_R"]},{"damage_healed":0.0,"max_hp_gain":0.0,"max_hp_loss":0.0,"gold_gain":0.0,"event_name":"Upgrade Shrine","player_choice":"Upgraded","floor":12.0,"gold_loss":0.0,"damage_taken":0.0,"cards_upgraded":["Blood for Blood"]},{"damage_healed":0.0,"max_hp_gain":0.0,"max_hp_loss":0.0,"gold_gain":0.0,"event_name":"The Mausoleum","player_choice":"Opened","floor":19.0,"gold_loss":0.0,"damage_taken":0.0,"relics_obtained":["Matryoshka"],"cards_obtained":["Writhe"]},{"damage_healed":0.0,"max_hp_gain":0.0,"max_hp_loss":0.0,"gold_gain":0.0,"event_name":"Back to Basics","player_choice":"Simplicity","floor":22.0,"gold_loss":0.0,"damage_taken":0.0,"cards_upgraded":["Strike_R","Strike_R","Defend_R","Defend_R"]},{"damage_healed":0.0,"max_hp_gain":0.0,"max_hp_loss":0.0,"gold_gain":0.0,"event_name":"Masked Bandits","player_choice":"Fought Bandits","floor":28.0,"gold_loss":0.0,"damage_taken":0.0},{"damage_healed":0.0,"max_hp_gain":0.0,"max_hp_loss":0.0,"gold_gain":0.0,"event_name":"SensoryStone","player_choice":"Memory 3","floor":37.0,"gold_loss":0.0,"damage_taken":10.0},{"damage_healed":0.0,"max_hp_gain":0.0,"max_hp_loss":0.0,"gold_gain":0.0,"event_name":"Wheel of Change","player_choice":"Full Heal","floor":46.0,"gold_loss":0.0,"damage_taken":0.0}],"is_beta":false,"boss_relics":[{"not_picked":["Empty Cage","SacredBark"],"picked":"Fusion Hammer"},{"not_picked":["Cursed Key","Coffee Dripper"],"picked":"Snecko Eye"}],"items_purged_floors":[5,7,20,53],"is_endless":false,"potions_floor_spawned":[1,6,13,21,24,25,30,31,35,38,44,47,48,54],"ascension_level":16}}