{"host":"y2ptgajoxt8nh64w","time":1614326523,"event":{"mods":["10 clothes from DAL","100% Spire Juice","AchievementEnabler","Act Like it!","Arknights","BaseMod","Better Vampires","CapriCore","Colored Map","Colored Powertips","Conspire","DeckTracker","Energized Spire","Friendly Minions","Gensokyo","GifTheSpireLib","Hallownest","Highlight Path","Koishi","Marisa（F雨　魔理沙）","Minty Spire (QoL Compilation)","Quick Restart","Rare Cards Sparkle","Reimu（博丽灵梦）","Relic Stats","Remilia（蕾米莉亚）","Ring Of Destiny","RumiaBox-露米娅的神秘盒子","Ryuuou龙王","StSLib","The Immortal","The Servant 0.9.4","Waifu the Spire","WarShipGirlsR/战舰少女R mod","Wide Potions","Youmu（魂魄妖梦）","【功能Mod】混沌之环修复补丁","【功能Mod】聪明的最终Boss","【遗物卡牌】REMEMod","老伊莉雅"],"gold_per_floor":[112,129,139,159,173,198,211,238,284,284,284,138,148,113,113,218,218,235,235,235,287,299,299,319,64,64,98,116,131,131,131,131,229,229,241,241,257,257,257,1292,1292,1306,1306,1306,1324,1324,1338,1338,1338,1338,1338,1338,625,650,1650],"floor_reached":56,"language":"ZHS","playtime":4067,"items_purged":["HellCatastrophe","BloodySeventeenLaser","Wraith"],"score":1311,"play_id":"a673502a-1716-4e1c-bbf4-276de6d49df0","local_time":"20210226160203","is_ascension_mode":false,"campfire_choices":[{"data":"BloodySeventeenLaser","floor":15.0,"key":"SMITH"},{"floor":23.0,"key":"REST"},{"floor":30.0,"key":"REST"},{"floor":32.0,"key":"RECALL"},{"data":"ForecastOfChange","floor":41.0,"key":"SMITH"},{"floor":46.0,"key":"REST"},{"floor":49.0,"key":"REST"},{"data":"Ryuuou:NotRegret","floor":52.0,"key":"SMITH"}],"circlet_count":0,"master_deck":["ScarletDevilSign+1","UnderTheZenith+1","VampireKiss+1","FitfulNightmare+1","ScarletDevil+1","DevilSight+1","EquivalentExchange+1","BloodySeventeenLaser+1","BloodyHallows+1","BloodyCatastrophe+1","TransientEternity+1","HeartBreak+1","EmergencyRegeneration+1","AfternoonTea+1","RedRainbow+1","UltimateOffering+1","MiserableFate+1","ScarletImprint+1","VampireKiss+1","RedRainbow+1","ScarletDevil+1","VampireSweep+1","BlasphemousPunishment+1","Paverschlev","Ryuuou:NotRegret+1","ForecastOfChange+1","conspire:NecroticWound","BloodyCatastrophe+1"],"relics":["ScarletHat","REME_ComplimentaryCards","Juzu Bracelet","SumBook","Mastiff:ReiMu","ScarletEmblem","CaptainsWheel","Orrery","MagicDraw3","MutagenicStrength","Cursed Key","Ancient Tea Set","REME_HourglassOfDeath","TheAbacus","ZombieArmy","Blood Vial"],"acts_visited":["Exordium","TheCity","TheBeyond","TheEnding"],"potions_floor_usage":[],"damage_taken":[{"damage":0.0,"enemies":"Small Slimes","floor":1.0,"turns":5.0},{"damage":0.0,"enemies":"ats:Genji","floor":2.0,"turns":6.0},{"damage":5.0,"enemies":"2 Louse","floor":3.0,"turns":2.0},{"damage":0.0,"enemies":"2 Fungi Beasts","floor":4.0,"turns":4.0},{"damage":3.0,"enemies":"Looter","floor":5.0,"turns":3.0},{"damage":11.0,"enemies":"3 Sentries","floor":6.0,"turns":10.0},{"damage":5.0,"enemies":"3 Louse","floor":7.0,"turns":3.0},{"damage":13.0,"enemies":"Lagavulin","floor":8.0,"turns":9.0},{"damage":54.0,"enemies":"Blue Slaver","floor":13.0,"turns":2.0},{"damage":45.0,"enemies":"Slime Boss","floor":16.0,"turns":5.0},{"damage":40.0,"enemies":"3 Byrds","floor":18.0,"turns":4.0},{"damage":12.0,"enemies":"2 Thieves","floor":21.0,"turns":2.0},{"damage":91.0,"enemies":"Snake Plant","floor":22.0,"turns":1.0},{"damage":9.0,"enemies":"Sentry and Sphere","floor":24.0,"turns":2.0},{"damage":13.0,"enemies":"conspire:Head Lice","floor":27.0,"turns":3.0},{"damage":26.0,"enemies":"Centurion and Healer","floor":28.0,"turns":2.0},{"damage":0.0,"enemies":"Snake Plant","floor":29.0,"turns":1.0},{"damage":112.0,"enemies":"Collector","floor":33.0,"turns":3.0},{"damage":42.0,"enemies":"Orb Walker","floor":35.0,"turns":2.0},{"damage":0.0,"enemies":"3 Shapes","floor":37.0,"turns":1.0},{"damage":42.0,"enemies":"Giant Head","floor":40.0,"turns":4.0},{"damage":22.0,"enemies":"3 Darklings","floor":42.0,"turns":3.0},{"damage":70.0,"enemies":"4 Shapes","floor":45.0,"turns":3.0},{"damage":26.0,"enemies":"Transient","floor":47.0,"turns":5.0},{"damage":61.0,"enemies":"Donu and Deca","floor":50.0,"turns":3.0},{"damage":56.0,"enemies":"Shield and Spear","floor":54.0,"turns":2.0},{"damage":41,"enemies":"The Heart","floor":55,"turns":2}],"seed_played":"-6536134271187845580","potions_obtained":[{"floor":1.0,"key":"Dexterity Potion"},{"floor":2.0,"key":"Energy Potion"},{"floor":5.0,"key":"LiquidMemories"},{"floor":7.0,"key":"Dexterity Potion"},{"floor":13.0,"key":"ZuzhouPotion:ReiMu"},{"floor":16.0,"key":"ColorlessPotion"},{"floor":22.0,"key":"Swift Potion"},{"floor":47.0,"key":"LiquidMemories"}],"is_trial":false,"path_per_floor":["M","M","M","M","M","E","M","E","T","?","?","$","M","?","R","B",null,"M","?","?","M","M","R","M","$","T","E","M","M","R","?","R","B",null,"M","?","M","?","?","E","R","M","T","?","M","R","M","?","R","B",null,"R","$","E","B",null],"character_chosen":"REMILIA","items_purchased":["EmergencyRegeneration","Orrery","REME_HourglassOfDeath","TheAbacus","ZombieArmy","BlessingOfTheForge"],"campfire_rested":4,"item_purchase_floors":[12,25,53,53,53,53],"current_hp_per_floor":[82,82,77,77,75,68,64,54,54,38,38,38,33,53,53,55,82,42,42,42,34,1,25,16,16,16,26,5,9,33,33,33,6,82,45,45,45,45,82,58,58,40,40,40,24,48,47,47,71,41,82,82,82,28,43],"gold":1650,"neow_bonus":"TEN_PERCENT_HP_BONUS","is_daily":false,"chose_seed":false,"campfire_upgraded":3,"win_rate":0.0,"timestamp":1614326523,"path_taken":["M","M","M","M","M","E","M","E","T","?","?","$","M","?","R","BOSS","M","?","?","M","M","R","M","$","T","E","M","M","R","?","R","BOSS","M","?","M","?","?","E","R","M","T","?","M","R","M","?","R","BOSS","R","$","E","BOSS"],"items_purchased_type":["Card","Relic","Relic","Relic","Relic","Potion"],"build_version":"2020-12-22","purchased_purges":3,"victory":true,"max_hp_per_floor":[82,82,82,82,82,82,82,82,82,82,82,82,82,82,82,82,82,82,82,82,82,82,82,82,82,82,82,82,82,82,82,82,82,82,82,82,82,82,82,82,82,82,82,82,82,82,82,82,82,82,82,82,82,82,82],"relic_stats":{"Blood Vial":2,"TheAbacus":[0],"counters":[27,92],"Juzu Bracelet":4,"Cursed Key":1,"obtain_stats":[{"Juzu Bracelet":6,"ScarletEmblem":17,"MagicDraw3":26,"Cursed Key":34,"Ancient Tea Set":40,"ScarletHat":0,"Blood Vial":54,"CaptainsWheel":19,"TheAbacus":53,"REME_HourglassOfDeath":53,"Mastiff:ReiMu":9,"MutagenicStrength":31,"Orrery":25,"REME_ComplimentaryCards":0,"SumBook":8,"ZombieArmy":53},{"Juzu Bracelet":6,"ScarletEmblem":10,"MagicDraw3":14,"Cursed Key":18,"Ancient Tea Set":21,"ScarletHat":0,"Blood Vial":26,"CaptainsWheel":11,"TheAbacus":25,"REME_HourglassOfDeath":25,"Mastiff:ReiMu":8,"MutagenicStrength":17,"Orrery":14,"REME_ComplimentaryCards":0,"SumBook":8,"ZombieArmy":25},{"Juzu Bracelet":30,"ScarletEmblem":49,"MagicDraw3":58,"Cursed Key":67,"Ancient Tea Set":74,"ScarletHat":0,"Blood Vial":90,"CaptainsWheel":53,"TheAbacus":88,"REME_HourglassOfDeath":88,"Mastiff:ReiMu":42,"MutagenicStrength":64,"Orrery":58,"REME_ComplimentaryCards":0,"SumBook":42,"ZombieArmy":88}]},"card_choices":[{"not_picked":["ForbiddenFruit","ScarletDevil"],"picked":"ScarletDevilSign","floor":1.0},{"not_picked":["ForbiddenFruit","RedNightlessCastle"],"picked":"UnderTheZenith","floor":2.0},{"not_picked":["BloodHunter","RedNightlessCastle"],"picked":"VampireKiss","floor":3.0},{"not_picked":["ScarletDevil","NightDance"],"picked":"FitfulNightmare","floor":4.0},{"not_picked":["MillenniumVampire","CeilingFear"],"picked":"ScarletDevil","floor":5.0},{"not_picked":["UnstableMagic","VampireKiss"],"picked":"DevilSight","floor":6.0},{"not_picked":["DevilSight","EndlessAdversity","DiffusionOfMisfortune"],"picked":"SKIP","floor":7.0},{"not_picked":["UnstableMagic","VampireKiss","ScarletSymphony"],"picked":"SKIP","floor":8.0},{"not_picked":["UnstableMagic","VampireKiss","ScarletSymphony"],"picked":"SKIP","floor":8.0},{"not_picked":["ScarletGensokyo","UnstableMagic"],"picked":"AfternoonTea","floor":13.0},{"not_picked":["BloodHunter","FavorOfDestiny"],"picked":"RedRainbow","floor":18.0},{"not_picked":["UnderTheZenith","ScarletGensokyo"],"picked":"UltimateOffering+1","floor":21.0},{"not_picked":["EndlessAdversity","NightDance"],"picked":"MiserableFate","floor":22.0},{"not_picked":["CeilingFear","HunterOfTheNight","MastersStateliness"],"picked":"SKIP","floor":24.0},{"not_picked":["MastersStateliness","BombardNight+1"],"picked":"ScarletImprint","floor":25.0},{"not_picked":["EndlessAdversity","DiffusionOfMisfortune"],"picked":"VampireKiss","floor":25.0},{"not_picked":["KillingBlow","Stigmanizer+1"],"picked":"RedRainbow+1","floor":25.0},{"not_picked":["EquivalentExchange","VampireKiss+1"],"picked":"ScarletDevil","floor":25.0},{"not_picked":["EndlessAdversity+1","FitfulNightmare","Septette"],"picked":"SKIP","floor":27.0},{"not_picked":["BloodHunter","VampireFantasy","NightDance"],"picked":"SKIP","floor":28.0},{"not_picked":["Ultimatum","EndlessAdversity"],"picked":"VampireSweep","floor":29.0},{"not_picked":["UnderTheZenith+1","BadLadyScramble"],"picked":"BlasphemousPunishment","floor":35.0},{"not_picked":["FavorOfDestiny+1","NightLord+1","MastersStateliness+1"],"picked":"SKIP","floor":37.0},{"not_picked":["ScarletSymphony+1","VampireSweep"],"picked":"ForecastOfChange","floor":40.0},{"not_picked":["EndlessAdversity","UnstableMagic+1","ScarletGensokyo"],"picked":"SKIP","floor":42.0},{"not_picked":["CharismaGuard","NightDance+1","EndlessAdversity+1"],"picked":"SKIP","floor":45.0},{"not_picked":["StarOfDavid+1","UnderTheZenith+1","FavorOfDestiny+1"],"picked":"SKIP","floor":47.0},{"not_picked":["Maim","BloodHunter+1","ScarletDevilSign"],"picked":"SKIP","floor":54.0}],"player_experience":18583,"relics_obtained":[{"floor":6.0,"key":"Juzu Bracelet"},{"floor":8.0,"key":"SumBook"},{"floor":9.0,"key":"Mastiff:ReiMu"},{"floor":26.0,"key":"MagicDraw3"},{"floor":40.0,"key":"Ancient Tea Set"},{"floor":54.0,"key":"Blood Vial"}],"event_choices":[{"damage_healed":0.0,"max_hp_gain":0.0,"max_hp_loss":0.0,"gold_gain":0.0,"event_name":"Shining Light","player_choice":"Entered Light","floor":10.0,"gold_loss":0.0,"damage_taken":16.0,"cards_upgraded":["BloodyHallows","UnderTheZenith"]},{"cards_removed":["BloodySeventeenLaser"],"damage_healed":0.0,"max_hp_gain":0.0,"max_hp_loss":0.0,"gold_gain":0.0,"event_name":"Living Wall","player_choice":"Forget","floor":11.0,"gold_loss":0.0,"damage_taken":0.0},{"damage_healed":20.0,"max_hp_gain":0.0,"max_hp_loss":0.0,"gold_gain":0.0,"event_name":"The Cleric","player_choice":"Healed","floor":14.0,"gold_loss":35.0,"damage_taken":0.0},{"damage_healed":0.0,"max_hp_gain":0.0,"max_hp_loss":0.0,"gold_gain":0.0,"event_name":"The Mausoleum","player_choice":"Opened","floor":19.0,"gold_loss":0.0,"damage_taken":0.0,"relics_obtained":["CaptainsWheel"]},{"cards_removed":["DemonKingCradle"],"damage_healed":0.0,"max_hp_gain":0.0,"max_hp_loss":0.0,"gold_gain":0.0,"event_name":"Back to Basics","player_choice":"Elegance","floor":20.0,"gold_loss":0.0,"damage_taken":0.0},{"damage_healed":0.0,"max_hp_gain":0.0,"max_hp_loss":0.0,"gold_gain":0.0,"event_name":"Drug Dealer","player_choice":"Inject Mutagens","floor":31.0,"gold_loss":0.0,"damage_taken":0.0,"relics_obtained":["MutagenicStrength"]},{"cards_removed":["Dilation"],"damage_healed":0.0,"max_hp_gain":0.0,"max_hp_loss":0.0,"gold_gain":0.0,"event_name":"NoteForYourself","player_choice":"Took Card","floor":36.0,"gold_loss":0.0,"damage_taken":0.0,"cards_obtained":["Paverschlev"]},{"damage_healed":0.0,"max_hp_gain":0.0,"max_hp_loss":0.0,"gold_gain":0.0,"event_name":"Accursed Blacksmith","player_choice":"Forge","floor":38.0,"gold_loss":0.0,"damage_taken":0.0,"cards_upgraded":["BlasphemousPunishment"]},{"damage_healed":0.0,"max_hp_gain":0.0,"max_hp_loss":0.0,"gold_gain":0.0,"event_name":"Duplicator","player_choice":"Copied","floor":44.0,"gold_loss":0.0,"damage_taken":0.0,"cards_obtained":["BloodyCatastrophe"]},{"damage_healed":0.0,"max_hp_gain":0.0,"max_hp_loss":0.0,"gold_gain":0.0,"event_name":"OrinTheCat","player_choice":"Ignored","floor":48.0,"gold_loss":0.0,"damage_taken":0.0}],"is_beta":false,"boss_relics":[{"not_picked":["REME_LowDesire","Calling Bell"],"picked":"ScarletEmblem"},{"not_picked":["Runic Pyramid","REME_DemonsWealth"],"picked":"Cursed Key"}],"items_purged_floors":[12,25,53],"is_endless":false,"potions_floor_spawned":[1,2,5,7,13,16,22,24,27,40,47],"ascension_level":0}}