{"host":"sav7uxregyirlf69","time":1614347115,"event":{"mods":["AchievementEnabler","BaseMod","Colored Map","DeckTracker","Keyboard Shortcuts","Minty Spire (QoL Compilation)","READ ME - Guardian Mod","StSLib","SuperFastMode"],"gold_per_floor":[111,130,130,12,32,46,56,68,114,114,132,132,143,43,43,115,115,135,135,55,55],"floor_reached":20,"language":"KOR","playtime":351,"items_purged":["Strike_B","Strike_B"],"score":336,"play_id":"781f76c8-6f2e-46fc-b9d7-8d26dcb2cd3c","local_time":"20210226224515","is_ascension_mode":true,"campfire_choices":[{"data":"Go for the Eyes","floor":10,"key":"SMITH"},{"data":"Loop","floor":12,"key":"SMITH"},{"data":"Consume","floor":15,"key":"SMITH"}],"circlet_count":0,"master_deck":["AscendersBane","Strike_B","Strike_B","Defend_B","Defend_B","Defend_B","Defend_B","Zap+1","Dualcast","Cold Snap","Undo","Loop+1","Ball Lightning","Go for the Eyes+1","Consume+1","Creative AI","Turbo"],"relics":["Cracked Core","Inserter"],"acts_visited":["Exordium","TheCity"],"potions_floor_usage":[6,11,16],"damage_taken":[{"damage":19.0,"enemies":"Small Slimes","floor":1.0,"turns":3.0},{"damage":0.0,"enemies":"Cultist","floor":2.0,"turns":4.0},{"damage":0.0,"enemies":"Jaw Worm","floor":5.0,"turns":2.0},{"damage":9,"enemies":"Lots of Slimes","floor":6,"turns":5},{"damage":6,"enemies":"Blue Slaver","floor":7,"turns":3},{"damage":4,"enemies":"3 Louse","floor":8,"turns":3},{"damage":9,"enemies":"Exordium Thugs","floor":11,"turns":4},{"damage":5,"enemies":"2 Fungi Beasts","floor":13,"turns":4},{"damage":10,"enemies":"Hexaghost","floor":16,"turns":8},{"damage":7,"enemies":"Shell Parasite","floor":18,"turns":7},{"damage":36,"enemies":"2 Thieves","floor":20,"turns":2}],"seed_played":"-7131075493517798295","potions_obtained":[{"floor":1.0,"key":"ColorlessPotion"},{"floor":2.0,"key":"PowerPotion"},{"floor":6,"key":"Block Potion"},{"floor":11,"key":"DuplicationPotion"},{"floor":18,"key":"FocusPotion"}],"is_trial":false,"path_per_floor":["M","M","?","$","M","M","M","M","T","R","M","R","M","$","R","B",null,"M","?","M"],"character_chosen":"DEFECT","items_purchased":["Undo"],"campfire_rested":0,"item_purchase_floors":[4],"current_hp_per_floor":[52,52,52,52,52,43,37,33,33,33,24,24,19,19,19,9,61,54,32,0,0],"gold":55,"neow_bonus":"TEN_PERCENT_HP_BONUS","is_daily":false,"chose_seed":false,"campfire_upgraded":3,"win_rate":0.0,"timestamp":1614347115,"path_taken":["M","M","?","?","M","M","?","M","T","R","M","R","M","$","R","BOSS","M","?","M"],"items_purchased_type":["Card"],"build_version":"2020-12-22","purchased_purges":2,"victory":false,"max_hp_per_floor":[78,78,78,78,78,78,78,78,78,78,78,78,78,78,78,78,78,78,83,83,83],"card_choices":[{"not_picked":["Stack","Heatsinks"],"picked":"Cold Snap","floor":1.0},{"not_picked":["Turbo","Storm","Hologram"],"picked":"SKIP","floor":2.0},{"not_picked":["Reprogram","Auto Shields"],"picked":"Loop","floor":5.0},{"not_picked":["Tempest","Hello World"],"picked":"Ball Lightning","floor":6},{"not_picked":["Compile Driver","FTL"],"picked":"Go for the Eyes","floor":7},{"not_picked":["Streamline","Hello World","Scrape"],"picked":"SKIP","floor":8},{"not_picked":["Ball Lightning","Reprogram"],"picked":"Consume","floor":11},{"not_picked":["Beam Cell","Steam","Gash"],"picked":"SKIP","floor":13},{"not_picked":["Seek","Reboot"],"picked":"Creative AI","floor":16},{"not_picked":["Sweeping Beam","Gash"],"picked":"Turbo","floor":18}],"player_experience":1709867,"relics_obtained":[],"event_choices":[{"damage_healed":0.0,"max_hp_gain":0.0,"max_hp_loss":0.0,"gold_gain":0.0,"event_name":"Accursed Blacksmith","player_choice":"Forge","floor":3.0,"gold_loss":0.0,"damage_taken":0.0,"cards_upgraded":["Zap"]},{"damage_healed":0,"gold_gain":0,"player_choice":"Shed Blood","damage_taken":27,"max_hp_gain":5,"max_hp_loss":0,"event_name":"Forgotten Altar","floor":19,"gold_loss":0}],"is_beta":false,"boss_relics":[{"not_picked":["Sozu","Astrolabe"],"picked":"Inserter"}],"items_purged_floors":[4,14],"is_endless":false,"potions_floor_spawned":[1,2,6,11,13,18],"killed_by":"2 Thieves","ascension_level":20}}