{"host":"uwdjobnswnt8y9oc","time":1614334502,"event":{"mods":["BaseMod","Colored Powertips","Minty Spire (QoL Compilation)"],"gold_per_floor":[109,109,123,198,198,198,216,121,201,213,233,244,269,286,286,388,388,408,428,428,448,373,373,373,373,452,452,452,452,52,72,72,170,170,182,0,0,16,16,43,43,43,43,60,60,60,70,89,89,89,89],"floor_reached":50,"language":"ENG","playtime":2831,"items_purged":[],"score":569,"play_id":"2846f21e-1041-4e54-9d85-42d96ad23e84","local_time":"20210226171502","is_ascension_mode":false,"campfire_choices":[{"data":"Eruption","floor":6.0,"key":"SMITH"},{"floor":15.0,"key":"RECALL"},{"data":"Judgement","floor":27.0,"key":"SMITH"},{"data":"Pray","floor":29,"key":"SMITH"},{"data":"SpiritShield","floor":32,"key":"SMITH"},{"floor":45,"key":"REST"},{"floor":49,"key":"REST"}],"circlet_count":0,"master_deck":["Defend_P","Defend_P","Defend_P","Defend_P","Eruption+1","Vigilance","Evaluate","DeceiveReality","EmptyBody","FearNoEvil","FlurryOfBlows","EmptyFist","PathToVictory","CarveReality","Judgement+1","CrushJoints+1","Prostrate+1","SpiritShield+1","Pray+1","Bite","Bite","Bite","Bite","Bite","Prostrate+1","MasterReality","Study","EmptyMind+1","Secret Weapon+1","Tantrum+1","ThirdEye+1","Tantrum+1"],"relics":["HolyWater","NeowsBlessing","Akabeko","Question Card","MealTicket","Toxic Egg 2","Toolbox","Fusion Hammer","Red Mask","Regal Pillow","Torii"],"acts_visited":["Exordium","TheCity","TheBeyond"],"potions_floor_usage":[33,33,41,44,48,50,50,50,50,50],"damage_taken":[{"damage":0.0,"enemies":"2 Louse","floor":1.0,"turns":1.0},{"damage":0.0,"enemies":"Cultist","floor":3.0,"turns":1.0},{"damage":0.0,"enemies":"Jaw Worm","floor":7.0,"turns":1.0},{"damage":0.0,"enemies":"Exordium Wildlife","floor":10.0,"turns":3.0},{"damage":2.0,"enemies":"Looter","floor":11.0,"turns":3.0},{"damage":0.0,"enemies":"3 Louse","floor":12.0,"turns":1.0},{"damage":13.0,"enemies":"3 Sentries","floor":13.0,"turns":12.0},{"damage":0.0,"enemies":"2 Fungi Beasts","floor":14.0,"turns":2.0},{"damage":0.0,"enemies":"Slime Boss","floor":16.0,"turns":3.0},{"damage":0.0,"enemies":"3 Byrds","floor":18.0,"turns":4.0},{"damage":0.0,"enemies":"Spheric Guardian","floor":19.0,"turns":2.0},{"damage":3.0,"enemies":"Centurion and Healer","floor":21.0,"turns":4.0},{"damage":1.0,"enemies":"Gremlin Leader","floor":23.0,"turns":2.0},{"damage":0,"enemies":"Snake Plant","floor":31,"turns":1},{"damage":57,"enemies":"Automaton","floor":33,"turns":11},{"damage":5,"enemies":"3 Shapes","floor":35,"turns":4},{"damage":4,"enemies":"Orb Walker","floor":38,"turns":4},{"damage":38,"enemies":"Nemesis","floor":40,"turns":7},{"damage":5,"enemies":"4 Shapes","floor":41,"turns":5},{"damage":1,"enemies":"Transient","floor":44,"turns":5},{"damage":1,"enemies":"Sphere and 2 Shapes","floor":47,"turns":3},{"damage":13,"enemies":"Spire Growth","floor":48,"turns":5},{"damage":64,"enemies":"Awakened One","floor":50,"turns":7}],"seed_played":"-5945895449047778166","potions_obtained":[{"floor":1.0,"key":"FearPotion"},{"floor":10.0,"key":"Explosive Potion"},{"floor":11.0,"key":"FearPotion"},{"floor":13.0,"key":"Weak Potion"},{"floor":16.0,"key":"SmokeBomb"},{"floor":18.0,"key":"BottledMiracle"},{"floor":19.0,"key":"BlessingOfTheForge"},{"floor":31,"key":"EssenceOfSteel"},{"floor":33,"key":"EntropicBrew"},{"floor":35,"key":"Explosive Potion"},{"floor":44,"key":"StancePotion"},{"floor":47,"key":"ColorlessPotion"},{"floor":48,"key":"EssenceOfSteel"}],"is_trial":false,"path_per_floor":["M","?","M","?","$","R","M","$","T","M","M","M","E","M","R","B",null,"M","M","?","M","?","E","?","?","T","R","?","R","$","M","R","B",null,"M","?","?","M","?","E","M","?","T","M","R","$","M","M","R","B"],"character_chosen":"WATCHER","items_purchased":["FearNoEvil","FlurryOfBlows","Toxic Egg 2","Toolbox"],"campfire_rested":2,"item_purchase_floors":[8,8,30,30],"current_hp_per_floor":[72,72,72,61,61,61,61,61,61,61,59,59,46,46,46,46,72,72,72,59,56,56,55,55,53,53,53,53,53,53,53,53,6,53,48,48,48,50,50,18,19,44,44,44,44,44,43,36,44,0,0],"gold":89,"neow_bonus":"THREE_ENEMY_KILL","is_daily":false,"chose_seed":false,"campfire_upgraded":4,"win_rate":0.0,"timestamp":1614334502,"path_taken":["M","?","?","?","$","R","M","$","T","M","M","M","E","M","R","BOSS","M","M","?","M","?","E","?","?","T","R","?","R","$","M","R","BOSS","M","?","?","M","?","E","M","?","T","M","R","?","M","M","R","BOSS"],"items_purchased_type":["Card","Card","Relic","Relic"],"build_version":"2020-12-22","purchased_purges":0,"victory":false,"max_hp_per_floor":[72,72,72,72,72,72,72,72,72,72,72,72,72,72,72,72,72,72,72,77,77,77,77,77,53,53,53,53,53,53,53,53,53,53,53,53,50,50,50,50,50,44,44,44,44,44,44,44,44,44,44],"card_choices":[{"not_picked":["BattleHymn","LikeWater"],"picked":"Evaluate","floor":1.0},{"not_picked":["CutThroughFate","Wallop"],"picked":"DeceiveReality","floor":3.0},{"not_picked":["Scrawl","Perseverance"],"picked":"EmptyBody","floor":7.0},{"not_picked":["SignatureMove","PathToVictory","FlyingSleeves","JustLucky"],"picked":"SKIP","floor":10.0},{"not_picked":["CrushJoints","Crescendo","Nirvana"],"picked":"EmptyFist","floor":11.0},{"not_picked":["FlyingSleeves","Halt","DeceiveReality"],"picked":"PathToVictory","floor":12.0},{"not_picked":["Ragnarok","EmptyBody","Halt"],"picked":"Consecrate","floor":13.0},{"not_picked":["Devotion","EmptyMind","ThirdEye"],"picked":"CarveReality","floor":14.0},{"not_picked":["Scrawl","Wish","Alpha"],"picked":"Judgement","floor":16.0},{"not_picked":["WreathOfFlame","FlyingSleeves","Protect"],"picked":"CrushJoints+1","floor":18.0},{"not_picked":["FlyingSleeves","JustLucky","ForeignInfluence"],"picked":"Prostrate+1","floor":19.0},{"not_picked":["CarveReality","FlyingSleeves","Tantrum"],"picked":"SpiritShield","floor":21.0},{"not_picked":["WheelKick+1","Fasting2","Conclude"],"picked":"Prostrate+1","floor":31},{"not_picked":["Devotion","Alpha+1","Judgement+1"],"picked":"MasterReality","floor":33},{"not_picked":["FollowUp","CrushJoints","Adaptation"],"picked":"Study","floor":35},{"not_picked":["FearNoEvil+1","WindmillStrike","Evaluate+1"],"picked":"EmptyMind+1","floor":38},{"not_picked":["Bandage Up+1","Forethought+1","Purity+1"],"picked":"Secret Weapon+1","floor":39},{"not_picked":["Fasting2+1","Study+1","ForeignInfluence+1"],"picked":"Tantrum+1","floor":40},{"not_picked":["JustLucky","SashWhip","Fasting2+1"],"picked":"ThirdEye+1","floor":41},{"not_picked":["EmptyFist","FlurryOfBlows+1","CrushJoints"],"picked":"Tantrum+1","floor":44},{"not_picked":["WreathOfFlame+1","Weave+1","Protect+1","EmptyBody+1"],"picked":"SKIP","floor":47},{"not_picked":["CarveReality+1","Collect+1","MentalFortress","EmptyFist+1"],"picked":"SKIP","floor":48}],"player_experience":522856,"relics_obtained":[{"floor":9.0,"key":"Question Card"},{"floor":13.0,"key":"MealTicket"},{"floor":40,"key":"Regal Pillow"},{"floor":43,"key":"Torii"}],"event_choices":[{"damage_healed":0.0,"max_hp_gain":0.0,"max_hp_loss":0.0,"gold_gain":0.0,"event_name":"WeMeetAgain","player_choice":"Gave Potion","floor":2.0,"gold_loss":0.0,"damage_taken":0.0,"relics_obtained":["Akabeko"]},{"damage_healed":0.0,"max_hp_gain":0.0,"max_hp_loss":0.0,"gold_gain":75.0,"event_name":"World of Goop","player_choice":"Gather Gold","floor":4.0,"gold_loss":0.0,"damage_taken":11.0},{"damage_healed":0.0,"max_hp_gain":5.0,"max_hp_loss":0.0,"gold_gain":0.0,"event_name":"Forgotten Altar","player_choice":"Shed Blood","floor":20.0,"gold_loss":0.0,"damage_taken":18.0},{"cards_removed":["Consecrate"],"damage_healed":0.0,"max_hp_gain":0.0,"max_hp_loss":0.0,"gold_gain":0.0,"event_name":"Beggar","player_choice":"Gave Gold","floor":22.0,"gold_loss":75.0,"damage_taken":0.0},{"damage_healed":0.0,"max_hp_gain":0.0,"max_hp_loss":0.0,"gold_gain":0.0,"event_name":"The Library","player_choice":"Read","floor":24.0,"gold_loss":0.0,"damage_taken":0.0,"cards_obtained":["Pray"]},{"damage_healed":0.0,"max_hp_gain":0.0,"max_hp_loss":24.0,"gold_gain":0.0,"event_name":"Vampires","player_choice":"Became a vampire","floor":25.0,"gold_loss":0.0,"damage_taken":0.0,"cards_obtained":["Bite","Bite","Bite","Bite","Bite"]},{"damage_healed":0.0,"max_hp_gain":0.0,"max_hp_loss":0.0,"gold_gain":0.0,"event_name":"Ghosts","player_choice":"Ignored","floor":28.0,"gold_loss":0.0,"damage_taken":0.0},{"damage_healed":0,"gold_gain":0,"player_choice":"Paid","damage_taken":0,"relics_obtained":["Red Mask"],"max_hp_gain":0,"max_hp_loss":0,"event_name":"Tomb of Lord Red Mask","floor":36,"gold_loss":182},{"damage_healed":0,"gold_gain":0,"player_choice":"Max HP","damage_taken":0,"max_hp_gain":0,"max_hp_loss":3,"event_name":"Winding Halls","floor":37,"gold_loss":0},{"damage_healed":0,"gold_gain":0,"player_choice":"Memory 1","damage_taken":0,"max_hp_gain":0,"max_hp_loss":0,"event_name":"SensoryStone","floor":39,"gold_loss":0},{"damage_healed":44,"gold_gain":0,"player_choice":"Heal","damage_taken":0,"max_hp_gain":0,"max_hp_loss":6,"event_name":"The Moai Head","floor":42,"gold_loss":0}],"is_beta":false,"boss_relics":[{"not_picked":["Cursed Key","Black Star"],"picked":"HolyWater"},{"not_picked":["Sozu","Philosopher\u0027s Stone"],"picked":"Fusion Hammer"}],"items_purged_floors":[],"is_endless":false,"potions_floor_spawned":[1,10,11,13,16,18,19,31,33,35,44,47,48],"killed_by":"Awakened One","ascension_level":0}}