{"host":"mqhvlr3kpxebko0t","time":1614352441,"event":{"mods":["AchievementEnabler","BaseMod","Colored Map","Colored Powertips","KOR Keyword Fix","Keyboard Shortcuts","Minty Spire (QoL Compilation)","StSLib","SuperFastMode"],"gold_per_floor":[110,185,25,36,36,63,113,113,140,140,152,152,166,183,183,262,262,276,276,286,320,340,390,390,390],"floor_reached":24,"language":"KOR","playtime":298,"items_purged":["Strike_G"],"score":409,"play_id":"c9e35b8b-8e5e-497e-8ac0-6baaea988d95","local_time":"20210227001401","is_ascension_mode":true,"campfire_choices":[{"data":"Neutralize","floor":8,"key":"SMITH"},{"data":"Bouncing Flask","floor":10,"key":"SMITH"},{"data":"Blade Dance","floor":12,"key":"SMITH"},{"data":"Poisoned Stab","floor":15,"key":"SMITH"}],"circlet_count":0,"master_deck":["AscendersBane","Strike_G","Strike_G","Strike_G","Strike_G","Defend_G","Defend_G","Defend_G","Defend_G","Defend_G","Survivor","Neutralize+1","Bouncing Flask+1","Poisoned Stab+1","Blade Dance+1","Backflip","Corpse Explosion","Bullet Time","Catalyst","Escape Plan","Prepared+1"],"relics":["Ring of the Serpent","NeowsBlessing","Ice Cream","Oddly Smooth Stone","Eternal Feather","Red Mask"],"acts_visited":["Exordium","TheCity"],"potions_floor_usage":[16,16,21,21,24],"damage_taken":[{"damage":0,"enemies":"2 Louse","floor":1,"turns":1},{"damage":0,"enemies":"Jaw Worm","floor":4,"turns":1},{"damage":0,"enemies":"Lagavulin","floor":6,"turns":1},{"damage":0,"enemies":"Cultist","floor":11,"turns":3},{"damage":0,"enemies":"Looter","floor":13,"turns":2},{"damage":3,"enemies":"2 Fungi Beasts","floor":14,"turns":3},{"damage":27,"enemies":"Slime Boss","floor":16,"turns":7},{"damage":20,"enemies":"2 Thieves","floor":18,"turns":3},{"damage":15,"enemies":"Chosen","floor":20,"turns":5},{"damage":4,"enemies":"Masked Bandits","floor":21,"turns":2},{"damage":10,"enemies":"Snake Plant","floor":22,"turns":3},{"damage":12,"enemies":"Book of Stabbing","floor":24,"turns":3}],"seed_played":"3924221460159029838","potions_obtained":[{"floor":6,"key":"AttackPotion"},{"floor":11,"key":"Strength Potion"},{"floor":16,"key":"DuplicationPotion"},{"floor":20,"key":"Dexterity Potion"},{"floor":22,"key":"AttackPotion"}],"is_trial":false,"path_per_floor":["M","?","$","M","$","E","?","R","T","R","M","R","M","M","R","B",null,"M","T","M","?","M","?","E"],"character_chosen":"THE_SILENT","items_purchased":["Bouncing Flask"],"campfire_rested":0,"item_purchase_floors":[3],"current_hp_per_floor":[59,48,48,48,48,48,48,48,48,48,48,48,48,45,45,18,54,34,34,19,15,5,5,0,0],"gold":390,"neow_bonus":"THREE_ENEMY_KILL","is_daily":false,"chose_seed":false,"campfire_upgraded":4,"win_rate":0.0,"timestamp":1614352441,"path_taken":["M","?","?","M","$","E","?","R","T","R","M","R","M","M","R","BOSS","M","?","M","?","M","?","E"],"items_purchased_type":["Card"],"build_version":"2020-12-22","purchased_purges":1,"victory":false,"max_hp_per_floor":[66,66,66,66,66,66,66,66,66,66,66,66,66,66,66,66,66,66,66,66,66,66,66,66,66],"card_choices":[{"not_picked":["Slice","Distraction","Well Laid Plans"],"picked":"SKIP","floor":1},{"not_picked":["Leg Sweep","Flechettes"],"picked":"Poisoned Stab","floor":4},{"not_picked":["Crippling Poison","Masterful Stab"],"picked":"Blade Dance","floor":6},{"not_picked":["Deadly Poison","Skewer","Concentrate"],"picked":"SKIP","floor":11},{"not_picked":["Bane","Flying Knee"],"picked":"Backflip","floor":13},{"not_picked":["Underhanded Strike","Cloak And Dagger"],"picked":"Corpse Explosion","floor":14},{"not_picked":["After Image","A Thousand Cuts"],"picked":"Bullet Time","floor":16},{"not_picked":["Bouncing Flask","Infinite Blades"],"picked":"Catalyst","floor":18},{"not_picked":["Endless Agony","Dagger Spray","Dodge and Roll"],"picked":"SKIP","floor":20},{"not_picked":["Poisoned Stab","Dagger Throw"],"picked":"Escape Plan","floor":21},{"not_picked":["Backstab","Flying Knee"],"picked":"Prepared+1","floor":22}],"player_experience":724977,"relics_obtained":[{"floor":6,"key":"Ice Cream"},{"floor":9,"key":"Oddly Smooth Stone"},{"floor":19,"key":"Eternal Feather"},{"floor":21,"key":"Red Mask"}],"event_choices":[{"damage_healed":0,"gold_gain":75,"player_choice":"Gather Gold","damage_taken":11,"max_hp_gain":0,"max_hp_loss":0,"event_name":"World of Goop","floor":2,"gold_loss":0},{"damage_healed":0,"gold_gain":50,"player_choice":"Pray","damage_taken":0,"max_hp_gain":0,"max_hp_loss":0,"event_name":"Golden Shrine","floor":7,"gold_loss":0},{"damage_healed":0,"gold_gain":0,"player_choice":"Fought Bandits","damage_taken":0,"max_hp_gain":0,"max_hp_loss":0,"event_name":"Masked Bandits","floor":21,"gold_loss":0},{"damage_healed":0,"gold_gain":100,"player_choice":"Bet on Murderer","damage_taken":0,"max_hp_gain":0,"max_hp_loss":0,"event_name":"The Joust","floor":23,"gold_loss":50}],"is_beta":false,"boss_relics":[{"not_picked":["Ectoplasm","Philosopher\u0027s Stone"],"picked":"Ring of the Serpent"}],"items_purged_floors":[3],"is_endless":false,"potions_floor_spawned":[6,11,14,16,20,22],"killed_by":"Book of Stabbing","ascension_level":17}}