{"host":"qwyulmb1tab18dot","time":1614368650,"event":{"mods":["BaseMod","Colored Map","Highlight Path","Minty Spire (QoL Compilation)","StSLib"],"gold_per_floor":[111,125,125,139,152,177,194,205,229,229,229,264,264,276,276,372,372,390,407,425,425,103,103,137,149,161,273,285,297,309,333,345,462,474,500,512,542,554,415,441,441,469,495,506,20,20,39,91,91,91],"floor_reached":51,"language":"ENG","playtime":3632,"items_purged":["Bite","Dropkick"],"score":810,"play_id":"eb08310c-4552-4a24-b63d-fbbfed06ec01","local_time":"20210226134410","is_ascension_mode":false,"campfire_choices":[{"data":"Bash","floor":10.0,"key":"SMITH"},{"data":"Twin Strike","floor":13.0,"key":"SMITH"},{"data":"True Grit","floor":15.0,"key":"SMITH"},{"data":"Flex","floor":23,"key":"SMITH"},{"floor":25,"key":"REST"},{"data":"Flex","floor":30,"key":"SMITH"},{"data":"Inflame","floor":32,"key":"SMITH"},{"data":"Berserk","floor":41,"key":"SMITH"},{"data":"True Grit","floor":46,"key":"SMITH"},{"data":"True Grit","floor":49,"key":"SMITH"}],"circlet_count":0,"master_deck":["Defend_R","Defend_R","Defend_R","Defend_R+1","Bash+1","Twin Strike+1","Battle Trance+1","Heavy Blade","Flex+1","Ghostly Armor","Cleave","Intimidate","True Grit+1","Fiend Fire","Seeing Red","Flex+1","Bite","Bite","Bite","Bite","Disarm","Anger","Inflame+1","Berserk+1","True Grit+1","Intimidate+1","Anger","Intimidate+1","Flex+1","Flex+1","Madness","True Grit+1"],"relics":["Burning Blood","Unceasing Top","Anchor","Mark of Pain","Paper Frog","MawBank","Letter Opener","Mango","Pear","MutagenicStrength","Coffee Dripper","Orrery","PreservedInsect","MealTicket","War Paint","Ornamental Fan","Lizard Tail"],"acts_visited":["Exordium","TheCity","TheBeyond"],"potions_floor_usage":[27,27,50,50,50],"damage_taken":[{"damage":6.0,"enemies":"Cultist","floor":1.0,"turns":3.0},{"damage":5.0,"enemies":"Jaw Worm","floor":2.0,"turns":4.0},{"damage":1.0,"enemies":"2 Louse","floor":4.0,"turns":3.0},{"damage":4.0,"enemies":"Gremlin Gang","floor":5.0,"turns":6.0},{"damage":28.0,"enemies":"Lagavulin","floor":6.0,"turns":7.0},{"damage":4.0,"enemies":"Blue Slaver","floor":7.0,"turns":4.0},{"damage":0.0,"enemies":"Looter","floor":8.0,"turns":3.0},{"damage":19.0,"enemies":"Gremlin Nob","floor":12.0,"turns":4.0},{"damage":0.0,"enemies":"Large Slime","floor":14.0,"turns":4.0},{"damage":47.0,"enemies":"The Guardian","floor":16.0,"turns":15.0},{"damage":0.0,"enemies":"Chosen","floor":18.0,"turns":3.0},{"damage":12.0,"enemies":"2 Thieves","floor":19.0,"turns":4.0},{"damage":38.0,"enemies":"Snecko","floor":20.0,"turns":7.0},{"damage":47,"enemies":"Slavers","floor":24,"turns":7},{"damage":0,"enemies":"Colosseum Slavers","floor":27,"turns":4},{"damage":0,"enemies":"Colosseum Nobs","floor":27,"turns":3},{"damage":0,"enemies":"Shelled Parasite and Fungi","floor":31,"turns":5},{"damage":65,"enemies":"Automaton","floor":33,"turns":11},{"damage":0,"enemies":"3 Shapes","floor":35,"turns":2},{"damage":17,"enemies":"3 Darklings","floor":37,"turns":4},{"damage":20,"enemies":"Reptomancer","floor":40,"turns":5},{"damage":16,"enemies":"Giant Head","floor":42,"turns":6},{"damage":16,"enemies":"Jaw Worm Horde","floor":44,"turns":4},{"damage":0,"enemies":"Sphere and 2 Shapes","floor":47,"turns":7},{"damage":22,"enemies":"2 Orb Walkers","floor":48,"turns":5},{"damage":74,"enemies":"Donu and Deca","floor":50,"turns":9}],"seed_played":"-5838933241361890040","potions_obtained":[{"floor":4.0,"key":"BlessingOfTheForge"},{"floor":5.0,"key":"ColorlessPotion"},{"floor":6.0,"key":"Regen Potion"},{"floor":7.0,"key":"Strength Potion"},{"floor":20.0,"key":"Swift Potion"},{"floor":31,"key":"Energy Potion"},{"floor":33,"key":"Dexterity Potion"},{"floor":37,"key":"Strength Potion"}],"is_trial":false,"path_per_floor":["M","M","?","M","M","E","M","M","T","R","?","E","R","M","R","B",null,"M","M","M","?","$","R","E","R","T","?","?","?","R","M","R","B",null,"M","?","M","?","$","E","R","E","T","M","$","R","M","?","R","B",null],"character_chosen":"IRONCLAD","items_purchased":["Paper Frog","Orrery","Madness","True Grit","Ornamental Fan"],"campfire_rested":1,"item_purchase_floors":[22,39,45,45,45],"current_hp_per_floor":[88,88,70,75,77,55,69,75,75,75,75,64,64,72,72,33,88,88,82,52,52,52,52,25,51,51,97,97,97,97,112,112,71,112,112,112,105,105,105,98,98,102,102,100,112,112,112,100,100,46],"gold":91,"neow_bonus":"TEN_PERCENT_HP_BONUS","is_daily":false,"chose_seed":false,"campfire_upgraded":9,"win_rate":0.0,"timestamp":1614368650,"path_taken":["M","?","?","M","M","E","M","M","T","R","?","E","R","M","R","BOSS","M","?","M","?","$","R","E","R","T","?","?","?","R","M","R","BOSS","M","?","M","?","$","E","R","E","T","?","$","R","M","?","R","BOSS"],"items_purchased_type":["Relic","Relic","Card","Card","Relic"],"build_version":"2020-12-22","purchased_purges":2,"victory":true,"max_hp_per_floor":[88,88,88,88,88,88,88,88,88,88,88,88,88,88,88,88,88,88,88,88,88,88,88,88,88,88,112,112,112,112,112,112,112,112,112,112,112,112,112,112,112,112,112,112,112,112,112,112,112,112],"card_choices":[{"not_picked":["Wild Strike","Headbutt"],"picked":"Twin Strike","floor":1.0},{"not_picked":["Feel No Pain","Body Slam"],"picked":"Battle Trance","floor":2.0},{"not_picked":["Wild Strike","Rage","Iron Wave"],"picked":"SKIP","floor":4.0},{"not_picked":["Perfected Strike","Anger"],"picked":"Heavy Blade","floor":5.0},{"not_picked":["Perfected Strike","Rage"],"picked":"Flex","floor":6.0},{"not_picked":["Bludgeon","Entrench"],"picked":"Ghostly Armor","floor":7.0},{"not_picked":["Perfected Strike","Headbutt"],"picked":"Cleave","floor":8.0},{"not_picked":["Combust","Flex"],"picked":"Intimidate","floor":12.0},{"not_picked":["Wild Strike","Sword Boomerang"],"picked":"True Grit","floor":14.0},{"not_picked":["Immolate","Brutality"],"picked":"Fiend Fire","floor":16.0},{"not_picked":["Pommel Strike","Twin Strike","Headbutt"],"picked":"SKIP","floor":18.0},{"not_picked":["Wild Strike","Dark Embrace"],"picked":"Seeing Red","floor":19.0},{"not_picked":["Metallicize","Pommel Strike+1"],"picked":"Flex","floor":20.0},{"not_picked":["Disarm","Burning Pact"],"picked":"Dropkick","floor":24},{"not_picked":["Battle Trance","Wild Strike"],"picked":"Disarm","floor":27},{"not_picked":["Rampage","Dark Embrace"],"picked":"Inflame","floor":31},{"not_picked":["Offering","Double Tap"],"picked":"Berserk","floor":33},{"not_picked":["Body Slam+1","Flex"],"picked":"True Grit","floor":35},{"not_picked":["Blood for Blood+1","Sever Soul"],"picked":"Intimidate+1","floor":37},{"not_picked":["Perfected Strike+1","Armaments"],"picked":"Anger","floor":39},{"not_picked":["Sword Boomerang","Body Slam+1"],"picked":"Intimidate+1","floor":39},{"not_picked":["Rampage","Second Wind+1"],"picked":"Flex+1","floor":39},{"not_picked":["Reckless Charge+1","Clothesline+1","Feel No Pain+1"],"picked":"SKIP","floor":40},{"not_picked":["Headbutt","Clash+1"],"picked":"Flex+1","floor":42},{"not_picked":["Twin Strike","Sword Boomerang+1","Entrench+1"],"picked":"SKIP","floor":44},{"not_picked":["Brutality","Evolve+1","Warcry"],"picked":"SKIP","floor":47}],"player_experience":12958,"relics_obtained":[{"floor":6.0,"key":"Unceasing Top"},{"floor":9.0,"key":"Blood Vial"},{"floor":12.0,"key":"Anchor"},{"floor":24,"key":"MawBank"},{"floor":26,"key":"Letter Opener"},{"floor":27,"key":"Mango"},{"floor":27,"key":"Pear"},{"floor":40,"key":"PreservedInsect"},{"floor":42,"key":"MealTicket"},{"floor":43,"key":"War Paint"},{"floor":48,"key":"Lizard Tail"}],"event_choices":[{"damage_healed":0.0,"max_hp_gain":0.0,"max_hp_loss":0.0,"gold_gain":0.0,"event_name":"Shining Light","player_choice":"Entered Light","floor":3.0,"gold_loss":0.0,"damage_taken":18.0,"cards_upgraded":["Strike_R","Strike_R"]},{"cards_removed":["Strike_R"],"damage_healed":0.0,"max_hp_gain":0.0,"max_hp_loss":0.0,"gold_gain":0.0,"event_name":"Purifier","player_choice":"Purged","floor":11.0,"gold_loss":0.0,"damage_taken":0.0},{"damage_healed":0,"gold_gain":0,"player_choice":"Became a vampire (Vial)","damage_taken":0,"max_hp_gain":0,"max_hp_loss":0,"event_name":"Vampires","floor":21,"relics_lost":["Blood Vial"],"gold_loss":0,"cards_obtained":["Bite","Bite","Bite","Bite","Bite"]},{"damage_healed":0,"gold_gain":0,"player_choice":"Fight","damage_taken":0,"max_hp_gain":0,"max_hp_loss":0,"event_name":"Colosseum","floor":27,"gold_loss":0},{"damage_healed":0,"gold_gain":0,"player_choice":"Fought Nobs","damage_taken":0,"max_hp_gain":0,"max_hp_loss":0,"event_name":"Colosseum","floor":27,"gold_loss":0},{"damage_healed":0,"gold_gain":0,"player_choice":"Inject Mutagens","damage_taken":0,"relics_obtained":["MutagenicStrength"],"max_hp_gain":0,"max_hp_loss":0,"event_name":"Drug Dealer","floor":28,"gold_loss":0},{"damage_healed":0,"gold_gain":0,"player_choice":"Read","damage_taken":0,"max_hp_gain":0,"max_hp_loss":0,"event_name":"The Library","floor":29,"gold_loss":0,"cards_obtained":["Anger"]},{"damage_healed":0,"gold_gain":0,"player_choice":"Ignored","damage_taken":0,"max_hp_gain":0,"max_hp_loss":0,"event_name":"Tomb of Lord Red Mask","floor":36,"gold_loss":0},{"damage_healed":0,"gold_gain":0,"player_choice":"Bought 0 Potions","damage_taken":0,"max_hp_gain":0,"max_hp_loss":0,"event_name":"The Woman in Blue","floor":38,"gold_loss":0},{"damage_healed":0,"gold_gain":0,"player_choice":"Fight","damage_taken":0,"max_hp_gain":0,"max_hp_loss":0,"event_name":"Mysterious Sphere","floor":48,"gold_loss":0}],"is_beta":false,"boss_relics":[{"not_picked":["Philosopher\u0027s Stone","Runic Dome"],"picked":"Mark of Pain"},{"not_picked":["Calling Bell","Tiny House"],"picked":"Coffee Dripper"}],"items_purged_floors":[22,45],"is_endless":false,"potions_floor_spawned":[4,5,6,7,20,24,31,33,37,40,42],"ascension_level":0}}