{"host":"zmr8u29ebzxwermy","time":1614322765,"event":{"mods":["BaseMod","BetterRewards","Colored Map","DeckTracker","Minty Spire (QoL Compilation)","Quick Restart","Replay The Spire","Shop Mod","StSLib","SuperFastMode","everything is the same but u backflip on backflip"],"gold_per_floor":[115,115,129,142,158,186,186,186,186,186,136,166,220,240,240,337,337,357,367,267,287,307,307,307],"floor_reached":23,"language":"KOR","playtime":547,"items_purged":["Voices","Strike_R"],"score":228,"play_id":"e2c512fe-c72a-4bc8-bc46-6b3109a1681b","local_time":"20210226155925","is_ascension_mode":false,"campfire_choices":[{"data":"Heavy Blade","floor":8.0,"key":"SMITH"},{"data":"Heavy Blade","floor":15.0,"key":"SMITH"}],"circlet_count":0,"master_deck":["Strike_R","Strike_R","Strike_R","Defend_R","Defend_R","Defend_R","Defend_R","Bash","Heavy Blade+1","Heavy Blade+1","Flex","Flame Barrier","Warcry"],"relics":["Burning Blood","ReplayTheSpireMod:CursedCoin","Tiny Chest","Vajra","Gremlin Horn","Blue Candle","Dream Catcher","Lantern","Quantum Egg","Letter Opener","Anchor","Black Star"],"acts_visited":["Exordium","TheCity"],"potions_floor_usage":[21,23],"damage_taken":[{"damage":1.0,"enemies":"Jaw Worm","floor":1.0,"turns":3.0},{"damage":2.0,"enemies":"Small Slimes","floor":3.0,"turns":3.0},{"damage":0.0,"enemies":"2 Louse","floor":4.0,"turns":1.0},{"damage":3.0,"enemies":"2 Fungi Beasts","floor":5.0,"turns":3.0},{"damage":6.0,"enemies":"Gremlin Nob","floor":6.0,"turns":3.0},{"damage":0.0,"enemies":"Replay:BlueRogue","floor":12.0,"turns":4.0},{"damage":0.0,"enemies":"3 Louse","floor":14.0,"turns":2.0},{"damage":47.0,"enemies":"Slime Boss","floor":16.0,"turns":11.0},{"damage":10.0,"enemies":"Spheric Guardian","floor":18.0,"turns":3.0},{"damage":21,"enemies":"2 Thieves","floor":19,"turns":4},{"damage":9,"enemies":"3 Cultists","floor":21,"turns":5},{"damage":42,"enemies":"Sentry and Sphere","floor":22,"turns":7},{"damage":24,"enemies":"Replay:Snechameleon","floor":23,"turns":6}],"seed_played":"-2998029408359790017","potions_obtained":[{"floor":1.0,"key":"ElixirPotion"},{"floor":4.0,"key":"FearPotion"},{"floor":6.0,"key":"AttackPotion"},{"floor":19,"key":"Adrenaline Potion"},{"floor":21,"key":"Languid Potion"}],"is_trial":false,"path_per_floor":["M","?","M","M","M","E","$","R","T","?","?","E","T","M","R","B",null,"M","M","$","M","M","E"],"character_chosen":"IRONCLAD","items_purchased":["ReplayTheSpireMod:CursedCoin","Tiny Chest","Vajra","Heavy Blade","Heavy Blade","Gremlin Horn","Blue Candle"],"campfire_rested":0,"item_purchase_floors":[0,0,0,0,0,0,0],"current_hp_per_floor":[41,41,45,51,54,54,54,54,54,51,51,57,57,63,63,22,80,76,61,61,58,22,0,0],"gold":307,"neow_bonus":"","is_daily":false,"chose_seed":true,"campfire_upgraded":2,"win_rate":0.0,"timestamp":1614322765,"path_taken":["M","?","M","M","M","E","$","R","T","?","?","E","?","M","R","BOSS","M","M","$","M","M","E"],"items_purchased_type":["Relic","Relic","Relic","Card","Card","Relic","Relic"],"build_version":"2020-12-22","purchased_purges":2,"victory":false,"max_hp_per_floor":[80,80,80,80,80,80,80,80,80,80,80,80,80,80,80,80,80,80,80,80,80,80,80,80],"card_choices":[{"not_picked":["Iron Wave","Entrench"],"picked":"Flex","floor":4.0},{"not_picked":["Infernal Blade","Sword Boomerang"],"picked":"Flame Barrier","floor":12.0},{"not_picked":["Cleave","ReplayTheSpireMod:Strike From Hell"],"picked":"Warcry","floor":14.0}],"player_experience":411950,"relics_obtained":[{"floor":6.0,"key":"Dream Catcher"},{"floor":9.0,"key":"Lantern"},{"floor":12.0,"key":"Letter Opener"},{"floor":13.0,"key":"Anchor"}],"event_choices":[{"damage_healed":0.0,"max_hp_gain":0.0,"max_hp_loss":0.0,"gold_gain":0.0,"event_name":"Shining Light","player_choice":"Ignored","floor":2.0,"gold_loss":0.0,"damage_taken":0.0},{"damage_healed":0.0,"max_hp_gain":0.0,"max_hp_loss":0.0,"gold_gain":0.0,"event_name":"Scrap Ooze","player_choice":"Success","floor":10.0,"gold_loss":0.0,"damage_taken":3.0,"relics_obtained":["Quantum Egg"]},{"cards_removed":["Strike_R"],"damage_healed":0.0,"max_hp_gain":0.0,"max_hp_loss":0.0,"gold_gain":0.0,"event_name":"The Cleric","player_choice":"Card Removal","floor":11.0,"gold_loss":50.0,"damage_taken":0.0}],"is_beta":false,"boss_relics":[{"not_picked":["Coffee Dripper","Tiny House"],"picked":"Black Star"}],"items_purged_floors":[0,20],"is_endless":false,"potions_floor_spawned":[1,4,6,19,21],"killed_by":"Replay:Snechameleon","ascension_level":0}}