{"host":"Alvar","time":1614381274,"event":{"mods":["AchievementEnabler","BaseMod","Minty Spire (QoL Compilation)","Relic Stats","StSLib"],"gold_per_floor":[116,41,59,75,75,75,75],"floor_reached":6,"language":"ENG","playtime":230,"items_purged":[],"score":72,"play_id":"4682d6ca-8251-4978-ab1f-4770ce4b379e","local_time":"20210227061434","is_ascension_mode":true,"campfire_choices":[],"circlet_count":0,"master_deck":["AscendersBane","Strike_R","Strike_R","Strike_R","Strike_R","Defend_R","Defend_R","Defend_R","Defend_R","Bash","Wild Strike","True Grit","Fire Breathing"],"relics":["Burning Blood","Gambling Chip"],"acts_visited":["Exordium"],"potions_floor_usage":[],"damage_taken":[{"damage":3,"enemies":"2 Louse","floor":1,"turns":4},{"damage":18,"enemies":"Small Slimes","floor":3,"turns":5},{"damage":1,"enemies":"Cultist","floor":4,"turns":4},{"damage":0,"enemies":"Lagavulin","floor":6,"turns":1}],"seed_played":"-6453309514939401012","potions_obtained":[{"floor":4,"key":"Fire Potion"}],"is_trial":false,"path_per_floor":["M","?","M","M","?","E"],"character_chosen":"IRONCLAD","items_purchased":[],"campfire_rested":0,"item_purchase_floors":[],"current_hp_per_floor":[68,68,56,61,61,61,61],"gold":75,"neow_bonus":"ONE_RARE_RELIC","is_daily":false,"chose_seed":false,"campfire_upgraded":0,"win_rate":0.0,"timestamp":1614381274,"path_taken":["M","?","M","M","?","E"],"items_purchased_type":[],"build_version":"2020-12-18","purchased_purges":0,"victory":false,"max_hp_per_floor":[68,68,68,68,68,68,68],"relic_stats":{"counters":[4,14],"Gambling Chip":[2],"obtain_stats":[{"Gambling Chip":0,"Burning Blood":0},{"Gambling Chip":0,"Burning Blood":0},{"Gambling Chip":0,"Burning Blood":0}],"Burning Blood":15},"card_choices":[{"not_picked":["Fire Breathing","Infernal Blade"],"picked":"Wild Strike","floor":1},{"not_picked":["Power Through","Body Slam"],"picked":"True Grit","floor":3},{"not_picked":["Perfected Strike","Body Slam"],"picked":"Fire Breathing","floor":4}],"player_experience":816695,"relics_obtained":[],"event_choices":[{"cards_removed":["Strike_R"],"damage_healed":0,"gold_gain":0,"player_choice":"Card Removal","damage_taken":0,"max_hp_gain":0,"max_hp_loss":0,"event_name":"The Cleric","floor":2,"gold_loss":75},{"damage_healed":0,"gold_gain":0,"player_choice":"Ignored","damage_taken":0,"max_hp_gain":0,"max_hp_loss":0,"event_name":"Liars Game","floor":5,"gold_loss":0}],"is_beta":true,"boss_relics":[],"items_purged_floors":[],"is_endless":false,"potions_floor_spawned":[4],"killed_by":"Lagavulin","ascension_level":20}}