{"host":"nihqlga4zpmrcpl9","time":1614344368,"event":{"mods":["BaseMod","LagranYue(拉格朗・月)","Marisa（F雨　魔理沙）","Minty Spire (QoL Compilation)","Replay The Spire","Shop Mod","StSLib","The Bug Knight","The Cursed","The Hierophant","The Servant 0.9.4"],"gold_per_floor":[118,118,136,156,171,206,221,221,245,245,245],"floor_reached":10,"language":"ZHS","playtime":398,"items_purged":[],"score":88,"play_id":"3476b66a-2ff5-44c7-907b-cd7589237188","local_time":"20210226205928","is_ascension_mode":true,"campfire_choices":[{"data":"Blur","floor":8,"key":"SMITH"}],"circlet_count":0,"master_deck":["Strike_G","Strike_G+1","Strike_G","Strike_G+1","Defend_G","Defend_G","Defend_G","Defend_G","Defend_G","Survivor","Neutralize","Blur+1","Deadly Poison","Backflip","Blur","Adrenaline","Deflect"],"relics":["Ring of the Snake","LagranYue:RandomDrawCardRelic","Blue Doll","Simple Rune"],"acts_visited":["Exordium"],"potions_floor_usage":[6,10,10,10],"damage_taken":[{"damage":0,"enemies":"2 Louse","floor":1,"turns":3},{"damage":0,"enemies":"Cultist","floor":3,"turns":5},{"damage":0,"enemies":"Small Slimes","floor":4,"turns":6},{"damage":0,"enemies":"2 Fungi Beasts","floor":5,"turns":4},{"damage":32,"enemies":"Lagavulin","floor":6,"turns":9},{"damage":0,"enemies":"Looter","floor":7,"turns":4},{"damage":52,"enemies":"Gremlin Nob","floor":10,"turns":6}],"seed_played":"4413145870675112212","potions_obtained":[{"floor":3,"key":"Strength Potion"},{"floor":5,"key":"Block Potion"},{"floor":6,"key":"EssenceOfSteel"},{"floor":7,"key":"Weak Potion"}],"is_trial":false,"path_per_floor":["M","?","M","M","M","E","M","R","T","E"],"character_chosen":"THE_SILENT","items_purchased":[],"campfire_rested":0,"item_purchase_floors":[],"current_hp_per_floor":[77,77,77,77,77,45,45,45,45,0,0],"gold":245,"neow_bonus":"TEN_PERCENT_HP_BONUS","is_daily":false,"chose_seed":false,"campfire_upgraded":1,"win_rate":0.0,"timestamp":1614344368,"path_taken":["M","?","M","M","?","E","M","R","T","E"],"items_purchased_type":[],"build_version":"2020-12-22","purchased_purges":0,"victory":false,"max_hp_per_floor":[77,77,77,77,77,77,77,77,77,77,77],"card_choices":[{"not_picked":["Quick Slash","Hidden Blade"],"picked":"Blur","floor":1},{"not_picked":["Sneak Up","Concentrate"],"picked":"Deadly Poison","floor":3},{"not_picked":["Dagger Spray","Dagger Throw"],"picked":"Backflip","floor":4},{"not_picked":["Cloak And Dagger","Blade Dance"],"picked":"Blur","floor":5},{"not_picked":["Sucker Punch","Predator"],"picked":"Adrenaline","floor":6},{"not_picked":["Dodge and Roll","Blade Dance"],"picked":"Deflect","floor":7}],"player_experience":846075,"relics_obtained":[{"floor":6,"key":"Blue Doll"},{"floor":9,"key":"Simple Rune"}],"event_choices":[{"cards_removed":["Strike_G"],"damage_healed":0,"gold_gain":0,"player_choice":"Offered Basic","damage_taken":0,"max_hp_gain":0,"max_hp_loss":0,"event_name":"Bonfire Elementals","floor":2,"gold_loss":0}],"is_beta":false,"boss_relics":[],"items_purged_floors":[],"is_endless":false,"potions_floor_spawned":[3,5,6,7],"killed_by":"Gremlin Nob","ascension_level":5}}