{"host":"oehe2dxjvdgux73m","time":1614348809,"event":{"mods":["AchievementEnabler","BaseMod","Colored Map","Colored Powertips","DeckTracker","Keyboard Shortcuts","Minty Spire (QoL Compilation)","Permanent Neow","Quick Restart","StSLib","SuperFastMode"],"gold_per_floor":[126,138,166,191,222,264,276,302,314,326,338,360,372,414,426,438,438],"floor_reached":16,"language":"KOR","playtime":430,"items_purged":[],"score":224,"play_id":"d24f1246-d95f-462c-b44a-8d25dba5ad6c","local_time":"20210226231329","is_ascension_mode":true,"campfire_choices":[{"data":"Tactician","floor":7.0,"key":"SMITH"},{"floor":11.0,"key":"REST"},{"floor":13.0,"key":"REST"},{"data":"Neutralize","floor":15.0,"key":"SMITH"}],"circlet_count":0,"master_deck":["AscendersBane","Strike_G","Strike_G","Strike_G","Strike_G","Strike_G","Defend_G","Defend_G","Defend_G","Defend_G","Defend_G","Survivor","Neutralize+1","Poisoned Stab","Dagger Spray","Masterful Stab","Tactician+1","Terror","Crippling Poison"],"relics":["Ring of the Snake","MawBank","Bag of Marbles","Calipers","Kunai","Gambling Chip"],"acts_visited":["Exordium"],"potions_floor_usage":[16,16],"damage_taken":[{"damage":5.0,"enemies":"Cultist","floor":1.0,"turns":5.0},{"damage":4.0,"enemies":"Jaw Worm","floor":3.0,"turns":4.0},{"damage":7.0,"enemies":"Small Slimes","floor":4.0,"turns":4.0},{"damage":4.0,"enemies":"Blue Slaver","floor":5.0,"turns":3.0},{"damage":14.0,"enemies":"3 Sentries","floor":6.0,"turns":7.0},{"damage":0.0,"enemies":"2 Fungi Beasts","floor":8.0,"turns":2.0},{"damage":16.0,"enemies":"Gremlin Gang","floor":12.0,"turns":4.0},{"damage":15.0,"enemies":"Lagavulin","floor":14.0,"turns":4.0},{"damage":29,"enemies":"The Guardian","floor":16,"turns":13}],"seed_played":"-1269191378470404454","potions_obtained":[{"floor":1.0,"key":"Swift Potion"},{"floor":3.0,"key":"CultistPotion"},{"floor":6.0,"key":"DuplicationPotion"},{"floor":12.0,"key":"FearPotion"},{"floor":14.0,"key":"Block Potion"}],"is_trial":false,"path_per_floor":["M","$","M","M","M","E","R","M","T","?","R","M","R","E","R","B"],"character_chosen":"THE_SILENT","items_purchased":[],"campfire_rested":2,"item_purchase_floors":[],"current_hp_per_floor":[54,54,50,43,39,25,25,25,25,14,33,17,36,21,21,0,0],"gold":438,"neow_bonus":"RANDOM_COMMON_RELIC","is_daily":false,"chose_seed":false,"campfire_upgraded":2,"win_rate":0.0,"timestamp":1614348809,"path_taken":["M","?","M","M","M","E","R","M","T","?","R","M","R","E","R","BOSS"],"items_purchased_type":[],"build_version":"2020-12-22","purchased_purges":0,"victory":false,"max_hp_per_floor":[66,66,66,66,66,66,66,66,66,66,66,66,66,66,66,66,66],"card_choices":[{"not_picked":["Caltrops","Outmaneuver"],"picked":"Poisoned Stab","floor":1.0},{"not_picked":["Acrobatics","Masterful Stab"],"picked":"Dagger Spray","floor":3.0},{"not_picked":["Prepared","Flechettes"],"picked":"Masterful Stab","floor":4.0},{"not_picked":["PiercingWail","Finisher"],"picked":"Tactician","floor":5.0},{"not_picked":["Sucker Punch","Deadly Poison","Corpse Explosion"],"picked":"SKIP","floor":6.0},{"not_picked":["Deadly Poison","Flying Knee"],"picked":"Terror","floor":8.0},{"not_picked":["All Out Attack","Flying Knee"],"picked":"Crippling Poison","floor":12.0},{"not_picked":["Crippling Poison","Quick Slash","Dash"],"picked":"SKIP","floor":14.0}],"player_experience":506187,"relics_obtained":[{"floor":6.0,"key":"Bag of Marbles"},{"floor":9.0,"key":"Calipers"},{"floor":14.0,"key":"Gambling Chip"}],"event_choices":[{"damage_healed":0.0,"max_hp_gain":0.0,"max_hp_loss":0.0,"gold_gain":0.0,"event_name":"Scrap Ooze","player_choice":"Success","floor":10.0,"gold_loss":0.0,"damage_taken":11.0,"relics_obtained":["Kunai"]}],"is_beta":false,"boss_relics":[],"items_purged_floors":[],"is_endless":false,"potions_floor_spawned":[1,3,6,12,14],"killed_by":"The Guardian","ascension_level":20}}