{"host":"rantoq7h0pygex6x","time":1614365270,"event":{"mods":["AchievementEnabler","BaseMod","BetterRewards","Minty Spire (QoL Compilation)","SuperFastMode"],"gold_per_floor":[112,112,27,27,52,52,62,62,62,80,80,22,52,78,78,152,152,166,66,66,83,83,83,83,83],"floor_reached":24,"language":"ENG","playtime":358,"items_purged":["Strike_R","Strike_R"],"score":580,"play_id":"79a71a71-626c-491c-b07e-1c82598f0a7f","local_time":"20210227024750","is_ascension_mode":true,"campfire_choices":[{"data":"Rupture","floor":6.0,"key":"SMITH"},{"data":"Rupture","floor":8.0,"key":"SMITH"},{"data":"Armaments","floor":11.0,"key":"SMITH"},{"floor":15.0,"key":"REST"},{"data":"Combust","floor":23.0,"key":"SMITH"}],"circlet_count":0,"master_deck":["AscendersBane","Strike_R","Strike_R+1","Strike_R","Defend_R","Defend_R","Defend_R","Defend_R","Bash+1","Rage+1","Rupture+1","Hemokinesis+1","Rupture+1","Shrug It Off","Iron Wave","Armaments+1","Anger","Shrug It Off","Combust+1"],"relics":["Burning Blood","Strawberry","Whetstone","Tiny Chest","Singing Bowl","Philosopher\u0027s Stone"],"acts_visited":["Exordium","TheCity"],"potions_floor_usage":[],"damage_taken":[{"damage":4.0,"enemies":"2 Louse","floor":1.0,"turns":2.0},{"damage":3.0,"enemies":"Cultist","floor":7.0,"turns":3.0},{"damage":11.0,"enemies":"Small Slimes","floor":10.0,"turns":4.0},{"damage":42.0,"enemies":"Gremlin Nob","floor":14.0,"turns":5.0},{"damage":24.0,"enemies":"Slime Boss","floor":16.0,"turns":7.0},{"damage":11.0,"enemies":"Chosen","floor":18.0,"turns":5.0},{"damage":22.0,"enemies":"2 Thieves","floor":21.0,"turns":5.0},{"damage":52,"enemies":"Gremlin Leader","floor":24,"turns":3}],"seed_played":"-5637806020928532382","potions_obtained":[{"floor":1.0,"key":"Weak Potion"},{"floor":14.0,"key":"Block Potion"},{"floor":16.0,"key":"Explosive Potion"}],"is_trial":false,"path_per_floor":["M","?","$","?","T","R","M","R","T","M","R","$","?","E","R","B",null,"M","$","?","M","?","R","E"],"character_chosen":"IRONCLAD","items_purchased":["Rage","Rupture","Hemokinesis","Rupture","Shrug It Off","Iron Wave","Shrug It Off"],"campfire_rested":1,"item_purchase_floors":[0,0,0,0,3,3,12],"current_hp_per_floor":[45,45,45,45,52,52,55,55,55,50,50,50,50,14,38,22,69,66,66,66,52,52,52,0,0],"gold":83,"neow_bonus":"","is_daily":false,"chose_seed":false,"campfire_upgraded":4,"win_rate":0.0,"timestamp":1614365270,"path_taken":["M","?","?","?","?","R","?","R","T","M","R","$","?","E","R","BOSS","M","$","?","?","?","R","E"],"items_purchased_type":["Card","Card","Card","Card","Card","Card","Card"],"build_version":"2020-12-22","purchased_purges":2,"victory":false,"max_hp_per_floor":[75,75,75,75,82,82,82,82,82,82,82,82,82,82,82,84,84,86,86,86,88,88,88,88,88],"card_choices":[{"not_picked":["Sword Boomerang","Body Slam","Intimidate"],"picked":"SKIP","floor":1.0},{"not_picked":["Clash","Rampage"],"picked":"Armaments","floor":7.0},{"not_picked":["Thunderclap","Flame Barrier"],"picked":"Anger","floor":10.0},{"not_picked":["Flex","Pummel"],"picked":"Combust","floor":14.0},{"not_picked":["Fiend Fire","Impervious","Feed"],"picked":"Singing Bowl","floor":16.0},{"not_picked":["Clash","Headbutt","Fire Breathing"],"picked":"Singing Bowl","floor":18.0},{"not_picked":["Dark Embrace","Evolve","Thunderclap+1"],"picked":"Singing Bowl","floor":21.0}],"player_experience":1012468,"relics_obtained":[{"floor":5.0,"key":"Strawberry"},{"floor":9.0,"key":"Whetstone"},{"floor":14.0,"key":"Singing Bowl"}],"event_choices":[{"damage_healed":0.0,"max_hp_gain":0.0,"max_hp_loss":0.0,"gold_gain":0.0,"event_name":"Upgrade Shrine","player_choice":"Upgraded","floor":2.0,"gold_loss":0.0,"damage_taken":0.0,"cards_upgraded":["Rage"]},{"damage_healed":0.0,"max_hp_gain":0.0,"max_hp_loss":0.0,"gold_gain":0.0,"event_name":"Living Wall","player_choice":"Grow","floor":4.0,"gold_loss":0.0,"damage_taken":0.0,"cards_upgraded":["Hemokinesis"]},{"damage_healed":0.0,"max_hp_gain":0.0,"max_hp_loss":0.0,"gold_gain":30.0,"event_name":"Dead Adventurer","player_choice":"Searched \u00272\u0027 times","floor":13.0,"gold_loss":0.0,"damage_taken":0.0,"relics_obtained":["Tiny Chest"]},{"damage_healed":0.0,"max_hp_gain":0.0,"max_hp_loss":0.0,"gold_gain":0.0,"event_name":"Wheel of Change","player_choice":"Cursed","floor":20.0,"gold_loss":0.0,"damage_taken":0.0,"cards_obtained":["Decay"]},{"cards_removed":["Decay"],"damage_healed":0.0,"max_hp_gain":0.0,"max_hp_loss":0.0,"gold_gain":0.0,"event_name":"Back to Basics","player_choice":"Elegance","floor":22.0,"gold_loss":0.0,"damage_taken":0.0}],"is_beta":false,"boss_relics":[{"not_picked":["Ectoplasm","Mark of Pain"],"picked":"Philosopher\u0027s Stone"}],"items_purged_floors":[0,19],"is_endless":false,"potions_floor_spawned":[1,14,16],"killed_by":"Gremlin Leader","ascension_level":20}}