{"host":"90jl2h70xtuoeg0i","time":1614325056,"event":{"mods":["AchievementEnabler","BaseMod","Colored Map","Colored Powertips","Minty Spire (QoL Compilation)","Relic Stats","ojb\u0027s Info Mod"],"gold_per_floor":[119,99,113,123,140,140,151,151,151,169,94,127,127,154,154,154,154],"floor_reached":16,"language":"ENG","playtime":1564,"items_purged":[],"score":224,"play_id":"781639df-99fb-494a-8c2c-40c261019e38","local_time":"20210226023736","is_ascension_mode":true,"campfire_choices":[{"data":"Blade Dance","floor":6,"key":"SMITH"},{"floor":8,"key":"REST"},{"data":"Blade Dance","floor":13,"key":"SMITH"},{"data":"Well Laid Plans","floor":15,"key":"SMITH"}],"circlet_count":0,"master_deck":["AscendersBane","Strike_G","Strike_G","Strike_G","Strike_G","Defend_G","Defend_G","Defend_G","Survivor","Neutralize","Well Laid Plans+1","Blade Dance+1","Adrenaline","Expertise","Dagger Spray","Blade Dance+1","Adrenaline"],"relics":["Empty Cage","Anchor","Centennial Puzzle","The Courier"],"acts_visited":["Exordium"],"potions_floor_usage":[14,14],"damage_taken":[{"damage":4,"enemies":"Jaw Worm","floor":1,"turns":5},{"damage":3,"enemies":"Cultist","floor":3,"turns":4},{"damage":7,"enemies":"Small Slimes","floor":4,"turns":3},{"damage":14,"enemies":"Blue Slaver","floor":5,"turns":6},{"damage":1,"enemies":"Large Slime","floor":7,"turns":5},{"damage":0,"enemies":"Red Slaver","floor":10,"turns":3},{"damage":14,"enemies":"3 Sentries","floor":12,"turns":7},{"damage":12,"enemies":"Gremlin Nob","floor":14,"turns":4},{"damage":36,"enemies":"Hexaghost","floor":16,"turns":9}],"seed_played":"-2769616526617283968","potions_obtained":[{"floor":1,"key":"LiquidBronze"},{"floor":2,"key":"GhostInAJar"},{"floor":7,"key":"Regen Potion"}],"is_trial":false,"path_per_floor":["M","?","M","M","M","R","M","R","T","M","?","E","R","E","R","B"],"character_chosen":"THE_SILENT","items_purchased":[],"campfire_rested":1,"item_purchase_floors":[],"current_hp_per_floor":[55,55,52,45,31,31,30,49,49,49,49,35,35,35,35,0,0],"gold":154,"neow_bonus":"BOSS_RELIC","is_daily":false,"chose_seed":false,"campfire_upgraded":3,"win_rate":0.0,"timestamp":1614325056,"path_taken":["M","?","M","M","M","R","M","R","T","?","?","E","R","E","R","BOSS"],"items_purchased_type":[],"build_version":"2020-12-22","purchased_purges":0,"victory":false,"max_hp_per_floor":[66,66,66,66,66,66,66,66,66,66,66,66,66,66,66,66,66],"relic_stats":{"Centennial Puzzle":[6],"counters":[9,46],"obtain_stats":[{"Anchor":9,"Centennial Puzzle":12,"The Courier":14,"Empty Cage":0,"Ring of the Snake":0},{"Anchor":5,"Centennial Puzzle":7,"The Courier":8,"Empty Cage":0,"Ring of the Snake":0},{"Anchor":23,"Centennial Puzzle":33,"The Courier":37,"Empty Cage":0,"Ring of the Snake":0}]},"card_choices":[{"not_picked":["Poisoned Stab","Sucker Punch"],"picked":"Well Laid Plans","floor":1},{"not_picked":["Slice","Deflect"],"picked":"Blade Dance","floor":3},{"not_picked":["Acrobatics","Dagger Spray"],"picked":"Adrenaline","floor":4},{"not_picked":["Backflip","Accuracy","Reflex"],"picked":"SKIP","floor":5},{"not_picked":["Well Laid Plans","Deflect"],"picked":"Expertise","floor":7},{"not_picked":["Deflect","Prepared"],"picked":"Dagger Spray","floor":10},{"not_picked":["Blur","Dagger Throw"],"picked":"Blade Dance","floor":12},{"not_picked":["Flying Knee","Blade Dance"],"picked":"Adrenaline","floor":14}],"player_experience":1511141,"relics_obtained":[{"floor":9,"key":"Anchor"},{"floor":12,"key":"Centennial Puzzle"},{"floor":14,"key":"The Courier"}],"event_choices":[{"damage_healed":0,"gold_gain":0,"player_choice":"Bought 1 Potion","damage_taken":0,"max_hp_gain":0,"max_hp_loss":0,"event_name":"The Woman in Blue","floor":2,"gold_loss":0},{"cards_removed":["Strike_G"],"damage_healed":0,"gold_gain":0,"player_choice":"Card Removal","damage_taken":0,"max_hp_gain":0,"max_hp_loss":0,"event_name":"The Cleric","floor":11,"gold_loss":75}],"is_beta":false,"boss_relics":[],"items_purged_floors":[],"is_endless":false,"potions_floor_spawned":[1,7,10,12],"killed_by":"Hexaghost","ascension_level":20}}