{"host":"8k64rvi83ijr822k","time":1614370870,"event":{"mods":["Bard","BaseMod","Dio Mod","Hermit","Hubris","Magitek Elite","Minty Spire (QoL Compilation)","Quick Restart","Railgun Mod","Replay The Spire","Shop Mod","Small Relic Pack","StSLib","Td1madao Mod","The Administrix","The Animator","The Bladedancer","The Bug Knight","The Construct","The Cursed","The Disciple","The Gatherer","The Judge","The Jungle","The Mystic","The Necromancer","The Poker Player","The Problem Sleuth","The Runesmith","The Senshi","The Wild Card","TheHero"],"gold_per_floor":[118,130,130,148,113,113,129,147,147,147,162,162,180,37,37,37,37],"floor_reached":16,"language":"ENG","playtime":711,"items_purged":[],"score":94,"play_id":"150fbd40-eb58-4610-99b5-e97ec768e9e1","local_time":"20210226152110","is_ascension_mode":false,"campfire_choices":[{"floor":6,"key":"REST"}],"circlet_count":0,"master_deck":["TheRailgun:Strike","TheRailgun:Strike","TheRailgun:Strike","TheRailgun:Strike","TheRailgun:Defend","TheRailgun:Defend","TheRailgun:Defend","TheRailgun:Defend+1","TheRailgun:Discharge+1","TheRailgun:Static","TheRailgun:Zip+1","TheRailgun:Railgun","TheRailgun:Stun_Shock","TheRailgun:Coin_Flip","TheRailgun:Electrical_Fire","TheRailgun:Iron_Dust_Sword","TheRailgun:Iron_Dust_Shield","TheRailgun:Electric_Fence","TheRailgun:Rewiring","TheRailgun:Teleporter","TheRailgun:Battery_Pack","TheRailgun:Biribiri","TheRailgun:Static"],"relics":["TheRailgun:CoinRelic","Art of War","Mango"],"acts_visited":["Exordium"],"potions_floor_usage":[16,16],"damage_taken":[{"damage":0,"enemies":"2 Louse","floor":1,"turns":3},{"damage":5,"enemies":"Jaw Worm","floor":2,"turns":3},{"damage":0,"enemies":"Cultist","floor":4,"turns":2},{"damage":7,"enemies":"Exordium Wildlife","floor":7,"turns":2},{"damage":4,"enemies":"Large Slime","floor":8,"turns":4},{"damage":19,"enemies":"Gremlin Gang","floor":11,"turns":4},{"damage":3,"enemies":"Looter","floor":13,"turns":2},{"damage":87,"enemies":"Hexaghost","floor":16,"turns":9}],"seed_played":"3112372763520578410","potions_obtained":[{"floor":4,"key":"Elixir"},{"floor":7,"key":"Regen Potion"}],"is_trial":false,"path_per_floor":["M","M","?","M","?","R","M","M","T","T","M","?","M","$","R","B"],"character_chosen":"THE_DEFAULT","items_purchased":["TheRailgun:Battery_Pack","TheRailgun:Biribiri","TheRailgun:Static"],"campfire_rested":1,"item_purchase_floors":[14,14,14],"current_hp_per_floor":[49,44,30,30,47,68,61,57,57,71,52,52,49,49,74,0,0],"gold":37,"neow_bonus":"THREE_RARE_CARDS","is_daily":false,"chose_seed":false,"campfire_upgraded":0,"win_rate":0.0,"timestamp":1614370870,"path_taken":["M","M","?","M","?","R","M","M","T","?","?","?","M","$","R","BOSS"],"items_purchased_type":["Card","Card","Card"],"build_version":"2020-12-22","purchased_purges":0,"victory":false,"max_hp_per_floor":[70,70,70,70,70,70,70,70,70,84,84,84,84,84,84,84,84],"card_choices":[{"not_picked":["TheRailgun:Judgement_Officer","TheRailgun:Overload"],"picked":"TheRailgun:Railgun","floor":0},{"not_picked":["TheRailgun:Zip","TheRailgun:Magnetic_Movement"],"picked":"TheRailgun:Stun_Shock","floor":1},{"not_picked":["TheRailgun:Stun_Shock","TheRailgun:Oneesama"],"picked":"TheRailgun:Coin_Flip","floor":2},{"not_picked":["TheRailgun:Zip","TheRailgun:Scatter_Railgun"],"picked":"TheRailgun:Electrical_Fire","floor":4},{"not_picked":["TheRailgun:Biribiri","TheRailgun:Token_Collection"],"picked":"TheRailgun:Iron_Dust_Sword","floor":7},{"not_picked":["TheRailgun:Recharge","TheRailgun:Thunderbolt"],"picked":"TheRailgun:Iron_Dust_Shield","floor":8},{"not_picked":["TheRailgun:Hypercharge","TheRailgun:Taser"],"picked":"TheRailgun:Electric_Fence","floor":11},{"not_picked":["TheRailgun:Thunderjolt","TheRailgun:Iron_Dust_Vial"],"picked":"TheRailgun:Teleporter","floor":13}],"player_experience":125096,"relics_obtained":[{"floor":9,"key":"Art of War"},{"floor":10,"key":"Mango"}],"event_choices":[{"damage_healed":0,"gold_gain":0,"player_choice":"Entered Light","damage_taken":14,"max_hp_gain":0,"max_hp_loss":0,"event_name":"Shining Light","floor":3,"gold_loss":0,"cards_upgraded":["TheRailgun:Zip","TheRailgun:Defend"]},{"damage_healed":17,"gold_gain":0,"player_choice":"Healed","damage_taken":0,"max_hp_gain":0,"max_hp_loss":0,"event_name":"The Cleric","floor":5,"gold_loss":35}],"is_beta":false,"boss_relics":[],"items_purged_floors":[],"is_endless":false,"potions_floor_spawned":[4,7],"killed_by":"Hexaghost","ascension_level":0}}