{"host":"3sqvgza1l4ip9ny1","time":1614306317,"event":{"mods":["BaseMod","Minty Spire (QoL Compilation)"],"gold_per_floor":[109,125,200,200,79,79,112,112,163,198,215,233,233,250,250,348,348,362,362,376,401,401,401,481,481,506,506,506,516,441,56,56,154,154,171,221,238,306,321,321,339,339,339,339,374,374,391,420,420,420],"floor_reached":51,"language":"ENG","playtime":3138,"items_purged":["Strike_G","Strike_G"],"score":752,"play_id":"2cb7e6fa-a09b-452e-a202-3e49bbc797a4","local_time":"20210226022517","is_ascension_mode":true,"campfire_choices":[{"floor":6,"key":"REST"},{"data":"Blade Dance","floor":8,"key":"SMITH"},{"floor":15,"key":"REST"},{"data":"Panache","floor":23,"key":"SMITH"},{"data":"Cloak And Dagger","floor":25,"key":"SMITH"},{"data":"Dodge and Roll","floor":28,"key":"SMITH"},{"data":"Envenom","floor":32,"key":"SMITH"},{"data":"Envenom","floor":40,"key":"SMITH"},{"data":"Distraction","floor":42,"key":"SMITH"},{"data":"Blade Dance","floor":44,"key":"SMITH"},{"data":"Phantasmal Killer","floor":49,"key":"SMITH"}],"circlet_count":0,"master_deck":["Strike_G+1","Defend_G","Defend_G","Defend_G","Defend_G","Defend_G","Survivor","Neutralize+1","Panache+1","Prepared","Blade Dance+1","PiercingWail","Flying Knee","Masterful Stab","Dodge and Roll+1","Cloak And Dagger+1","Masterful Stab","Burst+1","CurseOfTheBell","Caltrops","Writhe","Blur","Well Laid Plans","Envenom+1","PiercingWail","Envenom+1","Blade Dance+1","Blade Dance+1","Blur","Distraction+1","Distraction+1","Terror","Finisher+1","Phantasmal Killer+1"],"relics":["Ring of the Snake","Anchor","MealTicket","Whetstone","White Beast Statue","Ancient Tea Set","Calling Bell","Boot","Matryoshka","StoneCalendar","Paper Crane","Red Mask","Bronze Scales","Eternal Feather","Letter Opener","Meat on the Bone","Smiling Mask","Happy Flower","Coffee Dripper","Prayer Wheel","Bottled Flame","Lantern","Centennial Puzzle","FossilizedHelix"],"acts_visited":["Exordium","TheCity","TheBeyond"],"potions_floor_usage":[7,7,16,16,16,21,21,33,33,36,39,50,50,50],"damage_taken":[{"damage":17,"enemies":"Jaw Worm","floor":1,"turns":9},{"damage":0,"enemies":"2 Louse","floor":2,"turns":4},{"damage":8,"enemies":"3 Sentries","floor":7,"turns":8},{"damage":4,"enemies":"Lagavulin","floor":10,"turns":8},{"damage":0,"enemies":"Cultist","floor":11,"turns":3},{"damage":0,"enemies":"2 Fungi Beasts","floor":12,"turns":3},{"damage":0,"enemies":"Looter","floor":14,"turns":2},{"damage":32,"enemies":"The Guardian","floor":16,"turns":10},{"damage":15,"enemies":"Chosen","floor":18,"turns":5},{"damage":21,"enemies":"3 Byrds","floor":20,"turns":4},{"damage":31,"enemies":"Masked Bandits","floor":21,"turns":6},{"damage":16,"enemies":"Cultist and Chosen","floor":29,"turns":5},{"damage":52,"enemies":"Champ","floor":33,"turns":10},{"damage":0,"enemies":"Orb Walker","floor":35,"turns":4},{"damage":0,"enemies":"Mind Bloom Boss Battle","floor":36,"turns":6},{"damage":0,"enemies":"3 Shapes","floor":37,"turns":3},{"damage":20,"enemies":"Sphere and 2 Shapes","floor":39,"turns":7},{"damage":0,"enemies":"4 Shapes","floor":41,"turns":3},{"damage":15,"enemies":"Nemesis","floor":45,"turns":5},{"damage":9,"enemies":"Writhing Mass","floor":47,"turns":4},{"damage":2,"enemies":"Reptomancer","floor":48,"turns":5},{"damage":39,"enemies":"Donu and Deca","floor":50,"turns":6}],"seed_played":"-4648855014029334575","potions_obtained":[{"floor":1,"key":"Fire Potion"},{"floor":2,"key":"Strength Potion"},{"floor":10,"key":"Poison Potion"},{"floor":11,"key":"Strength Potion"},{"floor":12,"key":"Dexterity Potion"},{"floor":14,"key":"SneckoOil"},{"floor":16,"key":"Regen Potion"},{"floor":18,"key":"Poison Potion"},{"floor":20,"key":"Dexterity Potion"},{"floor":21,"key":"SmokeBomb"},{"floor":29,"key":"SpeedPotion"},{"floor":33,"key":"CunningPotion"},{"floor":35,"key":"FearPotion"},{"floor":36,"key":"Fire Potion"},{"floor":37,"key":"Strength Potion"},{"floor":39,"key":"Energy Potion"},{"floor":45,"key":"AttackPotion"},{"floor":48,"key":"LiquidBronze"}],"is_trial":false,"path_per_floor":["M","M","?","?","$","R","E","R","T","E","M","M","?","M","R","B",null,"M","?","M","?","T","R","T","R","T","?","R","M","?","$","R","B",null,"M","?","M","T","M","R","M","R","T","R","E","?","M","E","R","B",null],"character_chosen":"THE_SILENT","items_purchased":["PiercingWail","Envenom","PiercingWail","Happy Flower"],"campfire_rested":2,"item_purchase_floors":[5,31,31,31],"current_hp_per_floor":[46,46,35,10,10,28,20,20,20,16,16,16,16,16,34,2,63,48,48,27,10,10,25,25,40,40,40,55,39,39,54,63,23,63,63,63,63,63,43,61,61,63,63,63,48,48,39,37,55,28],"gold":420,"neow_bonus":"RANDOM_COLORLESS_2","is_daily":false,"chose_seed":false,"campfire_upgraded":9,"win_rate":0.0,"timestamp":1614306317,"path_taken":["M","M","?","?","$","R","E","R","T","E","M","M","?","?","R","BOSS","M","?","M","?","?","R","?","R","T","?","R","?","?","$","R","BOSS","M","?","M","?","M","R","M","R","T","R","E","?","M","E","R","BOSS"],"items_purchased_type":["Card","Card","Card","Relic"],"build_version":"2020-12-22","purchased_purges":2,"victory":true,"max_hp_per_floor":[63,63,63,63,63,63,63,63,63,63,63,63,63,63,63,63,63,63,63,63,63,63,63,63,63,63,63,63,63,63,63,63,63,63,63,63,63,63,63,63,63,63,63,63,63,63,63,63,63,63],"card_choices":[{"not_picked":["Thinking Ahead","Secret Weapon"],"picked":"Panache","floor":0},{"not_picked":["Crippling Poison","Sucker Punch"],"picked":"Prepared","floor":1},{"not_picked":["Caltrops","Crippling Poison"],"picked":"Blade Dance","floor":2},{"not_picked":["Sucker Punch","Venomology"],"picked":"Flying Knee","floor":7},{"not_picked":["Deadly Poison","Dagger Spray"],"picked":"Masterful Stab","floor":10},{"not_picked":["Bane","Deadly Poison"],"picked":"Dodge and Roll","floor":11},{"not_picked":["Underhanded Strike","Tools of the Trade"],"picked":"Cloak And Dagger","floor":12},{"not_picked":["Deflect","Leg Sweep"],"picked":"Masterful Stab","floor":14},{"not_picked":["Storm of Steel","After Image"],"picked":"Burst","floor":16},{"not_picked":["Eviscerate","Noxious Fumes"],"picked":"Caltrops","floor":18},{"not_picked":["Flechettes+1","Bane","Quick Slash"],"picked":"SKIP","floor":20},{"not_picked":["Deadly Poison","Catalyst"],"picked":"Blur","floor":21},{"not_picked":["Distraction+1","Dagger Throw"],"picked":"Well Laid Plans","floor":29},{"not_picked":["Tools of the Trade","Bullet Time"],"picked":"Envenom","floor":33},{"not_picked":["Backflip+1","Prepared+1"],"picked":"Blade Dance+1","floor":35},{"not_picked":["Acrobatics","Skewer+1"],"picked":"Blade Dance","floor":37},{"not_picked":["Dodge and Roll+1","Underhanded Strike+1"],"picked":"Blur","floor":37},{"not_picked":["Bouncing Flask","Glass Knife"],"picked":"Distraction+1","floor":39},{"not_picked":["Crippling Poison","Quick Slash+1"],"picked":"Distraction","floor":39},{"not_picked":["Expertise+1","Slice+1","Underhanded Strike+1"],"picked":"SKIP","floor":41},{"not_picked":["All Out Attack+1","Dagger Throw+1","Choke+1"],"picked":"SKIP","floor":41},{"not_picked":["Die Die Die","Acrobatics"],"picked":"Terror","floor":45},{"not_picked":["Sucker Punch","Dagger Spray"],"picked":"Finisher+1","floor":47},{"not_picked":["Deflect","Outmaneuver","Bane+1"],"picked":"SKIP","floor":47},{"not_picked":["Distraction+1","Cloak And Dagger+1"],"picked":"Phantasmal Killer","floor":48}],"player_experience":222388,"relics_obtained":[{"floor":7,"key":"MealTicket"},{"floor":9,"key":"Whetstone"},{"floor":10,"key":"White Beast Statue"},{"floor":17,"key":"Boot"},{"floor":17,"key":"Matryoshka"},{"floor":17,"key":"StoneCalendar"},{"floor":21,"key":"Red Mask"},{"floor":22,"key":"Bronze Scales"},{"floor":22,"key":"Eternal Feather"},{"floor":24,"key":"Letter Opener"},{"floor":24,"key":"Meat on the Bone"},{"floor":26,"key":"Smiling Mask"},{"floor":36,"key":"Prayer Wheel"},{"floor":38,"key":"Bottled Flame"},{"floor":43,"key":"Lantern"},{"floor":45,"key":"Centennial Puzzle"},{"floor":48,"key":"FossilizedHelix"}],"event_choices":[{"damage_healed":0,"gold_gain":75,"player_choice":"Gather Gold","damage_taken":11,"max_hp_gain":0,"max_hp_loss":0,"event_name":"World of Goop","floor":3,"gold_loss":0},{"damage_healed":0,"gold_gain":0,"player_choice":"Success","damage_taken":25,"relics_obtained":["Anchor"],"max_hp_gain":0,"max_hp_loss":0,"event_name":"Scrap Ooze","floor":4,"gold_loss":0},{"damage_healed":0,"gold_gain":0,"player_choice":"Gave Potion","damage_taken":0,"relics_obtained":["Ancient Tea Set"],"max_hp_gain":0,"max_hp_loss":0,"event_name":"WeMeetAgain","floor":13,"gold_loss":0},{"damage_healed":0,"gold_gain":0,"player_choice":"Opened","damage_taken":0,"relics_obtained":["Paper Crane"],"max_hp_gain":0,"max_hp_loss":0,"event_name":"The Mausoleum","floor":19,"gold_loss":0,"cards_obtained":["Writhe"]},{"damage_healed":0,"gold_gain":0,"player_choice":"Fought Bandits","damage_taken":0,"max_hp_gain":0,"max_hp_loss":0,"event_name":"Masked Bandits","floor":21,"gold_loss":0},{"damage_healed":0,"gold_gain":0,"player_choice":"Forge","damage_taken":0,"max_hp_gain":0,"max_hp_loss":0,"event_name":"Accursed Blacksmith","floor":27,"gold_loss":0,"cards_upgraded":["Burst"]},{"cards_removed":["Strike_G"],"damage_healed":0,"gold_gain":0,"player_choice":"Gave Gold","damage_taken":0,"max_hp_gain":0,"max_hp_loss":0,"event_name":"Beggar","floor":30,"gold_loss":75},{"damage_healed":0,"gold_gain":0,"player_choice":"Fight","damage_taken":0,"max_hp_gain":0,"max_hp_loss":0,"event_name":"MindBloom","floor":36,"gold_loss":0},{"cards_removed":["Strike_G"],"damage_healed":0,"gold_gain":0,"player_choice":"Card Removal","damage_taken":0,"max_hp_gain":0,"max_hp_loss":0,"event_name":"Wheel of Change","floor":46,"gold_loss":0}],"is_beta":false,"boss_relics":[{"not_picked":["HoveringKite","Tiny House"],"picked":"Calling Bell"},{"not_picked":["Empty Cage","Snecko Eye"],"picked":"Coffee Dripper"}],"items_purged_floors":[5,31],"is_endless":false,"potions_floor_spawned":[1,2,10,11,12,14,16,18,20,21,29,33,35,36,37,39,41,45,47,48],"ascension_level":2}}