{"host":"e4mqwdeqkh64qloq","time":1614382509,"event":{"mods":["BaseMod","Downfall","Minty Spire (QoL Compilation)","Relic Stats","Replay The Spire","StSLib","The Cursed"],"gold_per_floor":[112,124,124,144,144,172,172,186,236,236,83,83,99,128,128,232,232,242,242,279,291,303,303,329,329,329,329,329,329,80,98,98,98,98],"floor_reached":33,"language":"ENG","playtime":1190,"items_purged":[],"score":410,"play_id":"80ee86b8-1c97-48d4-a37b-cf54ad2485d9","local_time":"20210226183509","is_ascension_mode":true,"campfire_choices":[{"data":"Eruption","floor":7,"key":"SMITH"},{"data":"Pot Of Greed","floor":12,"key":"SMITH"},{"data":"Pot Of Greed","floor":15,"key":"SMITH"},{"data":"ThirdEye","floor":23,"key":"SMITH"},{"data":"Study","floor":25,"key":"SMITH"},{"floor":27,"key":"RECALL"},{"data":"Wish","floor":32,"key":"SMITH"}],"circlet_count":0,"master_deck":["Eruption+1","Vigilance","CutThroughFate","Crescendo","Replay:BluntJabs","EmptyFist","Consecrate","Pot Of Greed+1","Pot Of Greed+1","Tantrum","Consecrate","Wish+1","Study+1","Tantrum","Replay:DivineShield","MentalFortress","InnerPeace","Nirvana","Replay:LoomingThreat","WindmillStrike","Pot Of Greed","RitualDagger","Replay:BluntJabs","Meditate","ThirdEye+1","Wireheading","Bite","Bite","Bite","Bite","Bite","Pot Of Greed","Sanctity+1"],"relics":["Coffee Dripper","Onion Ring","PreservedInsect","Pet Ghost","Grinning Jar","Omamori","Pandora\u0027s Box","Replay:Ringing Soul","Gremlin Horn"],"acts_visited":["Exordium","TheCity"],"potions_floor_usage":[14,21,22,24,33],"damage_taken":[{"damage":0,"enemies":"Cultist","floor":1,"turns":2},{"damage":0,"enemies":"Jaw Worm","floor":2,"turns":3},{"damage":0,"enemies":"Small Slimes","floor":4,"turns":2},{"damage":12,"enemies":"Lagavulin","floor":6,"turns":3},{"damage":0,"enemies":"Blue Slaver","floor":8,"turns":1},{"damage":0,"enemies":"3 Louse","floor":13,"turns":1},{"damage":0,"enemies":"Gremlin Nob","floor":14,"turns":2},{"damage":40,"enemies":"Hexaghost","floor":16,"turns":4},{"damage":0,"enemies":"3 Byrds","floor":18,"turns":2},{"damage":22,"enemies":"Spheric Guardian","floor":20,"turns":3},{"damage":14,"enemies":"Centurion and Healer","floor":21,"turns":2},{"damage":0,"enemies":"Snake Plant","floor":22,"turns":1},{"damage":9,"enemies":"Book of Stabbing","floor":24,"turns":2},{"damage":37,"enemies":"Shelled Parasite and Fungi","floor":31,"turns":4},{"damage":20,"enemies":"Automaton","floor":33,"turns":4}],"seed_played":"4417829127070977137","potions_obtained":[{"floor":2,"key":"Explosive Potion"},{"floor":6,"key":"Adrenaline Potion"},{"floor":13,"key":"SpeedPotion"},{"floor":14,"key":"Regen Potion"},{"floor":18,"key":"Regen Potion"},{"floor":21,"key":"Energy Potion"},{"floor":24,"key":"Venom Potion"}],"is_trial":false,"path_per_floor":["M","M","T","M","?","E","R","M","T","?","$","R","M","E","R","B",null,"M","?","M","M","M","R","E","R","T","R","?","?","$","M","R","B"],"character_chosen":"WATCHER","items_purchased":["Grinning Jar","Gremlin Horn"],"campfire_rested":0,"item_purchase_floors":[11,30],"current_hp_per_floor":[72,72,72,72,72,60,60,60,60,60,60,60,60,60,60,20,72,72,66,44,35,35,35,34,34,34,34,34,37,37,11,11,0,0],"gold":98,"neow_bonus":"BOSS_RELIC","is_daily":false,"chose_seed":false,"campfire_upgraded":6,"win_rate":0.0,"timestamp":1614382509,"path_taken":["M","M","?","M","?","E","R","M","T","?","?","R","M","E","R","BOSS","M","?","M","M","M","R","E","R","T","R","?","?","$","M","R","BOSS"],"items_purchased_type":["Relic","Relic"],"build_version":"2020-12-22","purchased_purges":0,"victory":false,"max_hp_per_floor":[72,72,72,72,72,72,72,72,72,72,72,72,72,72,72,72,72,72,72,72,72,72,72,75,75,75,75,75,55,55,58,58,58,58],"relic_stats":{"Gremlin Horn":[3,3],"counters":[15,36],"Pandora\u0027s Box":["Study","Tantrum","Replay:DivineShield","MentalFortress","InnerPeace","Nirvana","Replay:LoomingThreat","WindmillStrike"],"PreservedInsect":62,"obtain_stats":[{"Replay:Ringing Soul":24,"Gremlin Horn":30,"Onion Ring":3,"Pandora\u0027s Box":17,"PreservedInsect":6,"Coffee Dripper":0,"Omamori":14,"PureWater":0,"Grinning Jar":11,"Pet Ghost":9},{"Replay:Ringing Soul":13,"Gremlin Horn":13,"Onion Ring":2,"Pandora\u0027s Box":8,"PreservedInsect":4,"Coffee Dripper":0,"Omamori":7,"PureWater":0,"Grinning Jar":5,"Pet Ghost":5},{"Replay:Ringing Soul":28,"Gremlin Horn":28,"Onion Ring":5,"Pandora\u0027s Box":18,"PreservedInsect":10,"Coffee Dripper":0,"Omamori":14,"PureWater":0,"Grinning Jar":11,"Pet Ghost":11}]},"card_choices":[{"not_picked":["SashWhip","Swivel"],"picked":"CutThroughFate","floor":1},{"not_picked":["Pray","Replay:AtTheReady"],"picked":"Crescendo","floor":2},{"not_picked":["LikeWater","Fasting2"],"picked":"Replay:BluntJabs","floor":4},{"not_picked":["ClearTheMind","PathToVictory"],"picked":"EmptyFist","floor":6},{"not_picked":["Replay:Battleflow","ClearTheMind"],"picked":"Consecrate","floor":8},{"not_picked":["EmptyBody","FollowUp"],"picked":"Tantrum","floor":13},{"not_picked":["ReachHeaven","Crescendo"],"picked":"Consecrate","floor":14},{"not_picked":["Blasphemy","MasterReality"],"picked":"Wish","floor":16},{"not_picked":["Replay:DivineShield+1","BattleHymn","Perseverance"],"picked":"SKIP","floor":18},{"not_picked":["Prostrate","Swivel"],"picked":"Replay:BluntJabs","floor":20},{"not_picked":["WreathOfFlame","Collect"],"picked":"Meditate","floor":21},{"not_picked":["EmptyMind","DeceiveReality"],"picked":"ThirdEye","floor":22},{"not_picked":["SandsOfTime+1","Replay:DivineShield"],"picked":"Wireheading","floor":24},{"not_picked":["MentalFortress+1","FlyingSleeves+1"],"picked":"Sanctity+1","floor":31}],"player_experience":289818,"relics_obtained":[{"floor":3,"key":"Onion Ring"},{"floor":6,"key":"PreservedInsect"},{"floor":9,"key":"Pet Ghost"},{"floor":14,"key":"Omamori"},{"floor":24,"key":"Replay:Ringing Soul"}],"event_choices":[{"damage_healed":0,"gold_gain":0,"player_choice":"Ignored","damage_taken":0,"max_hp_gain":0,"max_hp_loss":0,"event_name":"Golden Idol","floor":5,"gold_loss":0},{"damage_healed":0,"gold_gain":0,"player_choice":"Ignored","damage_taken":0,"max_hp_gain":0,"max_hp_loss":0,"event_name":"Golden Wing","floor":10,"gold_loss":0},{"damage_healed":0,"gold_gain":0,"player_choice":"Joined the Cult","damage_taken":6,"max_hp_gain":0,"max_hp_loss":0,"event_name":"Nest","floor":19,"gold_loss":0,"cards_obtained":["RitualDagger"]},{"damage_healed":0,"gold_gain":0,"player_choice":"Smashed Altar","damage_taken":0,"max_hp_gain":0,"max_hp_loss":0,"event_name":"Forgotten Altar","floor":28,"gold_loss":0,"cards_obtained":["Decay"]},{"damage_healed":0,"gold_gain":0,"player_choice":"Became a vampire","damage_taken":0,"max_hp_gain":0,"max_hp_loss":23,"event_name":"Vampires","floor":29,"gold_loss":0,"cards_obtained":["Bite","Bite","Bite","Bite","Bite"]}],"is_beta":false,"boss_relics":[{"not_picked":["Honey Jar","Replay:Drink Me"],"picked":"Pandora\u0027s Box"}],"items_purged_floors":[],"is_endless":false,"potions_floor_spawned":[2,6,13,14,18,21,24],"killed_by":"Automaton","ascension_level":4}}