{"host":"nihqlga4zpmrcpl9","time":1614320655,"event":{"mods":["BaseMod","LagranYue(拉格朗・月)","Marisa（F雨　魔理沙）","Minty Spire (QoL Compilation)","Replay The Spire","Shop Mod","StSLib","The Bug Knight","The Cursed","The Hierophant","The Servant 0.9.4"],"gold_per_floor":[19,33,33,44,44,44,74,93,165,183,203,203,228,244,244,339,339,350,362,379,38,57,57,57,57],"floor_reached":24,"language":"ZHS","playtime":1556,"items_purged":[],"score":212,"play_id":"1450b1de-90b5-4918-9625-73ab0827e8ed","local_time":"20210226142415","is_ascension_mode":false,"campfire_choices":[{"data":"Revamp","floor":6,"key":"SMITH"},{"data":"Luminosity","floor":12,"key":"SMITH"},{"floor":15,"key":"REST"},{"data":"SilverMatrix","floor":23,"key":"SMITH"}],"circlet_count":0,"master_deck":["Strike_S","Strike_S","Strike_S","Strike_S+1","Defend_S","Defend_S","Defend_S","Defend_S","KidneyShot","Exchange","MurderousAura","BottledTime","SilverBlades+1","Revamp+1","Gouge","WasteNot","Luminosity+1","Gouge","Snipe","GearUp","SilverMatrix+1","Contraction","Defy","KillingDoll","BestPractice","ReplayTheSpireMod:Private Reserves","Defy"],"relics":["SplendidAttire","LagranYue:RandomDrawCardRelic","InkBottle","Lantern","MerchantsRug","TheAbacus"],"acts_visited":["Exordium","TheCity"],"potions_floor_usage":[13,13,13,13,16,16],"damage_taken":[{"damage":8,"enemies":"Jaw Worm","floor":1,"turns":5},{"damage":0,"enemies":"2 Louse","floor":2,"turns":4},{"damage":1,"enemies":"Cultist","floor":4,"turns":4},{"damage":3,"enemies":"Replay:BlueRogue","floor":7,"turns":9},{"damage":2,"enemies":"Looter","floor":8,"turns":4},{"damage":2,"enemies":"Blue Slaver","floor":10,"turns":6},{"damage":29,"enemies":"Exordium Thugs","floor":11,"turns":5},{"damage":4,"enemies":"Lagavulin","floor":13,"turns":6},{"damage":2,"enemies":"Looter","floor":14,"turns":5},{"damage":16,"enemies":"Hexaghost","floor":16,"turns":15},{"damage":10,"enemies":"3 Byrds","floor":18,"turns":7},{"damage":4,"enemies":"Chosen","floor":19,"turns":5},{"damage":0,"enemies":"Sentry and Sphere","floor":20,"turns":10},{"damage":23,"enemies":"3 Cultists","floor":22,"turns":6},{"damage":31,"enemies":"Slavers","floor":24,"turns":3}],"seed_played":"2660088213408607740","potions_obtained":[{"floor":1,"key":"EntropicBrew"},{"floor":4,"key":"SpeedPotion"},{"floor":5,"key":"PowerPotion"},{"floor":14,"key":"LifebloodPotion"},{"floor":16,"key":"Explosive Potion"},{"floor":18,"key":"Toxic Potion"}],"is_trial":false,"path_per_floor":["M","M","?","M","?","R","E","M","T","M","M","R","E","M","R","B",null,"M","M","M","$","M","R","E"],"character_chosen":"THE_SERVANT","items_purchased":["MerchantsRug","BestPractice","TheAbacus","ReplayTheSpireMod:Private Reserves"],"campfire_rested":1,"item_purchase_floors":[21,21,21,21],"current_hp_per_floor":[57,57,44,43,43,43,40,38,38,36,7,7,3,1,20,4,65,55,51,51,51,28,28,0,0],"gold":57,"neow_bonus":"THREE_RARE_CARDS","is_daily":false,"chose_seed":false,"campfire_upgraded":3,"win_rate":0.0,"timestamp":1614320655,"path_taken":["M","M","?","M","?","R","E","M","T","?","M","R","E","M","R","BOSS","M","M","M","$","?","R","E"],"items_purchased_type":["Relic","Card","Relic","Card"],"build_version":"2020-12-22","purchased_purges":0,"victory":false,"max_hp_per_floor":[65,65,65,65,65,65,65,65,65,65,65,65,65,65,65,65,65,65,65,65,65,65,65,65,65],"card_choices":[{"not_picked":["Deny","Solidify"],"picked":"MurderousAura","floor":0},{"not_picked":["StarChef","DoubleEdge"],"picked":"BottledTime","floor":1},{"not_picked":["Gouge","Misdirection"],"picked":"SilverBlades","floor":2},{"not_picked":["Foresight","Unruled"],"picked":"Revamp","floor":4},{"not_picked":["Shuttle","Unruled"],"picked":"Gouge","floor":7},{"not_picked":["Shuttle","Advance"],"picked":"WasteNot","floor":8},{"not_picked":["Revamp","Spin"],"picked":"Luminosity","floor":10},{"not_picked":["DoubleEdge","Reset"],"picked":"Gouge","floor":11},{"not_picked":["Replace","Deny"],"picked":"Snipe","floor":13},{"not_picked":["TimeWarp","Spin"],"picked":"GearUp","floor":14},{"not_picked":["Initiator","LightFlow"],"picked":"SilverMatrix","floor":16},{"not_picked":["TimeWarp","Revamp"],"picked":"Contraction","floor":18},{"not_picked":["Unruled","Spin"],"picked":"Defy","floor":19},{"not_picked":["Read","StarChef"],"picked":"KillingDoll","floor":20},{"not_picked":["Alleviate","Spin"],"picked":"Defy","floor":22}],"player_experience":839894,"relics_obtained":[{"floor":7,"key":"WingedGreaves"},{"floor":9,"key":"InkBottle"},{"floor":13,"key":"Lantern"}],"event_choices":[{"damage_healed":0,"gold_gain":0,"player_choice":"Entered Light","damage_taken":13,"max_hp_gain":0,"max_hp_loss":0,"event_name":"Shining Light","floor":3,"gold_loss":0,"cards_upgraded":["Strike_S","SilverBlades"]},{"damage_healed":0,"gold_gain":0,"player_choice":"Got Potions","damage_taken":0,"max_hp_gain":0,"max_hp_loss":0,"event_name":"Lab","floor":5,"gold_loss":0}],"is_beta":false,"boss_relics":[{"not_picked":["Tiny House","Snecko Eye"],"picked":"SplendidAttire"}],"items_purged_floors":[],"is_endless":false,"potions_floor_spawned":[1,4,8,14,16,18,19,20],"killed_by":"Slavers","ascension_level":0}}