{"host":"czzthkrvfe6r7fjf","time":1614331341,"event":{"mods":["ATMod(∞¢Ë™Mod)","Act Like it!","BaseMod","Downfall","GungeonMod","Marisa£®ÏF”Í°°ƒß¿Ì…≥£©","Minty Spire (QoL Compilation)","Quick Restart","StSLib","The Servant 0.9.4","Waifu the Spire","°æπ¶ƒ‹Mod°øªÏ„Á÷Æª∑–ﬁ∏¥≤π∂°"],"gold_per_floor":[117,292,39,39,0,34,34,66,92,103,132,142,142,168,168,271,271,285,297,307,327,177,177,206,256,256,272,292,308,57,57,57,154,154,171,189,64,64,82,117,117,117,194,219,231,266,266,277,277,277],"floor_reached":51,"language":"ZHS","playtime":1382,"items_purged":["Strike_G","Defend_G","Strike_G"],"score":1010,"play_id":"0592ee3e-ae7a-4367-88f0-65cecacf31e3","local_time":"20210226172221","is_ascension_mode":false,"campfire_choices":[{"data":"Noxious Fumes","floor":7.0,"key":"SMITH"},{"data":"Catalyst","floor":15.0,"key":"SMITH"},{"data":"AT_ShadowStep","floor":23.0,"key":"SMITH"},{"data":"Deadly Poison","floor":32.0,"key":"SMITH"},{"data":"AT_WindFlip","floor":42,"key":"SMITH"},{"data":"Catalyst","floor":47,"key":"SMITH"},{"floor":49,"key":"REST"}],"circlet_count":0,"master_deck":["Strike_G","Defend_G","Defend_G","Defend_G","Survivor","Neutralize","AT_WindFlip+1","Noxious Fumes+1","Noxious Fumes+1","Poisoned Stab+1","Deadly Poison+1","Catalyst+1","Adrenaline+1","PiercingWail+1","AT_ShadowStep+1","Bouncing Flask+1","Catalyst+1","AT_FocusSwordFire+1","Adrenaline+1","Deadly Poison+1","Noxious Fumes+1","Catalyst+1"],"relics":["Ring of the Snake","AT_ATBox","NeowsBlessing","DemoMod:SerJunkan","AT_LudenTempest","AT_SunfireAegis","Lantern","PreservedInsect","AT_SilvercatRing","Empty Cage","DemoMod:Junk","DemoMod:Antibody","DollysMirror","DemoMod:RingOfEthereal","HoveringKite","Darkstone Periapt"],"acts_visited":["Exordium","TheCity","TheBeyond"],"potions_floor_usage":[50],"damage_taken":[{"damage":0.0,"enemies":"Jaw Worm","floor":1.0,"turns":1.0},{"damage":0.0,"enemies":"3 Sentries","floor":6.0,"turns":1.0},{"damage":0.0,"enemies":"Gremlin Nob","floor":8.0,"turns":1.0},{"damage":0.0,"enemies":"Small Slimes","floor":10.0,"turns":1.0},{"damage":6.0,"enemies":"3 Sentries","floor":11.0,"turns":3.0},{"damage":0.0,"enemies":"Cultist","floor":12.0,"turns":2.0},{"damage":0.0,"enemies":"Gremlin Nob","floor":14.0,"turns":2.0},{"damage":37.0,"enemies":"Hexaghost","floor":16.0,"turns":6.0},{"damage":0.0,"enemies":"Spheric Guardian","floor":18.0,"turns":3.0},{"damage":0.0,"enemies":"3 Byrds","floor":19.0,"turns":3.0},{"damage":5.0,"enemies":"Snake Plant","floor":20.0,"turns":2.0},{"damage":6.0,"enemies":"Cultist and Chosen","floor":21.0,"turns":3.0},{"damage":0.0,"enemies":"Gremlin Leader","floor":24.0,"turns":4.0},{"damage":0.0,"enemies":"Chosen and Byrds","floor":27.0,"turns":3.0},{"damage":0.0,"enemies":"Snecko","floor":28.0,"turns":1.0},{"damage":0.0,"enemies":"Shelled Parasite and Fungi","floor":29.0,"turns":3.0},{"damage":0.0,"enemies":"Colosseum Slavers","floor":31.0,"turns":2.0},{"damage":0.0,"enemies":"Colosseum Nobs","floor":31.0,"turns":2.0},{"damage":0.0,"enemies":"Automaton","floor":33.0,"turns":4.0},{"damage":0.0,"enemies":"Orb Walker","floor":35.0,"turns":2.0},{"damage":0,"enemies":"3 Shapes","floor":36,"turns":3},{"damage":0,"enemies":"Transient","floor":39,"turns":3},{"damage":0,"enemies":"Giant Head","floor":40,"turns":5},{"damage":11,"enemies":"Nemesis","floor":44,"turns":3},{"damage":1,"enemies":"Jaw Worm Horde","floor":45,"turns":3},{"damage":4,"enemies":"Giant Head","floor":46,"turns":2},{"damage":0,"enemies":"Writhing Mass","floor":48,"turns":3},{"damage":30,"enemies":"Time Eater","floor":50,"turns":3}],"seed_played":"1374755095088777517","potions_obtained":[{"floor":1.0,"key":"champ:CounterPotion"},{"floor":4.0,"key":"LiquidBronze"},{"floor":4.0,"key":"SteroidPotion"},{"floor":11.0,"key":"Swift Potion"},{"floor":16.0,"key":"SpeedPotion"},{"floor":20.0,"key":"PowerPotion"}],"is_trial":false,"path_per_floor":["M","?","$","?","$","E","R","E","T","M","E","M","?","E","R","B",null,"M","M","M","M","$","R","E","?","T","M","M","M","$","?","R","B",null,"M","M","$","?","M","E","?","R","T","E","M","E","R","M","R","B",null],"character_chosen":"THE_SILENT","items_purchased":["DemoMod:SerJunkan","Noxious Fumes","Bouncing Flask","DollysMirror"],"campfire_rested":1,"item_purchase_floors":[3,5,22,30],"current_hp_per_floor":[70,70,70,70,70,70,70,70,70,70,64,64,64,64,64,27,70,70,70,65,59,59,59,59,59,59,59,59,59,59,59,59,59,70,70,70,70,70,70,70,70,70,70,59,58,54,54,54,70,40],"gold":277,"neow_bonus":"THREE_ENEMY_KILL","is_daily":false,"chose_seed":false,"campfire_upgraded":6,"win_rate":0.0,"timestamp":1614331341,"path_taken":["M","?","$","?","$","E","R","E","T","?","E","M","?","E","R","BOSS","M","?","M","M","$","R","E","?","T","M","?","M","$","?","R","BOSS","M","M","$","?","M","E","?","R","T","E","M","E","R","?","R","BOSS"],"items_purchased_type":["Relic","Card","Card","Relic"],"build_version":"2020-12-22","purchased_purges":3,"victory":true,"max_hp_per_floor":[70,70,70,70,70,70,70,70,70,70,70,70,70,70,70,70,70,70,70,70,70,70,70,70,70,70,70,70,70,70,70,70,70,70,70,70,70,70,70,70,70,70,70,70,70,70,70,70,70,70],"card_choices":[{"not_picked":["Dagger Spray","AT_FocusSwordFire"],"picked":"Noxious Fumes","floor":1.0},{"not_picked":["Accuracy","Bane","AT_EssenceShift"],"picked":"SKIP","floor":6.0},{"not_picked":["Sucker Punch","Poisoned Stab","Backflip"],"picked":"SKIP","floor":8.0},{"not_picked":["Sucker Punch","Backflip"],"picked":"Poisoned Stab","floor":8.0},{"not_picked":["Slice","Backflip","Acrobatics"],"picked":"SKIP","floor":10.0},{"not_picked":["Footwork","Reflex","AT_TinkerSharpsword"],"picked":"SKIP","floor":11.0},{"not_picked":["Footwork","Reflex","AT_TinkerSharpsword"],"picked":"SKIP","floor":11.0},{"not_picked":["AT_ArcaneSupremacy","Blade Dance"],"picked":"Deadly Poison","floor":12.0},{"not_picked":["Backstab","Riddle With Holes"],"picked":"Catalyst","floor":14.0},{"not_picked":["AT_MyraUnstableElement","Night Terror"],"picked":"Adrenaline","floor":16.0},{"not_picked":["PiercingWail","Bane","Dagger Spray"],"picked":"SKIP","floor":18.0},{"not_picked":["Bane","Dagger Spray"],"picked":"PiercingWail","floor":18.0},{"not_picked":["Backstab","Flying Knee"],"picked":"AT_ShadowStep","floor":19.0},{"not_picked":["AT_Desolate+1","Sucker Punch","Bane"],"picked":"SKIP","floor":20.0},{"not_picked":["Crippling Poison","Cloak And Dagger+1","AT_WindFlip+1"],"picked":"SKIP","floor":21.0},{"not_picked":["AT_Desolate","AT_TinkerSharpsword","Slice"],"picked":"SKIP","floor":24.0},{"not_picked":["Deflect","Dagger Throw+1"],"picked":"Catalyst","floor":27.0},{"not_picked":["Reflex","Infinite Blades"],"picked":"AT_FocusSwordFire+1","floor":28.0},{"not_picked":["Dagger Throw+1","AT_TinkerSharpsword","Cloak And Dagger"],"picked":"SKIP","floor":29.0},{"not_picked":["Burst","PiercingWail+1"],"picked":"Deadly Poison+1","floor":31.0},{"not_picked":["Outmaneuver","Distraction"],"picked":"Noxious Fumes","floor":35.0},{"not_picked":["Dagger Spray","PiercingWail+1","Reflex"],"picked":"SKIP","floor":36},{"not_picked":["Finisher","Dodge and Roll","PiercingWail+1"],"picked":"SKIP","floor":39},{"not_picked":["Finisher","Grand Finale","Caltrops+1"],"picked":"SKIP","floor":40},{"not_picked":["AT_WindFlip","Dodge and Roll","Acrobatics"],"picked":"SKIP","floor":44},{"not_picked":["Noxious Fumes","Deadly Poison+1"],"picked":"Catalyst","floor":45},{"not_picked":["Sucker Punch+1","Acrobatics+1","Footwork"],"picked":"SKIP","floor":46},{"not_picked":["Infinite Blades+1","Slice","Bane+1"],"picked":"SKIP","floor":48}],"player_experience":161753,"relics_obtained":[{"floor":6.0,"key":"AT_LudenTempest"},{"floor":8.0,"key":"AT_SunfireAegis"},{"floor":9.0,"key":"Lantern"},{"floor":11.0,"key":"PreservedInsect"},{"floor":14.0,"key":"AT_SilvercatRing"},{"floor":24.0,"key":"DemoMod:Junk"},{"floor":26.0,"key":"DemoMod:Antibody"},{"floor":31.0,"key":"DemoMod:RingOfEthereal"},{"floor":31.0,"key":"DemoMod:Junk"},{"floor":40,"key":"DemoMod:Junk"},{"floor":43,"key":"Darkstone Periapt"},{"floor":44,"key":"DemoMod:Junk"},{"floor":46,"key":"DemoMod:Junk"}],"event_choices":[{"damage_healed":0.0,"max_hp_gain":0.0,"max_hp_loss":0.0,"gold_gain":175.0,"event_name":"Liars Game","player_choice":"AGREE","floor":2.0,"gold_loss":0.0,"damage_taken":0.0,"cards_obtained":["Doubt"]},{"damage_healed":0.0,"max_hp_gain":0.0,"max_hp_loss":0.0,"gold_gain":0.0,"event_name":"Lab","player_choice":"Got Potions","floor":4.0,"gold_loss":0.0,"damage_taken":0.0},{"damage_healed":0.0,"max_hp_gain":0.0,"max_hp_loss":0.0,"gold_gain":0.0,"event_name":"Match and Keep!","player_choice":"0 cards matched","floor":13.0,"gold_loss":0.0,"damage_taken":0.0,"cards_obtained":[]},{"damage_healed":0.0,"max_hp_gain":0.0,"max_hp_loss":0.0,"gold_gain":100.0,"event_name":"The Joust","player_choice":"Bet on Murderer","floor":25.0,"gold_loss":50.0,"damage_taken":0.0},{"damage_healed":0.0,"max_hp_gain":0.0,"max_hp_loss":0.0,"gold_gain":0.0,"event_name":"Colosseum","player_choice":"Fight","floor":31.0,"gold_loss":0.0,"damage_taken":0.0},{"damage_healed":0.0,"max_hp_gain":0.0,"max_hp_loss":0.0,"gold_gain":0.0,"event_name":"Colosseum","player_choice":"Fought Nobs","floor":31.0,"gold_loss":0.0,"damage_taken":0.0},{"cards_removed":["Strike_G"],"damage_healed":0,"gold_gain":0,"player_choice":"Removed Attack","damage_taken":0,"max_hp_gain":0,"max_hp_loss":0,"event_name":"Falling","floor":38,"gold_loss":0},{"cards_removed":["Defend_G"],"damage_healed":0,"gold_gain":0,"player_choice":"Offered Basic","damage_taken":0,"max_hp_gain":0,"max_hp_loss":0,"event_name":"Bonfire Elementals","floor":41,"gold_loss":0}],"is_beta":false,"boss_relics":[{"not_picked":["Cursed Key","Velvet Choker"],"picked":"Empty Cage"},{"not_picked":["WristBlade","Pandora\u0027s Box"],"picked":"HoveringKite"}],"items_purged_floors":[22,30,37],"is_endless":false,"potions_floor_spawned":[1,6,11,12,16,20,24,29,31,33,44,45,48],"ascension_level":0}}