{"host":"hqhp2gyqzjx7w974","time":1614365486,"event":{"mods":["BaseMod","Colored Map","Highlight Path","Minty Spire (QoL Compilation)","Permanent Neow","Relic Stats","StSLib"],"gold_per_floor":[119,119,119,134,23,23,58,58,58,72,105,126,53,94,94,222,222,245,13,37,37,50,50,63,63,63,88,187,202,202,227,227,353,353,368,368,701,721,736,770,283,283,283,283,302,302,24,37,37,37],"floor_reached":51,"language":"ENG","playtime":1205,"items_purged":["Parasite","Strike_P","Writhe"],"score":797,"play_id":"f061d2be-c5db-4371-bc8f-7cfce6ba2d29","local_time":"20210226085126","is_ascension_mode":false,"campfire_choices":[{"data":"Eruption","floor":6.0,"key":"SMITH"},{"data":"BattleHymn","floor":8.0,"key":"SMITH"},{"floor":15,"key":"REST"},{"data":"Devotion","floor":23,"key":"SMITH"},{"data":"Worship","floor":25,"key":"SMITH"},{"data":"Devotion","floor":30,"key":"SMITH"},{"floor":32,"key":"REST"},{"floor":42,"key":"REST"},{"floor":44,"key":"REST"},{"floor":49,"key":"REST"}],"circlet_count":0,"master_deck":["Strike_P","Strike_P","Strike_P","Defend_P","Defend_P","Defend_P","Defend_P","Eruption+1","Vigilance","Indignation","Consecrate","BattleHymn+1","Fasting2","TalkToTheHand","Conclude","ReachHeaven","FearNoEvil","Worship+1","Devotion+1","FollowUp","Flash of Steel","SignatureMove","Devotion+1","Blasphemy"],"relics":["PureWater","Dream Catcher","Damaru","Anchor","Philosopher\u0027s Stone","Sling","Nloth\u0027s Gift","Bottled Tornado","Fusion Hammer","Ancient Tea Set","PreservedInsect","Mummified Hand","Blood Vial","ClockworkSouvenir"],"acts_visited":["Exordium","TheCity","TheBeyond"],"potions_floor_usage":[16,33,40,45,50],"damage_taken":[{"damage":1.0,"enemies":"Jaw Worm","floor":1.0,"turns":3.0},{"damage":0.0,"enemies":"Cultist","floor":4.0,"turns":2.0},{"damage":21.0,"enemies":"3 Sentries","floor":7.0,"turns":7.0},{"damage":0,"enemies":"Small Slimes","floor":10,"turns":3},{"damage":16,"enemies":"Gremlin Nob","floor":11,"turns":4},{"damage":4,"enemies":"Blue Slaver","floor":12,"turns":3},{"damage":0,"enemies":"Lagavulin","floor":14,"turns":4},{"damage":12,"enemies":"The Guardian","floor":16,"turns":10},{"damage":1,"enemies":"Spheric Guardian","floor":18,"turns":3},{"damage":0,"enemies":"Chosen","floor":20,"turns":3},{"damage":23,"enemies":"Snake Plant","floor":22,"turns":3},{"damage":0,"enemies":"Centurion and Healer","floor":24,"turns":3},{"damage":2,"enemies":"Cultist and Chosen","floor":27,"turns":3},{"damage":8,"enemies":"3 Cultists","floor":29,"turns":3},{"damage":12,"enemies":"Centurion and Healer","floor":31,"turns":3},{"damage":29,"enemies":"Automaton","floor":33,"turns":5},{"damage":11,"enemies":"3 Shapes","floor":35,"turns":3},{"damage":0,"enemies":"Orb Walker","floor":38,"turns":2},{"damage":27,"enemies":"Spire Growth","floor":39,"turns":3},{"damage":49,"enemies":"Nemesis","floor":40,"turns":5},{"damage":18,"enemies":"Jaw Worm Horde","floor":45,"turns":3},{"damage":12,"enemies":"3 Darklings","floor":48,"turns":3},{"damage":65,"enemies":"Donu and Deca","floor":50,"turns":5}],"seed_played":"4231277202146006950","potions_obtained":[{"floor":7.0,"key":"DuplicationPotion"},{"floor":10,"key":"SmokeBomb"},{"floor":14,"key":"Dexterity Potion"},{"floor":16,"key":"SteroidPotion"},{"floor":24,"key":"Ambrosia"},{"floor":33,"key":"Weak Potion"},{"floor":40,"key":"Block Potion"}],"is_trial":false,"path_per_floor":["M","?","?","M","$","R","E","R","T","M","E","M","$","E","R","B",null,"M","$","M","?","M","R","M","R","T","M","?","M","R","M","R","B",null,"M","?","?","M","M","E","$","R","T","R","M","?","$","M","R","B",null],"character_chosen":"WATCHER","items_purchased":["BattleHymn","FearNoEvil","Sling","Flash of Steel","PreservedInsect","Mummified Hand","ClockworkSouvenir"],"campfire_rested":5,"item_purchase_floors":[5,13,19,19,41,41,47],"current_hp_per_floor":[85,90,68,68,68,68,47,47,47,47,31,27,27,27,53,41,88,87,87,87,87,64,64,64,64,64,62,62,54,54,42,68,39,88,77,77,77,77,50,1,1,27,27,53,37,59,59,49,75,12],"gold":37,"neow_bonus":"TWENTY_PERCENT_HP_BONUS","is_daily":false,"chose_seed":false,"campfire_upgraded":5,"win_rate":0.0,"timestamp":1614365486,"path_taken":["M","?","?","M","$","R","E","R","T","M","E","M","$","E","R","BOSS","M","$","M","?","?","R","M","R","T","M","?","M","R","M","R","BOSS","M","?","?","?","M","E","$","R","T","R","?","?","?","M","R","BOSS"],"items_purchased_type":["Card","Card","Relic","Card","Relic","Relic","Relic"],"build_version":"2020-12-22","purchased_purges":3,"victory":true,"max_hp_per_floor":[86,91,91,91,88,88,88,88,88,88,88,88,88,88,88,88,88,88,88,88,88,88,88,88,88,88,88,88,88,88,88,88,88,88,88,88,88,88,88,88,88,88,88,88,88,88,88,88,88,88],"relic_stats":{"Blood Vial":6,"Dream Catcher":5,"counters":[23,86],"Mummified Hand":[11],"PreservedInsect":0,"Nloth\u0027s Gift":2,"obtain_stats":[{"Golden Idol":3,"Damaru":11,"PreservedInsect":41,"Bottled Tornado":26,"Sling":19,"Ancient Tea Set":40,"ClockworkSouvenir":47,"Blood Vial":43,"Dream Catcher":7,"Anchor":14,"Ornamental Fan":9,"Mummified Hand":41,"Philosopher\u0027s Stone":17,"Fusion Hammer":34,"Nloth\u0027s Gift":21,"PureWater":0},{"Golden Idol":1,"Damaru":5,"PreservedInsect":20,"Bottled Tornado":12,"Sling":9,"Ancient Tea Set":20,"ClockworkSouvenir":21,"Blood Vial":20,"Dream Catcher":3,"Anchor":7,"Ornamental Fan":3,"Mummified Hand":20,"Philosopher\u0027s Stone":8,"Fusion Hammer":16,"Nloth\u0027s Gift":10,"PureWater":0},{"Golden Idol":3,"Damaru":19,"PreservedInsect":75,"Bottled Tornado":48,"Sling":39,"Ancient Tea Set":75,"ClockworkSouvenir":78,"Blood Vial":75,"Dream Catcher":12,"Anchor":26,"Ornamental Fan":12,"Mummified Hand":75,"Philosopher\u0027s Stone":36,"Fusion Hammer":62,"Nloth\u0027s Gift":42,"PureWater":0}]},"card_choices":[{"not_picked":["Crescendo","ThirdEye"],"picked":"Indignation","floor":1.0},{"not_picked":["FlyingSleeves","SashWhip"],"picked":"Consecrate","floor":4.0},{"not_picked":["ForeignInfluence","Pray"],"picked":"Fasting2","floor":7.0},{"not_picked":["Study","Evaluate"],"picked":"TalkToTheHand","floor":10},{"not_picked":["EmptyMind","ThirdEye"],"picked":"Conclude","floor":11},{"not_picked":["TalkToTheHand","FlurryOfBlows"],"picked":"ReachHeaven","floor":12},{"not_picked":["Fasting2","FlyingSleeves"],"picked":"Worship","floor":14},{"not_picked":["Vault","Establishment"],"picked":"Devotion","floor":16},{"not_picked":["ThirdEye+1","Protect+1"],"picked":"FollowUp","floor":18},{"not_picked":["ThirdEye","FlurryOfBlows"],"picked":"SignatureMove","floor":20},{"not_picked":["PathToVictory","ReachHeaven","Evaluate"],"picked":"SKIP","floor":22},{"not_picked":["Meditate","WindmillStrike","MentalFortress"],"picked":"SKIP","floor":24},{"not_picked":["BowlingBash","FollowUp"],"picked":"Devotion","floor":27},{"not_picked":["Crescendo","Study","ThirdEye"],"picked":"SKIP","floor":29},{"not_picked":["Adaptation","SashWhip+1","Halt"],"picked":"SKIP","floor":31},{"not_picked":["LessonLearned","Establishment"],"picked":"Blasphemy","floor":33},{"not_picked":["Collect","ClearTheMind","Halt+1"],"picked":"SKIP","floor":35},{"not_picked":["MentalFortress+1","Prostrate","Fasting2+1"],"picked":"SKIP","floor":38},{"not_picked":["Halt+1","Establishment","CrushJoints"],"picked":"SKIP","floor":39},{"not_picked":["EmptyMind+1","EmptyFist","ThirdEye+1"],"picked":"SKIP","floor":40},{"not_picked":["Study+1","Nirvana+1","Wish"],"picked":"SKIP","floor":45},{"not_picked":["CrushJoints+1","Protect","ReachHeaven"],"picked":"SKIP","floor":48}],"player_experience":11072,"relics_obtained":[{"floor":7.0,"key":"Dream Catcher"},{"floor":9.0,"key":"Ornamental Fan"},{"floor":11,"key":"Damaru"},{"floor":14,"key":"Anchor"},{"floor":26,"key":"Bottled Tornado"},{"floor":40,"key":"Ancient Tea Set"},{"floor":43,"key":"Blood Vial"}],"event_choices":[{"damage_healed":0.0,"max_hp_gain":5.0,"max_hp_loss":0.0,"gold_gain":0.0,"event_name":"Big Fish","player_choice":"Donut","floor":2.0,"gold_loss":0.0,"damage_taken":0.0},{"damage_healed":0.0,"max_hp_gain":0.0,"max_hp_loss":0.0,"gold_gain":0.0,"event_name":"Golden Idol","player_choice":"Take Damage","floor":3.0,"gold_loss":0.0,"damage_taken":22.0,"relics_obtained":["Golden Idol"]},{"damage_healed":0,"gold_gain":0,"player_choice":"Traded Relic","damage_taken":0,"relics_obtained":["Nloth\u0027s Gift"],"max_hp_gain":0,"max_hp_loss":0,"event_name":"N\u0027loth","floor":21,"relics_lost":["Ornamental Fan"],"gold_loss":0},{"damage_healed":0,"gold_gain":99,"player_choice":"Stole From Cult","damage_taken":0,"max_hp_gain":0,"max_hp_loss":0,"event_name":"Nest","floor":28,"gold_loss":0},{"damage_healed":0,"gold_gain":0,"player_choice":"Ignored","damage_taken":0,"max_hp_gain":0,"max_hp_loss":0,"event_name":"Tomb of Lord Red Mask","floor":36,"gold_loss":0},{"damage_healed":0,"gold_gain":333,"player_choice":"Gave Idol","damage_taken":0,"max_hp_gain":0,"max_hp_loss":0,"event_name":"The Moai Head","floor":37,"relics_lost":["Golden Idol"],"gold_loss":0},{"damage_healed":22,"gold_gain":0,"player_choice":"Writhe","damage_taken":0,"max_hp_gain":0,"max_hp_loss":0,"event_name":"Winding Halls","floor":46,"gold_loss":0,"cards_obtained":["Writhe"]}],"is_beta":false,"boss_relics":[{"not_picked":["Ectoplasm","Astrolabe"],"picked":"Philosopher\u0027s Stone"},{"not_picked":["Runic Dome","Runic Pyramid"],"picked":"Fusion Hammer"}],"items_purged_floors":[5,41,47],"is_endless":false,"potions_floor_spawned":[7,10,14,16,22,24,29,33,38,40],"ascension_level":0}}