{"host":"wqmfxiqu77u15tgo","time":1614343563,"event":{"mods":["AchievementEnabler","Act Like it!","Ascension Reborn","BaseMod","Colored Map","Colored Powertips","Gensokyo","Gold Saver","Highlight Path","Library of Ruina","Marisa（F雨　魔理沙）","Marked Mod","Minty Spire (QoL Compilation)","MostiFishMod","Reimu（博丽灵梦）","Relic Stats","Shop Mod","StSLib","TestMod","The Marked","Uncapped","Waifu the Spire","noobMod","【遗物卡牌】REMEMod"],"gold_per_floor":[120,84,84,34,34,34,52,82,108,146,170,170,198,273,273,379,379,404,404,404,404,444,479,479,479,558,579,579,678,703,731,731,841,841,866,1088,1088,815,815,815,893,893,893,920,961,991,991],"floor_reached":46,"language":"ZHS","playtime":3220,"items_purged":[],"score":722,"play_id":"74c18560-ab22-49d5-b579-0a87fc10f54b","local_time":"20210226204603","is_ascension_mode":true,"campfire_choices":[{"data":"TheRedNotes","floor":6.0,"key":"SMITH"},{"data":"FlamingDragonFist","floor":12.0,"key":"SMITH"},{"data":"ChargeAndCover","floor":15.0,"key":"SMITH"},{"data":"SunsetBlade","floor":24.0,"key":"SMITH"},{"floor":32.0,"key":"RECALL"}],"circlet_count":0,"master_deck":["Dodge+1","LightAttack+1","LightAttack+1","LightAttack+1","LightDefense+1","LightDefense+1","LightDefense+1","ChargeAndCover+1","FocusedStrikes+1","FlamingDragonFist+1","TheRedNotes+1","Diversion+1","Unlock1+1","Castigation+1","CircusKnives+1","QuickSuppression+1","TrashDisposal+1","SnakesPrey+1","SunsetBlade+1","EnergyCycle+1","FrontalAssault+1","SpearedSweep+1","YoureTooSlow+1","Commandeering+1","Overpower+1","GrazeTheGrass+1","VioletBlade+1","Clone+1","Parasite","BayonetCombat+1"],"relics":["PageOfLibrarian","DaveBox","ice","REME_ComplimentaryCards","testmod-TestBox","testmod-D_4","OneHitWonderSystem","ThornShield","SynthV:TestCard","CeramicFish","RhineSuit","Juzu Bracelet","Red Mask","Pen Nib","Molten Egg 2","PageOfBigBadWolf","Coffee Dripper","MerchantsRug","ImprovedEquipment","Mark of the Bloom","PureWhite:ReiMu","PageOfBloodbath","testmod-Nyarlathotep"],"acts_visited":["Exordium","TheCity","TheBeyond"],"potions_floor_usage":[44],"damage_taken":[{"damage":0.0,"enemies":"Jaw Worm","floor":1.0,"turns":2.0},{"damage":0.0,"enemies":"Small Slimes","floor":7.0,"turns":2.0},{"damage":0.0,"enemies":"Lagavulin","floor":8.0,"turns":3.0},{"damage":0.0,"enemies":"Gremlin Nob","floor":10.0,"turns":1.0},{"damage":0.0,"enemies":"2 Louse","floor":11.0,"turns":1.0},{"damage":0.0,"enemies":"Blue Slaver","floor":13.0,"turns":2.0},{"damage":0.0,"enemies":"Slime Boss","floor":16.0,"turns":3.0},{"damage":0.0,"enemies":"Spheric Guardian","floor":18.0,"turns":1.0},{"damage":0.0,"enemies":"Masked Bandits","floor":22.0,"turns":2.0},{"damage":0.0,"enemies":"REME_1_Revenger","floor":23.0,"turns":3.0},{"damage":0.0,"enemies":"Shell Parasite","floor":27.0,"turns":2.0},{"damage":0.0,"enemies":"Snecko","floor":30.0,"turns":1.0},{"damage":0.0,"enemies":"Chosen and Byrds","floor":31.0,"turns":2.0},{"damage":0.0,"enemies":"Champ","floor":33.0,"turns":3.0},{"damage":0.0,"enemies":"Orb Walker","floor":35.0,"turns":3.0},{"damage":0.0,"enemies":"2 Orb Walkers","floor":41.0,"turns":2.0},{"damage":0,"enemies":"3 Darklings","floor":44,"turns":2},{"damage":0,"enemies":"Nemesis","floor":45,"turns":3},{"damage":0,"enemies":"Writhing Mass","floor":46,"turns":2}],"seed_played":"-5812289241271569021","potions_obtained":[{"floor":7.0,"key":"Block Potion"},{"floor":10.0,"key":"AttackPotion"},{"floor":22.0,"key":"SteroidPotion"},{"floor":23.0,"key":"AttackPotion"},{"floor":30.0,"key":"Fire Potion"},{"floor":33.0,"key":"ZuzhouPotion:ReiMu"},{"floor":41,"key":"SkillPotion"},{"floor":45,"key":"ZuzhouPotion:ReiMu"}],"is_trial":false,"path_per_floor":["M","$","?","?","?","R","M","E","T","E","M","R","M","?","R","B",null,"M","?","?","?","?","E","R","?","T","M","T","?","M","M","R","B",null,"M","?","?","$","?","R","?","R","T","M","E","M"],"character_chosen":"Librarian","items_purchased":["TheRedNotes","MerchantsRug","GrazeTheGrass+1","ImprovedEquipment"],"campfire_rested":0,"item_purchase_floors":[2,38,38,38],"current_hp_per_floor":[1,1,1,1,1,1,1,1,1,1,1,1,1,1,1,1,1,1,6,1,1,1,1,1,1,1,1,1,1,1,1,1,1,1,1,1,1,1,1,1,1,1,1,1,1,1,1],"gold":991,"neow_bonus":"ONE_RARE_RELIC","is_daily":false,"chose_seed":false,"campfire_upgraded":4,"win_rate":0.0,"timestamp":1614343563,"path_taken":["M","$","?","?","?","R","M","E","T","E","M","R","?","?","R","BOSS","M","?","?","?","?","E","R","?","T","M","?","?","M","M","R","BOSS","M","?","?","?","?","R","?","R","T","M","E","M"],"items_purchased_type":["Card","Relic","Card","Relic"],"build_version":"2020-12-22","purchased_purges":0,"victory":false,"max_hp_per_floor":[3,1,1,1,1,1,9,1,1,13,1,1,1,1,1,1,1,1,6,1,1,2,2,1,1,1,2,1,1,1,6,1,2,1,3,1,1,1,1,1,2,1,1,6,12,1,1],"relic_stats":{"Mark of the Bloom":17,"counters":[19,40],"CeramicFish":153,"Pen Nib":[5],"Juzu Bracelet":1,"obtain_stats":[{"Mark of the Bloom":39,"DaveBox":0,"CeramicFish":10,"Vajra":9,"RhineSuit":17,"ice":0,"Juzu Bracelet":21,"testmod-Nyarlathotep":45,"Matryoshka":8,"Sundial":26,"Red Mask":22,"OneHitWonderSystem":0,"PageOfBigBadWolf":28,"MerchantsRug":38,"testmod-TestBox":0,"ImprovedEquipment":38,"PageOfBloodbath":43,"Pen Nib":23,"War Paint":9,"ThornShield":0,"PageOfLibrarian":0,"PureWhite:ReiMu":41,"SynthV:TestCard":1,"testmod-D_4":0,"Molten Egg 2":26,"Coffee Dripper":34,"REME_ComplimentaryCards":0},{"Mark of the Bloom":15,"DaveBox":0,"CeramicFish":4,"Vajra":3,"RhineSuit":7,"ice":0,"Juzu Bracelet":8,"testmod-Nyarlathotep":18,"Matryoshka":3,"Sundial":10,"Red Mask":9,"OneHitWonderSystem":0,"PageOfBigBadWolf":11,"MerchantsRug":15,"testmod-TestBox":0,"ImprovedEquipment":15,"PageOfBloodbath":16,"Pen Nib":10,"War Paint":3,"ThornShield":0,"PageOfLibrarian":0,"PureWhite:ReiMu":16,"SynthV:TestCard":1,"testmod-D_4":0,"Molten Egg 2":10,"Coffee Dripper":14,"REME_ComplimentaryCards":0},{"Mark of the Bloom":31,"DaveBox":0,"CeramicFish":8,"Vajra":7,"RhineSuit":14,"ice":0,"Juzu Bracelet":15,"testmod-Nyarlathotep":38,"Matryoshka":7,"Sundial":20,"Red Mask":17,"OneHitWonderSystem":0,"PageOfBigBadWolf":22,"MerchantsRug":31,"testmod-TestBox":0,"ImprovedEquipment":31,"PageOfBloodbath":33,"Pen Nib":20,"War Paint":7,"ThornShield":0,"PageOfLibrarian":0,"PureWhite:ReiMu":33,"SynthV:TestCard":2,"testmod-D_4":0,"Molten Egg 2":20,"Coffee Dripper":28,"REME_ComplimentaryCards":0}]},"card_choices":[{"not_picked":["ChiWen","SharpSwipe","NightInTheBackstreets","HandleRequest","EnergyStrike","Retaliate","TasteMyFlamingBat","UnavoidableGaze"],"picked":"FlamingDragonFist","floor":1.0},{"not_picked":["ShockRound","BiAn","ExtractFuel","GroundSmash","Outburst","Multislash","SunsetBlade","EnergyShield","Preparation","ButterflySlash"],"picked":"Diversion","floor":7.0},{"not_picked":["Diversion","WillOfThePrescript","InkOver","HiddenBlade","Leap_lor","Decapitation","SunsetBlade","Standoff","Multislash","FrontalAssault"],"picked":"Unlock1","floor":8.0},{"not_picked":["SuppressingShot","StrikeDown","StrongStrike","SnakesPrey","LossOfSenses","HandleRequest","BayonetCombat","FlyingSword","FierceCharge","Thrust"],"picked":"Castigation","floor":10.0},{"not_picked":["Concentration","FlashOfSunup","SweepTheBackstreets","MultiBlock","EnergyStrike","EmotionalTurbulence","VenomousFangs","BizarreAttack","GuidanceOfTheGears","ShockRound"],"picked":"CircusKnives","floor":11.0},{"not_picked":["ChiWen","StrongStrike","EndlessBattle","SmokingPipe","Quickness","SerpentineBarrier","UnavoidableGaze","GreatSerpentsImpact","FaintMemories","Pound"],"picked":"QuickSuppression","floor":13.0},{"not_picked":["CrackOfDawn","SenseQuarry","SilentNight","ChargeUp"],"picked":"TrashDisposal","floor":16.0},{"not_picked":["HighKick","Multislash+1","UncannyStrike","GuardingStance","WillOfThePrescript","Gamble","StructuralAnalysis","Diversion","ShockRound+1","DevastatingThrash"],"picked":"SnakesPrey+1","floor":18.0},{"not_picked":["AutomatedMovement","CoordinatedAssault","EnergyShield","Wallop_lor","FierceCharge","DefenseOrder","BackAttack","EnergyCycle+1","QuickAttack","FleetEdge"],"picked":"SunsetBlade","floor":22.0},{"not_picked":["ForcefulGesture+1","AutonomousRush","DaringDecision","SuppressingShot","FlowOfTheSword","StructuralAnalysis+1","MindPrepared","FocusFire","PinpointShot","SnakesPrey"],"picked":"EnergyCycle","floor":23.0},{"not_picked":["Parry+1","SharpSwipe+1","DefenseOrder","SweepTheBackstreets+1","HiddenBlade+1","SavageMode+1","Wallop_lor+1","RhinoRam+1","SuppressingShot+1","CoordinatedAssault"],"picked":"FrontalAssault+1","floor":27.0},{"not_picked":["BiAn","FieryWaltz+1","TasteMyFlamingBat+1","MultiBlock","Standoff+1","Quickness+1","PreemptiveStrike+1","Thrust+1","DriedUp+1","SunsetBlade+1"],"picked":"SpearedSweep+1","floor":30.0},{"not_picked":["YourShield","SpearedSweep+1","TraceOfFumes+1","RulesOfTheBackstreets+1","TendonChords+1","Leap_lor+1","ChiWen+1","EndlessBattle+1","DesperateStruggle+1","EnergyShield+1"],"picked":"YoureTooSlow+1","floor":31.0},{"not_picked":["WillProduceFineSilk","FlamingDragonFist+1","Observe","SilentNight+1"],"picked":"Commandeering","floor":33.0},{"not_picked":["Endure","Reload","Parry+1","KeepItFresh+1","ButterflySlash+1","MultiBlock+1","Eliminate+1","VenomousFangs+1","Rewind+1","HeavyPeaks+1"],"picked":"Overpower+1","floor":35.0},{"not_picked":["PreemptiveStrike+1","LawAndOrder+1","Rewind","Parry2+1","Parry+1","StrongStrike+1","FierceCharge+1","PinpointShot+1","InhaleSmoke","HighKick+1"],"picked":"VioletBlade+1","floor":44},{"not_picked":["StructuralAnalysis","SkitterAway","FrontalAssault","SomberProcuration+1","CrackOfDawn+1","BiAn","FleetFootsteps","Eliminate+1","SinglePointStab+1","AGoldenOpportunity+1"],"picked":"Clone+1","floor":45},{"not_picked":["ScatteringSlash+1","StayCalm","Diversion+1","Brawl+1","BlazingStrike+1","NightInTheBackstreets+1","RushDown+1","SuppressingShot+1","FrontalAssault","QuickSuppression+1"],"picked":"BayonetCombat+1","floor":46}],"player_experience":371518,"relics_obtained":[{"floor":1.0,"key":"SynthV:TestCard"},{"floor":8.0,"key":"Matryoshka"},{"floor":9.0,"key":"War Paint"},{"floor":9.0,"key":"Vajra"},{"floor":10.0,"key":"CeramicFish"},{"floor":22.0,"key":"Red Mask"},{"floor":23.0,"key":"Pen Nib"},{"floor":26.0,"key":"Sundial"},{"floor":26.0,"key":"Molten Egg 2"},{"floor":28.0,"key":"PageOfBigBadWolf"},{"floor":41,"key":"PureWhite:ReiMu"},{"floor":43,"key":"PageOfBloodbath"},{"floor":45,"key":"testmod-Nyarlathotep"}],"event_choices":[{"damage_healed":0.0,"max_hp_gain":0.0,"max_hp_loss":0.0,"gold_gain":0.0,"event_name":"Shining Light","player_choice":"Entered Light","floor":3.0,"gold_loss":0.0,"damage_taken":0.0,"cards_upgraded":["FocusedStrikes","LightDefense"]},{"cards_removed":["LightDefense"],"damage_healed":0.0,"max_hp_gain":0.0,"max_hp_loss":0.0,"gold_gain":0.0,"event_name":"The Cleric","player_choice":"Card Removal","floor":4.0,"gold_loss":50.0,"damage_taken":0.0},{"damage_healed":0.0,"max_hp_gain":0.0,"max_hp_loss":0.0,"gold_gain":75.0,"event_name":"World of Goop","player_choice":"Gather Gold","floor":14.0,"gold_loss":0.0,"damage_taken":11.0},{"damage_healed":0.0,"max_hp_gain":5.0,"max_hp_loss":0.0,"gold_gain":0.0,"event_name":"Forgotten Altar","player_choice":"Shed Blood","floor":19.0,"gold_loss":0.0,"damage_taken":0.0},{"damage_healed":0.0,"max_hp_gain":0.0,"max_hp_loss":0.0,"gold_gain":0.0,"event_name":"Vampires","player_choice":"Ignored","floor":20.0,"gold_loss":0.0,"damage_taken":0.0},{"damage_healed":0.0,"max_hp_gain":0.0,"max_hp_loss":0.0,"gold_gain":0.0,"event_name":"给自己的盒子","player_choice":"Swap Relic","floor":21.0,"relics_lost":["Vajra"],"gold_loss":0.0,"damage_taken":0.0,"relics_obtained":["Juzu Bracelet"]},{"damage_healed":0.0,"max_hp_gain":0.0,"max_hp_loss":0.0,"gold_gain":0.0,"event_name":"Masked Bandits","player_choice":"Fought Bandits","floor":22.0,"gold_loss":0.0,"damage_taken":0.0},{"damage_healed":0.0,"max_hp_gain":0.0,"max_hp_loss":0.0,"gold_gain":0.0,"event_name":"Back to Basics","player_choice":"Simplicity","floor":25.0,"gold_loss":0.0,"damage_taken":0.0,"cards_upgraded":["LightAttack","LightAttack","LightAttack","LightDefense"]},{"damage_healed":0.0,"max_hp_gain":0.0,"max_hp_loss":0.0,"gold_gain":99.0,"event_name":"Nest","player_choice":"Stole From Cult","floor":29.0,"gold_loss":0.0,"damage_taken":0.0},{"damage_healed":0.0,"max_hp_gain":0.0,"max_hp_loss":0.0,"gold_gain":222.0,"event_name":"Tomb of Lord Red Mask","player_choice":"Wore Mask","floor":36.0,"gold_loss":0.0,"damage_taken":0.0},{"damage_healed":0.0,"max_hp_gain":0.0,"max_hp_loss":0.0,"gold_gain":0.0,"event_name":"恩洛斯的盘子","player_choice":"Ignored","floor":37.0,"gold_loss":0.0,"damage_taken":0.0},{"damage_healed":0.0,"max_hp_gain":0.0,"max_hp_loss":0.0,"gold_gain":0.0,"event_name":"MindBloom","player_choice":"Upgrade","floor":39.0,"gold_loss":0.0,"damage_taken":0.0,"cards_upgraded":["Diversion","Unlock1","Castigation","CircusKnives","QuickSuppression","TrashDisposal","EnergyCycle","Commandeering"],"relics_obtained":["Mark of the Bloom"]},{"damage_healed":0.0,"max_hp_gain":0.0,"max_hp_loss":0.0,"gold_gain":0.0,"event_name":"Mysterious Sphere","player_choice":"Fight","floor":41.0,"gold_loss":0.0,"damage_taken":0.0}],"is_beta":false,"boss_relics":[{"not_picked":["Sozu","SlaversCollar"],"picked":"RhineSuit"},{"not_picked":["REME_DuelDisc","PatriotShield"],"picked":"Coffee Dripper"}],"items_purged_floors":[],"is_endless":false,"potions_floor_spawned":[7,10,11,22,23,30,31,33,41,45],"killed_by":"Writhing Mass","ascension_level":0}}