{"host":"kky6uciv0w70iwp6","time":1614307919,"event":{"mods":["Act Like it!","Aspiration","BaseMod","Colored Map","Colored Powertips","Downfall","Gensokyo","Hallownest","Hermit","Koishi","Lobotomy","Marisa£®ÏF”Í°°ƒß¿Ì…≥£©","Minty Spire (QoL Compilation)","Quick Restart","Reimu£®≤©¿ˆ¡È√Œ£©","Remilia£®¿Ÿ√◊¿Ú—«£©","Replay The Spire","StSLib","The Animator","The Bug Knight","The Cursed","The Gatherer","The Hierophant","The Mystic","The Poker Player","The Runesmith","The Servant 0.9.4","Waifu the Spire","Youmu£®ªÍ∆«—˝√Œ£©","Yuyuko"],"gold_per_floor":[119,130,130,147,166,166,176,186,186,219,219,234,266,341,341,442,442,462,476,492,492,5,34,53,1,27,39,39,39],"floor_reached":28,"language":"ZHS","playtime":1571,"items_purged":[],"score":329,"play_id":"2601ad57-d2b8-43be-8040-11212201febd","local_time":"20210226105159","is_ascension_mode":false,"campfire_choices":[{"floor":6,"key":"RECALL"},{"floor":15,"key":"REST"}],"circlet_count":0,"master_deck":["Strike_P","Strike_P","Strike_P","Strike_P","Defend_P","Defend_P","Defend_P","Eruption","Vigilance","Replay:Cycle","InnerPeace","Swivel+1","Replay:Battleflow","Feed","JustLucky","Indignation","Headbutt","Headbutt","Adaptation","Replay:LoomingThreat","BattleHymn","WaveOfTheHand","SandsOfTime","Judgement","Mayhem","Mayhem","SashWhip+1","Prostrate","Consecrate","TalkToTheHand+1"],"relics":["PureWater","aspiration:Nostalgia","Replay:M_SmolderingBlood","Quantum Egg","Art of War","Replay:Bottled Steam","Honey Jar","DollysMirror","Ice Cream"],"acts_visited":["Exordium","TheCity"],"potions_floor_usage":[5,16,16,27,27,27],"damage_taken":[{"damage":1,"enemies":"Jaw Worm","floor":1,"turns":3},{"damage":2,"enemies":"Small Slimes","floor":2,"turns":4},{"damage":0,"enemies":"Cultist","floor":4,"turns":2},{"damage":0,"enemies":"Lots of Slimes","floor":5,"turns":3},{"damage":8,"enemies":"Exordium Thugs","floor":7,"turns":5},{"damage":0,"enemies":"3 Louse","floor":8,"turns":2},{"damage":15,"enemies":"Lagavulin","floor":10,"turns":5},{"damage":6,"enemies":"Large Slime","floor":12,"turns":4},{"damage":18,"enemies":"Replay:BlueRogue","floor":13,"turns":3},{"damage":0,"enemies":"Slime Boss","floor":16,"turns":3},{"damage":19,"enemies":"Shell Parasite","floor":18,"turns":3},{"damage":0,"enemies":"Chosen","floor":19,"turns":3},{"damage":15,"enemies":"Centurion and Healer","floor":20,"turns":4},{"damage":52,"enemies":"Book of Stabbing","floor":23,"turns":4},{"damage":28,"enemies":"Snake Plant","floor":24,"turns":5},{"damage":3,"enemies":"Cultist and Chosen","floor":27,"turns":3},{"damage":10,"enemies":"Shelled Parasite and Fungi","floor":28,"turns":1}],"seed_played":"-2437506816928542205","potions_obtained":[{"floor":4,"key":"Block Potion"},{"floor":7,"key":"BlessingOfTheForge"},{"floor":8,"key":"DuplicationPotion"},{"floor":10,"key":"bronze:BurnAndBuffPotion"},{"floor":12,"key":"EssenceOfSteel"},{"floor":18,"key":"Explosive Potion"},{"floor":20,"key":"Milkshake"}],"is_trial":false,"path_per_floor":["M","M","?","M","M","R","M","M","T","E","R","M","E","?","R","B",null,"M","M","M","?","$","E","M","$","T","M","M"],"character_chosen":"WATCHER","items_purchased":["Judgement","Mayhem","DollysMirror","Consecrate"],"campfire_rested":1,"item_purchase_floors":[22,22,22,25],"current_hp_per_floor":[71,69,69,69,69,69,61,64,64,49,49,46,28,17,40,40,78,62,65,50,84,84,32,4,4,4,4,0,0],"gold":39,"neow_bonus":"NOSTALGIA","is_daily":false,"chose_seed":false,"campfire_upgraded":0,"win_rate":0.0,"timestamp":1614307919,"path_taken":["M","M","?","M","M","R","M","M","T","E","R","M","E","?","R","BOSS","M","M","M","?","$","E","M","?","T","M","M"],"items_purchased_type":["Card","Card","Relic","Card"],"build_version":"2020-12-22","purchased_purges":0,"victory":false,"max_hp_per_floor":[72,72,72,72,72,72,72,75,75,75,75,78,78,78,78,78,78,81,84,84,84,84,84,84,84,84,87,87,87],"card_choices":[{"not_picked":["Replay:AtTheReady","Collect"],"picked":"Replay:Cycle","floor":1},{"not_picked":["EmptyBody","FlyingSleeves"],"picked":"InnerPeace","floor":2},{"not_picked":["ClearTheMind","Fasting2"],"picked":"Replay:Battleflow","floor":4},{"not_picked":["Replay:BluntJabs","EmptyFist"],"picked":"Feed","floor":5},{"not_picked":["Prostrate","CrushJoints"],"picked":"JustLucky","floor":7},{"not_picked":["Replay:ManipulateFuture","Evaluate"],"picked":"Indignation","floor":8},{"not_picked":["Replay:Battleflow","Replay:AtTheReady"],"picked":"Headbutt","floor":10},{"not_picked":["Replay:AtTheReady","Halt"],"picked":"Headbutt","floor":12},{"not_picked":["Replay:BluntJabs","Replay:DivineShield"],"picked":"Adaptation","floor":13},{"not_picked":["Bludgeon","Alpha"],"picked":"Replay:LoomingThreat","floor":16},{"not_picked":["BowlingBash","Halt","Prostrate"],"picked":"BattleHymn","floor":18},{"not_picked":["SignatureMove","Replay:AtTheReady","ThirdEye"],"picked":"WaveOfTheHand","floor":19},{"not_picked":["Fasting2","Crescendo","FlyingSleeves"],"picked":"SandsOfTime","floor":20},{"not_picked":["Replay:AtTheReady","CrushJoints","Protect+1"],"picked":"SashWhip+1","floor":23},{"not_picked":["Worship+1","FlyingSleeves","Replay:ManipulateFuture"],"picked":"Prostrate","floor":24},{"not_picked":["ClearTheMind","Consecrate","InnerPeace"],"picked":"TalkToTheHand+1","floor":27}],"player_experience":102987,"relics_obtained":[{"floor":9,"key":"Quantum Egg"},{"floor":10,"key":"Art of War"},{"floor":13,"key":"Replay:Bottled Steam"},{"floor":23,"key":"Ice Cream"}],"event_choices":[{"damage_healed":0,"gold_gain":75,"player_choice":"Gather Gold","damage_taken":11,"max_hp_gain":0,"max_hp_loss":0,"event_name":"World of Goop","floor":14,"gold_loss":0},{"damage_healed":34,"gold_gain":0,"player_choice":"Full Heal","damage_taken":0,"max_hp_gain":0,"max_hp_loss":0,"event_name":"Wheel of Change","floor":21,"gold_loss":0}],"is_beta":false,"boss_relics":[{"not_picked":["Ectoplasm","Sozu"],"picked":"Honey Jar"}],"items_purged_floors":[],"is_endless":false,"potions_floor_spawned":[4,7,8,10,12,18,20],"killed_by":"Shelled Parasite and Fungi","ascension_level":0}}