{"host":"50per11302020","time":1614326385,"event":{"mods":["AchievementEnabler","BaseMod","Colored Map","Minty Spire (QoL Compilation)","Relic Stats","StSLib"],"gold_per_floor":[112,125,125,143,162,162,179,179,252,268,268,285,303,478,478,574,574,590,610,460,385,385,410,410,342,342,342,368,387,205,223,223,223,223],"floor_reached":33,"language":"ENG","playtime":2144,"items_purged":["Doubt","Strike_R"],"score":297,"play_id":"c0b03e3d-e71b-4915-a65f-9e4c47e490ae","local_time":"20210225235945","is_ascension_mode":true,"campfire_choices":[{"data":"Shockwave","floor":6.0,"key":"SMITH"},{"data":"Inflame","floor":8.0,"key":"SMITH"},{"data":"Armaments","floor":15.0,"key":"SMITH"},{"data":"Double Tap","floor":24.0,"key":"SMITH"},{"data":"Feel No Pain","floor":27.0,"key":"SMITH"},{"floor":32.0,"key":"REST"}],"circlet_count":0,"master_deck":["Strike_R","Strike_R","Defend_R","Defend_R","Defend_R","Defend_R","Bash","Thunderclap","Pommel Strike","Burning Pact","Shockwave+1","Inflame+1","Rage","Armaments+1","Feed","Armaments+1","Double Tap+1","Shrug It Off+1","Ghostly Armor+1","Disarm","Ghostly","Ghostly","Ghostly","Ghostly","Ghostly","Dual Wield+1","Feel No Pain+1","Pommel Strike+1","Flame Barrier"],"relics":["Sozu"],"acts_visited":["Exordium","TheCity"],"potions_floor_usage":[],"damage_taken":[{"damage":1.0,"enemies":"Jaw Worm","floor":1.0,"turns":2.0},{"damage":0.0,"enemies":"Cultist","floor":2.0,"turns":3.0},{"damage":0.0,"enemies":"2 Louse","floor":4.0,"turns":2.0},{"damage":2.0,"enemies":"Looter","floor":5.0,"turns":3.0},{"damage":0.0,"enemies":"Large Slime","floor":7.0,"turns":5.0},{"damage":6.0,"enemies":"Exordium Wildlife","floor":10.0,"turns":3.0},{"damage":4.0,"enemies":"Red Slaver","floor":12.0,"turns":3.0},{"damage":0.0,"enemies":"Blue Slaver","floor":13.0,"turns":3.0},{"damage":26.0,"enemies":"The Guardian","floor":16.0,"turns":13.0},{"damage":6.0,"enemies":"Shell Parasite","floor":18.0,"turns":7.0},{"damage":25.0,"enemies":"Chosen","floor":19.0,"turns":8.0},{"damage":17.0,"enemies":"Book of Stabbing","floor":23.0,"turns":10.0},{"damage":5.0,"enemies":"Masked Bandits","floor":28.0,"turns":7.0},{"damage":0.0,"enemies":"Snake Plant","floor":29.0,"turns":7.0},{"damage":11.0,"enemies":"Centurion and Healer","floor":31.0,"turns":14.0},{"damage":47,"enemies":"Collector","floor":33,"turns":7}],"seed_played":"8611068335249819019","potions_obtained":[],"is_trial":false,"path_per_floor":["M","M","?","M","M","R","M","R","T","M","?","M","M","?","R","B",null,"M","M","$","?","?","E","R","$","T","R","?","M","$","M","R","B"],"character_chosen":"IRONCLAD","items_purchased":["Disarm","Feel No Pain","Flame Barrier"],"campfire_rested":1,"item_purchase_floors":[20,25,30],"current_hp_per_floor":[79,79,79,79,77,77,77,77,77,71,71,67,70,70,70,48,87,85,64,64,64,47,34,34,34,34,34,32,32,32,25,42,0,0],"gold":223,"neow_bonus":"BOSS_RELIC","is_daily":false,"chose_seed":false,"campfire_upgraded":5,"win_rate":0.0,"timestamp":1614326385,"path_taken":["M","M","?","M","?","R","M","R","T","M","?","M","M","?","R","BOSS","M","M","$","?","?","E","R","$","T","R","?","?","$","M","R","BOSS"],"items_purchased_type":["Card","Card","Card"],"build_version":"2020-12-18","purchased_purges":2,"victory":false,"max_hp_per_floor":[80,80,80,80,80,80,80,80,80,80,80,80,83,83,83,87,87,91,95,95,95,47,51,51,51,51,51,54,54,54,58,58,58,58],"relic_stats":{"Sozu":4,"counters":[16,97],"obtain_stats":[{"Sozu":0,"Burning Blood":0},{"Sozu":0,"Burning Blood":0},{"Sozu":0,"Burning Blood":0}]},"card_choices":[{"not_picked":["Pummel","Wild Strike"],"picked":"Thunderclap","floor":1.0},{"not_picked":["Heavy Blade","Perfected Strike"],"picked":"Pommel Strike","floor":2.0},{"not_picked":["Wild Strike","Warcry"],"picked":"Shockwave","floor":4.0},{"not_picked":["Battle Trance","Wild Strike"],"picked":"Inflame","floor":5.0},{"not_picked":["Havoc","Iron Wave"],"picked":"Rage","floor":7.0},{"not_picked":["Perfected Strike","Shrug It Off"],"picked":"Armaments","floor":10.0},{"not_picked":["Intimidate","Twin Strike"],"picked":"Feed","floor":12.0},{"not_picked":["Thunderclap","Cleave"],"picked":"Armaments","floor":13.0},{"not_picked":["Impervious","Corruption"],"picked":"Double Tap","floor":16.0},{"not_picked":["Havoc","Feel No Pain+1"],"picked":"Shrug It Off+1","floor":18.0},{"not_picked":["Searing Blow","Body Slam+1"],"picked":"Ghostly Armor+1","floor":19.0},{"not_picked":["Uppercut","Spot Weakness+1"],"picked":"Dual Wield+1","floor":23.0},{"not_picked":["Warcry","Carnage+1"],"picked":"Pommel Strike+1","floor":29.0},{"not_picked":["Flex","Armaments","Warcry"],"picked":"SKIP","floor":31.0}],"player_experience":466787,"relics_obtained":[],"event_choices":[{"damage_healed":0.0,"max_hp_gain":0.0,"max_hp_loss":0.0,"gold_gain":0.0,"cards_transformed":["Strike_R"],"event_name":"Transmorgrifier","player_choice":"Transformed","floor":3.0,"gold_loss":0.0,"damage_taken":0.0,"cards_obtained":["Burning Pact"]},{"damage_healed":0.0,"max_hp_gain":0.0,"max_hp_loss":0.0,"gold_gain":0.0,"event_name":"Living Wall","player_choice":"Grow","floor":11.0,"gold_loss":0.0,"damage_taken":0.0,"cards_upgraded":["Armaments"]},{"damage_healed":0.0,"max_hp_gain":0.0,"max_hp_loss":0.0,"gold_gain":175.0,"event_name":"Liars Game","player_choice":"AGREE","floor":14.0,"gold_loss":0.0,"damage_taken":0.0,"cards_obtained":["Doubt"]},{"cards_removed":["Strike_R"],"damage_healed":0.0,"max_hp_gain":0.0,"max_hp_loss":0.0,"gold_gain":0.0,"event_name":"Beggar","player_choice":"Gave Gold","floor":21.0,"gold_loss":75.0,"damage_taken":0.0},{"damage_healed":0.0,"max_hp_gain":0.0,"max_hp_loss":48.0,"gold_gain":0.0,"event_name":"Ghosts","player_choice":"Became a Ghost","floor":22.0,"gold_loss":0.0,"damage_taken":0.0,"cards_obtained":["Ghostly","Ghostly","Ghostly","Ghostly","Ghostly"]},{"damage_healed":0.0,"max_hp_gain":0.0,"max_hp_loss":0.0,"gold_gain":0.0,"event_name":"Masked Bandits","player_choice":"Fought Bandits","floor":28.0,"gold_loss":0.0,"damage_taken":0.0}],"is_beta":true,"boss_relics":[{"not_picked":["Runic Dome","SacredBark","Velvet Choker"]}],"items_purged_floors":[20,30],"is_endless":false,"potions_floor_spawned":[4,5,13,23,28],"killed_by":"Collector","ascension_level":1}}