{"host":"uzc99wulacbf3sqy","time":1614360230,"event":{"mods":["AchievementEnabler","BaseMod","Bestiary","Highlight Path","Minty Spire (QoL Compilation)","Relic Stats"],"gold_per_floor":[112,112,123,141,151,151,0,32,55,89,89,8,40,20,20,125,125,140,158,205,205,15,15,49,49,72,89,116,116,116],"floor_reached":29,"language":"ENG","playtime":1179,"items_purged":[],"score":370,"play_id":"e6065517-5086-43a1-863b-205fd8e1ab7b","local_time":"20210226142350","is_ascension_mode":true,"campfire_choices":[{"data":"Eruption","floor":6,"key":"SMITH"},{"floor":15,"key":"REST"},{"data":"BattleHymn","floor":23,"key":"SMITH"},{"floor":25,"key":"REST"}],"circlet_count":0,"master_deck":["Strike_P","Strike_P","Strike_P","Strike_P","Defend_P+1","Defend_P+1","Defend_P","Defend_P","Eruption+1","Vigilance","Crescendo+1","PathToVictory","PathToVictory","Conclude","PathToVictory","BattleHymn+1","Worship","Scrawl","FollowUp","PathToVictory","Protect","ClearTheMind+1","MasterReality"],"relics":["HolyWater","NeowsBlessing","War Paint","Bag of Marbles","Tiny Chest","Regal Pillow","PreservedInsect","Lee\u0027s Waffle","Pen Nib","MealTicket","Molten Egg 2"],"acts_visited":["Exordium","TheCity"],"potions_floor_usage":[5,8,18,24],"damage_taken":[{"damage":0,"enemies":"Jaw Worm","floor":1,"turns":1},{"damage":0,"enemies":"Cultist","floor":3,"turns":1},{"damage":0,"enemies":"Small Slimes","floor":4,"turns":1},{"damage":0,"enemies":"2 Fungi Beasts","floor":5,"turns":1},{"damage":18,"enemies":"3 Sentries","floor":8,"turns":3},{"damage":20,"enemies":"Lagavulin","floor":10,"turns":5},{"damage":31,"enemies":"Gremlin Nob","floor":13,"turns":3},{"damage":0,"enemies":"Slime Boss","floor":16,"turns":4},{"damage":0,"enemies":"Spheric Guardian","floor":18,"turns":3},{"damage":18,"enemies":"Shell Parasite","floor":19,"turns":4},{"damage":37,"enemies":"Slavers","floor":24,"turns":3},{"damage":31,"enemies":"Cultist and Chosen","floor":27,"turns":4},{"damage":40,"enemies":"Gremlin Leader","floor":28,"turns":4},{"damage":20,"enemies":"Snake Plant","floor":29,"turns":1}],"seed_played":"-8488793187535122042","potions_obtained":[{"floor":1,"key":"BlessingOfTheForge"},{"floor":2,"key":"DuplicationPotion"},{"floor":2,"key":"LiquidMemories"},{"floor":2,"key":"BottledMiracle"},{"floor":5,"key":"Block Potion"},{"floor":13,"key":"DuplicationPotion"},{"floor":27,"key":"FearPotion"}],"is_trial":false,"path_per_floor":["M","?","M","M","M","R","$","E","T","E","?","$","E","?","R","B",null,"M","M","T","?","$","R","E","R","T","M","E","M"],"character_chosen":"WATCHER","items_purchased":["War Paint","BattleHymn","Lee\u0027s Waffle","Protect"],"campfire_rested":2,"item_purchase_floors":[7,12,22,22],"current_hp_per_floor":[72,72,72,72,72,72,72,54,54,34,34,34,3,3,39,39,72,72,54,54,54,79,79,42,79,79,48,8,0,0],"gold":116,"neow_bonus":"THREE_ENEMY_KILL","is_daily":false,"chose_seed":false,"campfire_upgraded":2,"win_rate":0.0,"timestamp":1614360230,"path_taken":["M","?","?","M","M","R","$","E","T","E","?","?","E","?","R","BOSS","M","M","?","?","$","R","E","R","T","M","E","M"],"items_purchased_type":["Relic","Card","Relic","Card"],"build_version":"2020-12-22","purchased_purges":0,"victory":false,"max_hp_per_floor":[72,72,72,72,72,72,72,72,72,72,72,72,72,72,72,72,72,72,72,72,72,79,79,79,79,79,79,79,79,79],"relic_stats":{"Regal Pillow":29,"Lee\u0027s Waffle":25,"counters":[14,38],"Tiny Chest":1,"MealTicket":0,"PreservedInsect":84,"Pen Nib":[1],"War Paint":["Defend_P","Defend_P"],"obtain_stats":[{"Regal Pillow":10,"Lee\u0027s Waffle":22,"NeowsBlessing":0,"HolyWater":17,"Tiny Chest":9,"MealTicket":26,"Molten Egg 2":28,"PreservedInsect":13,"Pen Nib":24,"Bag of Marbles":8,"PureWater":0,"War Paint":7},{"Regal Pillow":6,"Lee\u0027s Waffle":10,"NeowsBlessing":0,"HolyWater":8,"Tiny Chest":5,"MealTicket":11,"Molten Egg 2":13,"PreservedInsect":7,"Pen Nib":11,"Bag of Marbles":5,"PureWater":0,"War Paint":4},{"Regal Pillow":12,"Lee\u0027s Waffle":26,"NeowsBlessing":0,"HolyWater":19,"Tiny Chest":7,"MealTicket":29,"Molten Egg 2":37,"PreservedInsect":15,"Pen Nib":29,"Bag of Marbles":7,"PureWater":0,"War Paint":4}]},"card_choices":[{"not_picked":["Tantrum","Consecrate"],"picked":"Crescendo","floor":1},{"not_picked":["Vengeance","Worship"],"picked":"PathToVictory","floor":3},{"not_picked":["EmptyBody","ClearTheMind"],"picked":"PathToVictory","floor":4},{"not_picked":["PathToVictory","ClearTheMind"],"picked":"Conclude","floor":5},{"not_picked":["CrushJoints","FearNoEvil"],"picked":"PathToVictory","floor":8},{"not_picked":["Weave","FlyingSleeves"],"picked":"SandsOfTime","floor":10},{"not_picked":["Sanctity","Meditate"],"picked":"Worship","floor":13},{"not_picked":["Brilliance","Ragnarok"],"picked":"Scrawl","floor":16},{"not_picked":["Swivel","EmptyBody"],"picked":"FollowUp","floor":18},{"not_picked":["Judgement","WaveOfTheHand"],"picked":"PathToVictory","floor":19},{"not_picked":["Sanctity","EmptyBody","Tantrum"],"picked":"SKIP","floor":24},{"not_picked":["ThirdEye","SashWhip"],"picked":"ClearTheMind+1","floor":27},{"not_picked":["FlyingSleeves+1","EmptyFist+1"],"picked":"MasterReality","floor":28}],"player_experience":57685,"relics_obtained":[{"floor":8,"key":"Bag of Marbles"},{"floor":9,"key":"Tiny Chest"},{"floor":10,"key":"Regal Pillow"},{"floor":13,"key":"PreservedInsect"},{"floor":24,"key":"Pen Nib"},{"floor":26,"key":"MealTicket"},{"floor":28,"key":"Molten Egg 2"}],"event_choices":[{"damage_healed":0,"gold_gain":0,"player_choice":"Got Potions","damage_taken":0,"max_hp_gain":0,"max_hp_loss":0,"event_name":"Lab","floor":2,"gold_loss":0},{"damage_healed":0,"gold_gain":0,"player_choice":"Grow","damage_taken":0,"max_hp_gain":0,"max_hp_loss":0,"event_name":"Living Wall","floor":11,"gold_loss":0,"cards_upgraded":["Crescendo"]},{"damage_healed":0,"gold_gain":0,"player_choice":"Left Gold","damage_taken":0,"max_hp_gain":0,"max_hp_loss":0,"event_name":"World of Goop","floor":14,"gold_loss":20},{"cards_removed":["SandsOfTime"],"damage_healed":0,"gold_gain":0,"player_choice":"Purged","damage_taken":0,"max_hp_gain":0,"max_hp_loss":0,"event_name":"Purifier","floor":21,"gold_loss":0}],"is_beta":false,"boss_relics":[{"not_picked":["VioletLotus","Coffee Dripper"],"picked":"HolyWater"}],"items_purged_floors":[],"is_endless":false,"potions_floor_spawned":[1,5,13,27],"killed_by":"Snake Plant","ascension_level":1}}