{"host":"7vcinojww5gy0fs8","time":1614347933,"event":{"mods":["100% Spire Juice","Act Like it!","Alarm Clock","Aspiration","Astrologer","BaseMod","Better Vampires","BetterRewards","Conspire","Energized Spire","Googly Eyes","Gremlin Mod","Highlight Path","Jedi Mod","Library of Ruina","Library of Ruina Extra","Minty Spire (QoL Compilation)","Pale of the Ancients","Quick Restart","Reliquary","Shop Mod","StSLib","TestMod","The Alterego","The Bladedancer","The Cursed","The Hayseed","The Mystic","The Poker Player","Yuri Mod","óô»ðÖ¸ÄÏ"],"gold_per_floor":[126,106,134,165,12,52,64,129,164,176,227,272,284,351,363,499,511,562,64,108,23,23,82,124,162,189,189,189,235,280,327,327,464,464,514,580,580,635,635,705,150,218,272,301,362,406,406,460,120,161,161,161,161,93,168,224],"floor_reached":57,"language":"ZHS","playtime":12958,"items_purged":["yuri:yuriStrike","yuri:yuriStrike","yuri:yuriStrike","yuri:yuriDefend","yuri:yuriStrike"],"score":1404,"play_id":"85318111-61d1-43ad-8a39-9da09ef3373a","local_time":"20210226215853","is_ascension_mode":false,"campfire_choices":[{"data":"yuri:StealPen","floor":7.0,"key":"SMITH"},{"data":"yuri:MultiDip","floor":15.0,"key":"SMITH"},{"floor":28.0,"key":"RECALL"},{"data":"yuri:Skip","floor":32.0,"key":"SMITH"},{"data":"yuri:DeepBreathing","floor":53,"key":"SMITH"}],"circlet_count":0,"master_deck":["yuri:yuriStrike","yuri:yuriDefend","yuri:yuriDefend","yuri:yuriDefend","yuri:yuriDefend","yuri:Oolong","yuri:yuriStab","yuri:StealPen+1","yuri:RepairCode","yuri:Parry","yuri:BookBlue","yuri:ReactiveMadness","yuri:WickedSlash","yuri:MultiDip+1","yuri:DeepBreathing+1","yuri:GlitchedStrike","yuri:MagneticKnives+1","yuri:BookRed+1","yuri:Skip+1","yuri:Torment","yuri:DuplicateCode","yuri:BlackTea","yuri:BookRed+1","yuri:DragonForm+1","yuri:GrowingInsanity+1","Madness+1","Madness","yuri:SeeingDouble","yuri:AdaptiveAI+1","yuri:BookBlue+1","yuri:RemoveSafetyChecks+1","testmod-ChaoticCore+1","yuri:HoldBack+1"],"relics":["yuri:yuriKnife","testmod-TestBox","testmod-SaigiyounoYou","PageOfTheSilentOrchestra","MawBank","reliquary:PorcupineQuills","reliquary:Stiletto","Frozen Egg 2","Happy Flower","testmod-DeterminationOfClimber","MerchantsRug","PreservedInsect","reliquary:JackalopeAntler","testmod-Hope","Torii","reliquary:ThirdArm","reliquary:SilkGlove","PageOfQueenBee","testmod-IndustrialRevolution","reliquary:Boomerang","PageOfPorccubus","jedi:arcanewood","reliquary:ExpiredCoupon"],"acts_visited":["Exordium","TheCity","TheBeyond","TheEnding"],"potions_floor_usage":[50,56,56,56],"damage_taken":[{"damage":3.0,"enemies":"Jaw Worm","floor":1.0,"turns":4.0},{"damage":2.0,"enemies":"Cultist","floor":3.0,"turns":3.0},{"damage":0.0,"enemies":"Small Slimes","floor":4.0,"turns":3.0},{"damage":17.0,"enemies":"Gremlin Nob","floor":6.0,"turns":4.0},{"damage":27.0,"enemies":"Lagavulin","floor":8.0,"turns":7.0},{"damage":9.0,"enemies":"Looter","floor":11.0,"turns":2.0},{"damage":2.0,"enemies":"3 Louse","floor":12.0,"turns":2.0},{"damage":20.0,"enemies":"3 Sentries","floor":14.0,"turns":5.0},{"damage":14.0,"enemies":"Slime Boss","floor":16.0,"turns":7.0},{"damage":10.0,"enemies":"conspire:FuzzyDice","floor":18.0,"turns":4.0},{"damage":4.0,"enemies":"3 Byrds","floor":20.0,"turns":3.0},{"damage":11.0,"enemies":"Slavers","floor":23.0,"turns":3.0},{"damage":3.0,"enemies":"Snecko","floor":24.0,"turns":3.0},{"damage":0.0,"enemies":"conspire:SneckoGhost","floor":25.0,"turns":1.0},{"damage":7.0,"enemies":"Centurion and Healer","floor":29.0,"turns":2.0},{"damage":4.0,"enemies":"Chosen and Byrds","floor":30.0,"turns":3.0},{"damage":3.0,"enemies":"conspire:HollyBat","floor":31.0,"turns":4.0},{"damage":22.0,"enemies":"Automaton","floor":33.0,"turns":5.0},{"damage":11.0,"enemies":"3 Darklings","floor":35.0,"turns":2.0},{"damage":1.0,"enemies":"3 Shapes","floor":36.0,"turns":2.0},{"damage":5.0,"enemies":"Transient","floor":38.0,"turns":4.0},{"damage":14.0,"enemies":"Nemesis","floor":40.0,"turns":3.0},{"damage":1,"enemies":"Reptomancer","floor":42,"turns":2},{"damage":2,"enemies":"Spire Growth","floor":44,"turns":2},{"damage":12,"enemies":"Nemesis","floor":45,"turns":3},{"damage":9,"enemies":"Sphere and 2 Shapes","floor":46,"turns":2},{"damage":3,"enemies":"Jaw Worm Horde","floor":48,"turns":2},{"damage":47,"enemies":"Time Eater","floor":50,"turns":5},{"damage":0,"enemies":"Shield and Spear","floor":55,"turns":2},{"damage":46,"enemies":"The Heart","floor":56,"turns":4}],"seed_played":"-1490992274591675866","potions_obtained":[{"floor":1.0,"key":"ColorlessPotion"},{"floor":2.0,"key":"FearPotion"},{"floor":3.0,"key":"Regen Potion"},{"floor":11.0,"key":"jedi:StrikingPotion"},{"floor":16.0,"key":"jedi:holywater"},{"floor":24.0,"key":"DistilledChaos"},{"floor":30.0,"key":"EntropicBrew"},{"floor":33.0,"key":"testmod-SpacePotion"},{"floor":35.0,"key":"Dexterity Potion"},{"floor":36.0,"key":"SkillPotion"},{"floor":55,"key":"AttackPotion"}],"is_trial":false,"path_per_floor":["M","?","M","M","$","E","R","E","T","$","M","M","?","E","R","B",null,"M","$","M","?","?","E","M","E","T","?","R","M","M","M","R","B",null,"M","M","?","M","?","E","$","E","T","M","E","M","?","M","R","B",null,null,"R","$","E","B",null],"character_chosen":"YURI","items_purchased":["yuri:StealPen","yuri:RepairCode","yuri:Parry","yuri:WickedSlash","MerchantsRug","yuri:BookRed+1","PreservedInsect","PageOfQueenBee","testmod-IndustrialRevolution","testmod-ChaoticCore+1","yuri:HoldBack+1"],"campfire_rested":0,"item_purchase_floors":[0,0,0,5,19,19,19,41,41,49,54],"current_hp_per_floor":[52,52,63,74,74,71,71,62,62,62,62,72,72,68,68,74,80,80,80,80,80,80,80,80,80,80,80,80,77,80,80,80,79,80,80,80,70,80,80,73,73,80,80,80,80,80,80,80,80,80,80,80,80,80,80,75],"gold":224,"neow_bonus":"","is_daily":false,"chose_seed":false,"campfire_upgraded":4,"win_rate":0.0,"timestamp":1614347933,"path_taken":["M","?","M","?","?","E","R","E","T","$","M","?","?","E","R","BOSS","M","$","M","?","?","E","?","E","T","?","R","M","?","M","R","BOSS","M","M","?","M","?","E","?","E","T","?","E","M","?","M","R","BOSS","R","$","E","BOSS"],"items_purchased_type":["Card","Card","Card","Card","Relic","Card","Relic","Relic","Relic","Card","Card"],"build_version":"2020-12-22","purchased_purges":5,"victory":true,"max_hp_per_floor":[80,80,80,80,80,80,80,80,80,80,80,80,80,80,80,80,80,80,80,80,80,80,80,80,80,80,80,80,80,80,80,80,80,80,80,80,80,80,80,80,80,80,80,80,80,80,80,80,80,80,80,80,80,80,80,80],"card_choices":[{"not_picked":["yuri:RecklessStrike","yuri:yuriHeavyStrike"],"picked":"yuri:BookBlue","floor":1.0},{"not_picked":["yuri:TPose","yuri:HeavierStrike","yuri:ThornRemove"],"picked":"SKIP","floor":3.0},{"not_picked":["yuri:SturdyUniform","yuri:DejaVu"],"picked":"yuri:ReactiveMadness","floor":4.0},{"not_picked":["yuri:UnstableStrike","yuri:AdaptiveAI","yuri:TPose"],"picked":"SKIP","floor":6.0},{"not_picked":["yuri:ReloadGame","yuri:RelentlessStrikes"],"picked":"yuri:MultiDip","floor":8.0},{"not_picked":["yuri:WickedSlash","yuri:HeavierStrike"],"picked":"yuri:DeepBreathing","floor":11.0},{"not_picked":["yuri:RecklessStrike","yuri:SelfHarm","yuri:Stalk"],"picked":"SKIP","floor":12.0},{"not_picked":["yuri:SturdyUniform+1","yuri:Stare"],"picked":"yuri:GlitchedStrike","floor":14.0},{"not_picked":["yuri:GlitchRemove+1","yuri:ConsumeGlitch"],"picked":"yuri:MagneticKnives+1","floor":16.0},{"not_picked":["yuri:ReloadGame","yuri:WickedSlash","yuri:HeavierStrike"],"picked":"SKIP","floor":18.0},{"not_picked":["yuri:yuriHeavyStrike","yuri:ThrowBook+1"],"picked":"yuri:Skip","floor":20.0},{"not_picked":["yuri:InsanityDefense","yuri:GreenTea","yuri:yuriQuickStrike"],"picked":"SKIP","floor":23.0},{"not_picked":["yuri:MPose","yuri:Stare"],"picked":"yuri:DuplicateCode","floor":24.0},{"not_picked":["yuri:CorruptHitbox","yuri:ReloadGame"],"picked":"yuri:BlackTea","floor":25.0},{"not_picked":["yuri:Parry","yuri:Spin","yuri:InduceGlitch"],"picked":"SKIP","floor":29.0},{"not_picked":["yuri:Stalk","yuri:RepairCode"],"picked":"yuri:BookRed+1","floor":30.0},{"not_picked":["yuri:DeepBreathing","yuri:ThrowingKnives","yuri:RecklessStrike"],"picked":"SKIP","floor":31.0},{"not_picked":["yuri:JumpScare","yuri:DistillInsanity"],"picked":"yuri:DragonForm+1","floor":33.0},{"not_picked":["yuri:ThrowingKnives","yuri:TPose+1"],"picked":"yuri:MPose+1","floor":35.0},{"not_picked":["yuri:AdaptiveAI+1","yuri:GlitchedStrike+1"],"picked":"yuri:GrowingInsanity+1","floor":36.0},{"not_picked":["yuri:TeaSet","yuri:Skip"],"picked":"yuri:SeeingDouble","floor":38.0},{"not_picked":["yuri:DejaVu+1","yuri:Skip"],"picked":"yuri:AdaptiveAI+1","floor":40.0},{"not_picked":["yuri:GreenTea+1","yuri:Stare+1","yuri:TeaSet"],"picked":"SKIP","floor":42},{"not_picked":["yuri:DebugCard","yuri:RecklessStrike+1"],"picked":"yuri:BookBlue+1","floor":44},{"not_picked":["yuri:ThrowingKnives+1","yuri:HeavierStrike"],"picked":"yuri:RemoveSafetyChecks+1","floor":45},{"not_picked":["yuri:InduceGlitch+1","yuri:DeepBreathing+1","yuri:Spin+1"],"picked":"SKIP","floor":46},{"not_picked":["yuri:Parry","yuri:GlitchedStrike+1","yuri:Stalk+1"],"picked":"SKIP","floor":48},{"not_picked":["yuri:DebugCard","yuri:yuriHeavyStrike","yuri:ThrowingKnives+1"],"picked":"SKIP","floor":55}],"player_experience":334279,"relics_obtained":[{"floor":6.0,"key":"MawBank"},{"floor":8.0,"key":"reliquary:PorcupineQuills"},{"floor":9.0,"key":"reliquary:Stiletto"},{"floor":14.0,"key":"Happy Flower"},{"floor":23.0,"key":"testmod-Hope"},{"floor":25.0,"key":"Torii"},{"floor":40.0,"key":"reliquary:SilkGlove"},{"floor":42,"key":"reliquary:Boomerang"},{"floor":43,"key":"PageOfPorccubus"},{"floor":45,"key":"jedi:arcanewood"},{"floor":55,"key":"reliquary:ExpiredCoupon"}],"event_choices":[{"damage_healed":0.0,"max_hp_gain":0.0,"max_hp_loss":0.0,"gold_gain":0.0,"event_name":"The Woman in Blue","player_choice":"Bought 1 Potion","floor":2.0,"gold_loss":0.0,"damage_taken":0.0},{"damage_healed":0.0,"max_hp_gain":0.0,"max_hp_loss":0.0,"gold_gain":0.0,"event_name":"Addict","player_choice":"Obtained Relic","floor":21.0,"gold_loss":85.0,"damage_taken":0.0,"relics_obtained":["reliquary:JackalopeAntler"]},{"damage_healed":0.0,"max_hp_gain":0.0,"max_hp_loss":0.0,"gold_gain":0.0,"event_name":"Match and Keep!","player_choice":"1 cards matched","floor":22.0,"gold_loss":0.0,"damage_taken":0.0,"cards_obtained":["yuri:Torment"]},{"cards_removed":["Injury"],"damage_healed":0.0,"max_hp_gain":0.0,"max_hp_loss":0.0,"gold_gain":0.0,"event_name":"Fountain of Cleansing","player_choice":"Removed Curses","floor":27.0,"gold_loss":0.0,"damage_taken":0.0},{"damage_healed":0.0,"max_hp_gain":0.0,"max_hp_loss":0.0,"gold_gain":0.0,"event_name":"Winding Halls","player_choice":"Embrace Madness","floor":37.0,"gold_loss":0.0,"damage_taken":10.0,"cards_obtained":["Madness","Madness"]},{"cards_removed":["yuri:MPose"],"damage_healed":0.0,"max_hp_gain":0.0,"max_hp_loss":0.0,"gold_gain":0.0,"event_name":"Falling","player_choice":"Removed Skill","floor":39.0,"gold_loss":0.0,"damage_taken":0.0},{"damage_healed":0,"gold_gain":0,"player_choice":"Forge","damage_taken":0,"max_hp_gain":0,"max_hp_loss":0,"event_name":"Accursed Blacksmith","floor":47,"gold_loss":0,"cards_upgraded":["Madness"]}],"is_beta":false,"boss_relics":[{"not_picked":["Busted Crown","Coffee Dripper"],"picked":"testmod-DeterminationOfClimber"},{"not_picked":["aspiration:DefectSkillbook","testmod-KeyOfTheVoid"],"picked":"reliquary:ThirdArm"}],"items_purged_floors":[0,5,19,41,49],"is_endless":false,"potions_floor_spawned":[1,3,11,16,24,30,33,35,36,42,55],"ascension_level":0}}