{"host":"4eao2pkwlmv012cz","time":1614381873,"event":{"mods":["BaseMod","Bestiary","Bossed Relics","Colored Powertips","Minty Spire (QoL Compilation)","Permanent Neow","Quick Restart","Random Character Button","StSLib"],"gold_per_floor":[116,86,105,118,132,132,147,147,147],"floor_reached":8,"language":"ENG","playtime":350,"items_purged":[],"score":100,"play_id":"82b2f28f-2ace-4e90-a1a0-202b70fc6a53","local_time":"20210226182433","is_ascension_mode":true,"campfire_choices":[{"floor":6,"key":"REST"}],"circlet_count":0,"master_deck":["AscendersBane","Strike_B","Strike_B","Strike_B","Strike_B","Defend_B","Defend_B","Defend_B","Defend_B","Zap","Dualcast","The Bomb","Chaos","Ball Lightning","Genetic Algorithm","Coolheaded","Leap"],"relics":["Cracked Core"],"acts_visited":["Exordium"],"potions_floor_usage":[5,5],"damage_taken":[{"damage":14.0,"enemies":"Small Slimes","floor":1.0,"turns":4.0},{"damage":1.0,"enemies":"Cultist","floor":3.0,"turns":3.0},{"damage":9.0,"enemies":"2 Louse","floor":4.0,"turns":3.0},{"damage":8,"enemies":"Large Slime","floor":5,"turns":4},{"damage":28,"enemies":"Exordium Thugs","floor":7,"turns":3},{"damage":11,"enemies":"Lagavulin","floor":8,"turns":4}],"seed_played":"-8281461440608469498","potions_obtained":[{"floor":2.0,"key":"PowerPotion"},{"floor":2.0,"key":"SmokeBomb"},{"floor":3.0,"key":"Block Potion"},{"floor":4.0,"key":"PowerPotion"}],"is_trial":false,"path_per_floor":["M","?","M","M","M","R","M","E"],"character_chosen":"DEFECT","items_purchased":[],"campfire_rested":1,"item_purchase_floors":[],"current_hp_per_floor":[32,32,31,22,14,35,7,0,0],"gold":147,"neow_bonus":"RANDOM_COLORLESS_2","is_daily":false,"chose_seed":false,"campfire_upgraded":0,"win_rate":0.0,"timestamp":1614381873,"path_taken":["M","?","M","M","M","R","M","E"],"items_purchased_type":[],"build_version":"2020-12-22","purchased_purges":0,"victory":false,"max_hp_per_floor":[71,71,71,71,71,71,71,71,71],"card_choices":[{"not_picked":["Transmutation","Mayhem"],"picked":"The Bomb","floor":0.0},{"not_picked":["Double Energy","Lockon"],"picked":"Chaos","floor":1.0},{"not_picked":["Gash","Skim"],"picked":"Ball Lightning","floor":3.0},{"not_picked":["Coolheaded","Double Energy"],"picked":"Genetic Algorithm","floor":4.0},{"not_picked":["Sweeping Beam","Streamline"],"picked":"Coolheaded","floor":5},{"not_picked":["Stack","Rebound"],"picked":"Leap","floor":7}],"player_experience":2952881,"relics_obtained":[],"event_choices":[{"damage_healed":0.0,"max_hp_gain":0.0,"max_hp_loss":0.0,"gold_gain":0.0,"event_name":"The Woman in Blue","player_choice":"Bought 2 Potions","floor":2.0,"gold_loss":0.0,"damage_taken":0.0}],"is_beta":false,"boss_relics":[],"items_purged_floors":[],"is_endless":false,"potions_floor_spawned":[3,4],"killed_by":"Lagavulin","ascension_level":20}}