{"host":"6lsob4l0icwczu35","time":1614341947,"event":{"mods":["BaseMod","Curses Come First","Minty Spire (QoL Compilation)","Relic Stats","StSLib"],"gold_per_floor":[119,134,134,84,99,130,144,144,144,31,63,108,8,27,27,127,127,144,144,144,144,144,171,171,191,240,270,283,297,297,323,323,427,427,439,439,451,462,9,42,42,76,76,76,111,124,124,137,137,137,137,137,85,112,112,112],"floor_reached":55,"language":"ENG","playtime":2957,"items_purged":["Strike_G","Strike_G","Defend_G"],"score":1144,"play_id":"44581bb7-f683-4c22-893b-ecf25aa885a2","local_time":"20210226141907","is_ascension_mode":true,"campfire_choices":[{"data":"Catalyst","floor":8.0,"key":"SMITH"},{"floor":15.0,"key":"REST"},{"data":"Ghostly","floor":24.0,"key":"SMITH"},{"floor":30.0,"key":"DIG"},{"data":"Bouncing Flask","floor":32.0,"key":"SMITH"},{"floor":41.0,"key":"DIG"},{"data":"Night Terror","floor":47.0,"key":"SMITH"},{"floor":49,"key":"RECALL"},{"floor":52,"key":"DIG"}],"circlet_count":0,"master_deck":["Strike_G","Strike_G","Defend_G","Survivor","Neutralize","Poisoned Stab","Blade Dance","Catalyst+1","Bouncing Flask+1","All Out Attack","Accuracy","Venomology+1","Deadly Poison","Night Terror+1","Footwork","Ghostly+1","Ghostly","Ghostly","Ghostly+1","Ghostly+1","Blur","All Out Attack","Calculated Gamble+1","Acrobatics","PiercingWail","Bouncing Flask+1","Quick Slash+1","Reflex","Finisher+1"],"relics":["SlaversCollar","Calipers","Pocketwatch","Shovel","Orichalcum","Busted Crown","WingedGreaves","Lantern","Pear","Oddly Smooth Stone","Matryoshka","SacredBark","Bottled Lightning","War Paint","Du-Vu Doll","Meat on the Bone","Omamori","Molten Egg 2","Bottled Tornado","Centennial Puzzle"],"acts_visited":["Exordium","TheCity","TheBeyond","TheEnding"],"potions_floor_usage":[50,50,54,54,55,55],"damage_taken":[{"damage":2.0,"enemies":"Cultist","floor":1.0,"turns":5.0},{"damage":2.0,"enemies":"Jaw Worm","floor":2.0,"turns":4.0},{"damage":6.0,"enemies":"2 Louse","floor":5.0,"turns":3.0},{"damage":24.0,"enemies":"Lagavulin","floor":6.0,"turns":6.0},{"damage":0.0,"enemies":"Large Slime","floor":7.0,"turns":5.0},{"damage":12.0,"enemies":"3 Sentries","floor":11.0,"turns":5.0},{"damage":7.0,"enemies":"3 Louse","floor":14.0,"turns":3.0},{"damage":12.0,"enemies":"The Guardian","floor":16.0,"turns":6.0},{"damage":5.0,"enemies":"Spheric Guardian","floor":18.0,"turns":4.0},{"damage":1.0,"enemies":"Slavers","floor":23.0,"turns":8.0},{"damage":2.0,"enemies":"Shell Parasite","floor":25.0,"turns":5.0},{"damage":0.0,"enemies":"Book of Stabbing","floor":27.0,"turns":6.0},{"damage":0.0,"enemies":"Snake Plant","floor":28.0,"turns":4.0},{"damage":0.0,"enemies":"Sentry and Sphere","floor":29.0,"turns":6.0},{"damage":0.0,"enemies":"Slavers","floor":31.0,"turns":7.0},{"damage":6.0,"enemies":"Champ","floor":33.0,"turns":9.0},{"damage":0.0,"enemies":"3 Shapes","floor":35.0,"turns":5.0},{"damage":0.0,"enemies":"Orb Walker","floor":37.0,"turns":3.0},{"damage":0.0,"enemies":"Spire Growth","floor":38.0,"turns":4.0},{"damage":0.0,"enemies":"Reptomancer","floor":40.0,"turns":5.0},{"damage":0.0,"enemies":"Giant Head","floor":42.0,"turns":7.0},{"damage":0.0,"enemies":"Reptomancer","floor":45.0,"turns":6.0},{"damage":0.0,"enemies":"Maw","floor":46.0,"turns":6.0},{"damage":1.0,"enemies":"4 Shapes","floor":48.0,"turns":7.0},{"damage":0,"enemies":"Time Eater","floor":50,"turns":8},{"damage":35,"enemies":"Shield and Spear","floor":54,"turns":9},{"damage":52,"enemies":"The Heart","floor":55,"turns":3}],"seed_played":"1926852098598148680","potions_obtained":[{"floor":2.0,"key":"Swift Potion"},{"floor":11.0,"key":"Dexterity Potion"},{"floor":16.0,"key":"DuplicationPotion"},{"floor":33.0,"key":"AttackPotion"},{"floor":40.0,"key":"DuplicationPotion"},{"floor":45.0,"key":"CunningPotion"}],"is_trial":false,"path_per_floor":["M","M","?","?","M","E","M","R","T","$","E","T","$","M","R","B",null,"M","?","?","?","?","E","R","M","T","E","M","M","R","E","R","B",null,"M","?","M","M","$","E","R","E","T","?","E","M","R","M","R","B",null,"R","$","E","B"],"character_chosen":"THE_SILENT","items_purchased":["Accuracy","Bottled Lightning","Reflex","Strength Potion"],"campfire_rested":1,"item_purchase_floors":[10,39,39,53],"current_hp_per_floor":[68,66,59,59,53,29,29,29,29,29,17,17,17,10,31,19,70,65,65,35,35,31,30,30,28,28,38,38,38,38,38,38,32,50,50,60,60,60,60,60,60,60,60,60,60,60,60,59,59,59,60,60,60,52,0,0],"gold":112,"neow_bonus":"BOSS_RELIC","is_daily":false,"chose_seed":false,"campfire_upgraded":4,"win_rate":0.0,"timestamp":1614341947,"path_taken":["M","M","?","?","M","E","M","R","T","$","E","?","$","M","R","BOSS","M","?","?","?","?","E","R","M","T","E","M","M","R","E","R","BOSS","M","?","?","M","$","E","R","E","T","?","E","?","R","M","R","BOSS","R","$","E","BOSS"],"items_purchased_type":["Card","Relic","Card","Potion"],"build_version":"2020-12-22","purchased_purges":3,"victory":false,"max_hp_per_floor":[70,70,70,70,70,70,70,70,70,70,70,70,70,70,70,70,70,70,70,35,35,40,40,40,40,40,50,50,50,50,50,50,50,50,50,60,60,60,60,60,60,60,60,60,60,60,60,60,60,60,60,60,60,60,60,60],"relic_stats":{"Centennial Puzzle":[3],"Shovel":3,"Busted Crown":34,"counters":[27,149],"Orichalcum":[444],"War Paint":["Ghostly","Ghostly"],"obtain_stats":[{"Lantern":26,"Calipers":6,"Pear":27,"SacredBark":34,"Oddly Smooth Stone":30,"Omamori":43,"Orichalcum":12,"War Paint":40,"Bottled Tornado":52,"Du-Vu Doll":41,"SlaversCollar":0,"Centennial Puzzle":54,"Shovel":11,"Busted Crown":17,"Matryoshka":31,"Molten Egg 2":45,"WingedGreaves":23,"Bottled Lightning":39,"Ring of the Snake":0,"Pocketwatch":9,"Meat on the Bone":42},{"Lantern":11,"Calipers":4,"Pear":12,"SacredBark":16,"Oddly Smooth Stone":14,"Omamori":21,"Orichalcum":6,"War Paint":20,"Bottled Tornado":25,"Du-Vu Doll":20,"SlaversCollar":0,"Centennial Puzzle":26,"Shovel":6,"Busted Crown":8,"Matryoshka":15,"Molten Egg 2":22,"WingedGreaves":10,"Bottled Lightning":19,"Ring of the Snake":0,"Pocketwatch":5,"Meat on the Bone":21},{"Lantern":54,"Calipers":18,"Pear":60,"SacredBark":86,"Oddly Smooth Stone":70,"Omamori":110,"Orichalcum":28,"War Paint":103,"Bottled Tornado":137,"Du-Vu Doll":103,"SlaversCollar":0,"Centennial Puzzle":146,"Shovel":28,"Busted Crown":37,"Matryoshka":77,"Molten Egg 2":116,"WingedGreaves":49,"Bottled Lightning":98,"Ring of the Snake":0,"Pocketwatch":23,"Meat on the Bone":110}],"Pocketwatch":[64],"Meat on the Bone":0},"card_choices":[{"not_picked":["Accuracy","Dodge and Roll"],"picked":"Poisoned Stab","floor":1.0},{"not_picked":["All Out Attack","Blur"],"picked":"Blade Dance","floor":2.0},{"not_picked":["Tactician","Deadly Poison"],"picked":"Catalyst","floor":5.0},{"not_picked":["Quick Slash","Tactician"],"picked":"Bouncing Flask","floor":6.0},{"not_picked":["Quick Slash","Eviscerate"],"picked":"All Out Attack","floor":7.0},{"not_picked":["Bane","Reflex"],"picked":"Venomology","floor":11.0},{"not_picked":["Infinite Blades","Expertise"],"picked":"Deadly Poison","floor":14.0},{"not_picked":["Glass Knife","Wraith Form v2"],"picked":"Night Terror","floor":16.0},{"not_picked":["Infinite Blades"],"picked":"SKIP","floor":18.0},{"not_picked":[],"picked":"All Out Attack","floor":23.0},{"not_picked":[],"picked":"Calculated Gamble+1","floor":25.0},{"not_picked":["Heel Hook+1"],"picked":"SKIP","floor":27.0},{"not_picked":[],"picked":"Acrobatics","floor":28.0},{"not_picked":[],"picked":"PiercingWail","floor":29.0},{"not_picked":[],"picked":"Bouncing Flask+1","floor":31.0},{"not_picked":[],"picked":"Quick Slash+1","floor":35.0},{"not_picked":["Endless Agony+1"],"picked":"SKIP","floor":37.0},{"not_picked":["Leg Sweep+1"],"picked":"SKIP","floor":38.0},{"not_picked":["Flying Knee"],"picked":"SKIP","floor":40.0},{"not_picked":["Outmaneuver+1"],"picked":"SKIP","floor":42.0},{"not_picked":[],"picked":"Finisher+1","floor":45.0},{"not_picked":["Dodge and Roll"],"picked":"SKIP","floor":46.0},{"not_picked":["All Out Attack+1"],"picked":"SKIP","floor":48.0},{"not_picked":["Caltrops+1"],"picked":"SKIP","floor":54}],"player_experience":316812,"relics_obtained":[{"floor":6.0,"key":"Calipers"},{"floor":9.0,"key":"Pocketwatch"},{"floor":11.0,"key":"Shovel"},{"floor":12.0,"key":"Orichalcum"},{"floor":23.0,"key":"WingedGreaves"},{"floor":26.0,"key":"Lantern"},{"floor":27.0,"key":"Pear"},{"floor":30.0,"key":"Oddly Smooth Stone"},{"floor":31.0,"key":"Matryoshka"},{"floor":40.0,"key":"War Paint"},{"floor":41.0,"key":"Du-Vu Doll"},{"floor":42.0,"key":"Meat on the Bone"},{"floor":43.0,"key":"Omamori"},{"floor":45.0,"key":"Molten Egg 2"},{"floor":52,"key":"Bottled Tornado"},{"floor":54,"key":"Centennial Puzzle"}],"event_choices":[{"cards_removed":["Defend_G"],"damage_healed":0.0,"max_hp_gain":0.0,"max_hp_loss":0.0,"gold_gain":0.0,"event_name":"Golden Wing","player_choice":"Card Removal","floor":3.0,"gold_loss":0.0,"damage_taken":7.0},{"cards_removed":["Defend_G"],"damage_healed":0.0,"max_hp_gain":0.0,"max_hp_loss":0.0,"gold_gain":0.0,"event_name":"The Cleric","player_choice":"Card Removal","floor":4.0,"gold_loss":50.0,"damage_taken":0.0},{"damage_healed":0.0,"max_hp_gain":0.0,"max_hp_loss":0.0,"gold_gain":0.0,"event_name":"The Library","player_choice":"Read","floor":19.0,"gold_loss":0.0,"damage_taken":0.0,"cards_obtained":["Footwork"]},{"damage_healed":0.0,"max_hp_gain":0.0,"max_hp_loss":35.0,"gold_gain":0.0,"event_name":"Ghosts","player_choice":"Became a Ghost","floor":20.0,"gold_loss":0.0,"damage_taken":0.0,"cards_obtained":["Ghostly","Ghostly","Ghostly","Ghostly","Ghostly"]},{"damage_healed":0.0,"max_hp_gain":0.0,"max_hp_loss":0.0,"gold_gain":0.0,"cards_transformed":["Strike_G","Defend_G"],"event_name":"Drug Dealer","player_choice":"Became Test Subject","floor":21.0,"gold_loss":0.0,"damage_taken":0.0,"cards_obtained":["Blur","Envenom"]},{"damage_healed":0.0,"max_hp_gain":5.0,"max_hp_loss":0.0,"gold_gain":0.0,"event_name":"Forgotten Altar","player_choice":"Shed Blood","floor":22.0,"gold_loss":0.0,"damage_taken":9.0},{"cards_removed":["Envenom"],"damage_healed":0.0,"max_hp_gain":10.0,"max_hp_loss":0.0,"gold_gain":0.0,"event_name":"Bonfire Elementals","player_choice":"Offered Rare","floor":36.0,"gold_loss":0.0,"damage_taken":0.0},{"damage_healed":0.0,"max_hp_gain":0.0,"max_hp_loss":0.0,"gold_gain":0.0,"event_name":"Upgrade Shrine","player_choice":"Upgraded","floor":44.0,"gold_loss":0.0,"damage_taken":0.0,"cards_upgraded":["Venomology"]}],"is_beta":false,"boss_relics":[{"not_picked":["Fusion Hammer","Philosopher\u0027s Stone"],"picked":"Busted Crown"},{"not_picked":["Pandora\u0027s Box","Calling Bell"],"picked":"SacredBark"}],"items_purged_floors":[10,13,39],"is_endless":false,"potions_floor_spawned":[2,11,16,23,25,27,33,38,40,45],"killed_by":"The Heart","ascension_level":3}}