{"host":"qp7xs8nuzfsyommi","time":1614355603,"event":{"mods":["2.2 Compatiblity","BaseMod","Colored Powertips","DeckTracker","Highlight Path","Minty Spire (QoL Compilation)","Permanent Neow","Quick Restart","StSLib","Weighted Paths"],"gold_per_floor":[118,137,287,301,301,301,327,327,327,327,338,367,377,393,393,467,467,477,0,0,19,37,37,66,66,66,66,66,80,106,306,306,381,381,399,416,429,99,111,111,128,162,162,162,206,233,233,267,267,267,267,267,267,3,35,35],"floor_reached":57,"language":"ENG","playtime":3662,"items_purged":[],"score":2945,"play_id":"359a4f0b-f4fc-445a-8b40-bfafafadac7b","local_time":"20210226110643","is_ascension_mode":true,"campfire_choices":[{"data":"Bash","floor":6.0,"key":"SMITH"},{"floor":15.0,"key":"RECALL"},{"data":"Anger","floor":23.0,"key":"SMITH"},{"data":"Feel No Pain","floor":25.0,"key":"SMITH"},{"floor":32.0,"key":"REST"},{"data":"Searing Blow+1","floor":40.0,"key":"SMITH"},{"data":"Searing Blow+2","floor":44.0,"key":"SMITH"},{"data":"Searing Blow+3","floor":47.0,"key":"SMITH"},{"data":"Searing Blow+4","floor":49.0,"key":"SMITH"},{"data":"Searing Blow+5","floor":53.0,"key":"SMITH"}],"circlet_count":0,"master_deck":["AscendersBane","Strike_R+1","Strike_R+1","Strike_R+1","Strike_R+1","Defend_R+1","Defend_R+1","Defend_R+1","Defend_R+1","Bash+1","Injury","Anger+1","Feel No Pain","Doubt","Second Wind","Parasite","Disarm+1","Clothesline+1","True Grit+1","Feel No Pain+1","Heavy Blade+1","Reaper+1","Dual Wield+1","Sever Soul+1","Sword Boomerang+1","Ghostly Armor+1","Dark Embrace","Decay","Limit Break+1","Thunderclap+1","Juggernaut","CurseOfTheBell","Sword Boomerang+1","Searing Blow+6","Seeing Red+1","Entrench+1","Metallicize+1","Sentinel+1","Immolate+1","Burning Pact+1","Impervious+1","Burning Pact+1","Metallicize+1","Purity+1","Dark Shackles+1","Panacea+1","Body Slam+1"],"relics":["Burning Blood","Du-Vu Doll","Molten Egg 2","Toxic Egg 2","Pen Nib","Snecko Eye","Vajra","Toolbox","Meat on the Bone","Ornamental Fan","Centennial Puzzle","Calling Bell","Blood Vial","Frozen Egg 2","CaptainsWheel","Bronze Scales","Orrery","CeramicFish","Eternal Feather","Mango","Pear","Nunchaku"],"acts_visited":["Exordium","TheCity","TheBeyond","TheEnding"],"potions_floor_usage":[],"damage_taken":[{"damage":3.0,"enemies":"Small Slimes","floor":1.0,"turns":4.0},{"damage":7.0,"enemies":"Jaw Worm","floor":2.0,"turns":3.0},{"damage":6.0,"enemies":"Cultist","floor":4.0,"turns":3.0},{"damage":7.0,"enemies":"Gremlin Nob","floor":7.0,"turns":3.0},{"damage":27.0,"enemies":"Large Slime","floor":11.0,"turns":6.0},{"damage":16.0,"enemies":"Lagavulin","floor":12.0,"turns":7.0},{"damage":3.0,"enemies":"Red Slaver","floor":13.0,"turns":5.0},{"damage":5.0,"enemies":"Blue Slaver","floor":14.0,"turns":4.0},{"damage":10.0,"enemies":"The Guardian","floor":16.0,"turns":16.0},{"damage":13.0,"enemies":"Shell Parasite","floor":18.0,"turns":3.0},{"damage":0.0,"enemies":"Spheric Guardian","floor":21.0,"turns":1.0},{"damage":18.0,"enemies":"Snake Plant","floor":22.0,"turns":3.0},{"damage":0.0,"enemies":"Gremlin Leader","floor":24.0,"turns":4.0},{"damage":0.0,"enemies":"Chosen and Byrds","floor":29.0,"turns":3.0},{"damage":37.0,"enemies":"Book of Stabbing","floor":30.0,"turns":6.0},{"damage":18.0,"enemies":"Champ","floor":33.0,"turns":4.0},{"damage":18.0,"enemies":"3 Darklings","floor":35.0,"turns":4.0},{"damage":0.0,"enemies":"3 Shapes","floor":36.0,"turns":1.0},{"damage":0.0,"enemies":"Sphere and 2 Shapes","floor":37.0,"turns":3.0},{"damage":2.0,"enemies":"4 Shapes","floor":39.0,"turns":2.0},{"damage":16.0,"enemies":"Spire Growth","floor":41.0,"turns":3.0},{"damage":0.0,"enemies":"Giant Head","floor":42.0,"turns":3.0},{"damage":27.0,"enemies":"Nemesis","floor":45.0,"turns":5.0},{"damage":0.0,"enemies":"Mind Bloom Boss Battle","floor":48.0,"turns":3.0},{"damage":61.0,"enemies":"Donu and Deca","floor":50.0,"turns":7.0},{"damage":69.0,"enemies":"Time Eater","floor":51.0,"turns":9.0},{"damage":58.0,"enemies":"Shield and Spear","floor":55.0,"turns":5.0},{"damage":91,"enemies":"The Heart","floor":56,"turns":7}],"seed_played":"1621032480044324498","potions_obtained":[{"floor":2.0,"key":"Swift Potion"},{"floor":7.0,"key":"BloodPotion"},{"floor":11.0,"key":"Ancient Potion"},{"floor":13.0,"key":"Explosive Potion"},{"floor":14.0,"key":"Strength Potion"},{"floor":24.0,"key":"CultistPotion"},{"floor":33.0,"key":"Energy Potion"},{"floor":36.0,"key":"FairyPotion"}],"is_trial":false,"path_per_floor":["M","M","?","M","?","R","E","?","T","?","M","E","M","M","R","B",null,"M","$","?","M","M","R","E","R","T","$","?","M","E","?","R","B",null,"M","M","M","$","M","R","M","E","T","R","E","?","R","?","R","B","B",null,"R","$","E","B",null],"character_chosen":"IRONCLAD","items_purchased":["Vajra","FairyPotion","Toolbox","Sever Soul+1","Bronze Scales","Orrery","Pear"],"campfire_rested":1,"item_purchase_floors":[19,19,19,19,38,38,54],"current_hp_per_floor":[71,70,70,70,70,70,69,75,75,75,54,44,62,63,63,59,71,64,64,64,70,67,67,75,75,75,75,75,75,59,59,75,63,72,75,75,75,75,75,75,65,75,75,75,75,65,75,89,89,46,29,74,89,99,59,45],"gold":35,"neow_bonus":"ONE_RARE_RELIC","is_daily":false,"chose_seed":false,"campfire_upgraded":8,"win_rate":0.0,"timestamp":1614355603,"path_taken":["M","M","?","M","?","R","E","?","T","?","M","E","M","M","R","BOSS","M","$","?","M","M","R","E","R","T","$","?","M","E","?","R","BOSS","M","M","M","$","M","R","M","E","T","R","E","?","R","?","R","BOSS","BOSS","R","$","E","BOSS"],"items_purchased_type":["Relic","Potion","Relic","Card","Relic","Relic","Relic"],"build_version":"2020-12-22","purchased_purges":0,"victory":true,"max_hp_per_floor":[75,75,75,75,75,75,75,75,75,75,75,75,75,75,75,75,75,75,75,75,75,75,75,75,75,75,75,75,75,75,75,75,75,75,75,75,75,75,75,75,75,75,75,75,75,75,75,89,89,89,89,89,89,99,99,99],"card_choices":[{"not_picked":["Rampage","Iron Wave"],"picked":"Anger","floor":1.0},{"not_picked":["Perfected Strike","Clothesline"],"picked":"Feel No Pain","floor":2.0},{"not_picked":["Evolve","Blood for Blood","Wild Strike"],"picked":"SKIP","floor":4.0},{"not_picked":["Hemokinesis+1","Twin Strike+1"],"picked":"Second Wind","floor":7.0},{"not_picked":["Headbutt+1","Spot Weakness+1"],"picked":"Clothesline+1","floor":11.0},{"not_picked":["Thunderclap+1","Shrug It Off+1"],"picked":"True Grit+1","floor":12.0},{"not_picked":["Demon Form","Twin Strike+1"],"picked":"Feel No Pain","floor":13.0},{"not_picked":["Clash+1","Warcry+1"],"picked":"Heavy Blade+1","floor":14.0},{"not_picked":["Impervious+1","Limit Break+1"],"picked":"Reaper+1","floor":16.0},{"not_picked":["Perfected Strike+1","Warcry+1"],"picked":"Dual Wield+1","floor":18.0},{"not_picked":["Body Slam+1","Pommel Strike+1"],"picked":"Sword Boomerang+1","floor":21.0},{"not_picked":["Evolve","Spot Weakness+1"],"picked":"Ghostly Armor+1","floor":22.0},{"not_picked":["Sword Boomerang+1","Infernal Blade+1"],"picked":"Dark Embrace","floor":24.0},{"not_picked":["Armaments+1","Intimidate+1"],"picked":"Limit Break+1","floor":29.0},{"not_picked":["Rage+1","Cleave+1"],"picked":"Thunderclap+1","floor":30.0},{"not_picked":["Feed+1","Immolate+1"],"picked":"Juggernaut","floor":33.0},{"not_picked":["Armaments+1","Thunderclap+1","Havoc+1"],"picked":"SKIP","floor":35.0},{"not_picked":["Clash+1","Body Slam+1"],"picked":"Sword Boomerang+1","floor":36.0},{"not_picked":["Warcry+1","Thunderclap+1"],"picked":"Searing Blow+1","floor":37.0},{"not_picked":["Flex+1","Dark Embrace+1"],"picked":"Seeing Red+1","floor":38.0},{"not_picked":["Hemokinesis+1","Twin Strike+1"],"picked":"Entrench+1","floor":38.0},{"not_picked":["Rupture+1","Shrug It Off+1"],"picked":"Metallicize+1","floor":38.0},{"not_picked":["Headbutt+1","Warcry+1"],"picked":"Sentinel+1","floor":38.0},{"not_picked":["Combust+1","Thunderclap+1"],"picked":"Immolate+1","floor":38.0},{"not_picked":["Havoc+1","True Grit+1"],"picked":"Burning Pact+1","floor":39.0},{"not_picked":["Heavy Blade+1","Pommel Strike+1"],"picked":"Impervious+1","floor":41.0},{"not_picked":["Infernal Blade+1","Battle Trance+1"],"picked":"Burning Pact+1","floor":42.0},{"not_picked":["Sever Soul+1","Reckless Charge+1"],"picked":"Metallicize+1","floor":45.0},{"not_picked":["Forethought+1","Flash of Steel+1"],"picked":"Purity+1","floor":46.0},{"not_picked":["Dramatic Entrance+1","Discovery+1"],"picked":"Dark Shackles+1","floor":46.0},{"not_picked":["Violence+1","The Bomb+1"],"picked":"Panacea+1","floor":46.0},{"not_picked":["Armaments+1","Cleave+1"],"picked":"Body Slam+1","floor":48.0},{"not_picked":["Ghostly Armor+1","Combust+1","Sword Boomerang+1"],"picked":"SKIP","floor":55.0}],"player_experience":1540967,"relics_obtained":[{"floor":7.0,"key":"Molten Egg 2"},{"floor":9.0,"key":"Toxic Egg 2"},{"floor":12.0,"key":"Pen Nib"},{"floor":24.0,"key":"Meat on the Bone"},{"floor":26.0,"key":"Ornamental Fan"},{"floor":30.0,"key":"Centennial Puzzle"},{"floor":34.0,"key":"Blood Vial"},{"floor":34.0,"key":"Frozen Egg 2"},{"floor":34.0,"key":"CaptainsWheel"},{"floor":42.0,"key":"CeramicFish"},{"floor":45.0,"key":"Eternal Feather"},{"floor":48.0,"key":"Mango"},{"floor":55.0,"key":"Nunchaku"}],"event_choices":[{"damage_healed":0.0,"max_hp_gain":0.0,"max_hp_loss":0.0,"gold_gain":150.0,"event_name":"Liars Game","player_choice":"AGREE","floor":3.0,"gold_loss":0.0,"damage_taken":0.0,"cards_obtained":["Doubt"]},{"damage_healed":0.0,"max_hp_gain":0.0,"max_hp_loss":0.0,"gold_gain":0.0,"event_name":"Golden Wing","player_choice":"Ignored","floor":5.0,"gold_loss":0.0,"damage_taken":0.0},{"damage_healed":18.0,"max_hp_gain":0.0,"max_hp_loss":0.0,"gold_gain":0.0,"event_name":"Mushrooms","player_choice":"Healed and dodged fight","floor":8.0,"gold_loss":0.0,"damage_taken":0.0,"cards_obtained":["Parasite"]},{"damage_healed":0.0,"max_hp_gain":0.0,"max_hp_loss":0.0,"gold_gain":0.0,"cards_transformed":["Strike_R"],"event_name":"Transmorgrifier","player_choice":"Transformed","floor":10.0,"gold_loss":0.0,"damage_taken":0.0,"cards_obtained":["Disarm"]},{"damage_healed":0.0,"max_hp_gain":0.0,"max_hp_loss":0.0,"gold_gain":0.0,"event_name":"Back to Basics","player_choice":"Simplicity","floor":20.0,"gold_loss":0.0,"damage_taken":0.0,"cards_upgraded":["Strike_R","Strike_R","Strike_R","Strike_R","Defend_R","Defend_R","Defend_R","Defend_R"]},{"damage_healed":0.0,"max_hp_gain":0.0,"max_hp_loss":0.0,"gold_gain":0.0,"event_name":"Forgotten Altar","player_choice":"Smashed Altar","floor":28.0,"gold_loss":0.0,"damage_taken":0.0,"cards_obtained":["Decay"]},{"damage_healed":0.0,"max_hp_gain":0.0,"max_hp_loss":0.0,"gold_gain":250.0,"event_name":"The Joust","player_choice":"Bet on Owner","floor":31.0,"gold_loss":50.0,"damage_taken":0.0},{"damage_healed":0.0,"max_hp_gain":0.0,"max_hp_loss":0.0,"gold_gain":0.0,"event_name":"SensoryStone","player_choice":"Memory 3","floor":46.0,"gold_loss":0.0,"damage_taken":10.0},{"damage_healed":0.0,"max_hp_gain":0.0,"max_hp_loss":0.0,"gold_gain":0.0,"event_name":"MindBloom","player_choice":"Fight","floor":48.0,"gold_loss":0.0,"damage_taken":0.0}],"is_beta":false,"boss_relics":[{"not_picked":["Pandora\u0027s Box","Astrolabe"],"picked":"Snecko Eye"},{"not_picked":["Empty Cage","Black Blood"],"picked":"Calling Bell"}],"items_purged_floors":[],"is_endless":false,"potions_floor_spawned":[2,7,11,13,14,18,24,33,36,37,42],"ascension_level":20}}