{"host":"879u177vr8bnqwsn","time":1614381050,"event":{"mods":["BaseMod","Hubris","Minty Spire (QoL Compilation)","Reliquary","StSLib"],"gold_per_floor":[114,129,144,144,159,189,189,219,269,299,264,264,264,439,439,439,439],"floor_reached":16,"language":"ENG","playtime":609,"items_purged":[],"score":168,"play_id":"44a9ffdb-dc32-4bb7-aae0-62eaa89e587e","local_time":"20210226201050","daily_mods":["Chimera","Time Dilation","Elite Swarm"],"is_ascension_mode":false,"campfire_choices":[{"data":"Eruption","floor":7,"key":"SMITH"},{"data":"Echo Form","floor":12,"key":"SMITH"},{"data":"Zap","floor":15,"key":"SMITH"}],"circlet_count":0,"master_deck":["Bash","Survivor","Zap+1","Eruption+1","Strike_R","Strike_G+1","Strike_B","Defend_R","Defend_G","Defend_P+1","Defragment","Rebound","Turbo","Ball Lightning","Seek","Echo Form+1","Core Surge","Doubt"],"relics":["Cracked Core","hubris:Icosahedron","Juzu Bracelet","Smiling Mask","Blood Vial","Toy Ornithopter"],"acts_visited":["Exordium"],"potions_floor_usage":[6,6,10],"damage_taken":[{"damage":0,"enemies":"2 Louse","floor":1,"turns":4},{"damage":0,"enemies":"Small Slimes","floor":2,"turns":2},{"damage":6,"enemies":"Jaw Worm","floor":3,"turns":3},{"damage":17,"enemies":"3 Louse","floor":5,"turns":3},{"damage":0,"enemies":"Gremlin Nob","floor":6,"turns":2},{"damage":31,"enemies":"3 Sentries","floor":8,"turns":6},{"damage":0,"enemies":"Gremlin Nob","floor":10,"turns":2},{"damage":35,"enemies":"The Guardian","floor":16,"turns":4}],"seed_played":"4728103701414758894","potions_obtained":[{"floor":2,"key":"SteroidPotion"},{"floor":3,"key":"Swift Potion"},{"floor":6,"key":"FocusPotion"}],"is_trial":false,"path_per_floor":["M","M","M","?","M","E","R","E","T","E","?","R","?","?","R","B"],"character_chosen":"DEFECT","items_purchased":[],"campfire_rested":0,"item_purchase_floors":[],"current_hp_per_floor":[75,75,69,69,52,52,52,21,21,23,41,41,26,26,26,0,0],"gold":439,"neow_bonus":"","is_daily":true,"chose_seed":false,"campfire_upgraded":3,"win_rate":0.0,"timestamp":1614381050,"path_taken":["M","M","M","?","M","E","R","E","T","E","?","R","?","?","R","BOSS"],"items_purchased_type":[],"build_version":"2020-12-22","purchased_purges":0,"victory":false,"max_hp_per_floor":[75,75,75,75,75,75,75,75,75,75,75,75,75,75,75,75,75],"card_choices":[{"not_picked":["Streamline","Stack"],"picked":"Defragment","floor":1},{"not_picked":["Coolheaded","Compile Driver"],"picked":"Rebound","floor":2},{"not_picked":["Undo","Storm"],"picked":"Turbo","floor":3},{"not_picked":["hubris:Ukulele","Steam Power"],"picked":"Ball Lightning","floor":5},{"not_picked":["Thunder Strike","All For One"],"picked":"Seek","floor":6},{"not_picked":["All For One","Seek"],"picked":"Echo Form","floor":8},{"not_picked":["Meteor Strike","Echo Form"],"picked":"Core Surge","floor":10}],"player_experience":750132,"relics_obtained":[{"floor":6,"key":"Juzu Bracelet"},{"floor":8,"key":"Smiling Mask"},{"floor":9,"key":"Blood Vial"},{"floor":10,"key":"Toy Ornithopter"}],"event_choices":[{"damage_healed":18,"gold_gain":0,"player_choice":"Healed","damage_taken":0,"max_hp_gain":0,"max_hp_loss":0,"event_name":"The Cleric","floor":11,"gold_loss":35},{"damage_healed":0,"gold_gain":0,"player_choice":"Entered Light","damage_taken":15,"max_hp_gain":0,"max_hp_loss":0,"event_name":"Shining Light","floor":13,"gold_loss":0,"cards_upgraded":["Strike_G","Defend_P"]},{"damage_healed":0,"gold_gain":175,"player_choice":"AGREE","damage_taken":0,"max_hp_gain":0,"max_hp_loss":0,"event_name":"Liars Game","floor":14,"gold_loss":0,"cards_obtained":["Doubt"]}],"is_beta":false,"boss_relics":[],"items_purged_floors":[],"is_endless":false,"potions_floor_spawned":[2,3,6],"killed_by":"The Guardian","ascension_level":0}}