{"host":"l3xrug4zqg5ym5g5","time":1614312044,"event":{"mods":["AchievementEnabler","BaseMod","Colored Map","Highlight Path","Minty Spire (QoL Compilation)","Quick Restart","Rare Cards Sparkle","Relic Sorter","Relic Stats","StSLib","SuperFastMode"],"gold_per_floor":[115,130,130,80,80,80,111,111,111,124,140,155,330,361,361,465,465,484,74,101,101,101,101,111,111,111,111,137,154,185,198,198,198,198],"floor_reached":33,"language":"ENG","playtime":698,"items_purged":[],"score":298,"play_id":"5335a765-ec50-47c6-ba5b-2b6d96eaaac6","local_time":"20210225230044","is_ascension_mode":false,"campfire_choices":[{"data":"Bash","floor":6,"key":"SMITH"},{"floor":8,"key":"REST"},{"data":"Bludgeon","floor":15,"key":"SMITH"},{"floor":23,"key":"REST"},{"data":"Sword Boomerang","floor":25,"key":"SMITH"},{"floor":32,"key":"REST"}],"circlet_count":0,"master_deck":["Bash+1","Cleave","Iron Wave+1","Cleave","Infernal Blade","Iron Wave","Doubt","Bludgeon+1","Feed","Cleave","Flame Barrier","Second Wind","Entrench","Fire Breathing","Pommel Strike","Exhume","Twin Strike","Heavy Blade","Sword Boomerang+1","Fire Breathing","RitualDagger","Ghostly","Ghostly","Ghostly","Ghostly","Ghostly","Outmaneuver+1","Melter","Streamline"],"relics":["Burning Blood","Tiny Chest","PreservedInsect","Bronze Scales","Ornamental Fan","Pandora\u0027s Box","PrismaticShard","Bag of Marbles","Potion Belt","Sundial","Red Skull","Nunchaku"],"acts_visited":["Exordium","TheCity"],"potions_floor_usage":[14,14,29,30,30,33,33],"damage_taken":[{"damage":0,"enemies":"2 Louse","floor":1,"turns":3},{"damage":6,"enemies":"Jaw Worm","floor":2,"turns":4},{"damage":21,"enemies":"Gremlin Nob","floor":7,"turns":4},{"damage":5,"enemies":"Small Slimes","floor":10,"turns":2},{"damage":12,"enemies":"3 Louse","floor":11,"turns":2},{"damage":2,"enemies":"Exordium Thugs","floor":12,"turns":4},{"damage":31,"enemies":"3 Sentries","floor":14,"turns":4},{"damage":13,"enemies":"Slime Boss","floor":16,"turns":8},{"damage":21,"enemies":"Spheric Guardian","floor":18,"turns":4},{"damage":10,"enemies":"Chosen","floor":24,"turns":3},{"damage":5,"enemies":"Snecko","floor":29,"turns":5},{"damage":30,"enemies":"Slavers","floor":30,"turns":3},{"damage":0,"enemies":"Sentry and Sphere","floor":31,"turns":2},{"damage":51,"enemies":"Collector","floor":33,"turns":8}],"seed_played":"-7913364871503479674","potions_obtained":[{"floor":10,"key":"Regen Potion"},{"floor":11,"key":"PowerPotion"},{"floor":14,"key":"LiquidMemories"},{"floor":16,"key":"DuplicationPotion"},{"floor":30,"key":"PowerPotion"},{"floor":31,"key":"Fire Potion"}],"is_trial":false,"path_per_floor":["M","M","?","$","?","R","E","R","T","M","M","M","?","E","R","B",null,"M","$","T","?","?","R","M","R","T","?","T","M","E","M","R","B"],"character_chosen":"IRONCLAD","items_purchased":["Cleave","PrismaticShard","Bag of Marbles","BlessingOfTheForge","Fire Breathing"],"campfire_rested":3,"item_purchase_floors":[4,19,19,19,19],"current_hp_per_floor":[80,80,80,80,80,80,65,80,80,80,74,78,78,62,62,55,80,65,65,65,59,44,69,65,65,65,42,42,42,18,24,36,0,0],"gold":198,"neow_bonus":"RANDOM_COMMON_RELIC","is_daily":false,"chose_seed":false,"campfire_upgraded":3,"win_rate":0.0,"timestamp":1614312044,"path_taken":["M","M","?","$","?","R","E","R","T","M","M","M","?","E","R","BOSS","M","$","?","?","?","R","M","R","T","?","?","?","E","M","R","BOSS"],"items_purchased_type":["Card","Relic","Relic","Potion","Card"],"build_version":"2020-12-22","purchased_purges":0,"victory":false,"max_hp_per_floor":[80,80,80,80,80,80,80,80,80,80,80,80,80,80,80,80,80,80,80,80,80,85,85,85,85,85,42,42,42,42,42,42,42,42],"relic_stats":{"Nunchaku":[1],"counters":[14,56],"Ornamental Fan":[28],"Sundial":[0],"Bronze Scales":[86],"Tiny Chest":2,"Pandora\u0027s Box":["Cleave","Flame Barrier","Second Wind","Entrench","Fire Breathing","Pommel Strike","Exhume","Twin Strike","Heavy Blade"],"PreservedInsect":73,"obtain_stats":[{"Potion Belt":20,"Nunchaku":30,"Ornamental Fan":14,"Sundial":26,"Bronze Scales":9,"Tiny Chest":0,"Pandora\u0027s Box":17,"PreservedInsect":7,"Bag of Marbles":19,"PrismaticShard":19,"Burning Blood":0,"Red Skull":28},{"Potion Belt":9,"Nunchaku":12,"Ornamental Fan":7,"Sundial":10,"Bronze Scales":3,"Tiny Chest":0,"Pandora\u0027s Box":8,"PreservedInsect":3,"Bag of Marbles":9,"PrismaticShard":9,"Burning Blood":0,"Red Skull":10},{"Potion Belt":35,"Nunchaku":46,"Ornamental Fan":23,"Sundial":38,"Bronze Scales":11,"Tiny Chest":0,"Pandora\u0027s Box":31,"PreservedInsect":11,"Bag of Marbles":35,"PrismaticShard":35,"Burning Blood":0,"Red Skull":38}],"Burning Blood":70},"card_choices":[{"not_picked":["Flex","Iron Wave"],"picked":"Cleave","floor":1},{"not_picked":["Cleave","Rupture"],"picked":"Iron Wave","floor":2},{"not_picked":["Dropkick","Dark Embrace","Wild Strike"],"picked":"SKIP","floor":7},{"not_picked":["Headbutt","Warcry","Dark Embrace"],"picked":"SKIP","floor":10},{"not_picked":["Shrug It Off","Pommel Strike"],"picked":"Infernal Blade","floor":11},{"not_picked":["Pommel Strike","Twin Strike"],"picked":"Iron Wave","floor":12},{"not_picked":["Barricade","Burning Pact"],"picked":"Bludgeon","floor":14},{"not_picked":["Corruption","Juggernaut"],"picked":"Feed","floor":16},{"not_picked":["Havoc","Wild Strike"],"picked":"Sword Boomerang","floor":18},{"not_picked":["ClearTheMind","Perseverance","Clash"],"picked":"SKIP","floor":24},{"not_picked":["Gash+1","Body Slam+1"],"picked":"Outmaneuver+1","floor":29},{"not_picked":["Reflex","CrushJoints+1"],"picked":"Melter","floor":30},{"not_picked":["Steam","Dual Wield"],"picked":"Streamline","floor":31}],"player_experience":108477,"relics_obtained":[{"floor":7,"key":"PreservedInsect"},{"floor":9,"key":"Bronze Scales"},{"floor":14,"key":"Ornamental Fan"},{"floor":20,"key":"Potion Belt"},{"floor":26,"key":"Sundial"},{"floor":28,"key":"Red Skull"},{"floor":30,"key":"Nunchaku"}],"event_choices":[{"damage_healed":0,"gold_gain":0,"player_choice":"Grow","damage_taken":0,"max_hp_gain":0,"max_hp_loss":0,"event_name":"Living Wall","floor":3,"gold_loss":0,"cards_upgraded":["Iron Wave"]},{"damage_healed":0,"gold_gain":0,"player_choice":"Ignored","damage_taken":0,"max_hp_gain":0,"max_hp_loss":0,"event_name":"Golden Wing","floor":5,"gold_loss":0},{"damage_healed":0,"gold_gain":175,"player_choice":"AGREE","damage_taken":0,"max_hp_gain":0,"max_hp_loss":0,"event_name":"Liars Game","floor":13,"gold_loss":0,"cards_obtained":["Doubt"]},{"damage_healed":0,"gold_gain":0,"player_choice":"Joined the Cult","damage_taken":6,"max_hp_gain":0,"max_hp_loss":0,"event_name":"Nest","floor":21,"gold_loss":0,"cards_obtained":["RitualDagger"]},{"damage_healed":0,"gold_gain":0,"player_choice":"Shed Blood","damage_taken":20,"max_hp_gain":5,"max_hp_loss":0,"event_name":"Forgotten Altar","floor":22,"gold_loss":0},{"damage_healed":0,"gold_gain":0,"player_choice":"Became a Ghost","damage_taken":0,"max_hp_gain":0,"max_hp_loss":43,"event_name":"Ghosts","floor":27,"gold_loss":0,"cards_obtained":["Ghostly","Ghostly","Ghostly","Ghostly","Ghostly"]}],"is_beta":false,"boss_relics":[{"not_picked":["Cursed Key","Black Blood"],"picked":"Pandora\u0027s Box"}],"items_purged_floors":[],"is_endless":false,"potions_floor_spawned":[10,11,14,16,30,31],"killed_by":"Collector","ascension_level":0}}