{"host":"4eao2pkwlmv012cz","time":1614381107,"event":{"mods":["BaseMod","Bestiary","Bossed Relics","Colored Powertips","Minty Spire (QoL Compilation)","Permanent Neow","Quick Restart","Random Character Button","StSLib"],"gold_per_floor":[119,134,134,45,45,45,1,151,205,241,241,241,241,241],"floor_reached":13,"language":"ENG","playtime":217,"items_purged":[],"score":158,"play_id":"a5f16199-59be-4bc8-b177-d452e63ddb8a","local_time":"20210226181147","is_ascension_mode":true,"campfire_choices":[{"data":"Storm","floor":6,"key":"SMITH"},{"floor":12,"key":"REST"}],"circlet_count":0,"master_deck":["AscendersBane","Strike_B","Strike_B","Strike_B","Defend_B","Defend_B","Defend_B","Zap","Dualcast","Shame","Ball Lightning","Storm+1","Defragment","Hello World+1","Injury","Doom and Gloom","Doubt","Ball Lightning"],"relics":["Cracked Core","Frozen Egg 2","Golden Idol","Smiling Mask","The Courier","Ice Cream"],"acts_visited":["Exordium"],"potions_floor_usage":[10],"damage_taken":[{"damage":3,"enemies":"Small Slimes","floor":1,"turns":3},{"damage":10,"enemies":"2 Louse","floor":2,"turns":2},{"damage":30,"enemies":"Gremlin Nob","floor":10,"turns":4},{"damage":36,"enemies":"3 Sentries","floor":13,"turns":4}],"seed_played":"5927949109157936726","potions_obtained":[{"floor":2,"key":"Regen Potion"}],"is_trial":false,"path_per_floor":["M","M","?","$","?","R","$","?","T","E","?","R","E"],"character_chosen":"DEFECT","items_purchased":["Hello World+1","Doom and Gloom"],"campfire_rested":1,"item_purchase_floors":[4,7],"current_hp_per_floor":[61,51,25,25,25,25,25,25,25,7,7,28,0,0],"gold":241,"neow_bonus":"TRANSFORM_TWO_CARDS","is_daily":false,"chose_seed":false,"campfire_upgraded":1,"win_rate":0.0,"timestamp":1614381107,"path_taken":["M","M","?","$","?","R","?","?","T","E","?","R","E"],"items_purchased_type":["Card","Card"],"build_version":"2020-12-22","purchased_purges":0,"victory":false,"max_hp_per_floor":[71,71,71,71,71,71,71,71,71,71,71,71,71,71],"card_choices":[{"not_picked":["Fusion","Cold Snap"],"picked":"Defragment","floor":1},{"not_picked":["Lockon","Genetic Algorithm"],"picked":"Ball Lightning","floor":2},{"not_picked":["Rebound","Hologram"],"picked":"Ball Lightning","floor":10}],"player_experience":2952881,"relics_obtained":[{"floor":9,"key":"Smiling Mask"},{"floor":10,"key":"The Courier"}],"event_choices":[{"damage_healed":0,"gold_gain":0,"player_choice":"Success","damage_taken":26,"relics_obtained":["Frozen Egg 2"],"max_hp_gain":0,"max_hp_loss":0,"event_name":"Scrap Ooze","floor":3,"gold_loss":0},{"damage_healed":0,"gold_gain":0,"player_choice":"Take Wound","damage_taken":0,"relics_obtained":["Golden Idol"],"max_hp_gain":0,"max_hp_loss":0,"event_name":"Golden Idol","floor":5,"gold_loss":0,"cards_obtained":["Injury"]},{"damage_healed":0,"gold_gain":150,"player_choice":"AGREE","damage_taken":0,"max_hp_gain":0,"max_hp_loss":0,"event_name":"Liars Game","floor":8,"gold_loss":0,"cards_obtained":["Doubt"]},{"cards_removed":["Ball Lightning"],"damage_healed":0,"gold_gain":0,"player_choice":"Gave Card","damage_taken":0,"relics_obtained":["Ice Cream"],"max_hp_gain":0,"max_hp_loss":0,"event_name":"WeMeetAgain","floor":11,"gold_loss":0}],"is_beta":false,"boss_relics":[],"items_purged_floors":[],"is_endless":false,"potions_floor_spawned":[2],"killed_by":"3 Sentries","ascension_level":20}}