{"host":"s41rn2jhghpwfrvz","time":1614362331,"event":{"mods":["BaseMod","Minty Spire (QoL Compilation)","Quick Restart","Relic Stats","SuperFastMode"],"gold_per_floor":[119,44,55,55,78,78,112,112,136,174,74,74,107,132,132,225,225,243,257,172,7,7,47,47,82,82,121,121,144,144,164,164,254,254,267,267,283,616,616,616,616,650,650,679,698,725,739,765,765,765,765,765,765,280,309,309],"floor_reached":57,"language":"ENG","playtime":1719,"items_purged":["Consecrate","PiercingWail","Intimidate"],"score":3813,"play_id":"1cf9cbf5-2f94-41e6-8127-4b1b1977bc20","local_time":"20210226195851","daily_mods":["SealedDeck","Diverse","Elite Swarm"],"is_ascension_mode":true,"campfire_choices":[{"data":"Rage","floor":6,"key":"SMITH"},{"data":"TalkToTheHand","floor":8,"key":"SMITH"},{"data":"Barricade","floor":15,"key":"SMITH"},{"data":"Prostrate","floor":24,"key":"SMITH"},{"data":"Skim","floor":28,"key":"SMITH"},{"floor":32,"key":"RECALL"},{"data":"Adrenaline","floor":40,"key":"SMITH"},{"data":"Grand Finale","floor":49,"key":"SMITH"},{"data":"Backflip","floor":53,"key":"SMITH"}],"circlet_count":0,"master_deck":["AscendersBane","Prostrate+1","Rage+1","Quick Slash","Shockwave","TalkToTheHand+1","Skim+1","Barricade+1","Backflip+1","TalkToTheHand+1","Adrenaline+1","Grand Finale+1","Offering","Scrawl+1","Malaise+1"],"relics":["Burning Blood","Anchor","Tiny Chest","Potion Belt","Paper Frog","Runic Dome","Matryoshka","DollysMirror","MutagenicStrength","Strawberry","Blood Vial","Dream Catcher","Sundial","Oddly Smooth Stone","Smiling Mask","Black Star","Question Card","InkBottle","Self Forming Clay","Bottled Tornado","Eternal Feather","White Beast Statue","Toxic Egg 2","Ornamental Fan","Ancient Tea Set","TungstenRod","Medical Kit","Bottled Lightning","Art of War","Calipers"],"acts_visited":["Exordium","TheCity","TheBeyond","TheEnding"],"potions_floor_usage":[10,23,23,56,56,56],"damage_taken":[{"damage":0,"enemies":"Cultist","floor":1,"turns":3},{"damage":0,"enemies":"Small Slimes","floor":3,"turns":3},{"damage":0,"enemies":"Jaw Worm","floor":5,"turns":4},{"damage":18,"enemies":"Gremlin Nob","floor":7,"turns":5},{"damage":21,"enemies":"3 Sentries","floor":10,"turns":7},{"damage":0,"enemies":"Lagavulin","floor":13,"turns":4},{"damage":0,"enemies":"Exordium Wildlife","floor":14,"turns":4},{"damage":0,"enemies":"Hexaghost","floor":16,"turns":8},{"damage":7,"enemies":"2 Thieves","floor":18,"turns":4},{"damage":0,"enemies":"3 Byrds","floor":19,"turns":4},{"damage":34,"enemies":"Slavers","floor":23,"turns":5},{"damage":0,"enemies":"Book of Stabbing","floor":25,"turns":5},{"damage":0,"enemies":"Gremlin Leader","floor":27,"turns":5},{"damage":0,"enemies":"Centurion and Healer","floor":29,"turns":3},{"damage":0,"enemies":"Chosen and Byrds","floor":31,"turns":5},{"damage":0,"enemies":"Automaton","floor":33,"turns":3},{"damage":5,"enemies":"3 Shapes","floor":35,"turns":3},{"damage":0,"enemies":"3 Darklings","floor":37,"turns":3},{"damage":0,"enemies":"Reptomancer","floor":42,"turns":2},{"damage":0,"enemies":"Giant Head","floor":44,"turns":2},{"damage":6,"enemies":"Transient","floor":45,"turns":2},{"damage":6,"enemies":"Nemesis","floor":46,"turns":1},{"damage":6,"enemies":"4 Shapes","floor":47,"turns":1},{"damage":6,"enemies":"Reptomancer","floor":48,"turns":1},{"damage":5,"enemies":"Awakened One","floor":50,"turns":3},{"damage":5,"enemies":"Donu and Deca","floor":51,"turns":1},{"damage":5,"enemies":"Shield and Spear","floor":55,"turns":1},{"damage":5,"enemies":"The Heart","floor":56,"turns":4}],"seed_played":"1530564023438093199","potions_obtained":[{"floor":5,"key":"PowerPotion"},{"floor":10,"key":"PowerPotion"},{"floor":16,"key":"Block Potion"},{"floor":18,"key":"LiquidBronze"},{"floor":19,"key":"Swift Potion"},{"floor":33,"key":"GamblersBrew"},{"floor":37,"key":"SteroidPotion"},{"floor":42,"key":"SpeedPotion"}],"is_trial":true,"path_per_floor":["M","$","M","?","M","R","E","R","T","E","$","$","E","M","R","B",null,"M","M","?","$","?","E","R","E","T","E","R","M","T","M","R","B",null,"M","?","M","?","T","R","?","E","T","E","M","E","M","E","R","B","B",null,"R","$","E","B",null],"character_chosen":"IRONCLAD","items_purchased":["DollysMirror","Medical Kit","Bottled Lightning"],"campfire_rested":0,"item_purchase_floors":[21,54,54],"current_hp_per_floor":[74,74,75,49,55,55,43,43,43,28,28,28,34,40,40,46,68,67,73,73,73,73,52,52,58,58,66,66,74,74,82,82,82,82,82,82,82,82,82,82,82,82,82,82,82,82,82,82,82,82,82,82,82,82,82,82],"gold":309,"neow_bonus":"","is_daily":false,"chose_seed":false,"campfire_upgraded":8,"win_rate":0.0,"timestamp":1614362331,"path_taken":["M","?","M","?","M","R","E","R","T","E","?","$","E","M","R","BOSS","M","M","?","$","?","E","R","E","T","E","R","M","?","?","R","BOSS","M","?","M","?","?","R","?","E","T","E","M","E","?","E","R","BOSS","BOSS","R","$","E","BOSS"],"items_purchased_type":["Relic","Relic","Relic"],"build_version":"2020-12-22","purchased_purges":3,"victory":true,"max_hp_per_floor":[75,75,75,75,75,75,75,75,75,75,75,75,75,75,75,75,75,75,75,75,75,75,82,82,82,82,82,82,82,82,82,82,82,82,82,82,82,82,82,82,82,82,82,82,82,82,82,82,82,82,82,82,82,82,82,82],"relic_stats":{"counters":[28,96],"Self Forming Clay":[9],"Eternal Feather":0,"Smiling Mask":75,"Question Card":7,"Medical Kit":[4],"Burning Blood":134,"Blood Vial":6,"Dream Catcher":0,"Sundial":[128],"Ornamental Fan":[64],"Tiny Chest":2,"Black Star":5,"Art of War":[0],"obtain_stats":[{"Calipers":55,"Bottled Tornado":43,"Smiling Mask":30,"Ancient Tea Set":48,"Burning Blood":0,"Blood Vial":25,"Dream Catcher":26,"Matryoshka":20,"DollysMirror":21,"Sundial":26,"Strawberry":23,"Tiny Chest":9,"Toxic Egg 2":46,"InkBottle":42,"Paper Frog":13,"Potion Belt":10,"Golden Idol":4,"Self Forming Clay":42,"Oddly Smooth Stone":27,"Eternal Feather":44,"Question Card":39,"Medical Kit":54,"White Beast Statue":44,"Runic Dome":17,"Anchor":7,"Ornamental Fan":46,"MutagenicStrength":22,"Black Star":34,"Art of War":55,"Bottled Lightning":54,"TungstenRod":48},{"Calipers":27,"Bottled Tornado":19,"Smiling Mask":14,"Ancient Tea Set":24,"Burning Blood":0,"Blood Vial":12,"Dream Catcher":12,"Matryoshka":10,"DollysMirror":10,"Sundial":12,"Strawberry":11,"Tiny Chest":4,"Toxic Egg 2":22,"InkBottle":19,"Paper Frog":6,"Potion Belt":5,"Golden Idol":2,"Self Forming Clay":19,"Oddly Smooth Stone":13,"Eternal Feather":20,"Question Card":18,"Medical Kit":26,"White Beast Statue":20,"Runic Dome":8,"Anchor":4,"Ornamental Fan":22,"MutagenicStrength":10,"Black Star":16,"Art of War":27,"Bottled Lightning":26,"TungstenRod":24},{"Calipers":92,"Bottled Tornado":80,"Smiling Mask":64,"Ancient Tea Set":87,"Burning Blood":0,"Blood Vial":56,"Dream Catcher":56,"Matryoshka":46,"DollysMirror":46,"Sundial":56,"Strawberry":51,"Tiny Chest":15,"Toxic Egg 2":85,"InkBottle":80,"Paper Frog":26,"Potion Belt":22,"Golden Idol":6,"Self Forming Clay":80,"Oddly Smooth Stone":61,"Eternal Feather":82,"Question Card":78,"Medical Kit":91,"White Beast Statue":82,"Runic Dome":38,"Anchor":15,"Ornamental Fan":85,"MutagenicStrength":46,"Black Star":72,"Art of War":92,"Bottled Lightning":91,"TungstenRod":87}],"InkBottle":[12],"TungstenRod":4},"card_choices":[{"not_picked":["Sword Boomerang","Warcry","Darkness"],"picked":"SKIP","floor":1},{"not_picked":["Battle Trance","FlurryOfBlows","Bane"],"picked":"SKIP","floor":3},{"not_picked":["Go for the Eyes","Rage"],"picked":"Skim","floor":5},{"not_picked":["Creative AI","Double Tap","Wraith Form v2"],"picked":"SKIP","floor":7},{"not_picked":["Fiend Fire","After Image","Die Die Die"],"picked":"SKIP","floor":10},{"not_picked":["Storm of Steel","Impervious"],"picked":"Barricade","floor":13},{"not_picked":["Iron Wave","Sentinel","Shrug It Off"],"picked":"SKIP","floor":14},{"not_picked":["Halt","SashWhip"],"picked":"Backflip","floor":18},{"not_picked":["Shockwave","Caltrops","Prostrate"],"picked":"SKIP","floor":19},{"not_picked":["Die Die Die","Tools of the Trade","Hyperbeam"],"picked":"SKIP","floor":23},{"not_picked":["Meteor Strike","Rainbow","Blasphemy"],"picked":"SKIP","floor":25},{"not_picked":["Doppelganger","Fiend Fire","Feed"],"picked":"SKIP","floor":27},{"not_picked":["WindmillStrike","True Grit","Force Field"],"picked":"SKIP","floor":29},{"not_picked":["Rampage","Intimidate","FollowUp"],"picked":"SKIP","floor":31},{"not_picked":["Omniscience","Tools of the Trade"],"picked":"Adrenaline","floor":33},{"not_picked":["Gash","Cleave","Reinforced Body"],"picked":"SKIP","floor":35},{"not_picked":["Redo+1","PiercingWail","ClearTheMind"],"picked":"SKIP","floor":37},{"not_picked":["After Image","Impervious","MasterReality"],"picked":"Grand Finale","floor":42},{"not_picked":["Vault","Reboot","ConjureBlade"],"picked":"Offering","floor":44},{"not_picked":["Indignation","Armaments","Beam Cell","Conserve Battery"],"picked":"SKIP","floor":45},{"not_picked":["Devotion","All For One","Phantasmal Killer+1"],"picked":"Scrawl+1","floor":46},{"not_picked":["Outmaneuver+1","Go for the Eyes","Dropkick","Distraction+1"],"picked":"SKIP","floor":47},{"not_picked":["Doppelganger+1","Unload","Berserk","SpiritShield+1"],"picked":"SKIP","floor":48},{"not_picked":["Corruption","Grand Finale","Vault+1"],"picked":"Malaise+1","floor":55}],"player_experience":2033792,"relics_obtained":[{"floor":7,"key":"Anchor"},{"floor":9,"key":"Tiny Chest"},{"floor":10,"key":"Potion Belt"},{"floor":13,"key":"Paper Frog"},{"floor":23,"key":"Strawberry"},{"floor":25,"key":"Blood Vial"},{"floor":26,"key":"Dream Catcher"},{"floor":26,"key":"Sundial"},{"floor":27,"key":"Oddly Smooth Stone"},{"floor":30,"key":"Smiling Mask"},{"floor":39,"key":"Question Card"},{"floor":42,"key":"InkBottle"},{"floor":42,"key":"Self Forming Clay"},{"floor":43,"key":"Bottled Tornado"},{"floor":44,"key":"Eternal Feather"},{"floor":44,"key":"White Beast Statue"},{"floor":46,"key":"Toxic Egg 2"},{"floor":46,"key":"Ornamental Fan"},{"floor":48,"key":"Ancient Tea Set"},{"floor":48,"key":"TungstenRod"},{"floor":55,"key":"Art of War"},{"floor":55,"key":"Calipers"}],"event_choices":[{"damage_healed":0,"gold_gain":0,"player_choice":"Take Damage","damage_taken":26,"relics_obtained":["Golden Idol"],"max_hp_gain":0,"max_hp_loss":0,"event_name":"Golden Idol","floor":4,"gold_loss":0},{"damage_healed":0,"gold_gain":0,"player_choice":"Obtained Relic","damage_taken":0,"relics_obtained":["Matryoshka"],"max_hp_gain":0,"max_hp_loss":0,"event_name":"Addict","floor":20,"gold_loss":85},{"damage_healed":0,"gold_gain":0,"player_choice":"Inject Mutagens","damage_taken":0,"relics_obtained":["MutagenicStrength"],"max_hp_gain":0,"max_hp_loss":0,"event_name":"Drug Dealer","floor":22,"gold_loss":0},{"cards_removed":["Sweeping Beam"],"damage_healed":0,"gold_gain":0,"player_choice":"Removed Attack","damage_taken":0,"max_hp_gain":0,"max_hp_loss":0,"event_name":"Falling","floor":36,"gold_loss":0},{"damage_healed":0,"gold_gain":333,"player_choice":"Gave Idol","damage_taken":0,"max_hp_gain":0,"max_hp_loss":0,"event_name":"The Moai Head","floor":38,"relics_lost":["Golden Idol"],"gold_loss":0},{"cards_removed":["Sweeping Beam"],"damage_healed":0,"gold_gain":0,"player_choice":"Purged","damage_taken":0,"max_hp_gain":0,"max_hp_loss":0,"event_name":"Purifier","floor":41,"gold_loss":0}],"is_beta":false,"boss_relics":[{"not_picked":["Velvet Choker","Mark of Pain"],"picked":"Runic Dome"},{"not_picked":["Runic Cube","Philosopher\u0027s Stone"],"picked":"Black Star"}],"items_purged_floors":[2,11,54],"is_endless":false,"potions_floor_spawned":[5,10,16,18,19,33,37,42,45,46,47,48,55],"ascension_level":20}}