{"host":"0cm5wy4nhuju7tij","time":1614344994,"event":{"mods":["2.2 Compatiblity","AchievementEnabler","BaseMod","Better Third Choice","BetterRewards","Colored Powertips","Curses Come First","Custom Start","Displayed Cursed Tome","Downfall","Energized Spire","Evolution","Filter the Spire","Fireblade Mod","Highlight Path","Jess\u0027s Bottle","KinomotoSakuraMod(????)","Minty Spire (QoL Compilation)","Permanent Neow","Poor People Problems","Relic Filter Mod","Relic Stats","Shop Mod","Spicy Shops","StSLib","The Cursed","The Servant 0.9.4","TheSwordswoman","TheVacant","Weighted Paths"],"gold_per_floor":[111,111,111,111,131,131,165,165,165,188,228,241,266,31,31,159,159,178,203,224,40,40,80,80,80],"floor_reached":24,"language":"ENG","playtime":1280,"items_purged":["FireBladeMod:DefendFireBlade"],"score":276,"play_id":"e1fda511-b916-4017-8111-72da60b390e5","local_time":"20210226080954","is_ascension_mode":false,"campfire_choices":[{"data":"FireBladeMod:RapidHits","floor":6,"key":"SMITH"},{"data":"FireBladeMod:Unbalance","floor":8,"key":"SMITH"},{"data":"FireBladeMod:ScorchingCleave","floor":15,"key":"SMITH"}],"circlet_count":0,"master_deck":["FireBladeMod:ComboSlashes","FireBladeMod:ComboSlashes","FireBladeMod:ComboSlashes","FireBladeMod:ComboSlashes","FireBladeMod:ComplexDefense","FireBladeMod:DefendFireBlade","FireBladeMod:DefendFireBlade","FireBladeMod:FlamingSword","FireBladeMod:FireBarrier","FireBladeMod:RapidHits+1","FireBladeMod:Unbalance","FireBladeMod:SmokeScreen","FireBladeMod:Unbalance+1","FireBladeMod:ScorchingCleave+1","FireBladeMod:Robust","FireBladeMod:StunningBlow","FireBladeMod:EruptionSlash","FireBladeMod:SoulSword","FireBladeMod:DeathBlade","FireBladeMod:Robust","FireBladeMod:ComplexDefense+1","FireBladeMod:FerventSlash+1","FireBladeMod:ThirdDegree","sneckomod:IronFang"],"relics":["FireBladeMod:DuelistLocket","EVO:Axolotl","Golden Idol","downfall:ExtraCursedKey","Happy Flower","Matryoshka","Omamori","Philosopher\u0027s Stone","PrismaticShard","Enchiridion","Pantograph"],"acts_visited":["Exordium","TheCity"],"potions_floor_usage":[23],"damage_taken":[{"damage":0,"enemies":"Small Slimes","floor":1,"turns":4},{"damage":0,"enemies":"Jaw Worm","floor":5,"turns":3},{"damage":7,"enemies":"Gremlin Nob","floor":7,"turns":4},{"damage":0,"enemies":"2 Louse","floor":10,"turns":2},{"damage":0,"enemies":"Lagavulin","floor":11,"turns":8},{"damage":0,"enemies":"Blue Slaver","floor":12,"turns":4},{"damage":0,"enemies":"Large Slime","floor":13,"turns":6},{"damage":21,"enemies":"Slime Boss","floor":16,"turns":7},{"damage":14,"enemies":"Chosen","floor":18,"turns":5},{"damage":7,"enemies":"Shell Parasite","floor":19,"turns":3},{"damage":0,"enemies":"Snecko","floor":20,"turns":3},{"damage":31,"enemies":"Slavers","floor":23,"turns":4},{"damage":2,"enemies":"Sentry and Sphere","floor":24,"turns":3}],"seed_played":"-8550148722538868316","potions_obtained":[{"floor":7,"key":"Energy Potion"}],"is_trial":false,"path_per_floor":["M","?","?","?","M","R","E","R","T","M","E","M","M","$","R","B",null,"M","M","M","$","?","E","M"],"character_chosen":"THE_FIREBLADE","items_purchased":["Omamori","FireBladeMod:SoulSword","FireBladeMod:ThirdDegree","PrismaticShard"],"campfire_rested":0,"item_purchase_floors":[14,14,21,21],"current_hp_per_floor":[70,75,69,69,69,69,62,62,62,62,62,62,62,62,62,41,69,55,48,48,48,32,1,0,0],"gold":80,"neow_bonus":"ONE_RANDOM_RARE_CARD","is_daily":false,"chose_seed":false,"campfire_upgraded":3,"win_rate":0.0,"timestamp":1614344994,"path_taken":["M","?","?","?","M","R","E","R","T","M","E","M","M","$","R","BOSS","M","M","M","$","?","E","M"],"items_purchased_type":["Relic","Card","Card","Relic"],"build_version":"2020-12-22","purchased_purges":1,"victory":false,"max_hp_per_floor":[70,75,69,69,69,69,69,69,69,69,69,69,69,69,69,69,69,69,69,69,69,69,69,69,69],"relic_stats":{"Happy Flower":[15],"counters":[13,56],"Golden Idol":79,"Pantograph":0,"obtain_stats":[{"Matryoshka":11,"Happy Flower":7,"FireBladeMod:DuelistLocket":0,"Golden Idol":3,"Pantograph":23,"Enchiridion":22,"Philosopher\u0027s Stone":17,"downfall:ExtraCursedKey":4,"Omamori":14,"EVO:Axolotl":0,"PrismaticShard":21},{"Matryoshka":5,"Happy Flower":3,"FireBladeMod:DuelistLocket":0,"Golden Idol":1,"Pantograph":12,"Enchiridion":11,"Philosopher\u0027s Stone":8,"downfall:ExtraCursedKey":1,"Omamori":7,"EVO:Axolotl":0,"PrismaticShard":11},{"Matryoshka":21,"Happy Flower":11,"FireBladeMod:DuelistLocket":0,"Golden Idol":4,"Pantograph":53,"Enchiridion":49,"Philosopher\u0027s Stone":38,"downfall:ExtraCursedKey":4,"Omamori":31,"EVO:Axolotl":0,"PrismaticShard":49}]},"card_choices":[{"not_picked":["FireBladeMod:BasicSmash","FireBladeMod:ComplexDefense"],"picked":"FireBladeMod:Unbalance","floor":1},{"not_picked":["FireBladeMod:BackhandSwing","FireBladeMod:SmashingEndurance"],"picked":"FireBladeMod:SmokeScreen","floor":5},{"not_picked":["FireBladeMod:Shove","FireBladeMod:ThirstForBlood"],"picked":"FireBladeMod:Unbalance","floor":7},{"not_picked":["FireBladeMod:SteadyEndurance","FireBladeMod:IronEndurance"],"picked":"FireBladeMod:ScorchingCleave","floor":10},{"not_picked":["FireBladeMod:Turtle","FireBladeMod:StingingSlash"],"picked":"FireBladeMod:Robust","floor":11},{"not_picked":["FireBladeMod:StingingSlash","FireBladeMod:WellPrepared"],"picked":"FireBladeMod:StunningBlow","floor":12},{"not_picked":["FireBladeMod:FinishingBarrage","FireBladeMod:Robust"],"picked":"FireBladeMod:EruptionSlash","floor":13},{"not_picked":["FireBladeMod:BattleMage","FireBladeMod:AfterBurn"],"picked":"FireBladeMod:DeathBlade","floor":16},{"not_picked":["FireBladeMod:WellPrepared","FireBladeMod:SoulStrike"],"picked":"FireBladeMod:Robust","floor":18},{"not_picked":["FireBladeMod:SoulStrike","FireBladeMod:SmashingEndurance"],"picked":"FireBladeMod:ComplexDefense+1","floor":19},{"not_picked":["FireBladeMod:Wildfire","FireBladeMod:SoulStrike"],"picked":"FireBladeMod:FerventSlash+1","floor":20},{"not_picked":["CrushJoints","Flame Barrier"],"picked":"sneckomod:IronFang","floor":23}],"player_experience":464821,"relics_obtained":[{"floor":7,"key":"Happy Flower"},{"floor":11,"key":"Matryoshka"},{"floor":23,"key":"Pantograph"}],"event_choices":[{"damage_healed":0,"gold_gain":0,"player_choice":"Donut","damage_taken":0,"max_hp_gain":5,"max_hp_loss":0,"event_name":"Big Fish","floor":2,"gold_loss":0},{"damage_healed":0,"gold_gain":0,"player_choice":"Lose Max HP","damage_taken":0,"relics_obtained":["Golden Idol"],"max_hp_gain":0,"max_hp_loss":6,"event_name":"Golden Idol","floor":3,"gold_loss":0},{"damage_healed":0,"gold_gain":0,"player_choice":"Obtained Book","damage_taken":16,"max_hp_gain":0,"max_hp_loss":0,"event_name":"Cursed Tome","floor":22,"gold_loss":0}],"is_beta":false,"boss_relics":[{"not_picked":["Busted Crown","Coffee Dripper"],"picked":"Philosopher\u0027s Stone"}],"items_purged_floors":[21],"is_endless":false,"potions_floor_spawned":[7,10,20],"killed_by":"Sentry and Sphere","ascension_level":0}}