{"host":"5ljn7a5kkcj16tq5","time":1614366705,"event":{"mods":["BaseMod","Curses Come First","Hermit","Minty Spire (QoL Compilation)","StSLib","The Marked","The Runesmith","The Senshi","The Servant 0.9.4"],"gold_per_floor":[114,129,144,144,159,189,189,219,269,299,299,299,299,299,299,299,299],"floor_reached":16,"language":"ENG","playtime":623,"items_purged":[],"score":118,"play_id":"c87f08dc-8967-481e-bcc9-7f41ce56b9c5","local_time":"20210226141145","daily_mods":["Chimera","Time Dilation","Elite Swarm"],"is_ascension_mode":false,"campfire_choices":[{"data":"DevaForm","floor":7,"key":"SMITH"},{"floor":12,"key":"REST"},{"floor":15,"key":"REST"}],"circlet_count":0,"master_deck":["Bash","Survivor","Zap+1","Eruption","Strike_R","Strike_B","Defend_R","Defend_G+1","Defend_P","CrushJoints","Prostrate","Protect","DevaForm+1","Brilliance","DeusExMachina","Injury","Regret"],"relics":["PureWater","Juzu Bracelet","Toy Ornithopter","Smiling Mask","Strawberry","Golden Idol","WingedGreaves"],"acts_visited":["Exordium"],"potions_floor_usage":[5,5,10],"damage_taken":[{"damage":0,"enemies":"2 Louse","floor":1,"turns":3},{"damage":0,"enemies":"Small Slimes","floor":2,"turns":2},{"damage":0,"enemies":"Jaw Worm","floor":3,"turns":3},{"damage":0,"enemies":"3 Louse","floor":5,"turns":1},{"damage":28,"enemies":"Gremlin Nob","floor":6,"turns":3},{"damage":43,"enemies":"3 Sentries","floor":8,"turns":11},{"damage":3,"enemies":"Gremlin Nob","floor":10,"turns":3},{"damage":44,"enemies":"The Guardian","floor":16,"turns":6}],"seed_played":"4728103701414758894","potions_obtained":[{"floor":2,"key":"SteroidPotion"},{"floor":3,"key":"Swift Potion"},{"floor":6,"key":"BottledMiracle"}],"is_trial":false,"path_per_floor":["M","M","M","?","M","E","R","E","T","E","?","R","?","?","R","B"],"character_chosen":"WATCHER","items_purchased":[],"campfire_rested":2,"item_purchase_floors":[],"current_hp_per_floor":[72,72,72,72,72,44,44,1,1,10,10,33,33,17,40,0,0],"gold":299,"neow_bonus":"","is_daily":true,"chose_seed":false,"campfire_upgraded":1,"win_rate":0.0,"timestamp":1614366705,"path_taken":["M","M","M","?","M","E","R","E","T","E","?","R","?","?","R","BOSS"],"items_purchased_type":[],"build_version":"2020-12-22","purchased_purges":0,"victory":false,"max_hp_per_floor":[72,72,72,72,72,72,72,72,72,79,79,79,79,79,79,79,79],"card_choices":[{"not_picked":["SashWhip","Collect"],"picked":"CrushJoints","floor":1},{"not_picked":["CrushJoints","SashWhip","WaveOfTheHand"],"picked":"SKIP","floor":2},{"not_picked":["Consecrate","SashWhip"],"picked":"Prostrate","floor":3},{"not_picked":["Meditate","LikeWater"],"picked":"Protect","floor":5},{"not_picked":["Wish","Devotion"],"picked":"DevaForm","floor":6},{"not_picked":["Vault","MasterReality"],"picked":"Brilliance","floor":8},{"not_picked":["Establishment","SpiritShield"],"picked":"DeusExMachina","floor":10}],"player_experience":266934,"relics_obtained":[{"floor":6,"key":"Juzu Bracelet"},{"floor":8,"key":"Toy Ornithopter"},{"floor":9,"key":"Smiling Mask"},{"floor":10,"key":"Strawberry"}],"event_choices":[{"cards_removed":["Strike_G"],"damage_healed":0,"gold_gain":0,"player_choice":"Forget","damage_taken":0,"max_hp_gain":0,"max_hp_loss":0,"event_name":"Living Wall","floor":4,"gold_loss":0},{"damage_healed":0,"gold_gain":0,"player_choice":"Take Wound","damage_taken":0,"relics_obtained":["Golden Idol"],"max_hp_gain":0,"max_hp_loss":0,"event_name":"Golden Idol","floor":11,"gold_loss":0,"cards_obtained":["Injury"]},{"damage_healed":0,"gold_gain":0,"player_choice":"Box","damage_taken":0,"relics_obtained":["WingedGreaves"],"max_hp_gain":0,"max_hp_loss":0,"event_name":"Big Fish","floor":13,"gold_loss":0,"cards_obtained":["Regret"]},{"damage_healed":0,"gold_gain":0,"player_choice":"Entered Light","damage_taken":16,"max_hp_gain":0,"max_hp_loss":0,"event_name":"Shining Light","floor":14,"gold_loss":0,"cards_upgraded":["Defend_G","Zap"]}],"is_beta":false,"boss_relics":[],"items_purged_floors":[],"is_endless":false,"potions_floor_spawned":[2,3,6],"killed_by":"The Guardian","ascension_level":0}}