{"host":"h49usdrjeju7gyhi","time":1614315329,"event":{"mods":["Act Like it!","BaseMod","Minty Spire (QoL Compilation)","Ruina","StSLib","The Animator"],"gold_per_floor":[114,114,127,127,199,199,211,252,252,290,310,328,328,348,348,423,423,437,451,431,431,431],"floor_reached":21,"language":"ENG","playtime":1122,"items_purged":[],"score":382,"play_id":"b31664ed-dc68-4fa5-8777-ee15422feecb","local_time":"20210225235529","is_ascension_mode":true,"campfire_choices":[{"data":"animator:Mikaela","floor":6.0,"key":"SMITH"},{"floor":13.0,"key":"REST"},{"floor":15.0,"key":"REST"}],"circlet_count":0,"master_deck":["AscendersBane","animator:Strike_OwariNoSeraph","animator:Defend_OwariNoSeraph","animator:Strike+1","animator:Strike","animator:Defend","animator:Defend","animator:Defend","animator:Shinoa","animator:Mikaela+1","animator:Curse_Greed","animator:Eve","animator:Mitsurugi","animator:YachiyoNanami","animator:Entoma+2","animator:Mitsuba+1","animator:WinryRockbell","animator:Shizu","animator:Darkness","animator:Saitama","animator:Hans"],"relics":["animator:LivingPicture","animator:TheMissingPiece","animator:PurgingStone","Paper Crane","Prayer Wheel","Girya","Whetstone","Mark of Pain"],"acts_visited":["Exordium","TheCity"],"potions_floor_usage":[19],"damage_taken":[{"damage":0.0,"enemies":"2 Louse","floor":1.0,"turns":4.0},{"damage":4.0,"enemies":"Jaw Worm","floor":3.0,"turns":6.0},{"damage":0.0,"enemies":"Cultist","floor":7.0,"turns":4.0},{"damage":7.0,"enemies":"Lagavulin","floor":8.0,"turns":8.0},{"damage":31.0,"enemies":"Gremlin Nob","floor":10.0,"turns":5.0},{"damage":11.0,"enemies":"Exordium Wildlife","floor":11.0,"turns":6.0},{"damage":0.0,"enemies":"Red Slaver","floor":12.0,"turns":5.0},{"damage":7.0,"enemies":"Lots of Slimes","floor":14.0,"turns":5.0},{"damage":28.0,"enemies":"Slime Boss","floor":16.0,"turns":9.0},{"damage":37,"enemies":"Chosen","floor":18,"turns":6},{"damage":14,"enemies":"Spheric Guardian","floor":19,"turns":7},{"damage":38,"enemies":"Snake Plant","floor":21,"turns":2}],"seed_played":"-4826767125643409997","potions_obtained":[{"floor":1.0,"key":"SpeedPotion"},{"floor":3.0,"key":"BlessingOfTheForge"},{"floor":10.0,"key":"CultistPotion"},{"floor":19,"key":"Explosive Potion"},{"floor":20,"key":"FairyPotion"}],"is_trial":false,"path_per_floor":["M","?","M","?","T","R","M","E","T","E","M","M","R","M","R","B",null,"M","M","?","M"],"character_chosen":"THE_ANIMATOR","items_purchased":[],"campfire_rested":2,"item_purchase_floors":[],"current_hp_per_floor":[54,54,50,55,55,55,55,48,48,17,8,8,28,23,43,15,56,19,5,5,0,0],"gold":431,"neow_bonus":"THREE_RARE_CARDS","is_daily":false,"chose_seed":false,"campfire_upgraded":1,"win_rate":0.0,"timestamp":1614315329,"path_taken":["M","?","M","?","?","R","M","E","T","E","M","?","R","M","R","BOSS","M","M","?","M"],"items_purchased_type":[],"build_version":"2020-12-22","purchased_purges":0,"victory":false,"max_hp_per_floor":[60,60,60,65,65,65,65,65,65,65,67,67,67,69,69,69,69,69,69,69,69,69],"card_choices":[{"not_picked":["animator:Shiro","animator:Gilgamesh"],"picked":"animator:Eve","floor":0.0},{"not_picked":["animator:Berserker","animator:AcuraTooru"],"picked":"animator:Mitsurugi","floor":1.0},{"not_picked":["animator:DolaCouronne","animator:SilverFang"],"picked":"animator:Entoma","floor":3.0},{"not_picked":["animator:Genos","animator:SuzuneAmano","animator:Spearman"],"picked":"SKIP","floor":7.0},{"not_picked":["animator:Mikaela","animator:Shinoa"],"picked":"animator:Mitsuba","floor":8.0},{"not_picked":["animator:Shiro","animator:Arpeggio"],"picked":"animator:WinryRockbell","floor":10.0},{"not_picked":["animator:MumenRider","animator:Benimaru"],"picked":"animator:Shizu","floor":11.0},{"not_picked":["animator:OrikoMikuni","animator:Demiurge","animator:Lancer"],"picked":"SKIP","floor":11.0},{"not_picked":["animator:Rider","animator:Cocytus","animator:ChlammyZell"],"picked":"SKIP","floor":12.0},{"not_picked":["animator:CowGirl","animator:MaesHughes","animator:Mitsurugi"],"picked":"SKIP","floor":12.0},{"not_picked":["animator:Vanir","animator:Mitsurugi"],"picked":"animator:Darkness","floor":14.0},{"not_picked":["animator:ChaikaBohdan","animator:Gluttony"],"picked":"animator:Saitama","floor":14.0},{"not_picked":["animator:Father","animator:PinaCoLada"],"picked":"animator:Hans","floor":16.0},{"not_picked":["animator:SayakaMiki","animator:Genos","animator:Mitsuba"],"picked":"SKIP","floor":18},{"not_picked":["animator:LizardPriest","animator:FielNirvalen","animator:DolaSchwi"],"picked":"SKIP","floor":18},{"not_picked":["animator:Tet","animator:Add","animator:GazelDwargon"],"picked":"SKIP","floor":19},{"not_picked":["animator:IzunaHatsuse","animator:RinTohsaka+1","animator:Azekura"],"picked":"SKIP","floor":19}],"player_experience":1617979,"relics_obtained":[{"floor":5.0,"key":"Paper Crane"},{"floor":8.0,"key":"Prayer Wheel"},{"floor":9.0,"key":"Girya"},{"floor":10.0,"key":"Whetstone"}],"event_choices":[{"damage_healed":0.0,"max_hp_gain":0.0,"max_hp_loss":0.0,"gold_gain":0.0,"cards_transformed":["animator:Strike"],"event_name":"Living Wall","player_choice":"Change","floor":2.0,"gold_loss":0.0,"damage_taken":0.0,"cards_obtained":["animator:YachiyoNanami"]},{"damage_healed":0.0,"max_hp_gain":5.0,"max_hp_loss":0.0,"gold_gain":0.0,"event_name":"Big Fish","player_choice":"Donut","floor":4.0,"gold_loss":0.0,"damage_taken":0.0},{"damage_healed":0,"gold_gain":0,"player_choice":"Bought 1 Potion","damage_taken":0,"max_hp_gain":0,"max_hp_loss":0,"event_name":"The Woman in Blue","floor":20,"gold_loss":0}],"is_beta":false,"boss_relics":[{"not_picked":["Runic Dome","Pandora\u0027s Box"],"picked":"Mark of Pain"}],"items_purged_floors":[],"is_endless":false,"potions_floor_spawned":[1,3,10,11,12,19],"killed_by":"Snake Plant","ascension_level":20}}