{"host":"76n1didplu2laqh4","time":1614339800,"event":{"mods":["BaseMod","Downfall","Good Game Mod","Marisa£®ÏF”Í°°ƒß¿Ì…≥£©","Minty Spire (QoL Compilation)","Prisma Mod","Quick Restart","READ ME - Guardian Mod","Replay The Spire","Shop Mod","StSLib","The Hierophant","The Senshi","The Servant 0.9.4","UnlockEverythingMod","Youmu£®ªÍ∆«—˝√Œ£©","Yuri Mod"],"gold_per_floor":[118,219,219,219,237,264,284,134,157,157,176,217,240,114,114,224,224,243,288,115,143,143,143,143],"floor_reached":23,"language":"ZHS","playtime":1244,"items_purged":["Strike_S"],"score":249,"play_id":"3488a03d-d519-424f-88d2-47153433caa0","local_time":"20210226194320","is_ascension_mode":false,"campfire_choices":[{"floor":10,"key":"RECALL"},{"floor":15,"key":"REST"}],"circlet_count":0,"master_deck":["Defend_S","Defend_S","Defend_S","KidneyShot","Exchange","Adrenaline","ShatteredReality","Ricochet","TheWorld+1","KidneyShot","Barrier","ReturningBlade","BestPractice","SashWhip","hexamod:HauntingEcho","DeepEcoloBomb","SilverBlades+1","MillisecondPulsars","yuri:ThrowBook","Bite","Bite","Bite","Bite","Bite","TimeWarp","TimeWarp","PrismaMod:MiyuUberAttack+1"],"relics":["Uniform","REME:ComplimentaryCards","NeowsBlessing","ReplayTheSpireMod:Lightbulb","Replay:Rubber Ducky","PrismaticShard","CeramicFish","Painkiller Herb","Blood Vial"],"acts_visited":["Exordium","TheCity"],"potions_floor_usage":[23,23],"damage_taken":[{"damage":0,"enemies":"Small Slimes","floor":1,"turns":1},{"damage":0,"enemies":"Jaw Worm","floor":5,"turns":1},{"damage":0,"enemies":"3 Sentries","floor":6,"turns":1},{"damage":0,"enemies":"Cultist","floor":7,"turns":3},{"damage":0,"enemies":"Lots of Slimes","floor":11,"turns":2},{"damage":14,"enemies":"Gremlin Nob","floor":12,"turns":4},{"damage":10,"enemies":"Red Slaver","floor":13,"turns":3},{"damage":46,"enemies":"Fading Forest","floor":16,"turns":11},{"damage":2,"enemies":"Shell Parasite","floor":18,"turns":4},{"damage":18,"enemies":"Spheric Guardian","floor":21,"turns":4},{"damage":52,"enemies":"Book of Stabbing","floor":23,"turns":4}],"seed_played":"-4733944132960028809","potions_obtained":[{"floor":11,"key":"champ:CounterPotion"},{"floor":13,"key":"Slimebound:ThreeZeroPotion"},{"floor":16,"key":"Fire Potion"},{"floor":21,"key":"Dexterity Potion"}],"is_trial":false,"path_per_floor":["M","?","?","?","M","E","M","$","T","R","M","E","M","$","R","B",null,"?","?","T","?","?","E"],"character_chosen":"THE_SERVANT","items_purchased":["PrismaticShard","SilverBlades+1","Blood Vial","TimeWarp"],"campfire_rested":1,"item_purchase_floors":[8,14,20,20],"current_hp_per_floor":[65,65,65,65,65,65,65,65,65,65,65,51,41,41,60,24,65,63,45,45,30,30,0,0],"gold":143,"neow_bonus":"THREE_ENEMY_KILL","is_daily":false,"chose_seed":false,"campfire_upgraded":0,"win_rate":0.0,"timestamp":1614339800,"path_taken":["M","?","?","?","?","E","M","$","T","R","?","E","M","$","R","BOSS","?","?","T","?","?","E"],"items_purchased_type":["Relic","Card","Relic","Card"],"build_version":"2020-12-22","purchased_purges":1,"victory":false,"max_hp_per_floor":[65,65,65,65,65,65,65,65,65,65,65,65,65,65,65,65,65,65,45,45,45,45,45,45],"card_choices":[{"not_picked":["Alleviate","Defy"],"picked":"ShatteredReality","floor":1},{"not_picked":["Revamp","Unruled"],"picked":"Ricochet","floor":2},{"not_picked":["TimeWarp","ShiftingGears"],"picked":"TheWorld","floor":2},{"not_picked":["Rewind","Unruled"],"picked":"ReturningBlade","floor":5},{"not_picked":["Defy","DualDimension"],"picked":"BestPractice","floor":6},{"not_picked":["Alleviate","ShatteredReality","Revamp"],"picked":"SKIP","floor":7},{"not_picked":["Guardian:PrimingBeam","Dilation"],"picked":"SashWhip","floor":11},{"not_picked":["bronze:Boost","PrismaMod:IllyaSaphire"],"picked":"hexamod:HauntingEcho","floor":12},{"not_picked":["Slimebound:LeechEnergy","EchoesOfTheInclemencyOfAllBeings"],"picked":"DeepEcoloBomb","floor":13},{"not_picked":["Blasphemy","sneckomod:Mudshield"],"picked":"MillisecondPulsars","floor":16},{"not_picked":["hierophant:SealAway","theSenshi:SailorMarsAssists"],"picked":"yuri:ThrowBook","floor":18},{"not_picked":["hexamod:NightmareStrike","sneckomod:UnknownClassTHE_CHAMP_GRAY"],"picked":"PrismaMod:MiyuUberAttack+1","floor":21}],"player_experience":260221,"relics_obtained":[{"floor":2,"key":"ReplayTheSpireMod:Lightbulb"},{"floor":6,"key":"Replay:Rubber Ducky"},{"floor":12,"key":"CeramicFish"}],"event_choices":[{"damage_healed":0,"gold_gain":0,"player_choice":"Grow","damage_taken":0,"max_hp_gain":0,"max_hp_loss":0,"event_name":"Living Wall","floor":3,"gold_loss":0,"cards_upgraded":["TheWorld"]},{"damage_healed":0,"gold_gain":0,"player_choice":"2 cards matched","damage_taken":0,"max_hp_gain":0,"max_hp_loss":0,"event_name":"Match and Keep!","floor":4,"gold_loss":0,"cards_obtained":["KidneyShot","Barrier"]},{"damage_healed":0,"gold_gain":0,"player_choice":"Became a vampire","damage_taken":0,"max_hp_gain":0,"max_hp_loss":20,"event_name":"Vampires","floor":19,"gold_loss":0,"cards_obtained":["Bite","Bite","Bite","Bite","Bite"]},{"cards_removed":["Defend_S"],"damage_healed":0,"gold_gain":0,"player_choice":"Elegance","damage_taken":0,"max_hp_gain":0,"max_hp_loss":0,"event_name":"Back to Basics","floor":22,"gold_loss":0}],"is_beta":false,"boss_relics":[{"not_picked":["Snecko Eye","Runic Pyramid"],"picked":"Painkiller Herb"}],"items_purged_floors":[14],"is_endless":false,"potions_floor_spawned":[11,13,16,21],"killed_by":"Book of Stabbing","ascension_level":0}}