{"host":"12g8pzxdn4uh7yby","time":1614377146,"event":{"mods":["AchievementEnabler","BaseMod","Colored Map","Filter the Spire","Highlight Path","Minty Spire (QoL Compilation)","Relic Stats","StSLib"],"gold_per_floor":[111,129,139,16,27,57,57,7,7,68,68,88,88,88],"floor_reached":13,"playtime":729,"items_purged":["Strike_B"],"score":94,"play_id":"86df0d14-3ba3-4da0-adc5-1fb79c1625d5","local_time":"20210226150546","is_ascension_mode":true,"campfire_choices":[{"data":"Hologram","floor":7,"key":"SMITH"},{"data":"Defragment","floor":11,"key":"SMITH"}],"circlet_count":0,"master_deck":["Strike_B","Strike_B","Strike_B","Defend_B+1","Defend_B+1","Defend_B","Defend_B","Zap","Dualcast","Hologram+1","FTL","Streamline","Sweeping Beam","Defragment+1","Conserve Battery","Darkness"],"relics":["Velvet Choker","War Paint","Tiny Chest","Pear"],"acts_visited":["Exordium"],"potions_floor_usage":[13],"damage_taken":[{"damage":5,"enemies":"Cultist","floor":1,"turns":4},{"damage":4,"enemies":"Jaw Worm","floor":2,"turns":3},{"damage":0,"enemies":"2 Louse","floor":3,"turns":2},{"damage":14,"enemies":"Gremlin Gang","floor":5,"turns":3},{"damage":21,"enemies":"Gremlin Nob","floor":6,"turns":4},{"damage":18,"enemies":"Gremlin Nob","floor":10,"turns":4},{"damage":10,"enemies":"Lots of Slimes","floor":12,"turns":3},{"damage":17,"enemies":"3 Sentries","floor":13,"turns":4}],"seed_played":"7654409672895101814","potions_obtained":[{"floor":5,"key":"LiquidBronze"},{"floor":10,"key":"PotionOfCapacity"}],"is_trial":false,"path_per_floor":["M","M","M","$","M","E","R","$","T","?","R","M","E"],"character_chosen":"DEFECT","items_purchased":["Sweeping Beam","PowerPotion"],"campfire_rested":0,"item_purchase_floors":[4,8],"current_hp_per_floor":[70,66,66,66,52,31,31,31,31,23,23,13,0,0],"gold":88,"neow_bonus":"BOSS_RELIC","is_daily":false,"chose_seed":false,"campfire_upgraded":2,"win_rate":0.0,"timestamp":1614377146,"path_taken":["M","M","M","$","M","E","R","$","T","?","R","M","E"],"items_purchased_type":["Card","Potion"],"build_version":"2020-12-13","purchased_purges":1,"victory":false,"max_hp_per_floor":[75,75,75,75,75,75,75,75,75,85,85,85,85,85],"relic_stats":{"counters":[8,27],"Tiny Chest":0,"War Paint":["Defend_B","Defend_B"],"obtain_stats":[{"Pear":10,"Velvet Choker":0,"Tiny Chest":9,"War Paint":6,"Cracked Core":0},{"Pear":5,"Velvet Choker":0,"Tiny Chest":5,"War Paint":5,"Cracked Core":0},{"Pear":16,"Velvet Choker":0,"Tiny Chest":16,"War Paint":16,"Cracked Core":0}]},"card_choices":[{"not_picked":["Steam","Heatsinks"],"picked":"Hologram","floor":1},{"not_picked":["Steam","Melter"],"picked":"FTL","floor":2},{"not_picked":["Genetic Algorithm","Steam Power"],"picked":"Streamline","floor":3},{"not_picked":["Rebound","Sweeping Beam"],"picked":"Defragment","floor":5},{"not_picked":["Sweeping Beam","Streamline","Barrage"],"picked":"SKIP","floor":6},{"not_picked":["FTL","Tempest"],"picked":"Conserve Battery","floor":10},{"not_picked":["Turbo","Go for the Eyes"],"picked":"Darkness","floor":12}],"player_experience":123850,"relics_obtained":[{"floor":6,"key":"War Paint"},{"floor":9,"key":"Tiny Chest"}],"event_choices":[{"damage_healed":0,"gold_gain":0,"player_choice":"Searched \u00272\u0027 times","damage_taken":0,"relics_obtained":["Pear"],"max_hp_gain":0,"max_hp_loss":0,"event_name":"Dead Adventurer","floor":10,"gold_loss":0}],"is_beta":false,"boss_relics":[],"items_purged_floors":[4],"is_endless":false,"potions_floor_spawned":[5,10],"killed_by":"3 Sentries","ascension_level":2}}