{"host":"z2o61o1qvcmvhuul","time":1614330080,"event":{"mods":["Act Like it!","BaseMod","Downfall","Gensokyo","Minty Spire (QoL Compilation)","Quick Restart","StSLib","SuperFastMode"],"gold_per_floor":[410,335,351,369,229,229,245,259,282,302,322,334,434,459,459,563,563,580,593,174,194,154,154,154,154,154,94,94,20,40,0,0,395,395,406,406,406,426,446,446,462,462,541,541,19,35,35,62,62,62],"floor_reached":51,"language":"ZHS","playtime":1828,"items_purged":["Strike_P","Strike_P","Eruption"],"score":821,"play_id":"8702a1c4-22a6-49bc-af90-3fa623e6159a","local_time":"20210226170120","is_ascension_mode":true,"campfire_choices":[{"data":"Vigilance","floor":6.0,"key":"SMITH"},{"data":"Wireheading","floor":15.0,"key":"SMITH"},{"data":"Defend_P","floor":23.0,"key":"SMITH"},{"floor":25.0,"key":"REST"},{"floor":28.0,"key":"RECALL"},{"data":"Defend_P","floor":32.0,"key":"SMITH"},{"data":"Consecrate","floor":40.0,"key":"SMITH"},{"floor":49,"key":"REST"}],"circlet_count":0,"master_deck":["Strike_P","Strike_P","Defend_P","Defend_P+1","Defend_P+1","Defend_P+1","Vigilance+1","CurseOfTheBell","PathToVictory+1","Protect+1","ThirdEye+1","Vault+1","EmptyBody+1","Wireheading+1","PathToVictory+1","Evaluate+1","LikeWater+1","ClearTheMind+1","downfall:Malfunctioning","Perseverance+1","DevaForm","Scrawl+1","Consecrate+1","Normality","Deep Breath+1","Nirvana","Gensokyo:PrivateSquare+1","Pride"],"relics":["Calling Bell","Regal Pillow","Toxic Egg 2","Old Coin","Calipers","Nunchaku","Juzu Bracelet","Cursed Key","Sundial","Gensokyo:SongOfSouls","Blue Candle","VioletLotus","Kunai","MealTicket","Letter Opener","Centennial Puzzle"],"acts_visited":["Exordium","Gensokyo:Gensokyo","Gensokyo:Gensokyoer"],"potions_floor_usage":[50,50,50],"damage_taken":[{"damage":0.0,"enemies":"Gensokyo:3_Fairies","floor":1.0,"turns":3.0},{"damage":1.0,"enemies":"Gensokyo:2_Kodama","floor":3.0,"turns":3.0},{"damage":0.0,"enemies":"Gensokyo:Gryphon","floor":4.0,"turns":5.0},{"damage":0.0,"enemies":"Gensokyo:LivingMonolith","floor":7.0,"turns":3.0},{"damage":24.0,"enemies":"Gensokyo:5_Fairies","floor":8.0,"turns":5.0},{"damage":4.0,"enemies":"Gensokyo:CorruptedTreant","floor":10.0,"turns":8.0},{"damage":0.0,"enemies":"Gensokyo:LivingMonolith","floor":11.0,"turns":4.0},{"damage":3.0,"enemies":"Gensokyo:Gryphon_and_Rabbit","floor":12.0,"turns":8.0},{"damage":15.0,"enemies":"Gensokyo:Aya","floor":14.0,"turns":5.0},{"damage":13.0,"enemies":"Gensokyo:Yukari","floor":16.0,"turns":7.0},{"damage":4.0,"enemies":"Gensokyo:Chomper","floor":18.0,"turns":4.0},{"damage":14.0,"enemies":"Gensokyo:3_Dogs","floor":19.0,"turns":7.0},{"damage":0.0,"enemies":"Gensokyo:Swordslinger","floor":21.0,"turns":4.0},{"damage":6.0,"enemies":"Gensokyo:Slime_Group","floor":30.0,"turns":9.0},{"damage":13.0,"enemies":"Gensokyo:Kaguya","floor":33.0,"turns":14.0},{"damage":2.0,"enemies":"Gensokyo:3_Boulders","floor":35.0,"turns":7.0},{"damage":5.0,"enemies":"Gensokyo:3_Bats","floor":38.0,"turns":5.0},{"damage":15.0,"enemies":"Gensokyo:Rafflesia","floor":39.0,"turns":8.0},{"damage":8.0,"enemies":"Gensokyo:4_Bats","floor":41.0,"turns":5.0},{"damage":7.0,"enemies":"Gensokyo:Dusk_and_Dawn","floor":46.0,"turns":7.0},{"damage":5,"enemies":"Gensokyo:Doremy","floor":48,"turns":7},{"damage":24,"enemies":"Gensokyo:Yuyuko","floor":50,"turns":6}],"seed_played":"-5458454233600292818","potions_obtained":[{"floor":4.0,"key":"Fruit Juice"},{"floor":8.0,"key":"BottledMiracle"},{"floor":10.0,"key":"FearPotion"},{"floor":14.0,"key":"Ambrosia"},{"floor":21.0,"key":"PowerPotion"},{"floor":30.0,"key":"PowerPotion"},{"floor":39.0,"key":"ColorlessPotion"},{"floor":42.0,"key":"Fruit Juice"},{"floor":42.0,"key":"SkillPotion"}],"is_trial":false,"path_per_floor":["M","$","M","M","?","R","M","M","T","M","M","M","?","E","R","B",null,"M","M","$","M","?","R","?","R","T","COS","R","$","M","?","R","B",null,"M","?","?","M","M","R","M","?","T","?","$","M","?","E","R","B",null],"character_chosen":"WATCHER","items_purchased":["Sundial","LikeWater","Perseverance+1","Deep Breath+1","Letter Opener","Nirvana"],"campfire_rested":2,"item_purchase_floors":[20,20,29,45,45,45],"current_hp_per_floor":[72,72,71,71,71,71,71,52,52,48,48,45,45,30,30,17,77,73,59,59,59,59,59,59,77,77,77,77,77,71,71,71,58,77,75,64,64,59,44,44,36,41,41,41,56,49,49,44,82,82],"gold":62,"neow_bonus":"BOSS_RELIC","is_daily":false,"chose_seed":false,"campfire_upgraded":5,"win_rate":0.0,"timestamp":1614330080,"path_taken":["M","$","M","M","?","R","?","M","T","M","M","M","?","E","R","BOSS","M","M","$","M","?","R","?","R","T","COS","R","$","M","?","R","BOSS","M","?","?","M","M","R","M","?","T","?","$","M","?","E","R","BOSS"],"items_purchased_type":["Relic","Card","Card","Card","Relic","Card"],"build_version":"2020-12-22","purchased_purges":3,"victory":true,"max_hp_per_floor":[72,72,72,72,72,72,72,77,77,77,77,77,77,77,77,77,77,77,77,77,77,77,77,77,77,77,77,77,77,77,77,77,77,77,77,77,77,77,77,77,77,82,82,82,82,82,82,82,82,82],"card_choices":[{"not_picked":["DeceiveReality+1","Worship+1"],"picked":"PathToVictory+1","floor":1.0},{"not_picked":["Worship+1","Consecrate"],"picked":"Protect+1","floor":3.0},{"not_picked":["Protect+1","Consecrate"],"picked":"ThirdEye+1","floor":4.0},{"not_picked":["CarveReality","EmptyFist","FlurryOfBlows"],"picked":"SKIP","floor":7.0},{"not_picked":["Evaluate+1","Nirvana"],"picked":"Vault+1","floor":8.0},{"not_picked":["FlyingSleeves","CrushJoints"],"picked":"EmptyBody+1","floor":10.0},{"not_picked":["Worship+1","CutThroughFate"],"picked":"Wireheading","floor":11.0},{"not_picked":["ThirdEye+1","FlyingSleeves"],"picked":"PathToVictory+1","floor":12.0},{"not_picked":["EmptyBody+1","Collect+1","JustLucky"],"picked":"SKIP","floor":14.0},{"not_picked":["Scrawl+1","Ragnarok"],"picked":"Judgement+1","floor":16.0},{"not_picked":["FlurryOfBlows+1","BowlingBash","SashWhip"],"picked":"SKIP","floor":18.0},{"not_picked":["EmptyFist","Swivel+1"],"picked":"Evaluate+1","floor":19.0},{"not_picked":["Wallop+1","CarveReality+1"],"picked":"ClearTheMind+1","floor":21.0},{"not_picked":["FlurryOfBlows","CarveReality","ForeignInfluence+1"],"picked":"SKIP","floor":30.0},{"not_picked":["Ragnarok","Blasphemy"],"picked":"DevaForm","floor":33.0},{"not_picked":["Establishment","LessonLearned"],"picked":"Scrawl+1","floor":33.0},{"not_picked":["JustLucky","BowlingBash+1","SashWhip"],"picked":"SKIP","floor":35.0},{"not_picked":["Wireheading","EmptyBody+1","CrushJoints+1"],"picked":"SKIP","floor":38.0},{"not_picked":["FollowUp+1","Pray+1"],"picked":"Consecrate","floor":39.0},{"not_picked":["EmptyBody+1","Weave","Prostrate+1"],"picked":"SKIP","floor":41.0},{"not_picked":["FollowUp+1","Conclude","Swivel+1"],"picked":"SKIP","floor":46.0},{"not_picked":["Halt+1","WheelKick+1","EmptyFist"],"picked":"SKIP","floor":48}],"player_experience":110324,"relics_obtained":[{"floor":0.0,"key":"Regal Pillow"},{"floor":0.0,"key":"Toxic Egg 2"},{"floor":0.0,"key":"Old Coin"},{"floor":9.0,"key":"Nunchaku"},{"floor":14.0,"key":"Juzu Bracelet"},{"floor":26.0,"key":"Blue Candle"},{"floor":43.0,"key":"Kunai"},{"floor":48,"key":"Centennial Puzzle"}],"event_choices":[],"is_beta":false,"boss_relics":[{"not_picked":["Ectoplasm","Velvet Choker"],"picked":"Cursed Key"},{"not_picked":["Snecko Eye","Empty Cage"],"picked":"VioletLotus"}],"items_purged_floors":[2,20,45],"is_endless":false,"potions_floor_spawned":[4,8,10,14,21,30,39,46],"ascension_level":3}}