{"host":"bf5upntvbdompq33","time":1614377499,"event":{"mods":["BaseMod","Bestiary","Colored Map","Colored Powertips","Curses Come First","Highlight Path","Minty Spire (QoL Compilation)","StSLib","ojb\u0027s Info Mod"],"gold_per_floor":[119,138,156,175,175,208,226,257,283,283,296,40,55,68,68,165,165,179,179,7,26,39,64,64,64],"floor_reached":24,"language":"ENG","playtime":3251,"items_purged":["Strike_G"],"score":371,"play_id":"70e488c3-9681-4b1a-ac51-6fb0cbc80911","local_time":"20210226151139","is_ascension_mode":true,"campfire_choices":[{"floor":10,"key":"REST"},{"floor":15,"key":"REST"}],"circlet_count":0,"master_deck":["AscendersBane","Strike_G","Strike_G","Strike_G","Defend_G","Defend_G","Defend_G","Defend_G","Defend_G","Survivor","Neutralize","After Image","All Out Attack","Finisher","Dagger Throw","Slice","Malaise","Tactician","Sucker Punch","Bullet Time","Well Laid Plans","Backstab","Well Laid Plans","Blade Dance","Phantasmal Killer","Blade Dance","Heel Hook","Blade Dance","Backflip","Setup","Acrobatics"],"relics":["Ring of the Snake","White Beast Statue","PreservedInsect","Happy Flower","Akabeko","Black Star","MutagenicStrength","Snake Skull","Ancient Tea Set"],"acts_visited":["Exordium","TheCity"],"potions_floor_usage":[6,8,13,16,22,23,24],"damage_taken":[{"damage":2,"enemies":"Cultist","floor":1,"turns":5},{"damage":2,"enemies":"2 Louse","floor":2,"turns":2},{"damage":9,"enemies":"Jaw Worm","floor":3,"turns":2},{"damage":3,"enemies":"Gremlin Gang","floor":4,"turns":4},{"damage":15,"enemies":"Gremlin Nob","floor":6,"turns":4},{"damage":9,"enemies":"Red Slaver","floor":7,"turns":4},{"damage":16,"enemies":"Lagavulin","floor":8,"turns":13},{"damage":0,"enemies":"Blue Slaver","floor":11,"turns":4},{"damage":3,"enemies":"Looter","floor":13,"turns":3},{"damage":11,"enemies":"Large Slime","floor":14,"turns":7},{"damage":27,"enemies":"The Guardian","floor":16,"turns":12},{"damage":10,"enemies":"Chosen","floor":18,"turns":7},{"damage":10,"enemies":"3 Byrds","floor":21,"turns":5},{"damage":4,"enemies":"Snake Plant","floor":22,"turns":4},{"damage":34,"enemies":"Book of Stabbing","floor":23,"turns":5},{"damage":4,"enemies":"Centurion and Healer","floor":24,"turns":2}],"seed_played":"-4326522982223353170","potions_obtained":[{"floor":1,"key":"Swift Potion"},{"floor":4,"key":"Fire Potion"},{"floor":6,"key":"Energy Potion"},{"floor":8,"key":"BlessingOfTheForge"},{"floor":13,"key":"Fruit Juice"},{"floor":14,"key":"Ancient Potion"},{"floor":16,"key":"Block Potion"},{"floor":22,"key":"DistilledChaos"},{"floor":23,"key":"Explosive Potion"}],"is_trial":false,"path_per_floor":["M","M","M","M","?","E","M","E","T","R","M","$","M","M","R","B",null,"M","?","$","M","M","E","M"],"character_chosen":"THE_SILENT","items_purchased":["Akabeko","Well Laid Plans","Backstab","Heel Hook","Blade Dance"],"campfire_rested":2,"item_purchase_floors":[12,12,12,20,20],"current_hp_per_floor":[61,59,50,47,47,32,23,7,7,28,28,28,30,19,41,14,60,50,50,50,40,36,2,0,0],"gold":64,"neow_bonus":"ONE_RANDOM_RARE_CARD","is_daily":false,"chose_seed":false,"campfire_upgraded":0,"win_rate":0.0,"timestamp":1614377499,"path_taken":["M","M","?","M","?","E","M","E","T","R","M","$","M","M","R","BOSS","M","?","$","M","M","E","M"],"items_purchased_type":["Relic","Card","Card","Card","Card"],"build_version":"2020-12-22","purchased_purges":1,"victory":false,"max_hp_per_floor":[70,70,70,70,70,70,70,70,70,70,70,70,75,75,75,75,75,75,75,75,75,75,75,75,75],"card_choices":[{"not_picked":["Sucker Punch","Blade Dance"],"picked":"All Out Attack","floor":1},{"not_picked":["Outmaneuver","Sucker Punch"],"picked":"Finisher","floor":2},{"not_picked":["Riddle With Holes","Underhanded Strike"],"picked":"Dagger Throw","floor":3},{"not_picked":["Skewer","Setup"],"picked":"Slice","floor":4},{"not_picked":["Poisoned Stab","Bane"],"picked":"Tactician","floor":6},{"not_picked":["Dagger Throw","Riddle With Holes"],"picked":"Sucker Punch","floor":7},{"not_picked":["Noxious Fumes","Slice"],"picked":"Bullet Time","floor":8},{"not_picked":["PiercingWail","Deadly Poison","Underhanded Strike"],"picked":"SKIP","floor":11},{"not_picked":["Poisoned Stab","Backstab"],"picked":"Well Laid Plans","floor":13},{"not_picked":["Prepared","Deflect"],"picked":"Blade Dance","floor":14},{"not_picked":["After Image","Envenom"],"picked":"Phantasmal Killer","floor":16},{"not_picked":["Bane","Finisher"],"picked":"Blade Dance","floor":18},{"not_picked":["Deadly Poison+1","Deflect"],"picked":"Backflip","floor":21},{"not_picked":["Flying Knee","Prepared"],"picked":"Setup","floor":22},{"not_picked":["Night Terror","Flechettes"],"picked":"Acrobatics","floor":23}],"player_experience":1764779,"relics_obtained":[{"floor":6,"key":"White Beast Statue"},{"floor":8,"key":"PreservedInsect"},{"floor":9,"key":"Happy Flower"},{"floor":23,"key":"Snake Skull"},{"floor":23,"key":"Ancient Tea Set"}],"event_choices":[{"damage_healed":0,"gold_gain":0,"cards_transformed":["Strike_G"],"player_choice":"Change","damage_taken":0,"max_hp_gain":0,"max_hp_loss":0,"event_name":"Living Wall","floor":5,"gold_loss":0,"cards_obtained":["Malaise"]},{"damage_healed":0,"gold_gain":0,"player_choice":"Inject Mutagens","damage_taken":0,"relics_obtained":["MutagenicStrength"],"max_hp_gain":0,"max_hp_loss":0,"event_name":"Drug Dealer","floor":19,"gold_loss":0}],"is_beta":false,"boss_relics":[{"not_picked":["Tiny House","HoveringKite"],"picked":"Black Star"}],"items_purged_floors":[20],"is_endless":false,"potions_floor_spawned":[1,4,6,7,8,11,13,14,16,18,21,22,23],"killed_by":"Centurion and Healer","ascension_level":12}}