{"host":"lmshf3swj20gmdor","time":1614350500,"event":{"mods":["2.2 Compatiblity","BaseMod","Conspire","Downfall","Googly Eyes","Hubris","Minty Spire (QoL Compilation)","Replay The Spire","Spikes Relics","StSLib","Synergy Search","The Servant 0.9.4"],"gold_per_floor":[118,135,135,152,152,184,184,184,184,214,231,78,93,109,109,209,259,275,195,208,228,242,242,267,267,267,267,267],"floor_reached":27,"language":"ENG","playtime":1204,"items_purged":[],"score":307,"play_id":"535d25a9-9beb-4716-95fd-afbe6e2fae76","local_time":"20210226144140","is_ascension_mode":true,"campfire_choices":[{"floor":7,"key":"REST"},{"data":"FlawlessForm","floor":15,"key":"SMITH"},{"data":"Moondial","floor":23,"key":"SMITH"},{"data":"Deny","floor":25,"key":"SMITH"}],"circlet_count":0,"master_deck":["Strike_S+1","Strike_S","Strike_S","Defend_S+1","Defend_S","Defend_S","Defend_S","KidneyShot","Exchange","Shuttle+1","Moondial+1","Ricochet","Snipe","FlawlessForm+1","ForgedInTime","Revamp","Comet","KidneyShot","ReturningBlade","Luminosity","Ricochet","DoubleEdge","Deny+1","MoonPhase","Potential+1","SilverBlades","Replace"],"relics":["Uniform","NeowsBlessing","Replay:Bottled Snecko","Strawberry","Orichalcum","Lee\u0027s Waffle","Tiny House","Eternal Feather","Singing Bowl"],"acts_visited":["Exordium","TheCity"],"potions_floor_usage":[10,16,18,24,24],"damage_taken":[{"damage":0,"enemies":"Cultist","floor":1,"turns":1},{"damage":0,"enemies":"Small Slimes","floor":2,"turns":1},{"damage":0,"enemies":"2 Louse","floor":4,"turns":1},{"damage":38,"enemies":"Lagavulin","floor":6,"turns":10},{"damage":25,"enemies":"3 Sentries","floor":10,"turns":5},{"damage":0,"enemies":"Large Slime","floor":11,"turns":7},{"damage":0,"enemies":"Gremlin Gang","floor":13,"turns":4},{"damage":0,"enemies":"Red Slaver","floor":14,"turns":3},{"damage":4,"enemies":"Hexaghost","floor":16,"turns":8},{"damage":14,"enemies":"2 Thieves","floor":18,"turns":4},{"damage":2,"enemies":"3 Byrds","floor":20,"turns":8},{"damage":6,"enemies":"Shelled Parasite and Fungi","floor":21,"turns":6},{"damage":23,"enemies":"Sentry and Sphere","floor":22,"turns":6},{"damage":26,"enemies":"Slavers","floor":24,"turns":5},{"damage":39,"enemies":"Book of Stabbing","floor":27,"turns":5}],"seed_played":"-8011353407825080797","potions_obtained":[{"floor":4,"key":"ColorlessPotion"},{"floor":11,"key":"SpeedPotion"},{"floor":13,"key":"hexamod:SoulburnPotion"},{"floor":14,"key":"Reflective Coating"},{"floor":17,"key":"sneckomod:MuddlingPotion"},{"floor":18,"key":"Fire Potion"}],"is_trial":false,"path_per_floor":["M","M","?","M","?","E","R","?","T","E","M","$","M","M","R","B",null,"M","$","M","M","M","R","E","R","T","E"],"character_chosen":"THE_SERVANT","items_purchased":["Lee\u0027s Waffle","MoonPhase"],"campfire_rested":1,"item_purchase_floors":[12,19],"current_hp_per_floor":[65,65,52,52,52,14,33,33,40,15,15,79,79,79,79,75,84,70,70,68,62,39,39,13,28,28,0,0],"gold":267,"neow_bonus":"THREE_ENEMY_KILL","is_daily":false,"chose_seed":false,"campfire_upgraded":3,"win_rate":0.0,"timestamp":1614350500,"path_taken":["M","?","?","M","?","E","R","?","T","E","M","$","M","M","R","BOSS","M","$","M","?","M","R","E","R","T","E"],"items_purchased_type":["Relic","Card"],"build_version":"2020-12-22","purchased_purges":0,"victory":false,"max_hp_per_floor":[65,65,65,65,65,65,65,65,72,72,72,79,79,79,79,79,84,84,84,84,84,84,84,84,84,84,84,84],"card_choices":[{"not_picked":["Starlight","TimeWarp"],"picked":"Shuttle","floor":1},{"not_picked":["BottledTime","Alleviate"],"picked":"Moondial","floor":2},{"not_picked":["Collapse","Deadline"],"picked":"Ricochet","floor":4},{"not_picked":["Revamp","Starlight"],"picked":"FlawlessForm","floor":6},{"not_picked":["Rearm","DualDimension"],"picked":"ReturningBlade","floor":10},{"not_picked":["Deadline","TimeWarp"],"picked":"Luminosity","floor":11},{"not_picked":["Comet","Rearm"],"picked":"Ricochet","floor":13},{"not_picked":["Alleviate","Unruled"],"picked":"DoubleEdge","floor":14},{"not_picked":["Duplication","ForgedInTime"],"picked":"Deny","floor":16},{"not_picked":["Unruled","Ricochet","DoubleEdge"],"picked":"SKIP","floor":18},{"not_picked":["Moonlight","DancingSilver"],"picked":"Potential+1","floor":20},{"not_picked":["Rewind","Reset","Revamp"],"picked":"SKIP","floor":21},{"not_picked":["Rewind","Rearm"],"picked":"SilverBlades","floor":22},{"not_picked":["Advance","Moonlight"],"picked":"Replace","floor":24}],"player_experience":859504,"relics_obtained":[{"floor":6,"key":"Replay:Bottled Snecko"},{"floor":9,"key":"Strawberry"},{"floor":10,"key":"Orichalcum"},{"floor":24,"key":"Eternal Feather"},{"floor":26,"key":"Singing Bowl"}],"event_choices":[{"damage_healed":0,"gold_gain":0,"player_choice":"Entered Light","damage_taken":13,"max_hp_gain":0,"max_hp_loss":0,"event_name":"Shining Light","floor":3,"gold_loss":0,"cards_upgraded":["Strike_S","Defend_S"]},{"damage_healed":0,"gold_gain":0,"cards_transformed":["Strike_S"],"player_choice":"Change","damage_taken":0,"max_hp_gain":0,"max_hp_loss":0,"event_name":"Living Wall","floor":5,"gold_loss":0,"cards_obtained":["Snipe"]},{"damage_healed":0,"gold_gain":0,"player_choice":"4 cards matched","damage_taken":0,"max_hp_gain":0,"max_hp_loss":0,"event_name":"Match and Keep!","floor":8,"gold_loss":0,"cards_obtained":["ForgedInTime","Revamp","Comet","KidneyShot"]}],"is_beta":false,"boss_relics":[{"not_picked":["Kintsugi","Replay:Drink Me"],"picked":"Tiny House"}],"items_purged_floors":[],"is_endless":false,"potions_floor_spawned":[4,11,13,14,18,21],"killed_by":"Book of Stabbing","ascension_level":3}}