{"host":"y13mj1mxwnd5xx1x","time":1614323421,"event":{"mods":["AchievementEnabler","BaseMod","Minty Spire (QoL Compilation)"],"gold_per_floor":[113,34,45,58,74,99,116,144,144,144,179,179,179,179,179,304,304,317,340,340,360,379,413,413,456,528,528,548,579,126,146,146,275,275,291,291,291,261,13,44,44,62,88,116,161,186,214,260,272,284],"floor_reached":51,"language":"ENG","playtime":3694,"items_purged":["Strike_R","Strike_R"],"score":1115,"play_id":"3c2ec692-bf34-45b3-9fb4-c7553b4a542c","local_time":"20210226011021","is_ascension_mode":true,"campfire_choices":[{"data":"Reaper","floor":10.0,"key":"SMITH"},{"floor":13.0,"key":"REST"},{"data":"Whirlwind","floor":15.0,"key":"SMITH"},{"data":"Fiend Fire","floor":24,"key":"SMITH"},{"data":"Flame Barrier","floor":27,"key":"SMITH"},{"data":"Ghostly","floor":32,"key":"SMITH"},{"floor":41,"key":"REST"},{"floor":49,"key":"REST"}],"circlet_count":0,"master_deck":["Strike_R","Strike_R","Defend_R","Defend_R+1","Defend_R","Defend_R+1","Bash","Twin Strike","Shrug It Off","Shockwave","Rage","Reaper+1","Whirlwind+1","Sentinel","Fiend Fire+1","Flame Barrier+1","Warcry","Ghostly","Ghostly","Ghostly","Ghostly","Ghostly+1","Infernal Blade+1","Intimidate","Pummel","Second Wind","Havoc","Dark Embrace","Sever Soul","Burning Pact+1","Impervious","Madness","Madness","Impervious","Sever Soul+1","Havoc","Barricade"],"relics":["Burning Blood","War Paint","Happy Flower","Dead Branch","Shuriken","Regal Pillow","Golden Idol","Runic Pyramid","Unceasing Top","Thread and Needle","Blue Candle","Lantern","Chemical X","Fusion Hammer","PreservedInsect","MawBank","Bag of Preparation","HornCleat"],"acts_visited":["Exordium","TheCity","TheBeyond"],"potions_floor_usage":[29,33,33,38,45,45],"damage_taken":[{"damage":2.0,"enemies":"Cultist","floor":1.0,"turns":4.0},{"damage":0.0,"enemies":"Small Slimes","floor":3.0,"turns":3.0},{"damage":0.0,"enemies":"2 Louse","floor":4.0,"turns":4.0},{"damage":0.0,"enemies":"2 Fungi Beasts","floor":5.0,"turns":3.0},{"damage":26.0,"enemies":"Lagavulin","floor":6.0,"turns":7.0},{"damage":21.0,"enemies":"Large Slime","floor":7.0,"turns":8.0},{"damage":15.0,"enemies":"Gremlin Nob","floor":8.0,"turns":4.0},{"damage":23.0,"enemies":"Lagavulin","floor":11.0,"turns":7.0},{"damage":36.0,"enemies":"Slime Boss","floor":16.0,"turns":9.0},{"damage":11.0,"enemies":"2 Thieves","floor":18.0,"turns":4.0},{"damage":4.0,"enemies":"Shell Parasite","floor":19.0,"turns":4.0},{"damage":6.0,"enemies":"Snake Plant","floor":21.0,"turns":3.0},{"damage":2.0,"enemies":"Centurion and Healer","floor":22.0,"turns":6.0},{"damage":5,"enemies":"Gremlin Leader","floor":23,"turns":8},{"damage":20,"enemies":"Slavers","floor":25,"turns":7},{"damage":1,"enemies":"Shelled Parasite and Fungi","floor":28,"turns":3},{"damage":0,"enemies":"Gremlin Leader","floor":29,"turns":3},{"damage":0,"enemies":"Sentry and Sphere","floor":31,"turns":4},{"damage":29,"enemies":"Automaton","floor":33,"turns":8},{"damage":4,"enemies":"3 Shapes","floor":35,"turns":2},{"damage":16,"enemies":"Nemesis","floor":40,"turns":7},{"damage":0,"enemies":"Orb Walker","floor":42,"turns":3},{"damage":0,"enemies":"3 Darklings","floor":44,"turns":3},{"damage":13,"enemies":"Reptomancer","floor":45,"turns":4},{"damage":0,"enemies":"Spire Growth","floor":46,"turns":5},{"damage":1,"enemies":"Transient","floor":47,"turns":5},{"damage":2,"enemies":"Nemesis","floor":48,"turns":5},{"damage":0,"enemies":"Time Eater","floor":50,"turns":18}],"seed_played":"-1031851667516700438","potions_obtained":[{"floor":5.0,"key":"Strength Potion"},{"floor":6.0,"key":"DistilledChaos"},{"floor":7.0,"key":"Regen Potion"},{"floor":11.0,"key":"SneckoOil"},{"floor":21.0,"key":"Weak Potion"},{"floor":23,"key":"Block Potion"},{"floor":25,"key":"ColorlessPotion"},{"floor":28,"key":"Strength Potion"},{"floor":29,"key":"DistilledChaos"},{"floor":38,"key":"Fruit Juice"},{"floor":38,"key":"FearPotion"},{"floor":42,"key":"AttackPotion"},{"floor":45,"key":"BlessingOfTheForge"},{"floor":48,"key":"SteroidPotion"}],"is_trial":false,"path_per_floor":["M","$","M","M","M","E","M","E","T","R","E","?","R","?","R","B",null,"M","M","?","M","M","E","R","E","T","R","M","E","$","M","R","B",null,"M","?","?","?","$","E","R","M","T","M","E","M","M","E","R","B",null],"character_chosen":"IRONCLAD","items_purchased":["Shrug It Off","Explosive Potion","Second Wind","Havoc","Dark Embrace","Sever Soul","Chemical X","Impervious"],"campfire_rested":3,"item_purchase_floors":[2,2,30,30,30,30,30,39],"current_hp_per_floor":[80,80,80,80,80,60,52,49,49,49,41,41,74,74,74,62,74,69,71,37,37,37,37,37,33,33,33,37,37,37,37,37,14,37,37,32,32,37,37,27,42,42,42,42,35,41,42,42,42,42],"gold":296,"neow_bonus":"RANDOM_COMMON_RELIC","is_daily":false,"chose_seed":false,"campfire_upgraded":5,"win_rate":0.0,"timestamp":1614323421,"path_taken":["M","$","M","M","M","E","M","E","T","R","E","?","R","?","R","BOSS","M","M","?","M","M","E","R","E","T","R","M","E","$","M","R","BOSS","M","?","?","?","$","E","R","M","T","?","E","M","M","E","R","BOSS"],"items_purchased_type":["Card","Potion","Card","Card","Card","Card","Relic","Card"],"build_version":"2020-12-22","purchased_purges":2,"victory":true,"max_hp_per_floor":[80,80,80,80,80,80,80,80,80,80,80,74,74,74,74,74,74,74,74,37,37,37,37,37,37,37,37,37,37,37,37,37,37,37,37,37,37,42,42,42,42,42,42,42,42,42,42,42,42,42],"card_choices":[{"not_picked":["True Grit","Body Slam"],"picked":"Twin Strike","floor":1.0},{"not_picked":["Anger","Warcry","Havoc"],"picked":"SKIP","floor":3.0},{"not_picked":["Metallicize","Iron Wave"],"picked":"Shockwave","floor":4.0},{"not_picked":["Clothesline","Infernal Blade"],"picked":"Rage","floor":5.0},{"not_picked":["Flex","Havoc"],"picked":"Reaper","floor":6.0},{"not_picked":["Infernal Blade","Metallicize","Heavy Blade"],"picked":"SKIP","floor":7.0},{"not_picked":["Dropkick","Bloodletting"],"picked":"Whirlwind","floor":8.0},{"not_picked":["Clash","Pommel Strike"],"picked":"Sentinel","floor":11.0},{"not_picked":["Bludgeon","Barricade"],"picked":"Fiend Fire","floor":16.0},{"not_picked":["Clothesline","Wild Strike"],"picked":"Flame Barrier","floor":18.0},{"not_picked":["Fire Breathing","Feel No Pain"],"picked":"Warcry","floor":19.0},{"not_picked":["Uppercut","Twin Strike+1"],"picked":"Infernal Blade+1","floor":21.0},{"not_picked":["Twin Strike+1","Clash","Headbutt+1"],"picked":"SKIP","floor":22.0},{"not_picked":["Power Through","Shrug It Off+1"],"picked":"Intimidate","floor":23},{"not_picked":["Iron Wave","Cleave+1","Brutality"],"picked":"SKIP","floor":25},{"not_picked":["Body Slam+1","Uppercut+1"],"picked":"Pummel","floor":28},{"not_picked":["Clash","Armaments","Flex"],"picked":"SKIP","floor":29},{"not_picked":["Clash","Body Slam+1"],"picked":"Burning Pact+1","floor":31},{"not_picked":["Berserk","Fiend Fire"],"picked":"Impervious","floor":33},{"not_picked":["Armaments+1","Anger+1","Clothesline+1"],"picked":"SKIP","floor":35},{"not_picked":["Cleave","Double Tap"],"picked":"Sever Soul+1","floor":40},{"not_picked":["Inflame","Heavy Blade"],"picked":"Havoc","floor":42},{"not_picked":["Wild Strike+1","Thunderclap"],"picked":"Barricade","floor":44},{"not_picked":["Wild Strike","Heavy Blade+1","Armaments+1"],"picked":"SKIP","floor":45},{"not_picked":["Wild Strike+1","Shockwave","Evolve"],"picked":"SKIP","floor":46},{"not_picked":["Clothesline+1","Shockwave+1","Clash+1"],"picked":"SKIP","floor":47},{"not_picked":["Ghostly Armor","Twin Strike","Dropkick+1"],"picked":"SKIP","floor":48}],"player_experience":235405,"relics_obtained":[{"floor":6.0,"key":"Happy Flower"},{"floor":8.0,"key":"Dead Branch"},{"floor":9.0,"key":"Shuriken"},{"floor":11.0,"key":"Regal Pillow"},{"floor":23,"key":"Unceasing Top"},{"floor":25,"key":"Thread and Needle"},{"floor":26,"key":"Blue Candle"},{"floor":29,"key":"Lantern"},{"floor":40,"key":"PreservedInsect"},{"floor":43,"key":"MawBank"},{"floor":45,"key":"Bag of Preparation"},{"floor":48,"key":"HornCleat"}],"event_choices":[{"damage_healed":0.0,"max_hp_gain":0.0,"max_hp_loss":6.0,"gold_gain":0.0,"event_name":"Golden Idol","player_choice":"Lose Max HP","floor":12.0,"gold_loss":0.0,"damage_taken":0.0,"relics_obtained":["Golden Idol"]},{"cards_removed":["Strike_R"],"damage_healed":0.0,"max_hp_gain":0.0,"max_hp_loss":0.0,"gold_gain":0.0,"event_name":"Living Wall","player_choice":"Forget","floor":14.0,"gold_loss":0.0,"damage_taken":0.0},{"damage_healed":0.0,"max_hp_gain":0.0,"max_hp_loss":37.0,"gold_gain":0.0,"event_name":"Ghosts","player_choice":"Became a Ghost","floor":20.0,"gold_loss":0.0,"damage_taken":0.0,"cards_obtained":["Ghostly","Ghostly","Ghostly","Ghostly","Ghostly"]},{"damage_healed":0,"gold_gain":0,"player_choice":"Embrace Madness","damage_taken":5,"max_hp_gain":0,"max_hp_loss":0,"event_name":"Winding Halls","floor":36,"gold_loss":0,"cards_obtained":["Madness","Madness"]},{"damage_healed":0,"gold_gain":0,"player_choice":"Memory 1","damage_taken":0,"max_hp_gain":0,"max_hp_loss":0,"event_name":"SensoryStone","floor":37,"gold_loss":0},{"damage_healed":0,"gold_gain":0,"player_choice":"Bought 2 Potions","damage_taken":0,"max_hp_gain":0,"max_hp_loss":0,"event_name":"The Woman in Blue","floor":38,"gold_loss":0}],"is_beta":false,"boss_relics":[{"not_picked":["Busted Crown","SacredBark"],"picked":"Runic Pyramid"},{"not_picked":["Velvet Choker","Empty Cage"],"picked":"Fusion Hammer"}],"items_purged_floors":[30,39],"is_endless":false,"potions_floor_spawned":[5,6,7,8,11,21,23,25,28,29,42,45,48],"ascension_level":4}}