{"host":"mvhzznpw3ffw85pv","time":1614332748,"event":{"mods":["AchievementEnabler","BaseMod","Bestiary","Block Reminder","Colored Map","Highlight Path","Minty Spire (QoL Compilation)","Relic Stats"],"gold_per_floor":[117,41,41,58,73,104,117,117,117,117,144,154,154,0,0,74,74,87,187,202,213,113,113,113,113],"floor_reached":24,"language":"ENG","playtime":2238,"items_purged":["Strike_P","Defend_P"],"score":350,"play_id":"b526a967-887b-4b5c-9e46-bf6791db0996","local_time":"20210226044548","is_ascension_mode":true,"campfire_choices":[{"data":"MasterReality","floor":8,"key":"SMITH"},{"floor":10,"key":"REST"},{"data":"LikeWater","floor":13,"key":"SMITH"},{"floor":15,"key":"REST"},{"data":"WaveOfTheHand","floor":23,"key":"SMITH"}],"circlet_count":0,"master_deck":["AscendersBane","Strike_P","Strike_P","Strike_P","Defend_P","Defend_P","Defend_P","Eruption","Vigilance","MasterReality+1","LikeWater+1","DeceiveReality","BattleHymn","WaveOfTheHand+1","DeusExMachina","EmptyFist+1"],"relics":["HolyWater","Pear","Shuriken","Kunai"],"acts_visited":["Exordium","TheCity"],"potions_floor_usage":[12,16,21,24,24],"damage_taken":[{"damage":7,"enemies":"Small Slimes","floor":1,"turns":4},{"damage":8,"enemies":"Jaw Worm","floor":4,"turns":6},{"damage":6,"enemies":"Cultist","floor":5,"turns":4},{"damage":27,"enemies":"3 Sentries","floor":6,"turns":30},{"damage":0,"enemies":"Looter","floor":7,"turns":2},{"damage":39,"enemies":"Gremlin Nob","floor":11,"turns":5},{"damage":1,"enemies":"Gremlin Gang","floor":12,"turns":6},{"damage":19,"enemies":"The Guardian","floor":16,"turns":9},{"damage":16,"enemies":"Spheric Guardian","floor":18,"turns":7},{"damage":2,"enemies":"Chosen","floor":20,"turns":8},{"damage":4,"enemies":"Sentry and Sphere","floor":21,"turns":8},{"damage":37,"enemies":"Book of Stabbing","floor":24,"turns":4}],"seed_played":"-5390738620480588146","potions_obtained":[{"floor":7,"key":"Dexterity Potion"},{"floor":11,"key":"PowerPotion"},{"floor":12,"key":"LiquidMemories"},{"floor":16,"key":"Explosive Potion"},{"floor":21,"key":"AttackPotion"}],"is_trial":false,"path_per_floor":["M","$","?","M","M","E","M","R","T","R","E","M","R","$","R","B",null,"M","?","M","M","$","R","E"],"character_chosen":"WATCHER","items_purchased":["LikeWater","WaveOfTheHand"],"campfire_rested":2,"item_purchase_floors":[2,14],"current_hp_per_floor":[54,54,54,46,40,23,23,23,23,44,5,4,4,4,25,6,56,40,40,38,34,34,34,0,0],"gold":113,"neow_bonus":"THREE_RARE_CARDS","is_daily":false,"chose_seed":false,"campfire_upgraded":3,"win_rate":0.0,"timestamp":1614332748,"path_taken":["M","$","?","M","M","E","M","R","T","R","E","M","R","$","R","BOSS","M","?","M","M","?","R","E"],"items_purchased_type":["Card","Card"],"build_version":"2020-12-22","purchased_purges":2,"victory":false,"max_hp_per_floor":[62,62,62,62,62,72,72,72,72,72,72,72,72,72,72,72,72,72,72,72,72,72,72,72,72],"relic_stats":{"counters":[12,93],"Shuriken":[13],"Kunai":[12],"obtain_stats":[{"Pear":6,"Shuriken":9,"HolyWater":17,"Kunai":11,"PureWater":0},{"Pear":4,"Shuriken":5,"HolyWater":8,"Kunai":6,"PureWater":0},{"Pear":44,"Shuriken":46,"HolyWater":66,"Kunai":51,"PureWater":0}]},"card_choices":[{"not_picked":["Vault","Establishment"],"picked":"MasterReality","floor":0},{"not_picked":["EmptyBody","ClearTheMind","FlyingSleeves"],"picked":"SKIP","floor":1},{"not_picked":["Prostrate","WreathOfFlame"],"picked":"DeceiveReality","floor":4},{"not_picked":["EmptyBody","PathToVictory","FlurryOfBlows"],"picked":"SKIP","floor":5},{"not_picked":["Indignation","Judgement"],"picked":"BattleHymn","floor":6},{"not_picked":["ThirdEye","Tantrum","Halt"],"picked":"SKIP","floor":7},{"not_picked":["ThirdEye","Tantrum","Halt"],"picked":"SKIP","floor":7},{"not_picked":["Brilliance","Ragnarok","Vengeance"],"picked":"SKIP","floor":11},{"not_picked":["EmptyBody","ClearTheMind","SandsOfTime"],"picked":"SKIP","floor":12},{"not_picked":["DevaForm","Omniscience"],"picked":"DeusExMachina","floor":16},{"not_picked":["ForeignInfluence","Halt","Consecrate"],"picked":"SKIP","floor":18},{"not_picked":["Vengeance+1","SignatureMove","Prostrate"],"picked":"SKIP","floor":20},{"not_picked":["FlurryOfBlows","Protect"],"picked":"EmptyFist+1","floor":21}],"player_experience":675648,"relics_obtained":[{"floor":6,"key":"Pear"},{"floor":9,"key":"Shuriken"},{"floor":11,"key":"Kunai"}],"event_choices":[{"damage_healed":0,"gold_gain":0,"player_choice":"Leave","damage_taken":0,"max_hp_gain":0,"max_hp_loss":0,"event_name":"The Cleric","floor":3,"gold_loss":0},{"damage_healed":0,"gold_gain":100,"player_choice":"Pray","damage_taken":0,"max_hp_gain":0,"max_hp_loss":0,"event_name":"Golden Shrine","floor":19,"gold_loss":0}],"is_beta":false,"boss_relics":[{"not_picked":["Fusion Hammer","Tiny House"],"picked":"HolyWater"}],"items_purged_floors":[14,22],"is_endless":false,"potions_floor_spawned":[7,11,12,16,21],"killed_by":"Book of Stabbing","ascension_level":14}}