{"host":"xsyxumpp1kksrtww","time":1614352491,"event":{"mods":["Act Like it!","Ascension Unlocker","BaseMod","Colored Map","Colored Powertips","Library of Ruina","Library of Ruina Extra","Lobotomy","LobotomyExtend","Minty Spire (QoL Compilation)","Permanent Neow","Quick Restart","Rare Cards Sparkle","Replay The Spire","Shop Mod","StSLib"],"gold_per_floor":[118,136,236,256,266,266,298,23,23,42,61,61,61,11,11,116,116,109,129,145,145,145,145],"floor_reached":22,"language":"ZHS","playtime":1864,"items_purged":["LightAttack"],"score":319,"play_id":"c4f37449-bb0b-43ff-8061-17aff3081481","local_time":"20210226231451","is_ascension_mode":true,"campfire_choices":[{"data":"FocusedStrikes","floor":6,"key":"SMITH"},{"data":"Duel_lor","floor":13,"key":"SMITH"},{"data":"Reload","floor":15,"key":"SMITH"}],"circlet_count":0,"master_deck":["AscendersBane","Dodge","LightDefense","LightAttack","LightDefense","LightDefense","LightDefense","ChargeAndCover","FocusedStrikes+1","DespairKnight","GrazeTheGrass","Freischutz","Duel_lor+1","Reload+1","AsThePrescriptOrders","CrumblingArmor","Leap_lor","Bloodbath","YoureTooSlow","YoureTooSlow","Unlock1","LongBird","OSAHOGD","LeRegole","HeroicMonk","Murderer","RulesOfTheBackstreets+1","CircusKnives+1","Ghostly","Ghostly","Ghostly","Ghostly","Ghostly"],"relics":["PageOfLibrarian","CogitoBucket","LetterFromLob","PageOfNothingThere","Oddly Smooth Stone","PageOfPinocchio","PageOfSnowWhitesApple","FleshIdol","Replay:Bronze Core"],"acts_visited":["Exordium","TheCity"],"potions_floor_usage":[7],"damage_taken":[{"damage":0,"enemies":"Jaw Worm","floor":1,"turns":4},{"damage":0,"enemies":"Cultist","floor":2,"turns":3},{"damage":2,"enemies":"Small Slimes","floor":4,"turns":3},{"damage":15,"enemies":"Looter","floor":5,"turns":5},{"damage":18,"enemies":"Lagavulin","floor":7,"turns":6},{"damage":3,"enemies":"Gremlin Nob","floor":10,"turns":3},{"damage":4,"enemies":"2 Fungi Beasts","floor":11,"turns":4},{"damage":6,"enemies":"The Guardian","floor":16,"turns":7},{"damage":46,"enemies":"3 Byrds","floor":18,"turns":4},{"damage":0,"enemies":"Spheric Guardian","floor":19,"turns":3},{"damage":5,"enemies":"Centurion and Healer","floor":20,"turns":2},{"damage":13,"enemies":"Snecko","floor":22,"turns":4}],"seed_played":"2482721144159385025","potions_obtained":[{"floor":1,"key":"GamblersBrew"},{"floor":5,"key":"Adrenaline Potion"},{"floor":7,"key":"Block Potion"},{"floor":11,"key":"Weak Potion"},{"floor":19,"key":"Energy Potion"}],"is_trial":false,"path_per_floor":["M","M","?","M","M","R","E","$","T","E","M","$","R","?","R","B",null,"M","M","M","?","M"],"character_chosen":"Librarian","items_purchased":["YoureTooSlow","Oddly Smooth Stone"],"campfire_rested":0,"item_purchase_floors":[8,8],"current_hp_per_floor":[54,54,54,52,37,37,19,19,19,16,12,12,12,12,12,13,51,8,11,9,9,0,0],"gold":145,"neow_bonus":"","is_daily":false,"chose_seed":false,"campfire_upgraded":3,"win_rate":0.0,"timestamp":1614352491,"path_taken":["M","M","?","M","?","R","E","$","T","E","M","?","R","?","R","BOSS","M","M","M","?","M"],"items_purchased_type":["Card","Relic"],"build_version":"2020-12-22","purchased_purges":1,"victory":false,"max_hp_per_floor":[71,78,78,71,77,77,77,77,77,77,77,77,63,63,63,63,63,63,63,70,35,35,35],"card_choices":[{"not_picked":["Murderer","OldLady"],"picked":"DespairKnight","floor":1},{"not_picked":["BiAn","Multislash","HiddenBlade","Endure","Wallop_lor","EnergyConversion","YourShield","Overcharge"],"picked":"GrazeTheGrass","floor":1},{"not_picked":["MeatLantern","RedShoes"],"picked":"Freischutz","floor":2},{"not_picked":["InkOver","RulesOfTheBackstreets","IllEndYou","Mutilate","BoundaryOfDeath","ClassAndRespect","TheWillOfTheCity","Leap_lor"],"picked":"Duel_lor","floor":2},{"not_picked":["QuickAttack","StructuralAnalysis","DestructiveImpact","Observe","SinglePointStab","BackstreetsDash","IronWall","GuardingStance"],"picked":"Reload","floor":4},{"not_picked":["GaleKick","StrongStrike","Leap_lor","DefenseOrder","NightInTheBackstreets","FleetEdge","MultiBlock","FendThisOffIfYouCan"],"picked":"AsThePrescriptOrders","floor":5},{"not_picked":["Bloodbath","MHz"],"picked":"CrumblingArmor","floor":5},{"not_picked":["DevastatingThrash","SmokingPipe","HighKick","UncannyStrike","FleetEdge","ClassAndRespect","PinpointShot","FormingStorm"],"picked":"Leap_lor","floor":7},{"not_picked":["LittlePrince","Laetitia"],"picked":"Bloodbath","floor":7},{"not_picked":["BlowItUp","VenomousFangs","UncannyStrike","Overcharge","IngredientHunt","EmotionalTurbulence","DefenseOrder","SerpentSwordTechnique"],"picked":"Unlock1","floor":10},{"not_picked":["PunishingBird","Murderer"],"picked":"LongBird","floor":10},{"not_picked":["Wellcheers","BeautyBeast"],"picked":"OSAHOGD","floor":11},{"not_picked":["QuickSuppression","DefenseOrder","Retaliate","AutonomousRush","DesperateStruggle","Quickness","SharpenedBlade","QuickAttack","Leap_lor"],"picked":"SKIP","floor":11},{"not_picked":["FlamingDragonFist","SuanNi"],"picked":"LeRegole","floor":16},{"not_picked":["Wellcheers","QueenBee"],"picked":"HeroicMonk","floor":16},{"not_picked":["ShyLook","Alriune"],"picked":"Murderer","floor":18},{"not_picked":["WillOfThePrescript","FlashingStrike","SuppressingShot+1","Reload+1","Multislash","GrazeTheGrass","BiXi","HighKick","OminousPower+1"],"picked":"SKIP","floor":18},{"not_picked":["GuidanceOfTheGears","VenomousFangs+1","GuardingStance","SnakesPrey","ElectricShock+1","CoordinatedAssault+1","Diversion","SinglePointStab"],"picked":"RulesOfTheBackstreets+1","floor":19},{"not_picked":["EnergyCycle","UnavoidableGaze","HeavyPeaks","PinpointShot","EndlessBattle","AssaultOrder","Bvapour","FrontalAssault"],"picked":"CircusKnives+1","floor":20}],"player_experience":959403,"relics_obtained":[{"floor":1,"key":"LetterFromLob"},{"floor":7,"key":"PageOfNothingThere"},{"floor":9,"key":"PageOfPinocchio"},{"floor":10,"key":"PageOfSnowWhitesApple"}],"event_choices":[{"damage_healed":0,"gold_gain":100,"player_choice":"Pray","damage_taken":0,"max_hp_gain":0,"max_hp_loss":0,"event_name":"Golden Shrine","floor":3,"gold_loss":0},{"cards_removed":["LightAttack"],"damage_healed":0,"gold_gain":0,"player_choice":"Card Removal","damage_taken":0,"max_hp_gain":0,"max_hp_loss":0,"event_name":"The Cleric","floor":14,"gold_loss":50},{"damage_healed":0,"gold_gain":0,"player_choice":"Became a Ghost","damage_taken":0,"max_hp_gain":0,"max_hp_loss":35,"event_name":"Ghosts","floor":21,"gold_loss":0,"cards_obtained":["Ghostly","Ghostly","Ghostly","Ghostly","Ghostly"]}],"is_beta":false,"boss_relics":[{"not_picked":["Pandora\u0027s Box","Kintsugi"],"picked":"Replay:Bronze Core"}],"items_purged_floors":[8],"is_endless":false,"potions_floor_spawned":[1,5,7,11,19],"killed_by":"Snecko","ascension_level":10}}