{"host":"2l5k2wp87eek7qja","time":1614373188,"event":{"mods":["BaseMod","Colored Map","Minty Spire (QoL Compilation)","Relic Stats"],"gold_per_floor":[119,134,36,36,36,69,69,69,137,166,166,186,212,232,232,306,306,321,332,332,332,332],"floor_reached":21,"language":"ENG","playtime":723,"items_purged":[],"score":444,"play_id":"f7d0ac27-cf5f-40a2-ba10-19debd662c83","local_time":"20210226225948","is_ascension_mode":true,"campfire_choices":[{"data":"Footwork","floor":11,"key":"SMITH"},{"data":"Accuracy","floor":15,"key":"SMITH"}],"circlet_count":0,"master_deck":["AscendersBane","Strike_G","Strike_G","Strike_G","Strike_G","Strike_G","Defend_G","Defend_G","Defend_G","Defend_G","Defend_G","Survivor","Neutralize","Poisoned Stab","Leg Sweep","Footwork+1","Cloak And Dagger","Deadly Poison","Cloak And Dagger","Cloak And Dagger","Accuracy+1","Acrobatics","Prepared","Blur","Necronomicurse"],"relics":["Ring of the Snake","NeowsBlessing","Blood Vial","Lizard Tail","Lantern","The Courier","Pear","Bronze Scales","HoveringKite","Necronomicon"],"acts_visited":["Exordium","TheCity"],"potions_floor_usage":[10,13,19],"damage_taken":[{"damage":0,"enemies":"Jaw Worm","floor":1,"turns":1},{"damage":0,"enemies":"Small Slimes","floor":2,"turns":1},{"damage":0,"enemies":"Lagavulin","floor":6,"turns":1},{"damage":48,"enemies":"Gremlin Nob","floor":10,"turns":7},{"damage":0,"enemies":"Cultist","floor":12,"turns":4},{"damage":15,"enemies":"Lagavulin","floor":13,"turns":11},{"damage":33,"enemies":"Gremlin Gang","floor":14,"turns":4},{"damage":22,"enemies":"The Guardian","floor":16,"turns":12},{"damage":3,"enemies":"Shell Parasite","floor":18,"turns":7},{"damage":0,"enemies":"3 Byrds","floor":19,"turns":3},{"damage":55,"enemies":"Cultist and Chosen","floor":21,"turns":9}],"seed_played":"5762246295235046215","potions_obtained":[{"floor":2,"key":"Block Potion"},{"floor":10,"key":"Energy Potion"},{"floor":14,"key":"Swift Potion"}],"is_trial":false,"path_per_floor":["M","M","$","?","T","E","$","?","T","E","R","M","E","M","R","B",null,"M","M","?","M"],"character_chosen":"THE_SILENT","items_purchased":["Footwork","Cloak And Dagger"],"campfire_rested":0,"item_purchase_floors":[3,3],"current_hp_per_floor":[59,59,59,59,59,61,61,56,56,20,20,22,9,33,33,13,60,59,61,40,0,0],"gold":332,"neow_bonus":"THREE_ENEMY_KILL","is_daily":false,"chose_seed":false,"campfire_upgraded":2,"win_rate":0.0,"timestamp":1614373188,"path_taken":["M","M","$","?","?","E","?","?","T","E","R","M","E","M","R","BOSS","M","M","?","M"],"items_purchased_type":["Card","Card"],"build_version":"2020-12-22","purchased_purges":0,"victory":false,"max_hp_per_floor":[66,66,66,66,66,66,66,66,66,76,76,76,76,76,76,76,76,76,76,76,76,76],"relic_stats":{"Blood Vial":18,"Lizard Tail":38,"counters":[11,60],"Bronze Scales":[183],"HoveringKite":[7],"Necronomicon":[0],"obtain_stats":[{"Blood Vial":5,"Lizard Tail":6,"Lantern":8,"Pear":10,"NeowsBlessing":0,"Bronze Scales":13,"HoveringKite":17,"The Courier":9,"Necronomicon":20,"Ring of the Snake":0},{"Blood Vial":2,"Lizard Tail":3,"Lantern":3,"Pear":4,"NeowsBlessing":0,"Bronze Scales":6,"HoveringKite":8,"The Courier":3,"Necronomicon":10,"Ring of the Snake":0},{"Blood Vial":2,"Lizard Tail":3,"Lantern":3,"Pear":10,"NeowsBlessing":0,"Bronze Scales":25,"HoveringKite":41,"The Courier":3,"Necronomicon":51,"Ring of the Snake":0}],"Ring of the Snake":[22]},"card_choices":[{"not_picked":["Tactician","PiercingWail"],"picked":"Poisoned Stab","floor":1},{"not_picked":["Choke","Outmaneuver"],"picked":"Leg Sweep","floor":2},{"not_picked":["Quick Slash","Underhanded Strike"],"picked":"Deadly Poison","floor":6},{"not_picked":["Acrobatics","Setup"],"picked":"Cloak And Dagger","floor":10},{"not_picked":["Slice","Flying Knee"],"picked":"Cloak And Dagger","floor":12},{"not_picked":["Noxious Fumes","Deflect"],"picked":"Accuracy","floor":13},{"not_picked":["Dagger Spray","Calculated Gamble"],"picked":"Acrobatics","floor":14},{"not_picked":["Sucker Punch","Dagger Throw"],"picked":"Prepared","floor":18},{"not_picked":["Backstab","Slice"],"picked":"Blur","floor":19}],"player_experience":915242,"relics_obtained":[{"floor":5,"key":"Blood Vial"},{"floor":6,"key":"Lizard Tail"},{"floor":9,"key":"The Courier"},{"floor":10,"key":"Pear"},{"floor":13,"key":"Bronze Scales"},{"floor":20,"key":"Necronomicon"}],"event_choices":[{"damage_healed":0,"gold_gain":0,"player_choice":"Leave","damage_taken":0,"max_hp_gain":0,"max_hp_loss":0,"event_name":"The Cleric","floor":4,"gold_loss":0},{"damage_healed":0,"gold_gain":0,"player_choice":"Success","damage_taken":5,"relics_obtained":["Lantern"],"max_hp_gain":0,"max_hp_loss":0,"event_name":"Scrap Ooze","floor":8,"gold_loss":0},{"damage_healed":0,"gold_gain":0,"player_choice":"Obtained Book","damage_taken":21,"max_hp_gain":0,"max_hp_loss":0,"event_name":"Cursed Tome","floor":20,"gold_loss":0}],"is_beta":false,"boss_relics":[{"not_picked":["Snecko Eye","Ring of the Serpent"],"picked":"HoveringKite"}],"items_purged_floors":[],"is_endless":false,"potions_floor_spawned":[2,10,14],"killed_by":"Cultist and Chosen","ascension_level":20}}