{"host":"0ueeacaatm8t6jyh","time":1614353906,"event":{"mods":["AchievementEnabler","BaseMod","Colored Powertips","Minty Spire (QoL Compilation)","Quick Restart","Rare Cards Sparkle","Shop Mod","StSLib"],"gold_per_floor":[119,44,44,62,62,96,38,38,78,102,102,112,155,184,77,105,105,105,193,193,216,216,216,242,142,142,179,193,219,219,55,55,64,91,13,13,99,99,109,127,2,2,22,53,53,69,69,89,105,105,124,140,140,140],"floor_reached":55,"language":"ZHS","playtime":2210,"items_purged":["Defend_B","Defend_B","Defend_B+1"],"score":1531,"play_id":"bd06c772-d0e8-4301-8e6a-7036868af14d","local_time":"20210226233826","is_ascension_mode":true,"campfire_choices":[{"data":"Coolheaded","floor":8.0,"key":"SMITH"},{"data":"Self Repair","floor":17.0,"key":"SMITH"},{"data":"Dualcast","floor":18.0,"key":"SMITH"},{"data":"Defragment","floor":26.0,"key":"SMITH"},{"data":"Coolheaded","floor":30.0,"key":"SMITH"},{"data":"Glacier","floor":32.0,"key":"SMITH"},{"data":"Buffer","floor":36.0,"key":"SMITH"},{"data":"Biased Cognition","floor":45,"key":"SMITH"},{"floor":50,"key":"REST"},{"data":"Creative AI","floor":53,"key":"SMITH"}],"circlet_count":0,"master_deck":["AscendersBane","Strike_B+1","Zap+1","Dualcast+1","Lockon+1","Coolheaded+1","Coolheaded+1","Self Repair+1","Creative AI+1","Glacier+1","Hologram+1","Biased Cognition+1","Defragment+1","Ball Lightning","Force Field+1","Leap+1","Buffer+1","Recycle+1","Core Surge","Madness+1","Madness+1"],"relics":["Cracked Core","NeowsBlessing","Whetstone","CeramicFish","MealTicket","StrikeDummy","Philosopher\u0027s Stone","MutagenicStrength","Toxic Egg 2","WingedGreaves","War Paint","DataDisk","Nuclear Battery","Bottled Lightning","The Courier"],"acts_visited":["Exordium","TheCity","TheBeyond"],"potions_floor_usage":[54,54,54,54],"damage_taken":[{"damage":0.0,"enemies":"Cultist","floor":1.0,"turns":1.0},{"damage":0.0,"enemies":"Small Slimes","floor":4.0,"turns":1.0},{"damage":0.0,"enemies":"3 Sentries","floor":6.0,"turns":1.0},{"damage":14.0,"enemies":"Lagavulin","floor":9.0,"turns":7.0},{"damage":2.0,"enemies":"Jaw Worm","floor":12.0,"turns":2.0},{"damage":10.0,"enemies":"Gremlin Nob","floor":13.0,"turns":3.0},{"damage":2.0,"enemies":"Exordium Thugs","floor":14.0,"turns":3.0},{"damage":0.0,"enemies":"Exordium Wildlife","floor":16.0,"turns":4.0},{"damage":0.0,"enemies":"The Guardian","floor":19.0,"turns":19.0},{"damage":16.0,"enemies":"Spheric Guardian","floor":21.0,"turns":6.0},{"damage":17.0,"enemies":"Shell Parasite","floor":24.0,"turns":6.0},{"damage":15.0,"enemies":"Gremlin Leader","floor":27.0,"turns":9.0},{"damage":38.0,"enemies":"3 Cultists","floor":28.0,"turns":9.0},{"damage":2.0,"enemies":"Centurion and Healer","floor":34.0,"turns":6.0},{"damage":57.0,"enemies":"Collector","floor":37.0,"turns":9.0},{"damage":10.0,"enemies":"3 Shapes","floor":39.0,"turns":6.0},{"damage":47,"enemies":"3 Darklings","floor":43,"turns":5},{"damage":0,"enemies":"Nemesis","floor":44,"turns":7},{"damage":2,"enemies":"Sphere and 2 Shapes","floor":46,"turns":5},{"damage":10,"enemies":"Writhing Mass","floor":48,"turns":7},{"damage":19,"enemies":"Transient","floor":49,"turns":6},{"damage":0,"enemies":"Sphere and 2 Shapes","floor":51,"turns":7},{"damage":0,"enemies":"Maw","floor":52,"turns":6},{"damage":24,"enemies":"Time Eater","floor":54,"turns":10}],"seed_played":"-4528882099905623935","potions_obtained":[{"floor":4.0,"key":"SpeedPotion"},{"floor":6.0,"key":"FocusPotion"},{"floor":9.0,"key":"Fire Potion"},{"floor":14.0,"key":"Explosive Potion"},{"floor":16.0,"key":"SneckoOil"},{"floor":24.0,"key":"Fire Potion"},{"floor":28.0,"key":"Regen Potion"},{"floor":34.0,"key":"Block Potion"},{"floor":37.0,"key":"SteroidPotion"},{"floor":43,"key":"LiquidBronze"},{"floor":44,"key":"EntropicBrew"}],"is_trial":false,"path_per_floor":["M","?","?","M","?","E","$","R","E","T","?","M","E","M","$","M","R","R","B",null,"M","?","T","M","$","R","E","M","T","R","$","R","?","M","$","R","B",null,"M","?","$","?","M","E","R","M","T","M","M","R","M","M","R","B",null],"character_chosen":"DEFECT","items_purchased":["Coolheaded","Glacier","DataDisk","Recycle+1"],"campfire_rested":1,"item_purchase_floors":[7,15,31,35],"current_hp_per_floor":[64,64,64,64,43,43,43,43,29,29,22,20,10,8,23,30,30,30,40,63,57,57,57,50,65,65,60,32,32,32,47,47,47,55,70,70,25,60,60,47,62,62,25,35,35,43,43,43,34,55,71,71,71,67],"gold":140,"neow_bonus":"THREE_ENEMY_KILL","is_daily":false,"chose_seed":false,"campfire_upgraded":9,"win_rate":0.0,"timestamp":1614353906,"path_taken":["M","?","?","M","?","E","$","R","E","T","?","?","E","M","?","M","R","R","BOSS","M","?","?","?","?","R","E","M","T","R","$","R","?","?","$","R","BOSS","M","?","$","?","M","E","R","M","T","M","M","R","M","?","R","BOSS"],"items_purchased_type":["Card","Card","Relic","Card"],"build_version":"2020-12-22","purchased_purges":3,"victory":true,"max_hp_per_floor":[71,71,71,71,71,71,71,71,71,71,71,71,71,71,71,71,71,71,71,71,71,71,71,71,71,71,71,71,71,71,71,71,71,71,71,71,71,71,71,71,71,71,71,71,71,71,71,71,71,71,71,71,71,71],"card_choices":[{"not_picked":["Stack","Heatsinks","Undo"],"picked":"SKIP","floor":1.0},{"not_picked":["Cold Snap","Steam","Barrage"],"picked":"SKIP","floor":4.0},{"not_picked":["Chaos","Auto Shields","Sunder"],"picked":"SKIP","floor":6.0},{"not_picked":["Fusion","Machine Learning"],"picked":"Coolheaded","floor":9.0},{"not_picked":["Gash","Stack","Beam Cell"],"picked":"SKIP","floor":12.0},{"not_picked":["Beam Cell","Coolheaded"],"picked":"Self Repair","floor":13.0},{"not_picked":["Auto Shields","Compile Driver"],"picked":"Creative AI","floor":14.0},{"not_picked":["Genetic Algorithm","Sunder"],"picked":"Hologram","floor":16.0},{"not_picked":["Thunder Strike","Hyperbeam"],"picked":"Biased Cognition","floor":19.0},{"not_picked":["Cold Snap","Leap"],"picked":"Defragment","floor":21.0},{"not_picked":["Barrage+1","Cold Snap"],"picked":"Ball Lightning","floor":24.0},{"not_picked":["Consume+1","Capacitor+1"],"picked":"Force Field+1","floor":27.0},{"not_picked":["Stack+1","Hologram+1","Cold Snap"],"picked":"SKIP","floor":28.0},{"not_picked":["Steam+1","Turbo+1"],"picked":"Buffer","floor":34.0},{"not_picked":["Thunder Strike","Biased Cognition"],"picked":"Core Surge","floor":37.0},{"not_picked":["Turbo+1","Leap+1","Gash"],"picked":"SKIP","floor":39.0},{"not_picked":["Coolheaded+1","Gash+1","Hologram+1"],"picked":"SKIP","floor":43},{"not_picked":["Force Field+1","Steam+1","Reprogram+1"],"picked":"SKIP","floor":44},{"not_picked":["Redo+1","Rebound+1","Barrage"],"picked":"SKIP","floor":46},{"not_picked":["Hello World","Conserve Battery+1","Gash"],"picked":"SKIP","floor":48},{"not_picked":["Rebound","Lockon","Self Repair"],"picked":"SKIP","floor":49},{"not_picked":["Hello World+1","Ball Lightning","Rebound+1"],"picked":"SKIP","floor":51},{"not_picked":["Sunder","Genetic Algorithm+1","Gash"],"picked":"SKIP","floor":52}],"player_experience":594093,"relics_obtained":[{"floor":6.0,"key":"Whetstone"},{"floor":9.0,"key":"CeramicFish"},{"floor":10.0,"key":"MealTicket"},{"floor":13.0,"key":"StrikeDummy"},{"floor":23.0,"key":"Toxic Egg 2"},{"floor":27.0,"key":"WingedGreaves"},{"floor":29.0,"key":"War Paint"},{"floor":44,"key":"Bottled Lightning"},{"floor":47,"key":"The Courier"}],"event_choices":[{"cards_removed":["Strike_B"],"damage_healed":0.0,"max_hp_gain":0.0,"max_hp_loss":0.0,"gold_gain":0.0,"event_name":"The Cleric","player_choice":"Card Removal","floor":2.0,"gold_loss":75.0,"damage_taken":0.0},{"damage_healed":0.0,"max_hp_gain":0.0,"max_hp_loss":0.0,"gold_gain":0.0,"cards_transformed":["Strike_B"],"event_name":"Living Wall","player_choice":"Change","floor":3.0,"gold_loss":0.0,"damage_taken":0.0,"cards_obtained":["Lockon"]},{"damage_healed":0.0,"max_hp_gain":0.0,"max_hp_loss":0.0,"gold_gain":0.0,"event_name":"Shining Light","player_choice":"Entered Light","floor":5.0,"gold_loss":0.0,"damage_taken":21.0,"cards_upgraded":["Defend_B","Defend_B"]},{"cards_removed":["Strike_B"],"damage_healed":0.0,"max_hp_gain":0.0,"max_hp_loss":0.0,"gold_gain":0.0,"event_name":"Golden Wing","player_choice":"Card Removal","floor":11.0,"gold_loss":0.0,"damage_taken":7.0},{"damage_healed":0.0,"max_hp_gain":0.0,"max_hp_loss":0.0,"gold_gain":0.0,"event_name":"Drug Dealer","player_choice":"Inject Mutagens","floor":22.0,"gold_loss":0.0,"damage_taken":0.0,"relics_obtained":["MutagenicStrength"]},{"damage_healed":0.0,"max_hp_gain":0.0,"max_hp_loss":0.0,"gold_gain":0.0,"cards_transformed":["Defend_B"],"event_name":"Transmorgrifier","player_choice":"Transformed","floor":33.0,"gold_loss":0.0,"damage_taken":0.0,"cards_obtained":["Leap"]},{"damage_healed":0.0,"max_hp_gain":0.0,"max_hp_loss":0.0,"gold_gain":0.0,"event_name":"Winding Halls","player_choice":"Embrace Madness","floor":40.0,"gold_loss":0.0,"damage_taken":13.0,"cards_obtained":["Madness","Madness"]},{"damage_healed":0.0,"max_hp_gain":0.0,"max_hp_loss":0.0,"gold_gain":0.0,"event_name":"Match and Keep!","player_choice":"0 cards matched","floor":42.0,"gold_loss":0.0,"damage_taken":0.0,"cards_obtained":[]}],"is_beta":false,"boss_relics":[{"not_picked":["Cursed Key","Fusion Hammer"],"picked":"Philosopher\u0027s Stone"},{"not_picked":["Coffee Dripper","Pandora\u0027s Box"],"picked":"Nuclear Battery"}],"items_purged_floors":[15,25,41],"is_endless":false,"potions_floor_spawned":[4,6,9,14,16,24,28,34,37,43,44,48,52],"ascension_level":17}}