{"host":"2wp95sdfrgw3k439","time":1614368603,"event":{"mods":["BaseMod","Better Altar","Better Skull","Better Third Choice","Curses Come First","Minty Spire (QoL Compilation)","Permanent Neow","StSLib"],"gold_per_floor":[119,133,133,143,163,163,183,183,183,183,199,230,230,255,255,352,352,277,21,21,21,21,21,21,21,21,21,21,21,21,21,21,21,21,21,21,21,21,21,21,21,21,21,21,21,21,21,21,21,21],"floor_reached":51,"language":"ENG","playtime":2367,"items_purged":[],"score":1204,"play_id":"b8618368-cb64-48db-a375-73fa0e2c3236","local_time":"20210226124323","is_ascension_mode":true,"campfire_choices":[{"floor":6,"key":"REST"},{"data":"Fission","floor":8,"key":"SMITH"},{"floor":15,"key":"REST"},{"floor":28,"key":"REST"},{"floor":32,"key":"REST"},{"floor":41,"key":"REST"},{"data":"Rainbow","floor":44,"key":"SMITH"},{"data":"White Noise","floor":49,"key":"SMITH"}],"circlet_count":0,"master_deck":["Zap","Dualcast","Genetic Algorithm","Biased Cognition","Creative AI","Glacier+1","Fission+1","Cold Snap","Sweeping Beam","Beam Cell","Creative AI","Ball Lightning","Genetic Algorithm","Undo+1","Loop","Thunder Strike+1","Rainbow+1","Compile Driver+1","Static Discharge+1","White Noise+1","Lockon+1","Core Surge+1","Electrodynamics","Go for the Eyes+1","Core Surge+1"],"relics":["Pandora\u0027s Box","Gremlin Horn","Molten Egg 2","Akabeko","Ectoplasm","Mummified Hand","Nloth\u0027s Gift","Matryoshka","Pantograph","Meat on the Bone","Red Mask","Cursed Key","Omamori","Cables","Lantern","InkBottle","Smiling Mask"],"acts_visited":["Exordium","TheCity","TheBeyond"],"potions_floor_usage":[12,14,14,18,23,27,29,30,36,38,38,38,48,50],"damage_taken":[{"damage":5,"enemies":"2 Louse","floor":1,"turns":3},{"damage":11,"enemies":"Jaw Worm","floor":2,"turns":4},{"damage":9,"enemies":"Cultist","floor":4,"turns":4},{"damage":9,"enemies":"Looter","floor":5,"turns":4},{"damage":6,"enemies":"2 Fungi Beasts","floor":7,"turns":3},{"damage":0,"enemies":"Large Slime","floor":11,"turns":5},{"damage":14,"enemies":"Gremlin Nob","floor":12,"turns":4},{"damage":0,"enemies":"3 Sentries","floor":14,"turns":3},{"damage":16,"enemies":"The Guardian","floor":16,"turns":13},{"damage":9,"enemies":"2 Thieves","floor":18,"turns":5},{"damage":2,"enemies":"Chosen","floor":21,"turns":5},{"damage":0,"enemies":"Shelled Parasite and Fungi","floor":22,"turns":5},{"damage":12,"enemies":"Slavers","floor":23,"turns":4},{"damage":23,"enemies":"Chosen and Byrds","floor":25,"turns":4},{"damage":0,"enemies":"Centurion and Healer","floor":27,"turns":4},{"damage":10,"enemies":"Cultist and Chosen","floor":29,"turns":4},{"damage":0,"enemies":"Masked Bandits","floor":30,"turns":3},{"damage":9,"enemies":"Automaton","floor":33,"turns":9},{"damage":0,"enemies":"3 Shapes","floor":35,"turns":3},{"damage":0,"enemies":"3 Darklings","floor":36,"turns":2},{"damage":28,"enemies":"Maw","floor":38,"turns":4},{"damage":11,"enemies":"Jaw Worm Horde","floor":39,"turns":3},{"damage":12,"enemies":"Reptomancer","floor":40,"turns":3},{"damage":0,"enemies":"Nemesis","floor":42,"turns":7},{"damage":0,"enemies":"Spire Growth","floor":45,"turns":3},{"damage":8,"enemies":"3 Darklings","floor":46,"turns":3},{"damage":0,"enemies":"Reptomancer","floor":48,"turns":4},{"damage":4,"enemies":"Donu and Deca","floor":50,"turns":3}],"seed_played":"381214192814133926","potions_obtained":[{"floor":2,"key":"LiquidBronze"},{"floor":7,"key":"SkillPotion"},{"floor":11,"key":"LiquidMemories"},{"floor":12,"key":"AttackPotion"},{"floor":16,"key":"Fire Potion"},{"floor":22,"key":"Weak Potion"},{"floor":23,"key":"DistilledChaos"},{"floor":25,"key":"Energy Potion"},{"floor":27,"key":"SkillPotion"},{"floor":33,"key":"Regen Potion"},{"floor":35,"key":"GamblersBrew"},{"floor":36,"key":"AttackPotion"},{"floor":42,"key":"Swift Potion"},{"floor":45,"key":"FocusPotion"}],"is_trial":false,"path_per_floor":["M","M","?","M","M","R","M","R","T","?","M","E","T","E","R","B",null,"M","$","?","M","M","E","?","M","T","M","R","M","?","?","R","B",null,"M","M","?","M","M","E","R","E","T","R","M","M","?","E","R","B",null],"character_chosen":"DEFECT","items_purchased":["Mummified Hand"],"campfire_rested":5,"item_purchase_floors":[19],"current_hp_per_floor":[63,52,52,43,34,56,50,50,50,35,35,21,21,21,43,27,63,54,54,54,52,52,40,40,17,17,29,51,41,41,41,63,66,73,73,73,73,50,39,39,61,61,61,61,61,53,53,53,53,71],"gold":21,"neow_bonus":"BOSS_RELIC","is_daily":false,"chose_seed":false,"campfire_upgraded":3,"win_rate":0.0,"timestamp":1614368603,"path_taken":["M","M","?","M","M","R","M","R","T","?","M","E","?","E","R","BOSS","M","$","?","?","M","E","?","M","T","M","R","M","?","?","R","BOSS","M","M","?","?","M","E","R","E","T","R","M","M","?","E","R","BOSS"],"items_purchased_type":["Relic"],"build_version":"2020-12-22","purchased_purges":0,"victory":true,"max_hp_per_floor":[75,75,75,75,75,75,75,75,75,75,75,75,75,75,75,75,75,75,75,75,75,75,75,75,75,75,75,75,75,75,75,75,75,75,75,75,75,75,75,75,75,75,75,75,75,75,75,75,75,75],"card_choices":[{"not_picked":["Redo","Streamline"],"picked":"Sweeping Beam","floor":1},{"not_picked":["Compile Driver","Steam Power"],"picked":"Beam Cell","floor":2},{"not_picked":["Undo","Beam Cell"],"picked":"Ball Lightning","floor":4},{"not_picked":["Barrage","Reprogram"],"picked":"Genetic Algorithm","floor":5},{"not_picked":["Redo","Hologram"],"picked":"Undo","floor":7},{"not_picked":["Scrape","Hologram"],"picked":"Loop","floor":11},{"not_picked":["Rebound","Glacier","Cold Snap"],"picked":"SKIP","floor":12},{"not_picked":["Aggregate","Melter+1"],"picked":"Thunder Strike+1","floor":14},{"not_picked":["Meteor Strike+1","Hyperbeam+1"],"picked":"Rainbow","floor":16},{"not_picked":["Barrage+1","Cold Snap+1"],"picked":"Compile Driver+1","floor":18},{"not_picked":["Steam","Storm+1"],"picked":"Static Discharge+1","floor":21},{"not_picked":["Compile Driver+1","Rebound+1","Rip and Tear+1"],"picked":"SKIP","floor":22},{"not_picked":["Biased Cognition","Recycle"],"picked":"White Noise","floor":23},{"not_picked":["Steam Power","Heatsinks"],"picked":"Lockon+1","floor":25},{"not_picked":["Storm","Cold Snap+1","Sweeping Beam+1"],"picked":"SKIP","floor":27},{"not_picked":["Compile Driver+1","Thunder Strike+1","Stack"],"picked":"SKIP","floor":29},{"not_picked":["Meteor Strike+1","Reboot"],"picked":"Core Surge+1","floor":33},{"not_picked":["Rip and Tear+1","Darkness"],"picked":"Electrodynamics","floor":35},{"not_picked":["Ball Lightning+1","Melter+1","Fusion"],"picked":"SKIP","floor":36},{"not_picked":["Heatsinks+1","Compile Driver+1","Cold Snap+1"],"picked":"SKIP","floor":38},{"not_picked":["Compile Driver+1","Heatsinks+1","Hologram+1"],"picked":"SKIP","floor":39},{"not_picked":["Static Discharge+1","Buffer","Steam Power+1"],"picked":"SKIP","floor":40},{"not_picked":["Cold Snap+1","Static Discharge","Rip and Tear+1"],"picked":"SKIP","floor":42},{"not_picked":["Stack+1","Steam"],"picked":"Go for the Eyes+1","floor":45},{"not_picked":["Go for the Eyes+1","Doom and Gloom+1","Stack"],"picked":"SKIP","floor":46},{"not_picked":["Leap+1","Storm+1"],"picked":"Core Surge+1","floor":48}],"player_experience":581853,"relics_obtained":[{"floor":9,"key":"Gremlin Horn"},{"floor":12,"key":"HornCleat"},{"floor":13,"key":"Molten Egg 2"},{"floor":14,"key":"Akabeko"},{"floor":23,"key":"Matryoshka"},{"floor":26,"key":"Pantograph"},{"floor":26,"key":"Meat on the Bone"},{"floor":30,"key":"Red Mask"},{"floor":40,"key":"Omamori"},{"floor":42,"key":"Cables"},{"floor":43,"key":"Lantern"},{"floor":43,"key":"InkBottle"},{"floor":48,"key":"Smiling Mask"}],"event_choices":[{"damage_healed":0,"gold_gain":0,"cards_transformed":["Meteor Strike"],"player_choice":"Change","damage_taken":0,"max_hp_gain":0,"max_hp_loss":0,"event_name":"Living Wall","floor":3,"gold_loss":0,"cards_obtained":["Creative AI"]},{"damage_healed":50,"gold_gain":0,"player_choice":"Upgrade","damage_taken":15,"max_hp_gain":0,"max_hp_loss":75,"event_name":"betterThird:BetterShining","floor":10,"gold_loss":0,"cards_upgraded":["Undo","Glacier"]},{"damage_healed":0,"gold_gain":0,"player_choice":"Traded Relic","damage_taken":0,"relics_obtained":["Nloth\u0027s Gift"],"max_hp_gain":0,"max_hp_loss":0,"event_name":"N\u0027loth","floor":20,"relics_lost":["HornCleat"],"gold_loss":0},{"damage_healed":0,"gold_gain":99,"player_choice":"Steal","damage_taken":0,"max_hp_gain":0,"max_hp_loss":0,"event_name":"betterThird:BetterNest","floor":24,"gold_loss":0},{"damage_healed":0,"gold_gain":0,"player_choice":"Fought Bandits","damage_taken":0,"max_hp_gain":0,"max_hp_loss":0,"event_name":"Masked Bandits","floor":30,"gold_loss":0},{"damage_healed":0,"gold_gain":0,"player_choice":"Adaptability","damage_taken":0,"max_hp_gain":0,"max_hp_loss":0,"event_name":"betterThird:BetterWriting","floor":31,"gold_loss":0},{"cards_removed":["Darkness"],"damage_healed":0,"gold_gain":0,"player_choice":"Purged","damage_taken":0,"max_hp_gain":0,"max_hp_loss":0,"event_name":"Purifier","floor":37,"gold_loss":0},{"damage_healed":0,"gold_gain":222,"player_choice":"Wore Mask","damage_taken":0,"max_hp_gain":0,"max_hp_loss":0,"event_name":"Tomb of Lord Red Mask","floor":47,"gold_loss":0}],"is_beta":false,"boss_relics":[{"not_picked":["Runic Dome","Black Star"],"picked":"Ectoplasm"},{"not_picked":["Snecko Eye","Empty Cage"],"picked":"Cursed Key"}],"items_purged_floors":[],"is_endless":false,"potions_floor_spawned":[2,7,11,12,16,22,23,25,27,33,35,36,42,45],"ascension_level":9}}