{"host":"zcytydgb505ghzux","time":1614310471,"event":{"mods":["Act Like it!","BaseMod","Colored Powertips","Downfall","Highlight Path","Infinite Spire","Jorbs\u0027s Wanderer Trilogy","Marisa????????","Minty Spire (QoL Compilation)","Replay The Spire","StSLib","The Construct","The Mystic","The Wild Card"],"gold_per_floor":[113,113,113,131,143,143,143,143,163,163,245,276,289,364,387,86,86,189,189,206,206,206,206,226,226,256,266,317,416,267,292,328,374,374,490,490,551,612,612,672,672,672,754,754,779,779,793,793],"floor_reached":47,"language":"ENG","playtime":2392,"items_purged":["Rupture"],"score":645,"play_id":"ac750b68-1b64-41a8-91fb-2e3cdff472d8","local_time":"20210225223431","is_ascension_mode":false,"campfire_choices":[{"data":"Armaments","floor":6,"key":"SMITH"},{"data":"Uppercut","floor":10,"key":"SMITH"},{"floor":17,"key":"REST"},{"data":"Rage","floor":25,"key":"SMITH"},{"floor":34,"key":"REST"},{"floor":42,"key":"REST"},{"floor":46,"key":"REST"}],"circlet_count":0,"master_deck":["Strike_R","Strike_R","Strike_R","Strike_R","Strike_R","Defend_R","Defend_R","Defend_R","Defend_R","Bash","Armaments+1","Pommel Strike","Rage+1","Uppercut+1","ReplayTheSpireMod:Corrosion Curse","Sword Boomerang","Limit Break","infinitespire:SevenWalls","Replay:Fractal Strike","Inflame","Feed","infinitespire:OneForAll","Whirlwind","Cleave","Iron Wave","Shrug It Off","CurseOfTheBell","Thunderclap","Shrug It Off","Bloodletting+1","Shrug It Off+1","Wraith"],"relics":["Burning Blood","NeowsBlessing","Matryoshka","infinitespire:PuzzleCube","Odd Mushroom","infinitespire:Satchel","Sling","SacredBark","Bottled Flame","PreservedInsect","Replay:Bandana","Calling Bell","Art of War","Paper Frog","Peace Pipe","infinitespire:EvilPickle","Happy Flower","Blue Doll"],"acts_visited":["Exordium","TheCity","TheBeyond"],"potions_floor_usage":[15,15,18,26,27,38,43],"damage_taken":[{"damage":0,"enemies":"Jaw Worm","floor":1,"turns":1},{"damage":0,"enemies":"Cultist","floor":4,"turns":1},{"damage":0,"enemies":"Small Slimes","floor":5,"turns":1},{"damage":7,"enemies":"2 Fungi Beasts","floor":9,"turns":5},{"damage":13,"enemies":"3 Sentries","floor":12,"turns":7},{"damage":7,"enemies":"Looter","floor":13,"turns":2},{"damage":20,"enemies":"The Mushroom Lair","floor":15,"turns":5},{"damage":61,"enemies":"Slime Boss","floor":18,"turns":13},{"damage":16,"enemies":"Shell Parasite","floor":20,"turns":8},{"damage":0,"enemies":"Chosen","floor":24,"turns":5},{"damage":51,"enemies":"Gremlin Leader","floor":26,"turns":8},{"damage":12,"enemies":"Centurion and Healer","floor":27,"turns":7},{"damage":23,"enemies":"Snake Plant","floor":31,"turns":5},{"damage":10,"enemies":"Snecko","floor":32,"turns":5},{"damage":35,"enemies":"3 Cultists","floor":33,"turns":6},{"damage":55,"enemies":"Pondfish","floor":35,"turns":15},{"damage":8,"enemies":"Orb Walker","floor":37,"turns":4},{"damage":38,"enemies":"3 Darklings","floor":38,"turns":6},{"damage":23,"enemies":"Sphere and 2 Shapes","floor":40,"turns":11},{"damage":61,"enemies":"Transient","floor":43,"turns":5},{"damage":50,"enemies":"Maw","floor":47,"turns":10}],"seed_played":"-5231947235803600709","potions_obtained":[{"floor":9,"key":"Elixir"},{"floor":12,"key":"ColorlessPotion"},{"floor":13,"key":"SkillPotion"},{"floor":24,"key":"Regen Potion"},{"floor":26,"key":"Energy Potion"},{"floor":27,"key":"sneckomod:MuddlingPotion"},{"floor":35,"key":"Toxic Potion"},{"floor":43,"key":"Elixir"}],"is_trial":false,"path_per_floor":["M","?","$","M","M","R","PTL","PTL","M","R","T","E","M","?","?","$","R","B",null,"M","?","?","AVR","M","R","E","M","T","?","$","M","M","M","R","B",null,"M","M","?","M","?","R","M","?","T","R","M"],"character_chosen":"IRONCLAD","items_purchased":["infinitespire:Satchel","Sling","Whirlwind"],"campfire_rested":4,"item_purchase_floors":[16,16,30],"current_hp_per_floor":[80,80,80,80,80,80,80,80,79,79,79,72,71,60,46,46,70,15,80,70,55,83,83,85,85,74,71,71,71,71,57,57,31,60,11,98,96,64,64,47,47,74,19,19,19,46,0,0],"gold":793,"neow_bonus":"THREE_ENEMY_KILL","is_daily":false,"chose_seed":false,"campfire_upgraded":3,"win_rate":0.0,"timestamp":1614310471,"path_taken":["M","?","?","M","?","R","PTL","PTL","M","R","T","E","M","?","?","$","R","BOSS","M","?","?","AVR","M","R","E","M","T","?","?","M","?","?","R","BOSS","M","?","?","M","?","R","M","?","T","R","M"],"items_purchased_type":["Relic","Relic","Card"],"build_version":"2020-12-22","purchased_purges":1,"victory":false,"max_hp_per_floor":[80,80,80,80,80,80,80,80,80,80,80,80,80,80,80,80,80,80,80,80,85,85,85,85,85,85,88,88,88,88,91,95,98,98,98,98,98,98,98,98,93,93,93,93,93,93,93,93],"card_choices":[{"not_picked":["Defy Death","Sever Soul"],"picked":"Armaments","floor":1},{"not_picked":["Flex","Demonic Infusion"],"picked":"Pommel Strike","floor":4},{"not_picked":["Battle Trance","ReplayTheSpireMod:Limb From Limb"],"picked":"Rage","floor":5},{"not_picked":["Body Slam","Sword Boomerang"],"picked":"Uppercut","floor":9},{"not_picked":["Havoc","Sever Soul","Entrench"],"picked":"SKIP","floor":12},{"not_picked":["Havoc","Sever Soul","Entrench"],"picked":"SKIP","floor":12},{"not_picked":["Clash","Pommel Strike"],"picked":"ReplayTheSpireMod:Corrosion Curse","floor":13},{"not_picked":["Burning Pact","Rupture"],"picked":"Sword Boomerang","floor":15},{"not_picked":["Corruption","Hemogenesis"],"picked":"Limit Break","floor":18},{"not_picked":["Havoc+1","Warcry"],"picked":"Rupture","floor":20},{"not_picked":["Dual Wield","Power Through"],"picked":"Inflame","floor":24},{"not_picked":["Life Link","Warcry"],"picked":"Feed","floor":26},{"not_picked":["Iron Wave","Dark Embrace+1"],"picked":"infinitespire:OneForAll","floor":27},{"not_picked":["Perfected Strike","ReplayTheSpireMod:Strike From Hell"],"picked":"Cleave","floor":31},{"not_picked":["Wild Strike","Body Slam"],"picked":"Iron Wave","floor":32},{"not_picked":["Rampage+1","Shockwave"],"picked":"Shrug It Off","floor":33},{"not_picked":["Shockwave","Infernal Blade+1"],"picked":"Thunderclap","floor":37},{"not_picked":["Pommel Strike+1","Clothesline+1"],"picked":"Shrug It Off","floor":38},{"not_picked":["Iron Wave","Sword Boomerang+1"],"picked":"Bloodletting+1","floor":40},{"not_picked":["Warcry","Headbutt+1"],"picked":"Shrug It Off+1","floor":43}],"player_experience":100838,"relics_obtained":[{"floor":11,"key":"Matryoshka"},{"floor":12,"key":"infinitespire:PuzzleCube"},{"floor":15,"key":"Odd Mushroom"},{"floor":26,"key":"Bottled Flame"},{"floor":28,"key":"PreservedInsect"},{"floor":28,"key":"Replay:Bandana"},{"floor":36,"key":"Art of War"},{"floor":36,"key":"Paper Frog"},{"floor":36,"key":"Peace Pipe"},{"floor":45,"key":"Happy Flower"},{"floor":45,"key":"Blue Doll"}],"event_choices":[{"damage_healed":0,"gold_gain":0,"player_choice":"0 cards matched","damage_taken":0,"max_hp_gain":0,"max_hp_loss":0,"event_name":"Match and Keep!","floor":2,"gold_loss":0,"cards_obtained":[]},{"damage_healed":0,"gold_gain":75,"player_choice":"Gather Gold","damage_taken":11,"max_hp_gain":0,"max_hp_loss":0,"event_name":"World of Goop","floor":14,"gold_loss":0},{"damage_healed":0,"gold_gain":0,"player_choice":"Fought Mushrooms","damage_taken":0,"max_hp_gain":0,"max_hp_loss":0,"event_name":"Mushrooms","floor":15,"gold_loss":0},{"damage_healed":0,"gold_gain":0,"player_choice":"Shed Blood","damage_taken":20,"max_hp_gain":5,"max_hp_loss":0,"event_name":"Forgotten Altar","floor":21,"gold_loss":0},{"damage_healed":28,"gold_gain":0,"player_choice":"Heal","damage_taken":0,"max_hp_gain":0,"max_hp_loss":0,"event_name":"The Library","floor":22,"gold_loss":0},{"damage_healed":0,"gold_gain":99,"player_choice":"Stole From Cult","damage_taken":0,"max_hp_gain":0,"max_hp_loss":0,"event_name":"Nest","floor":29,"gold_loss":0},{"damage_healed":0,"gold_gain":0,"player_choice":"Ignored","damage_taken":0,"max_hp_gain":0,"max_hp_loss":0,"event_name":"Tomb of Lord Red Mask","floor":39,"gold_loss":0},{"damage_healed":0,"gold_gain":0,"player_choice":"Max HP","damage_taken":0,"max_hp_gain":0,"max_hp_loss":5,"event_name":"Winding Halls","floor":41,"gold_loss":0},{"damage_healed":0,"gold_gain":0,"player_choice":"Ignored","damage_taken":0,"max_hp_gain":0,"max_hp_loss":0,"event_name":"OrinTheCat","floor":44,"gold_loss":0}],"is_beta":false,"boss_relics":[{"not_picked":["Replay:Ancient Bell","construct:WeddingRing"],"picked":"SacredBark"},{"not_picked":["Replay:Grab Bag","Snecko Eye"],"picked":"Calling Bell"}],"items_purged_floors":[30],"is_endless":false,"potions_floor_spawned":[9,12,13,24,26,27,35,43],"killed_by":"Maw","ascension_level":0}}