{"host":"8zzc9mdnfkdiyxma","time":1614335489,"event":{"mods":["2.2 Compatiblity","BaseMod","Better Altar","Better Match","Better Note","Better Sensory Stone","Better Skull","Better Third Choice","Better Vampires","Colored Map","Colored Powertips","Dark Map","Emptier Cage","Energized Spire","Extra Virgin Snecko Oil","Halation","Hubris","Minty Spire (QoL Compilation)","Monster B Gone","Permanent Neow","RNG Fix","Rare Cards Sparkle","Relic Filter","Reliquary","SacredBarkPlus","Smile Girya","StSLib","Waifu the Spire"],"gold_per_floor":[118,60,76,94,112,146,146,159,159,193,208,208,208,254,254,332,332,351,351,175,188,188,188,222,232,280,308,308,318,336,346,346,425,425,439,494,494,510,510,510,527,527,553,582,594,594,340,87,87,87,87,87,87,34,68,68],"floor_reached":57,"language":"ENG","playtime":4618,"items_purged":["Strike_R","Defend_R","Defend_R"],"score":2714,"play_id":"4f8f3a69-541d-4d7e-8e66-dcd78d9c2215","local_time":"20210226053129","is_ascension_mode":true,"campfire_choices":[{"data":"Cleave","floor":7,"key":"SMITH"},{"data":"Uppercut","floor":12,"key":"SMITH"},{"data":"Cleave","floor":15,"key":"SMITH"},{"data":"Discovery","floor":23,"key":"SMITH"},{"data":"Demon Form","floor":28,"key":"SMITH"},{"data":"Feel No Pain","floor":32,"key":"SMITH"},{"floor":40,"key":"RECALL"},{"data":"Pommel Strike","floor":42,"key":"SMITH"},{"data":"Pommel Strike","floor":46,"key":"SMITH"},{"data":"Discovery","floor":49,"key":"SMITH"},{"data":"Shrug It Off","floor":53,"key":"SMITH"}],"circlet_count":0,"master_deck":["AscendersBane","Strike_R","Strike_R","Strike_R","Strike_R","Defend_R","Defend_R","Bash","Cleave+1","Shockwave","Shrug It Off+1","Cleave+1","Feel No Pain+1","Uppercut+1","Offering","Cleave","Discovery+1","Dark Shackles","Metallicize+1","Demon Form+1","Evolve+1","Clothesline","Dark Embrace+1","Offering","Pummel+1","Headbutt+1","Pommel Strike+1","Twin Strike+1","Pommel Strike+1","Impervious","Metallicize","Discovery+1"],"relics":["Burning Blood","NeowsBlessing","betterThird:SlimedRelic","hubris:PeanutButter","hubris:Reverence","reliquary:PrincelyHelmet","Mango","Happy Flower","hubris:RunicObelisk","Ancient Tea Set","Incense Burner","SlaversCollar","Torii","halation:PrussianBluePaint","reliquary:CitrusReamer","hubris:SlimyHat"],"acts_visited":["Exordium","TheCity","TheBeyond","TheEnding"],"potions_floor_usage":[6,6,10,16,33,41,44,55,56],"damage_taken":[{"damage":0,"enemies":"Jaw Worm","floor":1,"turns":1},{"damage":0,"enemies":"Cultist","floor":3,"turns":1},{"damage":0,"enemies":"Small Slimes","floor":4,"turns":1},{"damage":9,"enemies":"Exordium Thugs","floor":5,"turns":3},{"damage":37,"enemies":"3 Sentries","floor":6,"turns":7},{"damage":0,"enemies":"Lots of Slimes","floor":8,"turns":2},{"damage":0,"enemies":"Gremlin Nob","floor":10,"turns":3},{"damage":0,"enemies":"Looter","floor":11,"turns":2},{"damage":14,"enemies":"Slime Boss","floor":16,"turns":6},{"damage":0,"enemies":"3 Byrds","floor":18,"turns":4},{"damage":0,"enemies":"2 Thieves","floor":21,"turns":2},{"damage":5,"enemies":"Slavers","floor":24,"turns":3},{"damage":0,"enemies":"Snake Plant","floor":25,"turns":5},{"damage":40,"enemies":"Gremlin Leader","floor":27,"turns":6},{"damage":0,"enemies":"Chosen and Byrds","floor":29,"turns":4},{"damage":0,"enemies":"Snecko","floor":30,"turns":4},{"damage":9,"enemies":"Shelled Parasite and Fungi","floor":31,"turns":6},{"damage":16,"enemies":"Collector","floor":33,"turns":10},{"damage":23,"enemies":"3 Darklings","floor":35,"turns":4},{"damage":0,"enemies":"2 Orb Walkers","floor":36,"turns":3},{"damage":7,"enemies":"3 Shapes","floor":38,"turns":5},{"damage":4,"enemies":"Maw","floor":41,"turns":7},{"damage":4,"enemies":"Giant Head","floor":44,"turns":4},{"damage":0,"enemies":"Transient","floor":45,"turns":6},{"damage":14,"enemies":"Donu and Deca","floor":50,"turns":8},{"damage":9,"enemies":"Awakened One","floor":51,"turns":9},{"damage":5,"enemies":"Shield and Spear","floor":55,"turns":6},{"damage":40,"enemies":"The Heart","floor":56,"turns":7}],"seed_played":"-8412498524108992040","potions_obtained":[{"floor":1,"key":"BloodPotion"},{"floor":5,"key":"Explosive Potion"},{"floor":6,"key":"FearPotion"},{"floor":8,"key":"LiquidMemories"},{"floor":10,"key":"AttackPotion"},{"floor":27,"key":"Weak Potion"},{"floor":31,"key":"Block Potion"},{"floor":35,"key":"Swift Potion"},{"floor":36,"key":"Regen Potion"},{"floor":41,"key":"AttackPotion"},{"floor":45,"key":"Fire Potion"}],"is_trial":false,"path_per_floor":["M","?","M","M","M","E","R","M","T","E","M","R","?","T","R","B",null,"M","?","$","M","?","R","E","M","T","E","R","M","M","M","R","B",null,"M","?","?","M","?","R","M","R","T","E","M","R","$","$","R","B","B",null,"R","$","E","B",null],"character_chosen":"IRONCLAD","items_purchased":["Dark Shackles","Impervious","Metallicize","Discovery","Block Potion"],"campfire_rested":0,"item_purchase_floors":[20,47,48,48,54],"current_hp_per_floor":[74,63,69,75,72,56,56,62,62,68,74,74,88,88,88,80,87,89,89,89,89,67,67,68,74,74,40,40,46,52,49,49,39,77,60,66,66,65,65,65,82,82,82,84,89,89,89,89,89,81,78,86,86,86,87,53],"gold":68,"neow_bonus":"THREE_ENEMY_KILL","is_daily":false,"chose_seed":false,"campfire_upgraded":10,"win_rate":0.0,"timestamp":1614335489,"path_taken":["M","?","M","M","M","E","R","M","T","E","M","R","?","?","R","BOSS","M","?","$","?","?","R","E","?","T","E","R","M","M","M","R","BOSS","M","?","?","M","?","R","?","R","T","E","M","R","?","$","R","BOSS","BOSS","R","$","E","BOSS"],"items_purchased_type":["Card","Card","Card","Card","Potion"],"build_version":"2020-12-22","purchased_purges":3,"victory":true,"max_hp_per_floor":[75,75,75,75,75,75,75,75,75,75,75,75,89,89,89,89,89,89,89,89,89,89,89,89,89,89,89,89,89,89,89,89,89,89,89,89,89,89,89,89,89,89,89,89,89,89,89,89,89,89,89,89,89,89,89,89],"card_choices":[{"not_picked":["Armaments","Twin Strike"],"picked":"Cleave","floor":1},{"not_picked":["Perfected Strike","Thunderclap"],"picked":"Shockwave","floor":3},{"not_picked":["Clash","Warcry"],"picked":"Shrug It Off","floor":4},{"not_picked":["Hemokinesis","Ghostly Armor"],"picked":"Cleave","floor":5},{"not_picked":["Dropkick","Body Slam"],"picked":"Headbutt","floor":6},{"not_picked":["Thunderclap","Flex","Hemokinesis"],"picked":"SKIP","floor":8},{"not_picked":["Brutality","Thunderclap"],"picked":"Feel No Pain","floor":10},{"not_picked":["Heavy Blade","Warcry"],"picked":"Uppercut","floor":11},{"not_picked":["Limit Break","Immolate"],"picked":"Offering","floor":16},{"not_picked":["Rage","Ghostly Armor"],"picked":"Cleave","floor":18},{"not_picked":["Intimidate","Thunderclap"],"picked":"Metallicize+1","floor":21},{"not_picked":["hubris:ReadiedAction+1","Clothesline"],"picked":"Evolve+1","floor":24},{"not_picked":["Havoc","hubris:CleavingFinish","Warcry"],"picked":"SKIP","floor":25},{"not_picked":["Corruption","Clash"],"picked":"Clothesline","floor":27},{"not_picked":["Whirlwind","Bloodletting+1"],"picked":"Dark Embrace+1","floor":29},{"not_picked":["Whirlwind","Flex","Wild Strike+1"],"picked":"SKIP","floor":30},{"not_picked":["hubris:SharpeningStone","Sever Soul","Hemokinesis"],"picked":"SKIP","floor":31},{"not_picked":["Juggernaut","Berserk"],"picked":"Offering","floor":33},{"not_picked":["Seeing Red","Thunderclap"],"picked":"Pummel+1","floor":35},{"not_picked":["Blood for Blood","Rampage"],"picked":"Headbutt+1","floor":36},{"not_picked":["Iron Wave","Havoc","Brutality"],"picked":"SKIP","floor":38},{"not_picked":["Feel No Pain","Dual Wield"],"picked":"Pommel Strike","floor":41},{"not_picked":["Body Slam+1","Iron Wave+1"],"picked":"Twin Strike+1","floor":44},{"not_picked":["Headbutt","Warcry+1"],"picked":"Pommel Strike","floor":45},{"not_picked":["Dropkick","Double Tap","Battle Trance"],"picked":"SKIP","floor":55}],"player_experience":1027416,"relics_obtained":[{"floor":6,"key":"hubris:PeanutButter"},{"floor":9,"key":"hubris:Reverence"},{"floor":10,"key":"reliquary:PrincelyHelmet"},{"floor":14,"key":"Happy Flower"},{"floor":24,"key":"Ancient Tea Set"},{"floor":27,"key":"Incense Burner"},{"floor":36,"key":"Torii"},{"floor":43,"key":"halation:PrussianBluePaint"},{"floor":44,"key":"reliquary:CitrusReamer"},{"floor":55,"key":"hubris:SlimyHat"}],"event_choices":[{"damage_healed":0,"gold_gain":0,"player_choice":"Slimed","damage_taken":11,"max_hp_gain":0,"max_hp_loss":0,"event_name":"betterThird:BetterGoop","floor":2,"gold_loss":58},{"damage_healed":0,"gold_gain":0,"player_choice":"Gave Potion","damage_taken":0,"relics_obtained":["Mango"],"max_hp_gain":0,"max_hp_loss":0,"event_name":"WeMeetAgain","floor":13,"gold_loss":0},{"cards_removed":["Uppercut"],"damage_healed":0,"gold_gain":0,"player_choice":"Take \u0026 Give","damage_taken":0,"max_hp_gain":0,"max_hp_loss":0,"event_name":"betterNote:BetterNote","floor":19,"gold_loss":0,"cards_obtained":["Discovery"]},{"damage_healed":0,"gold_gain":2,"player_choice":"2","damage_taken":0,"max_hp_gain":0,"max_hp_loss":22,"event_name":"betterStone:BetterStone","floor":22,"gold_loss":0},{"damage_healed":0,"gold_gain":0,"player_choice":"Fight","damage_taken":0,"max_hp_gain":0,"max_hp_loss":0,"event_name":"Mysterious Sphere","floor":36,"gold_loss":0},{"cards_removed":["Headbutt"],"damage_healed":0,"gold_gain":0,"player_choice":"Removed Attack","damage_taken":0,"max_hp_gain":0,"max_hp_loss":0,"event_name":"Falling","floor":37,"gold_loss":0}],"is_beta":false,"boss_relics":[{"not_picked":["Runic Cube","energizedSpire:OgreHead"],"picked":"hubris:RunicObelisk"},{"not_picked":["reliquary:BigHammer","halation:HeavySnake"],"picked":"SlaversCollar"}],"items_purged_floors":[20,47,48],"is_endless":false,"potions_floor_spawned":[1,5,6,8,10,27,31,35,36,41,45],"ascension_level":20}}