{"host":"sqt6c5vt7d1y5xtt","time":1614313485,"event":{"mods":["AchievementEnabler","BaseMod","Block Reminder","Lobotomy","Minty Spire (QoL Compilation)","Quick Restart"],"gold_per_floor":[111,111,129,143,143,143,156,156,456,120,130,130,130,130,130,254,254,270,27,127,142,165,165,204,0,0,33,33,33],"floor_reached":28,"language":"KOR","playtime":824,"items_purged":["Defend_R","Defend_R"],"score":246,"play_id":"7d4d83ab-5e46-418c-a5b8-b9079f678130","local_time":"20210226012445","is_ascension_mode":false,"campfire_choices":[{"data":"Wild Strike","floor":6,"key":"SMITH"},{"data":"Bash","floor":8,"key":"SMITH"},{"data":"Pommel Strike","floor":15,"key":"SMITH"},{"data":"Berserk","floor":23,"key":"SMITH"}],"circlet_count":0,"master_deck":["Strike_R","Strike_R","Strike_R","Strike_R","Strike_R","Defend_R","Bash+1","LaLuna","LongBird","Perfected Strike+1","Wild Strike+1","Pommel Strike+1","SilentOrchestra","Berserk+1","Anger+1","GalaxyChild","Battle Trance","OSAHOGD","Rudolta","Wild Strike"],"relics":["Burning Blood","CogitoBucket","Ornamental Fan","Old Coin","Mercury Hourglass","Golden Idol","CaptainsWheel","Black Star","HellTrain","Lantern","Darkstone Periapt","Incense Burner","Art of War","Akabeko","Blue Candle"],"acts_visited":["Exordium","TheCity"],"potions_floor_usage":[16,27,28,28,28],"damage_taken":[{"damage":6,"enemies":"Cultist","floor":1,"turns":3},{"damage":11,"enemies":"Jaw Worm","floor":3,"turns":2},{"damage":11,"enemies":"2 Louse","floor":4,"turns":3},{"damage":6,"enemies":"Looter","floor":7,"turns":3},{"damage":5,"enemies":"Exordium Wildlife","floor":11,"turns":3},{"damage":29,"enemies":"The Guardian","floor":16,"turns":5},{"damage":21,"enemies":"Chosen","floor":18,"turns":3},{"damage":10,"enemies":"Spheric Guardian","floor":21,"turns":3},{"damage":33,"enemies":"Snake Plant","floor":22,"turns":3},{"damage":20,"enemies":"Book of Stabbing","floor":24,"turns":4},{"damage":14,"enemies":"Gremlin Leader","floor":27,"turns":5}],"seed_played":"-6799996087355475644","potions_obtained":[{"floor":1,"key":"DuplicationPotion"},{"floor":16,"key":"Dexterity Potion"},{"floor":22,"key":"SpeedPotion"},{"floor":24,"key":"Regen Potion"},{"floor":27,"key":"GamblersBrew"}],"is_trial":false,"path_per_floor":["M","T","M","M","?","R","M","R","T","$","M","?","?","?","R","B",null,"M","$","?","M","M","R","E","?","T","E","M"],"character_chosen":"IRONCLAD","items_purchased":["Mercury Hourglass","Lantern"],"campfire_rested":0,"item_purchase_floors":[10,19],"current_hp_per_floor":[80,80,75,70,70,70,70,70,70,70,71,51,44,41,41,18,80,65,65,65,61,34,34,20,20,20,24,0,0],"gold":33,"neow_bonus":"","is_daily":false,"chose_seed":false,"campfire_upgraded":4,"win_rate":0.0,"timestamp":1614313485,"path_taken":["M","?","M","M","?","R","?","R","T","$","M","?","?","?","R","BOSS","M","$","?","?","M","R","E","?","T","E","M"],"items_purchased_type":["Relic","Card"],"build_version":"2020-12-22","purchased_purges":2,"victory":false,"max_hp_per_floor":[80,80,80,80,80,80,80,80,80,80,80,80,80,80,80,80,80,80,80,80,80,80,80,80,80,80,80,80,80],"card_choices":[{"not_picked":["BodiesMountain","CrumblingArmor"],"picked":"LaLuna","floor":1},{"not_picked":["Clash","Sentinel","Fire Breathing"],"picked":"SKIP","floor":1},{"not_picked":["MeatLantern","OSAHOGD"],"picked":"LongBird","floor":3},{"not_picked":["Havoc","True Grit"],"picked":"Perfected Strike","floor":3},{"not_picked":["BeautyBeast","FairyFestival","VoidDream"],"picked":"Singing Bowl","floor":4},{"not_picked":["Clothesline","Heavy Blade"],"picked":"Wild Strike","floor":4},{"not_picked":["OSAHOGD","BeautyBeast","Variant"],"picked":"Singing Bowl","floor":7},{"not_picked":["Shrug It Off","Heavy Blade"],"picked":"Pommel Strike","floor":7},{"not_picked":["SpiderBud","PunishingBird"],"picked":"SilentOrchestra","floor":11},{"not_picked":["Clash","Fire Breathing","Bloodletting"],"picked":"SKIP","floor":11},{"not_picked":["LittlePrince","NakedNest","BeautyBeast"],"picked":"Singing Bowl","floor":16},{"not_picked":["Immolate","Demon Form"],"picked":"Berserk","floor":16},{"not_picked":["MHz","CherryBlossoms","Bloodbath"],"picked":"Singing Bowl","floor":18},{"not_picked":["Carnage+1","Warcry+1"],"picked":"Anger+1","floor":18},{"not_picked":["MHz","BigBird"],"picked":"GalaxyChild","floor":21},{"not_picked":["Metallicize","Seeing Red"],"picked":"Battle Trance","floor":21},{"not_picked":["WallGazer","OldLady"],"picked":"OSAHOGD","floor":22},{"not_picked":["Body Slam","Heavy Blade","Fire Breathing"],"picked":"SKIP","floor":22},{"not_picked":["CrumblingArmor","FairyFestival","Wellcheers"],"picked":"Singing Bowl","floor":24},{"not_picked":["Hemokinesis","Cleave+1","Body Slam"],"picked":"SKIP","floor":24},{"not_picked":["Hemokinesis","Cleave+1","Body Slam"],"picked":"SKIP","floor":24},{"not_picked":["CrumblingArmor","SnowQueen"],"picked":"Rudolta","floor":27},{"not_picked":["Bludgeon","Evolve"],"picked":"Wild Strike","floor":27}],"player_experience":170223,"relics_obtained":[{"floor":2,"key":"Ornamental Fan"},{"floor":9,"key":"Old Coin"},{"floor":24,"key":"Darkstone Periapt"},{"floor":24,"key":"Incense Burner"},{"floor":26,"key":"Art of War"},{"floor":27,"key":"Akabeko"},{"floor":27,"key":"Blue Candle"}],"event_choices":[{"damage_healed":0,"gold_gain":0,"player_choice":"Upgraded","damage_taken":0,"max_hp_gain":0,"max_hp_loss":0,"event_name":"Upgrade Shrine","floor":5,"gold_loss":0,"cards_upgraded":["Perfected Strike"]},{"damage_healed":0,"gold_gain":0,"player_choice":"Take Damage","damage_taken":20,"relics_obtained":["Golden Idol"],"max_hp_gain":0,"max_hp_loss":0,"event_name":"Golden Idol","floor":12,"gold_loss":0},{"cards_removed":["Defend_R"],"damage_healed":0,"gold_gain":0,"player_choice":"Card Removal","damage_taken":7,"max_hp_gain":0,"max_hp_loss":0,"event_name":"Golden Wing","floor":13,"gold_loss":0},{"damage_healed":0,"gold_gain":0,"player_choice":"Success","damage_taken":3,"relics_obtained":["CaptainsWheel"],"max_hp_gain":0,"max_hp_loss":0,"event_name":"Scrap Ooze","floor":14,"gold_loss":0},{"damage_healed":0,"gold_gain":100,"player_choice":"Pray","damage_taken":0,"max_hp_gain":0,"max_hp_loss":0,"event_name":"Golden Shrine","floor":20,"gold_loss":0},{"damage_healed":0,"gold_gain":0,"player_choice":"Paid Fearfully","damage_taken":0,"max_hp_gain":0,"max_hp_loss":0,"event_name":"Masked Bandits","floor":25,"gold_loss":204}],"is_beta":false,"boss_relics":[{"not_picked":["Sozu","Busted Crown"],"picked":"Black Star"}],"items_purged_floors":[10,19],"is_endless":false,"potions_floor_spawned":[1,16,22,24,27],"killed_by":"Cultist and Chosen","ascension_level":0}}