{"host":"opdum64sdiqzxm7l","time":1614371285,"event":{"mods":["Act Like it!","Aspiration","BaseMod","Bossed Relics","CapriCore","Colored Powertips","Conspire","Energized Spire","Friendly Minions","Gold Saver","Hubris","Hunter 猎人","Jedi Mod","Lobotomy","LobotomyExtend","Minty Spire (QoL Compilation)","MostiFishMod","Pale of the Ancients","Poor People Problems","Quick Restart","Reliquary","Replay The Spire","RumiaBox-露米娅的神秘盒子","Ryuuou龙王","Slay the Relics Exporter","Spicy Shops","StSLib","TestMod","Transform Curses","UnlockEverythingMod","Waifu the Spire","[IsaacMod]以撒尖塔","[功能]功能增强和修复MOD","【功能Mod】混沌之环修复补丁","【功能Mod】聪明的最终Boss","【遗物卡牌】REMEMod"],"gold_per_floor":[129,72,72,10,23,23,23,23],"floor_reached":7,"language":"ZHS","playtime":486,"items_purged":[],"score":39,"play_id":"43fb8ef2-4ee4-44bc-ae75-a6cfe97fe862","local_time":"20210227042805","is_ascension_mode":false,"campfire_choices":[{"data":"Resurrection Giant","floor":6,"key":"SMITH"}],"circlet_count":0,"master_deck":["Strike_Giant","Strike_Giant+1","Defend_Giant","Defend_Giant","Defend_Giant","Defend_Giant+1","CultistPetCall+1","EagleFirst","EagleFirst","EagleSecond","Adrenaline","Resurrection Giant+1","Backflip Giant"],"relics":["GiantSoulBox","REME_ComplimentaryCards","DaveBox","testmod-TestBox","HushsDoor","Damocles","testmod-RealStoneCalender","CogitoBucket","RabbitCall","DSteel32","testmod-IndustrialRevolution","LetterFromLob","Chi","Ling","DaveBox","DSteel32","Lantern","testmod-InjuryResistance"],"acts_visited":["Exordium"],"potions_floor_usage":[],"damage_taken":[{"damage":0,"enemies":"conspire:RoseBush","floor":1,"turns":3},{"damage":1,"enemies":"Small Slimes","floor":5,"turns":2},{"damage":4,"enemies":"Lagavulin","floor":7,"turns":2}],"seed_played":"2316181915262603912","potions_obtained":[{"floor":5,"key":"PowerPotion"}],"is_trial":false,"path_per_floor":["M","$","?","$","M","R","E"],"character_chosen":"Giant","items_purchased":["ChiLing","Lantern"],"campfire_rested":0,"item_purchase_floors":[2,4],"current_hp_per_floor":[65,65,65,65,64,64,0,0],"gold":23,"neow_bonus":"","is_daily":false,"chose_seed":false,"campfire_upgraded":1,"win_rate":0.0,"timestamp":1614371285,"path_taken":["M","$","?","$","?","R","E"],"items_purchased_type":["Relic","Card"],"build_version":"2020-12-22","purchased_purges":0,"victory":false,"max_hp_per_floor":[65,65,65,65,65,65,65,65],"card_choices":[{"not_picked":["Echo Attack","Struggle Attack"],"picked":"Resurrection Giant","floor":1},{"not_picked":["Death Explode","Commander_Giant"],"picked":"Backflip Giant","floor":5}],"player_experience":9618,"relics_obtained":[{"floor":1,"key":"testmod-IndustrialRevolution"},{"floor":1,"key":"LetterFromLob"},{"floor":5,"key":"testmod-InjuryResistance"}],"event_choices":[{"damage_healed":0,"gold_gain":0,"player_choice":"Swap Relic","damage_taken":0,"relics_obtained":["DaveBox"],"max_hp_gain":0,"max_hp_loss":0,"event_name":"给自己的盒子","floor":3,"relics_lost":["ChiLing"],"gold_loss":0}],"is_beta":false,"boss_relics":[],"items_purged_floors":[],"is_endless":false,"potions_floor_spawned":[5],"killed_by":"Lagavulin","ascension_level":0}}