{"host":"v9oq5ccz01n9mezq","time":1614302356,"event":{"mods":["BaseMod","Colored Map","Minty Spire (QoL Compilation)","Relic Stats"],"gold_per_floor":[119,134,150,150,174,174,215,238,238,413,97,97,97,120,120,239,239,252,265,300,300,11,11,35,35,85,98,98,119,119,159,159,289,289,307,307,327,347,347,347,361,361,361,399,462,684,336,336,336,336],"floor_reached":51,"language":"ENG","playtime":2437,"items_purged":["Doubt","Strike_P+1"],"score":879,"play_id":"525dc705-8244-4b0a-a321-415c334094da","local_time":"20210225201916","is_ascension_mode":true,"campfire_choices":[{"data":"TalkToTheHand","floor":6.0,"key":"SMITH"},{"floor":12.0,"key":"REST"},{"data":"FearNoEvil","floor":15.0,"key":"SMITH"},{"data":"1","floor":23.0,"key":"LIFT"},{"data":"2","floor":25.0,"key":"LIFT"},{"data":"3","floor":28.0,"key":"LIFT"},{"data":"Ragnarok","floor":32.0,"key":"SMITH"},{"data":"Scrawl","floor":40.0,"key":"SMITH"},{"floor":42.0,"key":"RECALL"},{"data":"Halt","floor":49,"key":"SMITH"}],"circlet_count":0,"master_deck":["Strike_P+1","Strike_P+1","Strike_P+1","Defend_P+1","Defend_P+1","Eruption+1","Vigilance","ThirdEye","FearNoEvil+1","TalkToTheHand+1","ReachHeaven","CutThroughFate","CutThroughFate","Ragnarok+1","WreathOfFlame","FlurryOfBlows+1","Crescendo+1","Halt+1","Indignation+1","Adaptation","Scrawl+1","Protect+1","EmptyFist+1","Wallop+1"],"relics":["PureWater","Ancient Tea Set","Golden Idol","Yang","TeardropLocket","Bag of Marbles","VioletLotus","Red Mask","Girya","Regal Pillow","Sundial","Empty Cage","Mummified Hand","Toxic Egg 2","Juzu Bracelet","Gambling Chip","Lantern"],"acts_visited":["Exordium","TheCity","TheBeyond"],"potions_floor_usage":[50,50,50],"damage_taken":[{"damage":0.0,"enemies":"2 Louse","floor":1.0,"turns":2.0},{"damage":20.0,"enemies":"Jaw Worm","floor":2.0,"turns":8.0},{"damage":12.0,"enemies":"Small Slimes","floor":3.0,"turns":5.0},{"damage":0.0,"enemies":"2 Fungi Beasts","floor":5.0,"turns":2.0},{"damage":33.0,"enemies":"Lagavulin","floor":7.0,"turns":9.0},{"damage":0.0,"enemies":"Large Slime","floor":8.0,"turns":5.0},{"damage":0.0,"enemies":"3 Louse","floor":14.0,"turns":2.0},{"damage":15.0,"enemies":"Hexaghost","floor":16.0,"turns":5.0},{"damage":0.0,"enemies":"Shell Parasite","floor":18.0,"turns":2.0},{"damage":10.0,"enemies":"3 Byrds","floor":19.0,"turns":3.0},{"damage":0.0,"enemies":"Masked Bandits","floor":20.0,"turns":2.0},{"damage":0.0,"enemies":"Centurion and Healer","floor":24.0,"turns":3.0},{"damage":0.0,"enemies":"Snake Plant","floor":27.0,"turns":1.0},{"damage":0.0,"enemies":"Sentry and Sphere","floor":29.0,"turns":3.0},{"damage":0.0,"enemies":"Gremlin Leader","floor":31.0,"turns":2.0},{"damage":52.0,"enemies":"Automaton","floor":33.0,"turns":5.0},{"damage":7.0,"enemies":"3 Shapes","floor":35.0,"turns":3.0},{"damage":0.0,"enemies":"3 Darklings","floor":37.0,"turns":1.0},{"damage":0.0,"enemies":"Jaw Worm Horde","floor":38.0,"turns":1.0},{"damage":0.0,"enemies":"Maw","floor":41.0,"turns":1.0},{"damage":16.0,"enemies":"Giant Head","floor":44.0,"turns":7.0},{"damage":0.0,"enemies":"2 Orb Walkers","floor":45.0,"turns":1.0},{"damage":5,"enemies":"Awakened One","floor":50,"turns":4}],"seed_played":"4041305354249085113","potions_obtained":[{"floor":5.0,"key":"Strength Potion"},{"floor":8.0,"key":"BottledMiracle"},{"floor":16.0,"key":"Explosive Potion"},{"floor":20.0,"key":"Dexterity Potion"},{"floor":24.0,"key":"EssenceOfSteel"},{"floor":31.0,"key":"SteroidPotion"},{"floor":33.0,"key":"EssenceOfSteel"},{"floor":35.0,"key":"StancePotion"},{"floor":37.0,"key":"LiquidMemories"},{"floor":41.0,"key":"CultistPotion"}],"is_trial":false,"path_per_floor":["M","M","M","?","M","R","E","M","T","?","$","R","?","M","R","B",null,"M","M","?","?","$","R","M","R","T","M","R","M","?","E","R","B",null,"M","?","M","M","?","R","M","R","T","E","?","?","$","?","R","B",null],"character_chosen":"WATCHER","items_purchased":["Bag of Marbles","SteroidPotion","CutThroughFate","Girya","Lantern","BlessingOfTheForge","Energy Potion"],"campfire_rested":1,"item_purchase_floors":[11,11,11,22,47,47,47],"current_hp_per_floor":[72,52,40,40,40,40,7,7,7,7,7,27,27,27,27,12,67,67,57,57,57,57,57,57,57,57,57,57,57,57,57,57,5,67,60,60,60,60,60,60,60,60,60,44,44,44,44,59,59,54],"gold":336,"neow_bonus":"RANDOM_COMMON_RELIC","is_daily":false,"chose_seed":false,"campfire_upgraded":5,"win_rate":0.0,"timestamp":1614302356,"path_taken":["M","M","M","?","M","R","E","M","T","?","$","R","?","M","R","BOSS","M","M","?","?","$","R","M","R","T","M","R","M","?","E","R","BOSS","M","?","M","?","?","R","M","R","T","E","?","?","$","?","R","BOSS"],"items_purchased_type":["Relic","Potion","Card","Relic","Relic","Potion","Potion"],"build_version":"2020-12-22","purchased_purges":2,"victory":true,"max_hp_per_floor":[72,72,72,67,67,67,67,67,67,67,67,67,67,67,67,67,67,67,67,67,67,67,67,67,67,67,67,67,67,67,67,67,67,67,67,67,67,67,67,67,67,67,67,67,67,67,67,59,59,59],"relic_stats":{"Regal Pillow":0,"counters":[23,77],"Golden Idol":167,"Sundial":[2],"Mummified Hand":[4],"Gambling Chip":[2],"Yang":[147],"VioletLotus":[20],"Juzu Bracelet":1,"obtain_stats":[{"Girya":22,"Regal Pillow":26,"Lantern":47,"Golden Idol":4,"Yang":7,"Juzu Bracelet":44,"TeardropLocket":9,"Ancient Tea Set":0,"Empty Cage":34,"Sundial":31,"Mummified Hand":36,"Gambling Chip":45,"VioletLotus":17,"Bag of Marbles":11,"Red Mask":20,"PureWater":0,"Toxic Egg 2":43},{"Girya":11,"Regal Pillow":12,"Lantern":22,"Golden Idol":3,"Yang":5,"Juzu Bracelet":21,"TeardropLocket":6,"Ancient Tea Set":0,"Empty Cage":16,"Sundial":15,"Mummified Hand":17,"Gambling Chip":22,"VioletLotus":8,"Bag of Marbles":6,"Red Mask":11,"PureWater":0,"Toxic Egg 2":20},{"Girya":45,"Regal Pillow":48,"Lantern":73,"Golden Idol":15,"Yang":26,"Juzu Bracelet":72,"TeardropLocket":31,"Ancient Tea Set":0,"Empty Cage":59,"Sundial":54,"Mummified Hand":62,"Gambling Chip":73,"VioletLotus":38,"Bag of Marbles":31,"Red Mask":45,"PureWater":0,"Toxic Egg 2":65}]},"card_choices":[{"not_picked":["Protect","WheelKick"],"picked":"ThirdEye","floor":1.0},{"not_picked":["WreathOfFlame","Swivel","DeceiveReality"],"picked":"SKIP","floor":2.0},{"not_picked":["PathToVictory","EmptyFist"],"picked":"FearNoEvil","floor":3.0},{"not_picked":["Wallop","PathToVictory"],"picked":"TalkToTheHand","floor":5.0},{"not_picked":["EmptyBody","Crescendo"],"picked":"ReachHeaven","floor":7.0},{"not_picked":["Indignation","ThirdEye","Weave"],"picked":"SKIP","floor":8.0},{"not_picked":["Nirvana","Vengeance"],"picked":"CutThroughFate","floor":14.0},{"not_picked":["DeusExMachina","Wish"],"picked":"Ragnarok","floor":16.0},{"not_picked":["Pray","WheelKick+1"],"picked":"WreathOfFlame","floor":18.0},{"not_picked":["EmptyFist","Pray"],"picked":"FlurryOfBlows+1","floor":19.0},{"not_picked":["PathToVictory","Worship"],"picked":"Crescendo","floor":20.0},{"not_picked":["CrushJoints","BowlingBash"],"picked":"Indignation+1","floor":24.0},{"not_picked":["FlyingSleeves+1","BowlingBash"],"picked":"Adaptation","floor":27.0},{"not_picked":["Conclude","Judgement","Nirvana"],"picked":"SKIP","floor":29.0},{"not_picked":["Evaluate","FlyingSleeves","ForeignInfluence+1"],"picked":"SKIP","floor":31.0},{"not_picked":["Judgement","MasterReality"],"picked":"Scrawl","floor":33.0},{"not_picked":["InnerPeace+1","Fasting2+1"],"picked":"Protect+1","floor":35.0},{"not_picked":["FlyingSleeves+1","Collect"],"picked":"EmptyFist+1","floor":37.0},{"not_picked":["JustLucky","Fasting2","Protect"],"picked":"SKIP","floor":38.0},{"not_picked":["Sanctity+1","Study","EmptyFist+1"],"picked":"SKIP","floor":41.0},{"not_picked":["Weave+1","Adaptation+1"],"picked":"Wallop+1","floor":44.0}],"player_experience":142267,"relics_obtained":[{"floor":7.0,"key":"Yang"},{"floor":9.0,"key":"TeardropLocket"},{"floor":20.0,"key":"Red Mask"},{"floor":26.0,"key":"Regal Pillow"},{"floor":31.0,"key":"Sundial"},{"floor":36.0,"key":"Mummified Hand"},{"floor":43.0,"key":"Toxic Egg 2"},{"floor":44.0,"key":"Juzu Bracelet"},{"floor":45.0,"key":"Gambling Chip"}],"event_choices":[{"damage_healed":0.0,"max_hp_gain":0.0,"max_hp_loss":5.0,"gold_gain":0.0,"event_name":"Golden Idol","player_choice":"Lose Max HP","floor":4.0,"gold_loss":0.0,"damage_taken":0.0,"relics_obtained":["Golden Idol"]},{"damage_healed":0.0,"max_hp_gain":0.0,"max_hp_loss":0.0,"gold_gain":175.0,"event_name":"Liars Game","player_choice":"AGREE","floor":10.0,"gold_loss":0.0,"damage_taken":0.0,"cards_obtained":["Doubt"]},{"damage_healed":0.0,"max_hp_gain":0.0,"max_hp_loss":0.0,"gold_gain":0.0,"event_name":"Living Wall","player_choice":"Grow","floor":13.0,"gold_loss":0.0,"damage_taken":0.0,"cards_upgraded":["Eruption"]},{"damage_healed":0.0,"max_hp_gain":0.0,"max_hp_loss":0.0,"gold_gain":0.0,"event_name":"Masked Bandits","player_choice":"Fought Bandits","floor":20.0,"gold_loss":0.0,"damage_taken":0.0},{"damage_healed":0.0,"max_hp_gain":0.0,"max_hp_loss":0.0,"gold_gain":0.0,"event_name":"The Library","player_choice":"Read","floor":21.0,"gold_loss":0.0,"damage_taken":0.0,"cards_obtained":["Halt"]},{"damage_healed":0.0,"max_hp_gain":0.0,"max_hp_loss":0.0,"gold_gain":0.0,"event_name":"Back to Basics","player_choice":"Simplicity","floor":30.0,"gold_loss":0.0,"damage_taken":0.0,"cards_upgraded":["Strike_P","Strike_P","Strike_P","Strike_P","Defend_P","Defend_P","Defend_P","Defend_P"]},{"damage_healed":0.0,"max_hp_gain":0.0,"max_hp_loss":0.0,"gold_gain":0.0,"event_name":"Wheel of Change","player_choice":"Relic","floor":36.0,"gold_loss":0.0,"damage_taken":0.0},{"damage_healed":0.0,"max_hp_gain":0.0,"max_hp_loss":0.0,"gold_gain":0.0,"event_name":"Upgrade Shrine","player_choice":"Upgraded","floor":39.0,"gold_loss":0.0,"damage_taken":0.0,"cards_upgraded":["Crescendo"]},{"damage_healed":0.0,"max_hp_gain":0.0,"max_hp_loss":0.0,"gold_gain":0.0,"event_name":"Mysterious Sphere","player_choice":"Fight","floor":45.0,"gold_loss":0.0,"damage_taken":0.0},{"damage_healed":0.0,"max_hp_gain":0.0,"max_hp_loss":0.0,"gold_gain":222.0,"event_name":"Tomb of Lord Red Mask","player_choice":"Wore Mask","floor":46.0,"gold_loss":0.0,"damage_taken":0.0},{"damage_healed":59.0,"max_hp_gain":0.0,"max_hp_loss":8.0,"gold_gain":0.0,"event_name":"The Moai Head","player_choice":"Heal","floor":48.0,"gold_loss":0.0,"damage_taken":0.0}],"is_beta":false,"boss_relics":[{"not_picked":["Velvet Choker","Sozu"],"picked":"VioletLotus"},{"not_picked":["Busted Crown","Calling Bell"],"picked":"Empty Cage"}],"items_purged_floors":[11,47],"is_endless":false,"potions_floor_spawned":[5,8,16,20,24,31,33,35,37,41],"ascension_level":4}}