{"host":"sqt6c5vt7d1y5xtt","time":1614352093,"event":{"mods":["AchievementEnabler","BaseMod","Block Reminder","Library of Ruina","Minty Spire (QoL Compilation)","Quick Restart"],"gold_per_floor":[111,124,124,124,139,139,170,170,170,188,188,188,188,202,202,332,332,357,68,95,113,133,166,166,179,179,222,257,275,275,316,316,441,441,466,532,552,576,597,597,635,647,709,721,118,118,118,139,139,139],"floor_reached":51,"language":"KOR","playtime":2021,"items_purged":["LightAttack","ChargeAndCover"],"score":1110,"play_id":"1d664ba9-5682-4dc6-93f5-5e2fe1028c6a","local_time":"20210226120813","is_ascension_mode":false,"campfire_choices":[{"floor":8,"key":"REST"},{"data":"BiAn","floor":11,"key":"SMITH"},{"data":"BindingArms","floor":13,"key":"SMITH"},{"data":"StrongStrike","floor":15,"key":"SMITH"},{"data":"Observe","floor":24,"key":"SMITH"},{"data":"SenseQuarry","floor":30,"key":"SMITH"},{"data":"TendonChords","floor":32,"key":"SMITH"},{"data":"FrontalAssault","floor":40,"key":"SMITH"},{"data":"Decapitation","floor":42,"key":"SMITH"},{"data":"LoosenUp","floor":44,"key":"SMITH"},{"data":"DistortedBlade","floor":46,"key":"SMITH"},{"data":"Commandeering","floor":49,"key":"SMITH"}],"circlet_count":0,"master_deck":["LightDefense","LightDefense","LightDefense","LightDefense","Secret Weapon+1","FrontalAssault+1","TendonChords+1","SenseQuarry+1","Unlock1","BiAn+1","BindingArms+1","StrongStrike+1","Commandeering+1","Observe+1","SteelKnuckles","Multislash+1","Marionette+1","DistortedBlade+1","LoosenUp+1","Faith+1","Execute_lor+1","FleetEdge+1","SerpentSwordTechnique+1","Decapitation+1","NonstopAssault+1","StartinOutLightly+1","Ripple+1","YoureAHindrance","Reload+1","GrazeTheGrass+1","Leap_lor","SweepTheBackstreets+1","SharpNails+1","WillOfThePrescript+1"],"relics":["PageOfLibrarian","Golden Idol","Thread and Needle","Pen Nib","Blue Candle","SlaversCollar","Sling","PageOfBloodbath","PageOfWizard","WingedGreaves","Red Mask","PageOfBigBadWolf","Strawberry","Astrolabe","PageOfRedShoes","MawBank","War Paint","PageOfJudgementBird","Bottled Lightning"],"acts_visited":["Exordium","TheCity","TheBeyond"],"potions_floor_usage":[7],"damage_taken":[{"damage":4,"enemies":"Cultist","floor":1,"turns":5},{"damage":0,"enemies":"2 Louse","floor":2,"turns":3},{"damage":0,"enemies":"Small Slimes","floor":5,"turns":2},{"damage":0,"enemies":"Lagavulin","floor":7,"turns":3},{"damage":0,"enemies":"2 Fungi Beasts","floor":10,"turns":2},{"damage":2,"enemies":"Looter","floor":14,"turns":2},{"damage":0,"enemies":"Hexaghost","floor":16,"turns":5},{"damage":1,"enemies":"Spheric Guardian","floor":18,"turns":4},{"damage":5,"enemies":"Shell Parasite","floor":21,"turns":4},{"damage":14,"enemies":"Snake Plant","floor":22,"turns":3},{"damage":0,"enemies":"Book of Stabbing","floor":23,"turns":3},{"damage":11,"enemies":"Snecko","floor":25,"turns":4},{"damage":0,"enemies":"Masked Bandits","floor":27,"turns":1},{"damage":15,"enemies":"Gremlin Leader","floor":28,"turns":4},{"damage":0,"enemies":"Sentry and Sphere","floor":29,"turns":3},{"damage":0,"enemies":"Book of Stabbing","floor":31,"turns":3},{"damage":0,"enemies":"Champ","floor":33,"turns":5},{"damage":0,"enemies":"3 Darklings","floor":35,"turns":2},{"damage":14,"enemies":"2 Orb Walkers","floor":36,"turns":3},{"damage":0,"enemies":"Orb Walker","floor":37,"turns":1},{"damage":9,"enemies":"4 Shapes","floor":38,"turns":1},{"damage":0,"enemies":"Jaw Worm Horde","floor":39,"turns":1},{"damage":0,"enemies":"Nemesis","floor":41,"turns":3},{"damage":0,"enemies":"Transient","floor":48,"turns":6},{"damage":9,"enemies":"Donu and Deca","floor":50,"turns":5}],"seed_played":"7708469897497280954","potions_obtained":[{"floor":2,"key":"Block Potion"},{"floor":5,"key":"EssenceOfSteel"},{"floor":14,"key":"SkillPotion"},{"floor":23,"key":"Weak Potion"},{"floor":39,"key":"PowerPotion"}],"is_trial":false,"path_per_floor":["M","M","?","?","M","?","E","R","T","M","R","?","R","M","R","B",null,"M","$","T","M","M","E","R","M","T","?","E","M","R","E","R","B",null,"M","?","M","M","M","R","E","R","T","R","$","R","?","M","R","B",null],"character_chosen":"Librarian","items_purchased":["SteelKnuckles","Sling","PageOfJudgementBird","Bottled Lightning"],"campfire_rested":1,"item_purchase_floors":[19,19,45,45],"current_hp_per_floor":[38,38,19,7,10,10,13,38,38,41,41,41,41,42,42,63,76,76,76,76,76,66,76,76,74,74,76,73,73,73,83,83,86,86,86,72,72,63,63,63,70,70,70,70,70,70,70,89,89,88],"gold":139,"neow_bonus":"RANDOM_COLORLESS_2","is_daily":false,"chose_seed":false,"campfire_upgraded":11,"win_rate":0.0,"timestamp":1614352093,"path_taken":["M","M","?","?","M","?","E","R","T","M","R","?","R","M","R","BOSS","M","$","?","M","M","E","R","M","T","?","E","M","R","E","R","BOSS","M","?","M","M","M","R","E","R","T","R","$","R","?","M","R","BOSS"],"items_purchased_type":["Card","Relic","Relic","Relic"],"build_version":"2020-12-22","purchased_purges":2,"victory":true,"max_hp_per_floor":[70,77,77,77,77,77,85,85,85,85,85,85,85,76,76,76,76,76,76,76,76,76,76,76,76,76,76,84,84,84,91,91,86,86,86,86,86,86,86,91,91,91,91,91,91,91,91,91,91,91],"card_choices":[{"not_picked":["Panache","Violence"],"picked":"Secret Weapon","floor":0},{"not_picked":["UndertakePrescript","SuppressingShot","FlashingStrike","Thirst","GreatSerpentsImpact","Eliminate","WildCard","YoureTooSlow"],"picked":"FrontalAssault","floor":1},{"not_picked":["Outburst","GreatSerpentsImpact","SpearedSweep","PinpointShot","LawAndOrder","PreemptiveStrike","MirageStorm","CoordinatedAssault"],"picked":"TendonChords","floor":2},{"not_picked":["VioletBlade","VenomousFangs","Parry","HiddenBlade","SturdyDefense","GreatSerpentsImpact","Thrust","SmokingPipe"],"picked":"SenseQuarry","floor":5},{"not_picked":["Parry2","FleetFootsteps","GreatSerpentsImpact","LossOfSenses","SuppressingShot","Outburst","TheWillOfTheCity","SerpentSwordTechnique"],"picked":"Unlock1","floor":7},{"not_picked":["BlindFaith","Preparation","EnergyCycle","MindPrepared","ViolentFlame","Leap_lor","GreatSerpentsImpact","Wallop_lor"],"picked":"BiAn","floor":10},{"not_picked":["SpearedSweep","RhinoRam","MultiHit","AsThePrescriptOrders","RulesOfTheBackstreets","GuardingStance","HighKick","EndlessBattle"],"picked":"StrongStrike","floor":14},{"not_picked":["Suppress","SenseQuarry"],"picked":"Commandeering","floor":16},{"not_picked":["GuidanceOfTheGears","YoureAHindrance+1","SnakesPrey","GuardingStance","DirtyBlow","AutomatedMovement+1","Clone+1","Unlock1"],"picked":"Observe","floor":18},{"not_picked":["Fence","BlindFaith+1","Pound","EnergyStrike","Commandeering","QuickSuppression","Parry2","Quickness"],"picked":"Multislash+1","floor":21},{"not_picked":["DesperateStruggle+1","SturdyDefense+1","GuardingStance","DarkCloud+1","AGoldenOpportunity","FaintMemories+1","MindWhip+1","BlazingStrike"],"picked":"Marionette+1","floor":22},{"not_picked":["ClassAndRespect+1","MultiBlock","FeatherShield","Rewind","StrikeDown","ViolentFlame","AssaultOrder","ButterflySlash"],"picked":"DistortedBlade","floor":23},{"not_picked":["SilentMist","Reload","UpbeatPerformance+1","Thrust","WillBeTasty","QuickSuppression","ViolentFlame","Pound+1"],"picked":"LoosenUp","floor":25},{"not_picked":["MindPrepared","BizarreAttack","GaleKick","SharpSwipe+1","SmokingPipe","DevastatingThrash","Marionette","PreemptiveStrike"],"picked":"Faith","floor":27},{"not_picked":["GuardingStance+1","QuickAttack","Commandeering","Multislash+1","GuidanceOfTheGears","GoinFirst","Track","AutomatedMovement"],"picked":"Execute_lor+1","floor":28},{"not_picked":["NightInTheBackstreets","SinglePointStab","FleetFootsteps","WaitUp","SerpentSwordTechnique","GuardingStance+1","Thrust+1","CoordinatedAssault+1"],"picked":"FleetEdge+1","floor":29},{"not_picked":["Outburst","Multislash","CutIn","HighKick","UpbeatPerformance","AbsorbImpact","NightInTheBackstreets","HiddenBlade"],"picked":"SerpentSwordTechnique+1","floor":31},{"not_picked":["RagingStormLove","DaringDecision"],"picked":"Decapitation","floor":33},{"not_picked":["LawAndOrder","BurningFlash+1","BlindFaith","MultiHit","HandleRequest","Riposte+1","GreatSerpentsImpact","HighSpeedStabbing+1"],"picked":"YoureAHindrance","floor":35},{"not_picked":["ShockingBlow","Bvapour+1","RatsGuideToSurvival+1","DarkCloud+1","SearingSword+1","AsThePrescriptOrders+1","PuppetBlockade","SharpSwipe+1"],"picked":"Reload+1","floor":36},{"not_picked":["Outburst+1","ExtremeEdge","Transpierce","TheRedNotes+1","Gamble","FrontalAssault+1","ConcentratedFire","Eject"],"picked":"GrazeTheGrass+1","floor":37},{"not_picked":["SinglePointStab+1","SpearedSweep+1","QuickSuppression","Reload","CircusKnives+1","Faith+1","AsThePrescriptOrders","PreemptiveStrike+1"],"picked":"Leap_lor","floor":38},{"not_picked":["HiddenBlade+1","InhaleSmoke+1","StructuralAnalysis","ShrineToMusic","Outburst+1","Riposte","Guardian_lor+1","QuickSuppression+1"],"picked":"SweepTheBackstreets+1","floor":39},{"not_picked":["Gamble","SunsetBlade","Preparation","FierceCharge","Outburst","SparkingSpear+1","HandleRequest","EnergyConversion"],"picked":"SharpNails+1","floor":41},{"not_picked":["TasteMyFlamingBat","Outburst","SharpSwipe","GreatSerpentsImpact","VenomousFangs+1","GrazeTheGrass+1","DesperateStruggle","DarkCloud+1"],"picked":"WillOfThePrescript+1","floor":48}],"player_experience":173952,"relics_obtained":[{"floor":7,"key":"Pen Nib"},{"floor":9,"key":"Blue Candle"},{"floor":20,"key":"PageOfBloodbath"},{"floor":23,"key":"PageOfWizard"},{"floor":26,"key":"WingedGreaves"},{"floor":27,"key":"Red Mask"},{"floor":28,"key":"PageOfBigBadWolf"},{"floor":31,"key":"Strawberry"},{"floor":36,"key":"PageOfRedShoes"},{"floor":41,"key":"MawBank"},{"floor":43,"key":"War Paint"}],"event_choices":[{"damage_healed":0,"gold_gain":0,"player_choice":"Take Damage","damage_taken":19,"relics_obtained":["Golden Idol"],"max_hp_gain":0,"max_hp_loss":0,"event_name":"Golden Idol","floor":3,"gold_loss":0},{"damage_healed":0,"gold_gain":0,"player_choice":"Success","damage_taken":12,"relics_obtained":["Thread and Needle"],"max_hp_gain":0,"max_hp_loss":0,"event_name":"Scrap Ooze","floor":4,"gold_loss":0},{"damage_healed":0,"gold_gain":0,"player_choice":"Ignored","damage_taken":0,"max_hp_gain":0,"max_hp_loss":0,"event_name":"Liars Game","floor":6,"gold_loss":0},{"damage_healed":0,"gold_gain":0,"cards_transformed":["LightAttack"],"player_choice":"Transformed","damage_taken":0,"max_hp_gain":0,"max_hp_loss":0,"event_name":"Transmorgrifier","floor":12,"gold_loss":0,"cards_obtained":["BindingArms"]},{"damage_healed":0,"gold_gain":0,"player_choice":"Fought Bandits","damage_taken":0,"max_hp_gain":0,"max_hp_loss":0,"event_name":"Masked Bandits","floor":27,"gold_loss":0},{"damage_healed":0,"gold_gain":0,"player_choice":"Fight","damage_taken":0,"max_hp_gain":0,"max_hp_loss":0,"event_name":"Mysterious Sphere","floor":36,"gold_loss":0},{"damage_healed":0,"gold_gain":0,"player_choice":"Bought 0 Potions","damage_taken":0,"max_hp_gain":0,"max_hp_loss":0,"event_name":"The Woman in Blue","floor":47,"gold_loss":0}],"is_beta":false,"boss_relics":[{"not_picked":["Empty Cage","Snecko Eye"],"picked":"SlaversCollar"},{"not_picked":["Sozu","Runic Pyramid"],"picked":"Astrolabe"}],"items_purged_floors":[19,45],"is_endless":false,"potions_floor_spawned":[2,5,14,23,25,27,35,39,48],"ascension_level":0}}