{"host":"65a95dzim48ko8ke","time":1614302634,"event":{"mods":["AchievementEnabler","Aspiration","BaseMod","Bestiary","Better Altar","Better Match","Better Note","Better Sensory Stone","Better Skull","Better Third Choice","Block Reminder","Colored Map","Colored Powertips","Conspire","Curses Come First","DeckTracker","Energized Spire","Halation","Highlight Path","Hubris","Jedi Mod","Minty Spire (QoL Compilation)","MostiFishMod","Permanent Neow","Quick Restart","Random Character Button","Rare Cards Sparkle","Relic Sorter","Reliquary","Replay The Spire","RumiaBox-òIïƒ?ìIê_îÈ·¥éq","Spicy Shops","StSLib","TestMod","The Blue Laboratory","The IronCluck","Trackpad","Wandering Minibosses","Åy?ï®?îvÅzREMEMod"],"gold_per_floor":[110,110,129,141,141,176,67,99,99,24,24,42,42,68,68,68,68],"floor_reached":16,"language":"ENG","playtime":644,"items_purged":["Strike_B"],"score":202,"play_id":"7f9bba59-c9ff-4b88-9c1a-a2247deb6c97","local_time":"20210226102354","is_ascension_mode":true,"campfire_choices":[{"data":"Zap","floor":11,"key":"SMITH"},{"floor":15,"key":"REST"}],"circlet_count":0,"master_deck":["AscendersBane","conspire:GhostlyStrike","conspire:GhostlyDefend","conspire:GhostlyDefend","conspire:GhostlyDefend","conspire:GhostlyDefend","Zap+1","Dualcast","Conserve Battery","jedi:blockon","Hologram","ReplayGash","Defragment","Rebound+1","Gash","Consume","Scrape"],"relics":["Cracked Core","DaveBox","testmod-TestBox","REME_ComplimentaryCards","aspiration:Nostalgia","Burning Blood","Happy Flower","Pocketwatch","LastBattle","trackpad:Compendium"],"acts_visited":["Exordium"],"potions_floor_usage":[12,16],"damage_taken":[{"damage":4,"enemies":"Small Slimes","floor":1,"turns":3},{"damage":0,"enemies":"Cultist","floor":3,"turns":3},{"damage":1,"enemies":"Jaw Worm","floor":4,"turns":4},{"damage":47,"enemies":"Gremlin Nob","floor":6,"turns":5},{"damage":16,"enemies":"3 Sentries","floor":8,"turns":7},{"damage":3,"enemies":"Blue Slaver","floor":12,"turns":2},{"damage":23,"enemies":"Lagavulin","floor":14,"turns":5},{"damage":33,"enemies":"Slime Boss","floor":16,"turns":3}],"seed_played":"1302513511668914056","potions_obtained":[{"floor":8,"key":"blueLaboratory:HummingbirdPotion"},{"floor":12,"key":"jedi:tentaclejuice"},{"floor":14,"key":"blueLaboratory:LouseDecoction"}],"is_trial":false,"path_per_floor":["M","?","M","M","?","E","$","E","T","$","R","M","?","E","R_BF","B"],"character_chosen":"DEFECT","items_purchased":["Defragment","Rebound+1"],"campfire_rested":1,"item_purchase_floors":[7,7],"current_hp_per_floor":[70,70,75,75,75,34,34,24,24,24,24,27,27,10,32,0,0],"gold":68,"neow_bonus":"NOSTALGIA","is_daily":false,"chose_seed":false,"campfire_upgraded":1,"win_rate":0.0,"timestamp":1614302634,"path_taken":["M","?","?","M","?","E","?","E","T","$","R","M","?","E","R_BF","BOSS"],"items_purchased_type":["Card","Card"],"build_version":"2020-12-22","purchased_purges":1,"victory":false,"max_hp_per_floor":[75,75,75,75,75,75,75,75,75,75,75,75,75,75,75,75,75],"card_choices":[{"not_picked":["Go for the Eyes","Stack"],"picked":"Conserve Battery","floor":1},{"not_picked":["Self Repair","Turbo"],"picked":"jedi:blockon","floor":3},{"not_picked":["Panic Button","MostiFishMod:PushDownKick"],"picked":"Hologram","floor":4},{"not_picked":["Panic Button","jedi:BurstFrost"],"picked":"ReplayGash","floor":6},{"not_picked":["Compile Driver","Sweeping Beam"],"picked":"Gash","floor":8},{"not_picked":["ReplayTheSpireMod:Reroute Power","Redo"],"picked":"Consume","floor":12},{"not_picked":["MostiFishMod:PushDownKick","Turbo"],"picked":"Scrape","floor":14}],"player_experience":424433,"relics_obtained":[{"floor":6,"key":"Happy Flower"},{"floor":8,"key":"Pocketwatch"},{"floor":9,"key":"LastBattle"},{"floor":14,"key":"trackpad:Compendium"}],"event_choices":[{"cards_removed":["Strike_B"],"damage_healed":0,"gold_gain":0,"player_choice":"Offered Basic","damage_taken":0,"max_hp_gain":0,"max_hp_loss":0,"event_name":"Bonfire Elementals","floor":2,"gold_loss":0},{"cards_removed":["Strike_B"],"damage_healed":0,"gold_gain":0,"player_choice":"Forget","damage_taken":0,"max_hp_gain":0,"max_hp_loss":0,"event_name":"Living Wall","floor":5,"gold_loss":0},{"damage_healed":0,"gold_gain":0,"player_choice":"Agree","damage_taken":0,"max_hp_gain":0,"max_hp_loss":0,"event_name":"conspire:LoneGhost","floor":13,"gold_loss":0}],"is_beta":false,"boss_relics":[],"items_purged_floors":[10],"is_endless":false,"potions_floor_spawned":[8,12,14],"killed_by":"Slime Boss","ascension_level":10}}