{"host":"d2gh6suihlstufn7","time":1614326706,"event":{"mods":["AchievementEnabler","BaseMod","Colored Map","Colored Powertips","Minty Spire (QoL Compilation)","Permanent Neow","Quick Restart","StSLib","SuperFastMode"],"gold_per_floor":[109,109,34,53,71,71,101,117,117,117,140,171,171,186,186,186,186],"floor_reached":16,"language":"KOR","playtime":573,"items_purged":["Injury"],"score":102,"play_id":"46aa9541-230c-4f25-bf7a-e36caf568e41","local_time":"20210226170506","is_ascension_mode":false,"campfire_choices":[{"data":"Envenom","floor":6.0,"key":"SMITH"},{"data":"PiercingWail","floor":10.0,"key":"SMITH"},{"floor":13.0,"key":"REST"},{"data":"Cloak And Dagger","floor":15.0,"key":"SMITH"}],"circlet_count":0,"master_deck":["Strike_G","Strike_G","Strike_G","Strike_G","Strike_G","Defend_G","Defend_G","Defend_G","Defend_G","Defend_G","Survivor","Neutralize","Envenom+1","Backflip","PiercingWail+1","Cloak And Dagger+1","Cloak And Dagger","Backflip","Poisoned Stab","Escape Plan"],"relics":["Ring of the Snake","Golden Idol","Ginger","Thread and Needle"],"acts_visited":["Exordium"],"potions_floor_usage":[16],"damage_taken":[{"damage":3.0,"enemies":"2 Louse","floor":1.0,"turns":4.0},{"damage":0.0,"enemies":"Jaw Worm","floor":4.0,"turns":6.0},{"damage":2.0,"enemies":"Small Slimes","floor":5.0,"turns":5.0},{"damage":10.0,"enemies":"2 Fungi Beasts","floor":8.0,"turns":5.0},{"damage":5.0,"enemies":"3 Louse","floor":11.0,"turns":5.0},{"damage":28.0,"enemies":"3 Sentries","floor":12.0,"turns":9.0},{"damage":0.0,"enemies":"Looter","floor":14.0,"turns":4.0},{"damage":43,"enemies":"Slime Boss","floor":16,"turns":11}],"seed_played":"6331368938149824060","potions_obtained":[{"floor":4.0,"key":"ColorlessPotion"},{"floor":8.0,"key":"FearPotion"},{"floor":11.0,"key":"EntropicBrew"},{"floor":14.0,"key":"Dexterity Potion"}],"is_trial":false,"path_per_floor":["M","?","$","M","M","R","?","M","T","R","M","E","R","M","R","B"],"character_chosen":"THE_SILENT","items_purchased":[],"campfire_rested":1,"item_purchase_floors":[],"current_hp_per_floor":[67,67,67,67,65,65,65,55,55,55,50,22,43,43,43,0,0],"gold":186,"neow_bonus":"ONE_RANDOM_RARE_CARD","is_daily":false,"chose_seed":false,"campfire_upgraded":3,"win_rate":0.0,"timestamp":1614326706,"path_taken":["M","?","$","M","M","R","?","M","T","R","M","E","R","M","R","BOSS"],"items_purchased_type":[],"build_version":"2020-12-22","purchased_purges":1,"victory":false,"max_hp_per_floor":[70,70,70,70,70,70,70,70,70,70,70,70,70,70,70,70,70],"card_choices":[{"not_picked":["Dagger Spray","Finisher"],"picked":"Backflip","floor":1.0},{"not_picked":["Dodge and Roll","Expertise"],"picked":"PiercingWail","floor":4.0},{"not_picked":["Bouncing Flask","Outmaneuver"],"picked":"Cloak And Dagger","floor":5.0},{"not_picked":["Heel Hook","Masterful Stab"],"picked":"Cloak And Dagger","floor":8.0},{"not_picked":["Outmaneuver","Acrobatics"],"picked":"Backflip","floor":11.0},{"not_picked":["Skewer","Outmaneuver"],"picked":"Poisoned Stab","floor":12.0},{"not_picked":["Underhanded Strike","Dodge and Roll"],"picked":"Escape Plan","floor":14.0}],"player_experience":59711,"relics_obtained":[{"floor":9.0,"key":"Ginger"},{"floor":12.0,"key":"Thread and Needle"}],"event_choices":[{"damage_healed":0.0,"max_hp_gain":0.0,"max_hp_loss":0.0,"gold_gain":0.0,"event_name":"Golden Idol","player_choice":"Take Wound","floor":2.0,"gold_loss":0.0,"damage_taken":0.0,"relics_obtained":["Golden Idol"],"cards_obtained":["Injury"]},{"damage_healed":0.0,"max_hp_gain":0.0,"max_hp_loss":0.0,"gold_gain":30.0,"event_name":"Dead Adventurer","player_choice":"Searched \u00271\u0027 times","floor":7.0,"gold_loss":0.0,"damage_taken":0.0}],"is_beta":false,"boss_relics":[],"items_purged_floors":[3],"is_endless":false,"potions_floor_spawned":[4,8,11,14],"killed_by":"Slime Boss","ascension_level":0}}