{"host":"bx8ylsmj2ob6hd5u","time":1614353685,"event":{"mods":["AchievementEnabler","Act Like it!","Aspiration","BaseMod","Colored Map","Downfall","Duelist Mod","Friendly Minions","Gensokyo","GifTheSpireLib","Hallownest","Hermit","HololiveMod","Hubris","Infinite Spire","Jorbs\u0027s Wanderer Trilogy","KinomotoSakuraMod(????)","Kiyohime????","Koishi","KomeijiMod","Lobotomy","LobotomyExtend","Marisa????????","Minty Spire (QoL Compilation)","Prisma Mod","Rare Cards Sparkle","Reimu??????","Remilia??????","Replay The Spire","StSLib","Td1madao Mod","The Administrix","The Animator","The Bug Knight","The Construct","The Cursed","The Disciple","The Hierophant","The Necromancer","The Poker Player","The Runesmith","The Senshi","The Servant 0.9.4","WarShipGirlsR/????R mod"],"gold_per_floor":[212,212,224,224,245,245,210,210,257,257,271,271,271,125,125,251,251,264,285,285,298,148,148,148,148],"floor_reached":24,"language":"ENG","playtime":1123,"items_purged":[],"score":184,"play_id":"57ca3132-093c-4a6a-83d2-fac90f6f2338","local_time":"20210226173445","is_ascension_mode":false,"campfire_choices":[{"data":"construct:DefenseMode","floor":6.0,"key":"SMITH"},{"data":"construct:ForceCore","floor":10.0,"key":"SMITH"},{"data":"construct:Enhance","floor":13.0,"key":"SMITH"},{"data":"construct:Synchronize","floor":15.0,"key":"SMITH"},{"floor":23,"key":"REST"}],"circlet_count":0,"master_deck":["construct:Strike_Gold","construct:Strike_Gold","construct:Strike_Gold","construct:Strike_Gold+1","construct:Strike_Gold","construct:Defend_Gold","construct:Defend_Gold","construct:Defend_Gold","construct:Defend_Gold","construct:Defend_Gold","construct:AttackMode+1","construct:DefenseMode+1","construct:ForceCore+1","construct:Synchronize+1","construct:PointDefense","construct:Enhance+1","construct:SiegeForm","construct:UnbalancingBlast","construct:MetalShell+1","construct:FierceBash"],"relics":["construct:Cogwheel","LetterFromLob","Golden Idol","infinitespire:Beetle Shell","Vajra","hubris:SlimyHat","Cursed Key","aspiration:RitualStick","Replay:Rubber Ducky"],"acts_visited":["Exordium","TheCity"],"potions_floor_usage":[21],"damage_taken":[{"damage":0.0,"enemies":"Small Slimes","floor":1.0,"turns":3.0},{"damage":0.0,"enemies":"2 Louse","floor":3.0,"turns":2.0},{"damage":6.0,"enemies":"Cultist","floor":5.0,"turns":3.0},{"damage":9.0,"enemies":"Exordium Wildlife","floor":11.0,"turns":5.0},{"damage":7.0,"enemies":"Fading Forest","floor":16.0,"turns":11.0},{"damage":40,"enemies":"Chosen","floor":18,"turns":7},{"damage":9,"enemies":"3 Byrds","floor":19,"turns":4},{"damage":0,"enemies":"Snake Plant","floor":21,"turns":5},{"damage":26,"enemies":"Centurion and Healer","floor":24,"turns":3}],"seed_played":"6963619235247159029","potions_obtained":[{"floor":3.0,"key":"champ:CounterPotion"},{"floor":11.0,"key":"DuplicationPotion"},{"floor":18,"key":"GamblersBrew"}],"is_trial":false,"path_per_floor":["M","?","M","?","M","R","?","T","T","R","M","E","R","$","R","B",null,"M","M","?","M","$","R","M"],"character_chosen":"THE_CONSTRUCT_MOD","items_purchased":["hubris:SlimyHat","Replay:Rubber Ducky"],"campfire_rested":1,"item_purchase_floors":[14,22],"current_hp_per_floor":[85,68,68,47,41,41,62,62,62,62,53,53,53,53,53,56,85,45,36,19,19,19,44,18,18],"gold":148,"neow_bonus":"HUNDRED_GOLD","is_daily":false,"chose_seed":false,"campfire_upgraded":4,"win_rate":0.0,"timestamp":1614353685,"path_taken":["M","?","M","?","M","R","?","?","T","R","M","E","R","$","R","BOSS","M","M","?","M","$","R","M"],"items_purchased_type":["Relic","Relic"],"build_version":"2020-12-22","purchased_purges":0,"victory":false,"max_hp_per_floor":[85,85,85,85,85,85,85,85,85,85,85,85,85,85,85,85,85,85,85,85,85,85,85,85,85],"card_choices":[{"not_picked":["construct:FocusedBeam","construct:ClusterMines"],"picked":"construct:ForceCore","floor":1.0},{"not_picked":["construct:SweepLaser","construct:Electrocute"],"picked":"construct:Synchronize","floor":3.0},{"not_picked":["construct:Accumulate","construct:Missile"],"picked":"construct:PointDefense","floor":5.0},{"not_picked":["construct:ScopeCore","construct:Tumble"],"picked":"construct:Enhance","floor":11.0},{"not_picked":["construct:MemoryTap","construct:ShiftingStance"],"picked":"construct:SiegeForm","floor":16.0},{"not_picked":["construct:ClusterMines","construct:ModeShift"],"picked":"construct:UnbalancingBlast","floor":18},{"not_picked":["construct:Versatility","construct:SaveState"],"picked":"construct:MetalShell+1","floor":19},{"not_picked":["construct:Analyze","construct:SaveState"],"picked":"construct:FierceBash","floor":21}],"player_experience":1626393,"relics_obtained":[{"floor":1.0,"key":"LetterFromLob"},{"floor":8.0,"key":"infinitespire:Beetle Shell"},{"floor":9.0,"key":"Vajra"}],"event_choices":[{"damage_healed":0.0,"max_hp_gain":0.0,"max_hp_loss":0.0,"gold_gain":0.0,"event_name":"Shining Light","player_choice":"Entered Light","floor":2.0,"gold_loss":0.0,"damage_taken":17.0,"cards_upgraded":["construct:Strike_Gold","construct:AttackMode"]},{"damage_healed":0.0,"max_hp_gain":0.0,"max_hp_loss":0.0,"gold_gain":0.0,"event_name":"Golden Idol","player_choice":"Take Damage","floor":4.0,"gold_loss":0.0,"damage_taken":21.0,"relics_obtained":["Golden Idol"]},{"damage_healed":21.0,"max_hp_gain":0.0,"max_hp_loss":0.0,"gold_gain":0.0,"event_name":"The Cleric","player_choice":"Healed","floor":7.0,"gold_loss":35.0,"damage_taken":0.0}],"is_beta":false,"boss_relics":[{"not_picked":["Runesmith:UraniumAnvil","aspiration:PoetsPen_weak"],"picked":"Cursed Key"}],"items_purged_floors":[],"is_endless":false,"potions_floor_spawned":[3,11,18],"killed_by":"Centurion and Healer","ascension_level":0}}