{"host":"rsbhidffjle4v6w5","time":1614322809,"event":{"mods":["Act Like it!","Ascension Reborn","BaseMod","Better Note","Better Third Choice","BetterRewards","Block Reminder","Colored Map","Hermit","Minty Spire (QoL Compilation)","Quick Restart","Replay The Spire","Ruina","StSLib"],"gold_per_floor":[131,156,156,156,156,156,182,220,220,220,220,247,247,212,238,282,282,410,410,436,676,431,411,119,160,160,199,199,239,260,260,260,290,304,326,326],"floor_reached":35,"language":"ENG","playtime":1653,"items_purged":[],"score":401,"play_id":"991fc7b8-fa69-47e0-824f-3ad8c72f25f3","local_time":"20210226100009","is_ascension_mode":true,"campfire_choices":[{"data":"1","floor":9.0,"key":"LIFT"},{"floor":13.0,"key":"REST"},{"data":"2","floor":17.0,"key":"LIFT"},{"data":"3","floor":26,"key":"LIFT"},{"floor":31,"key":"REST"},{"floor":34,"key":"REST"}],"circlet_count":0,"master_deck":["hermit:Strike_Hermit","hermit:Strike_Hermit","hermit:Strike_Hermit","hermit:Strike_Hermit","hermit:Defend_Hermit","hermit:Defend_Hermit","hermit:Defend_Hermit","hermit:Defend_Hermit","hermit:Snapshot","hermit:Covet","hermit:Deadeye+1","hermit:Dive","hermit:GoldenBullet+1","hermit:BodyArmor","hermit:Maintenance","hermit:Dive+1","hermit:Dive+1","hermit:TrackingShot+1","hermit:GhostlyPresence+1","hermit:Feint+1","hermit:BodyArmor+1"],"relics":["hermit:Momento","Girya","Gremlin Horn","Replay:Bandana","Replay:Kaleidoscope","Toxic Egg 2","Snack Pack","hermit:RyeStalk","hermit:DentedPlate","White Beast Statue","Simple Rune","Oddly Smooth Stone","Replay:Accelerometer","Ornamental Fan","Singing Bowl","MawBank"],"acts_visited":["Exordium","TheCity"],"potions_floor_usage":[25,25,27,29,30,30,35],"damage_taken":[{"damage":0.0,"enemies":"Cultist","floor":1.0,"turns":3.0},{"damage":7.0,"enemies":"2 Louse","floor":2.0,"turns":5.0},{"damage":0.0,"enemies":"Small Slimes","floor":7.0,"turns":2.0},{"damage":7.0,"enemies":"Lagavulin","floor":8.0,"turns":8.0},{"damage":4.0,"enemies":"Exordium Wildlife","floor":12.0,"turns":5.0},{"damage":1.0,"enemies":"Looter","floor":15.0,"turns":2.0},{"damage":29.0,"enemies":"Gremlin Nob","floor":16.0,"turns":4.0},{"damage":44.0,"enemies":"Hexaghost","floor":18.0,"turns":13.0},{"damage":9.0,"enemies":"Spheric Guardian","floor":20.0,"turns":4.0},{"damage":8,"enemies":"Slavers","floor":25,"turns":6},{"damage":0,"enemies":"Replay:Snechameleon","floor":27,"turns":11},{"damage":1,"enemies":"2 Thieves","floor":29,"turns":5},{"damage":34,"enemies":"Cultist and Chosen","floor":30,"turns":10},{"damage":146,"enemies":"Collector","floor":35,"turns":9}],"seed_played":"-3943868890515018222","potions_obtained":[{"floor":1.0,"key":"Weak Potion"},{"floor":8.0,"key":"Strength Potion"},{"floor":18.0,"key":"SteroidPotion"},{"floor":20.0,"key":"GamblersBrew"},{"floor":23.0,"key":"Doom Potion"},{"floor":25,"key":"Elixir"},{"floor":27,"key":"SneckoOil"},{"floor":29,"key":"Adrenaline Potion"},{"floor":30,"key":"hermit:Eclipse"}],"is_trial":false,"path_per_floor":["M","M","?","?","PTL","PTL","M","E","R","?","T","M","R","?","M","E","R","B",null,"M","?","$","?","$","E","R","E","T","M","M","R","$","T","R","B"],"character_chosen":"HERMIT","items_purchased":["hermit:Deadeye","Gremlin Horn","Replay:Bandana","hermit:Dive","White Beast Statue","hermit:GhostlyPresence+1","hermit:Feint+1","Simple Rune","Oddly Smooth Stone","hermit:BodyArmor+1","Block Potion"],"campfire_rested":3,"item_purchase_floors":[0,0,0,0,22,22,22,24,24,24,24],"current_hp_per_floor":[40,33,33,33,33,33,33,26,26,11,11,10,41,66,65,39,39,1,46,40,40,40,40,40,35,35,35,35,40,12,58,58,58,104,0,0],"gold":326,"neow_bonus":"","is_daily":false,"chose_seed":false,"campfire_upgraded":0,"win_rate":0.0,"timestamp":1614322809,"path_taken":["M","M","?","?","PTL","PTL","M","E","R","?","T","?","R","?","M","E","R","BOSS","M","?","$","?","?","E","R","E","T","M","M","R","$","?","R","BOSS"],"items_purchased_type":["Card","Relic","Relic","Card","Relic","Card","Card","Relic","Relic","Card","Potion"],"build_version":"2020-12-22","purchased_purges":0,"victory":false,"max_hp_per_floor":[75,75,75,75,75,75,75,75,75,75,75,75,75,75,75,75,75,75,107,107,107,107,107,107,107,107,107,107,109,111,111,111,111,111,111,111],"card_choices":[{"not_picked":["hermit:LoneWolf","hermit:Desperado"],"picked":"hermit:GoldenBullet","floor":1.0},{"not_picked":["hermit:TrackingShot","hermit:CalledShot"],"picked":"hermit:BodyArmor","floor":2.0},{"not_picked":["hermit:Misfire","hermit:Midnight"],"picked":"hermit:Maintenance","floor":7.0},{"not_picked":["hermit:CalledShot","hermit:Grudge","hermit:SprayPray"],"picked":"SKIP","floor":8.0},{"not_picked":["hermit:Glare+1","hermit:HoleUp+1"],"picked":"hermit:Dive+1","floor":12.0},{"not_picked":["hermit:Misfire","hermit:HoleUp+1"],"picked":"hermit:Dive+1","floor":15.0},{"not_picked":["hermit:Spite","hermit:FromBeyond+1","hermit:GoldenBullet"],"picked":"SKIP","floor":16.0},{"not_picked":["hermit:TakeCover+1","hermit:Horror+1"],"picked":"hermit:TrackingShot+1","floor":20.0},{"not_picked":["hermit:ItchyTrigger","hermit:Vantage+1","hermit:DeadMansHand+1"],"picked":"SKIP","floor":25},{"not_picked":["hermit:TakeAim","hermit:LoneWolf+1","hermit:Misfire+1"],"picked":"SKIP","floor":27},{"not_picked":["hermit:HoleUp+1","hermit:FullyLoaded+1","hermit:Ricochet"],"picked":"Singing Bowl","floor":29},{"not_picked":["hermit:Roulette","hermit:Headshot","hermit:Dive+1"],"picked":"Singing Bowl","floor":30}],"player_experience":1168458,"relics_obtained":[{"floor":8.0,"key":"Toxic Egg 2"},{"floor":11.0,"key":"Snack Pack"},{"floor":16.0,"key":"hermit:RyeStalk"},{"floor":25,"key":"Replay:Accelerometer"},{"floor":27,"key":"Ornamental Fan"},{"floor":28,"key":"Singing Bowl"},{"floor":33,"key":"MawBank"}],"event_choices":[{"damage_healed":0.0,"max_hp_gain":0.0,"max_hp_loss":0.0,"gold_gain":0.0,"event_name":"Living Wall","player_choice":"Grow","floor":4.0,"gold_loss":0.0,"damage_taken":0.0,"cards_upgraded":["hermit:GoldenBullet"]},{"damage_healed":26.0,"max_hp_gain":0.0,"max_hp_loss":75.0,"gold_gain":0.0,"event_name":"betterThird:BetterShining","player_choice":"Upgrade","floor":10.0,"gold_loss":0.0,"damage_taken":15.0,"cards_upgraded":["hermit:Deadeye","hermit:Strike_Hermit"]},{"damage_healed":18.0,"max_hp_gain":0.0,"max_hp_loss":0.0,"gold_gain":0.0,"event_name":"The Cleric","player_choice":"Healed","floor":14.0,"gold_loss":35.0,"damage_taken":0.0},{"damage_healed":0.0,"max_hp_gain":0.0,"max_hp_loss":0.0,"gold_gain":200.0,"event_name":"Wheel of Change","player_choice":"Gold","floor":21.0,"gold_loss":0.0,"damage_taken":0.0},{"damage_healed":0.0,"max_hp_gain":0.0,"max_hp_loss":0.0,"gold_gain":0.0,"event_name":"The Woman in Blue","player_choice":"Bought 1 Potion","floor":23.0,"gold_loss":0.0,"damage_taken":0.0}],"is_beta":false,"boss_relics":[{"not_picked":["Abe\u0027s Treasure","Snecko Heart"],"picked":"hermit:DentedPlate"}],"items_purged_floors":[],"is_endless":false,"potions_floor_spawned":[1,8,18,20,25,27,29,30],"killed_by":"Collector","ascension_level":0}}