{"host":"7sni158j623xchr2","time":1614322738,"event":{"mods":["BaseMod","Colored Map","Highlight Path","Minty Spire (QoL Compilation)","Permanent Neow","Potion Indicator Mod","Rare Cards Sparkle","Relic Sorter","Relic Stats","StSLib","everything is the same but u backflip on backflip"],"gold_per_floor":[119,138,138,138,152,187,187,216,216,216,227,243,253,253,253,358,358,372,372,122,132,55,89,89,89,89,89,124,124,124,24,24,120,120,132,17,33,0,999,999,1018,1018,1098,1098,1108,1143,1143,1143,1143,1143,1143,1143,189,220,220],"floor_reached":56,"language":"ENG","playtime":1423,"items_purged":["Defend_P","Strike_P+1","Strike_P+1"],"score":1369,"play_id":"4147b041-7b46-4e64-80c4-d150bbf4c0ae","local_time":"20210226005858","is_ascension_mode":true,"campfire_choices":[{"floor":7,"key":"REST"},{"data":"1","floor":10,"key":"LIFT"},{"data":"2","floor":15,"key":"LIFT"},{"data":"3","floor":24,"key":"LIFT"},{"data":"TalkToTheHand","floor":27,"key":"SMITH"},{"data":"Tantrum","floor":30,"key":"SMITH"},{"data":"Ragnarok","floor":32,"key":"SMITH"},{"data":"Adaptation","floor":40,"key":"SMITH"},{"floor":42,"key":"RECALL"},{"data":"WreathOfFlame","floor":44,"key":"SMITH"},{"data":"Vault","floor":47,"key":"SMITH"},{"data":"Wireheading","floor":49,"key":"SMITH"},{"data":"Weave","floor":52,"key":"SMITH"}],"circlet_count":0,"master_deck":["Strike_P+1","Defend_P+1","Defend_P+1","Defend_P+1","Eruption+1","Vigilance+1","EmptyFist","ReachHeaven","TalkToTheHand+1","CutThroughFate+1","FollowUp","Vault+1","Ragnarok+1","Weave+1","FearNoEvil","Adaptation+1","Tantrum+1","LessonLearned+1","WreathOfFlame+1","Wireheading+1","Evaluate+1","TalkToTheHand"],"relics":["PureWater","Sundial","Thread and Needle","FossilizedHelix","Girya","Ancient Tea Set","VioletLotus","Nloth\u0027s Gift","Omamori","Pantograph","Dead Branch","Busted Crown","Red Mask","Dream Catcher","ClockworkSouvenir","CaptainsWheel","Bottled Tornado","Ornamental Fan"],"acts_visited":["Exordium","TheCity","TheBeyond","TheEnding"],"potions_floor_usage":[16,18,23,33,55,55],"damage_taken":[{"damage":8,"enemies":"2 Louse","floor":1,"turns":3},{"damage":1,"enemies":"Jaw Worm","floor":2,"turns":3},{"damage":0,"enemies":"Cultist","floor":5,"turns":3},{"damage":24,"enemies":"Gremlin Nob","floor":6,"turns":5},{"damage":9,"enemies":"3 Sentries","floor":8,"turns":6},{"damage":0,"enemies":"Exordium Wildlife","floor":11,"turns":3},{"damage":0,"enemies":"Red Slaver","floor":12,"turns":2},{"damage":0,"enemies":"Exordium Thugs","floor":13,"turns":3},{"damage":16,"enemies":"The Guardian","floor":16,"turns":9},{"damage":0,"enemies":"Shell Parasite","floor":18,"turns":4},{"damage":0,"enemies":"Chosen","floor":21,"turns":3},{"damage":23,"enemies":"Slavers","floor":23,"turns":4},{"damage":7,"enemies":"Book of Stabbing","floor":28,"turns":3},{"damage":0,"enemies":"Automaton","floor":33,"turns":4},{"damage":0,"enemies":"3 Shapes","floor":35,"turns":5},{"damage":0,"enemies":"Orb Walker","floor":37,"turns":3},{"damage":0,"enemies":"Transient","floor":41,"turns":5},{"damage":15,"enemies":"4 Shapes","floor":45,"turns":4},{"damage":0,"enemies":"Nemesis","floor":46,"turns":4},{"damage":20,"enemies":"Awakened One","floor":50,"turns":6},{"damage":0,"enemies":"Shield and Spear","floor":54,"turns":3},{"damage":1,"enemies":"The Heart","floor":55,"turns":7}],"seed_played":"-334564440889250835","potions_obtained":[{"floor":1,"key":"Dexterity Potion"},{"floor":12,"key":"LiquidMemories"},{"floor":13,"key":"SpeedPotion"},{"floor":18,"key":"Explosive Potion"},{"floor":28,"key":"Ancient Potion"},{"floor":33,"key":"PowerPotion"}],"is_trial":false,"path_per_floor":["M","M","?","?","M","E","R","E","T","R","M","M","M","T","R","B",null,"M","?","$","M","$","E","R","$","T","R","E","?","R","$","R","B",null,"M","$","M","?","?","R","M","R","T","R","M","E","R","?","R","B",null,"R","$","E","B",null],"character_chosen":"WATCHER","items_purchased":["FearNoEvil","Ambrosia","Adaptation","WreathOfFlame","Wireheading","TalkToTheHand","ClockworkSouvenir","CaptainsWheel","FairyPotion","Bottled Tornado"],"campfire_rested":1,"item_purchase_floors":[20,20,22,36,36,53,53,53,53,53],"current_hp_per_floor":[57,56,53,53,53,29,54,45,45,45,45,45,45,45,45,29,86,86,86,86,86,86,63,63,63,63,63,56,56,56,56,56,81,86,86,86,86,86,86,86,86,86,86,86,71,71,71,71,71,66,86,86,86,86,85],"gold":220,"neow_bonus":"ONE_RARE_RELIC","is_daily":false,"chose_seed":false,"campfire_upgraded":8,"win_rate":0.0,"timestamp":1614322738,"path_taken":["M","M","?","?","M","E","R","E","T","R","?","M","M","?","R","BOSS","M","?","?","?","$","E","R","$","T","R","E","?","R","$","R","BOSS","M","$","M","?","?","R","M","R","T","R","M","E","R","?","R","BOSS","R","$","E","BOSS"],"items_purchased_type":["Card","Potion","Card","Card","Card","Card","Relic","Relic","Potion","Relic"],"build_version":"2020-12-22","purchased_purges":3,"victory":true,"max_hp_per_floor":[86,86,86,86,86,86,86,86,86,86,86,86,86,86,86,86,86,86,86,86,86,86,86,86,86,86,86,86,86,86,86,86,86,86,86,86,86,86,86,86,86,86,86,86,86,86,86,86,86,86,86,86,86,86,86],"relic_stats":{"Dream Catcher":0,"Busted Crown":12,"counters":[22,92],"Sundial":[10],"Ornamental Fan":[16],"Pantograph":40,"Dead Branch":[40],"VioletLotus":[18],"Nloth\u0027s Gift":1,"obtain_stats":[{"Girya":9,"Dead Branch":28,"Mango":0,"Thread and Needle":6,"Omamori":23,"Bottled Tornado":53,"Ancient Tea Set":14,"ClockworkSouvenir":53,"Dream Catcher":46,"CaptainsWheel":53,"Busted Crown":34,"Sundial":3,"Ornamental Fan":54,"Pantograph":26,"VioletLotus":17,"Nloth\u0027s Gift":19,"Red Mask":38,"PureWater":0,"FossilizedHelix":8},{"Girya":5,"Dead Branch":13,"Mango":0,"Thread and Needle":4,"Omamori":12,"Bottled Tornado":20,"Ancient Tea Set":8,"ClockworkSouvenir":20,"Dream Catcher":19,"CaptainsWheel":20,"Busted Crown":14,"Sundial":2,"Ornamental Fan":21,"Pantograph":12,"VioletLotus":9,"Nloth\u0027s Gift":10,"Red Mask":16,"PureWater":0,"FossilizedHelix":5},{"Girya":20,"Dead Branch":51,"Mango":0,"Thread and Needle":14,"Omamori":48,"Bottled Tornado":82,"Ancient Tea Set":28,"ClockworkSouvenir":82,"Dream Catcher":76,"CaptainsWheel":82,"Busted Crown":55,"Sundial":6,"Ornamental Fan":85,"Pantograph":48,"VioletLotus":37,"Nloth\u0027s Gift":41,"Red Mask":63,"PureWater":0,"FossilizedHelix":20}]},"card_choices":[{"not_picked":["PathToVictory","Wireheading"],"picked":"EmptyFist","floor":1},{"not_picked":["ThirdEye","PathToVictory"],"picked":"ReachHeaven","floor":2},{"not_picked":["Perseverance","Swivel"],"picked":"TalkToTheHand","floor":5},{"not_picked":["EmptyBody","Protect","Study"],"picked":"SKIP","floor":6},{"not_picked":["Collect","PathToVictory"],"picked":"CutThroughFate","floor":8},{"not_picked":["FlurryOfBlows","JustLucky"],"picked":"FollowUp","floor":11},{"not_picked":["Crescendo","Vengeance","CutThroughFate"],"picked":"SKIP","floor":12},{"not_picked":["ForeignInfluence","FlurryOfBlows"],"picked":"Vault","floor":13},{"not_picked":["Alpha","Wish"],"picked":"Ragnarok","floor":16},{"not_picked":["FlurryOfBlows","CutThroughFate"],"picked":"Weave","floor":18},{"not_picked":["SandsOfTime","CutThroughFate","FlyingSleeves"],"picked":"SKIP","floor":21},{"not_picked":["ReachHeaven","Alpha"],"picked":"Tantrum","floor":23},{"not_picked":["SignatureMove+1","Judgement","CarveReality"],"picked":"SKIP","floor":28},{"not_picked":["Brilliance","Devotion"],"picked":"LessonLearned","floor":33},{"not_picked":["EmptyFist"],"picked":"SKIP","floor":35},{"not_picked":["EmptyBody+1"],"picked":"SKIP","floor":37},{"not_picked":["BowlingBash"],"picked":"SKIP","floor":41},{"not_picked":[],"picked":"Evaluate+1","floor":45},{"not_picked":["Halt"],"picked":"SKIP","floor":46},{"not_picked":["CarveReality"],"picked":"SKIP","floor":54}],"player_experience":1854526,"relics_obtained":[{"floor":6,"key":"Thread and Needle"},{"floor":8,"key":"FossilizedHelix"},{"floor":9,"key":"Girya"},{"floor":14,"key":"Ancient Tea Set"},{"floor":23,"key":"Omamori"},{"floor":26,"key":"Pantograph"},{"floor":28,"key":"Dead Branch"},{"floor":46,"key":"Dream Catcher"},{"floor":54,"key":"Ornamental Fan"}],"event_choices":[{"damage_healed":0,"gold_gain":0,"player_choice":"Success","damage_taken":3,"relics_obtained":["Sundial"],"max_hp_gain":0,"max_hp_loss":0,"event_name":"Scrap Ooze","floor":3,"gold_loss":0},{"damage_healed":0,"gold_gain":0,"player_choice":"Ignored","damage_taken":0,"max_hp_gain":0,"max_hp_loss":0,"event_name":"NoteForYourself","floor":4,"gold_loss":0},{"damage_healed":0,"gold_gain":0,"player_choice":"Traded Relic","damage_taken":0,"relics_obtained":["Nloth\u0027s Gift"],"max_hp_gain":0,"max_hp_loss":0,"event_name":"N\u0027loth","floor":19,"relics_lost":["Mango"],"gold_loss":0},{"damage_healed":0,"gold_gain":0,"player_choice":"Simplicity","damage_taken":0,"max_hp_gain":0,"max_hp_loss":0,"event_name":"Back to Basics","floor":29,"gold_loss":0,"cards_upgraded":["Strike_P","Strike_P","Strike_P","Strike_P","Defend_P","Defend_P","Defend_P"]},{"damage_healed":0,"gold_gain":0,"player_choice":"Paid","damage_taken":0,"relics_obtained":["Red Mask"],"max_hp_gain":0,"max_hp_loss":0,"event_name":"Tomb of Lord Red Mask","floor":38,"gold_loss":33},{"damage_healed":0,"gold_gain":999,"player_choice":"Gold","damage_taken":0,"max_hp_gain":0,"max_hp_loss":0,"event_name":"MindBloom","floor":39,"gold_loss":0,"cards_obtained":["Normality","Normality"]},{"cards_removed":["Strike_P"],"damage_healed":0,"gold_gain":0,"player_choice":"Removed Attack","damage_taken":0,"max_hp_gain":0,"max_hp_loss":0,"event_name":"Falling","floor":48,"gold_loss":0}],"is_beta":false,"boss_relics":[{"not_picked":["SacredBark","Black Star"],"picked":"VioletLotus"},{"not_picked":["Tiny House","Runic Dome"],"picked":"Busted Crown"}],"items_purged_floors":[20,31,53],"is_endless":false,"potions_floor_spawned":[1,12,13,18,28,33,37,45],"ascension_level":1}}