{"host":"ymw71f7rc9ndansy","time":1614301960,"event":{"mods":["ATMod(阿瑾Mod)","Act Like it!","Aspiration","BaseMod","DeckTracker","Energized Spire","Gensokyo","Hubris","Library of Ruina","Library of Ruina Extra","Minty Spire (QoL Compilation)","MostiFishMod","Relic Filter Mod","Reliquary","Remove Card Discount Mod","Replay The Spire","RumiaBox-露米娅的神秘盒子","StSLib","TestMod","【功能Mod】精心准备","【遗物卡牌】REMEMod"],"gold_per_floor":[110,122,522,522,522,522,522],"floor_reached":6,"language":"ZHS","playtime":218,"items_purged":[],"score":88,"play_id":"cdd573bb-ff10-4e8a-a84c-b53ea25b159a","local_time":"20210226091240","is_ascension_mode":true,"campfire_choices":[],"circlet_count":0,"master_deck":["AscendersBane","Dodge","LightDefense","LightAttack","LightAttack","LightAttack","LightDefense","LightDefense","LightDefense","ChargeAndCover","FocusedStrikes","AT_FamilyPortrait","BiXi","CleanUp","Reload"],"relics":["PageOfLibrarian","DaveBox","REME_ComplimentaryCards","AT_ATBox","xbg","testmod-RainbowHikingShoes","SynthV:TestCard","TungstenRod","hubris:Towel"],"acts_visited":["Exordium"],"potions_floor_usage":[],"damage_taken":[{"damage":5.0,"enemies":"Small Slimes","floor":1.0,"turns":3.0},{"damage":0.0,"enemies":"Jaw Worm","floor":2.0,"turns":3.0},{"damage":0.0,"enemies":"Gremlin Nob","floor":6.0,"turns":2.0}],"seed_played":"7923014521467940937","potions_obtained":[{"floor":0.0,"key":"Fruit Juice"},{"floor":0.0,"key":"LiquidMemories"},{"floor":0.0,"key":"SmokeBomb"}],"is_trial":false,"path_per_floor":["M","M","?","?","?","E"],"character_chosen":"Librarian","items_purchased":[],"campfire_rested":0,"item_purchase_floors":[],"current_hp_per_floor":[54,54,54,49,49,49,49],"gold":522,"neow_bonus":"THREE_SMALL_POTIONS","is_daily":false,"chose_seed":false,"campfire_upgraded":0,"win_rate":0.0,"timestamp":1614301960,"path_taken":["M","M","?","?","?","E"],"items_purchased_type":[],"build_version":"2020-12-22","purchased_purges":0,"victory":false,"max_hp_per_floor":[67,70,70,70,70,70,70],"card_choices":[{"not_picked":["GuardingStance","RapidGashes","MindPrepared","Pound","HandleRequest","BiAn","EndlessBattle","FleetEdge"],"picked":"CleanUp","floor":1.0},{"not_picked":["SomberProcuration","DesperateStruggle","Quickness","Bvapour","HardRehearsal","SharpNails","GreatSerpentsImpact","InnerArdor","EnergyStrike","GatherIntel"],"picked":"Reload","floor":2.0}],"player_experience":1106004,"relics_obtained":[{"floor":1.0,"key":"SynthV:TestCard"}],"event_choices":[{"damage_healed":0.0,"max_hp_gain":0.0,"max_hp_loss":0.0,"gold_gain":400.0,"event_name":"恩洛斯的盘子","player_choice":"Sell","floor":3.0,"relics_lost":["testmod-TestBox"],"gold_loss":0.0,"damage_taken":0.0},{"damage_healed":0.0,"max_hp_gain":0.0,"max_hp_loss":0.0,"gold_gain":0.0,"event_name":"Scrap Ooze","player_choice":"Success","floor":4.0,"gold_loss":0.0,"damage_taken":5.0,"relics_obtained":["TungstenRod"]}],"is_beta":false,"boss_relics":[],"items_purged_floors":[],"is_endless":false,"potions_floor_spawned":[1],"killed_by":"Gremlin Nob","ascension_level":20}}