{"host":"dl5mjdlimopbuch5","time":1614303955,"event":{"mods":["AchievementEnabler","BaseMod","Colored Powertips","Googly Eyes","Minty Spire (QoL Compilation)","Quick Restart"],"gold_per_floor":[118,118,193,44,62,106,127,142,142,142,109,129,129,149,149,268,268,268,268,268,268,113,113,113,113,113,113,113,113,113,113,113,113,113,113,62,62,62,62,62,62,62,62,62,62,62,62,62,62,62,62],"floor_reached":50,"language":"ENG","playtime":1601,"items_purged":[],"score":606,"play_id":"c234d318-1e2e-4bb2-bd22-d0a063231ea1","local_time":"20210226014555","is_ascension_mode":true,"campfire_choices":[{"data":"Whirlwind","floor":13.0,"key":"SMITH"},{"floor":15.0,"key":"REST"},{"data":"Body Slam","floor":23.0,"key":"SMITH"},{"floor":27.0,"key":"REST"},{"data":"Inflame","floor":32,"key":"SMITH"},{"data":"Double Tap","floor":40,"key":"SMITH"},{"data":"Shrug It Off","floor":42,"key":"SMITH"},{"floor":46,"key":"REST"},{"floor":49,"key":"REST"}],"circlet_count":0,"master_deck":["Strike_R+1","Strike_R+1","Strike_R+1","Strike_R+1","Strike_R+1","Defend_R+1","Defend_R+1","Defend_R+1","Whirlwind+1","Cleave","Shrug It Off+1","Inflame+1","Perfected Strike","Cleave","Body Slam+1","Pommel Strike+1","Body Slam+1","Double Tap+1","Writhe"],"relics":["Burning Blood","NeowsBlessing","Bloody Idol","Bag of Marbles","Art of War","Pear","Ectoplasm","Red Mask","Orichalcum","Red Skull","Molten Egg 2","Runic Pyramid","Toxic Egg 2","War Paint","Du-Vu Doll"],"acts_visited":["Exordium","TheCity","TheBeyond"],"potions_floor_usage":[29,33,33,33,48,50,50,50],"damage_taken":[{"damage":0.0,"enemies":"Small Slimes","floor":1.0,"turns":1.0},{"damage":0.0,"enemies":"Jaw Worm","floor":5.0,"turns":1.0},{"damage":0.0,"enemies":"3 Sentries","floor":6.0,"turns":1.0},{"damage":6.0,"enemies":"Cultist","floor":7.0,"turns":3.0},{"damage":8.0,"enemies":"Exordium Thugs","floor":8.0,"turns":4.0},{"damage":9.0,"enemies":"Looter","floor":12.0,"turns":3.0},{"damage":11.0,"enemies":"Blue Slaver","floor":14.0,"turns":4.0},{"damage":76.0,"enemies":"Hexaghost","floor":16.0,"turns":9.0},{"damage":27.0,"enemies":"Shell Parasite","floor":18.0,"turns":6.0},{"damage":3.0,"enemies":"Spheric Guardian","floor":20.0,"turns":3.0},{"damage":0.0,"enemies":"Masked Bandits","floor":21.0,"turns":2.0},{"damage":2.0,"enemies":"Cultist and Chosen","floor":24.0,"turns":4.0},{"damage":11.0,"enemies":"Centurion and Healer","floor":25.0,"turns":3.0},{"damage":10,"enemies":"Slavers","floor":29,"turns":6},{"damage":12,"enemies":"Snake Plant","floor":31,"turns":2},{"damage":42,"enemies":"Collector","floor":33,"turns":8},{"damage":28,"enemies":"3 Shapes","floor":35,"turns":2},{"damage":17,"enemies":"3 Darklings","floor":38,"turns":2},{"damage":0,"enemies":"Jaw Worm Horde","floor":41,"turns":2},{"damage":35,"enemies":"Mind Bloom Boss Battle","floor":47,"turns":6},{"damage":4,"enemies":"4 Shapes","floor":48,"turns":1},{"damage":90,"enemies":"Donu and Deca","floor":50,"turns":5}],"seed_played":"-1016856261803909166","potions_obtained":[{"floor":1.0,"key":"SpeedPotion"},{"floor":6.0,"key":"SkillPotion"},{"floor":8.0,"key":"LiquidBronze"},{"floor":14.0,"key":"Swift Potion"},{"floor":20.0,"key":"HeartOfIron"},{"floor":29,"key":"FearPotion"},{"floor":31,"key":"Block Potion"},{"floor":35,"key":"SneckoOil"},{"floor":47,"key":"DistilledChaos"},{"floor":48,"key":"Block Potion"}],"is_trial":false,"path_per_floor":["M","?","?","$","M","E","M","M","T","?","$","M","R","M","R","B",null,"M","?","M","?","$","R","M","M","T","R","?","E","?","M","R","B",null,"M","$","?","M","$","R","M","R","T","?","T","R","?","M","R","B"],"character_chosen":"IRONCLAD","items_purchased":["Bag of Marbles","Inflame","Orichalcum","Block Potion"],"campfire_rested":4,"item_purchase_floors":[4,11,22,36],"current_hp_per_floor":[80,60,49,49,55,61,61,59,69,69,69,66,66,61,88,18,72,51,51,54,60,60,60,64,59,59,86,86,82,82,76,76,40,78,56,56,79,68,68,68,74,74,74,74,74,90,61,63,90,0,0],"gold":62,"neow_bonus":"THREE_ENEMY_KILL","is_daily":false,"chose_seed":false,"campfire_upgraded":5,"win_rate":0.0,"timestamp":1614303955,"path_taken":["M","?","?","?","M","E","M","M","T","?","$","M","R","?","R","BOSS","M","?","M","?","$","R","M","M","T","R","?","E","?","?","R","BOSS","M","$","?","M","$","R","M","R","T","?","?","R","?","M","R","BOSS"],"items_purchased_type":["Relic","Card","Relic","Potion"],"build_version":"2020-12-22","purchased_purges":0,"victory":false,"max_hp_per_floor":[80,80,80,80,80,80,80,80,90,90,90,90,90,90,90,90,90,90,90,90,90,90,90,90,90,90,90,90,90,90,90,90,90,90,90,90,90,90,90,90,90,90,90,90,90,90,90,90,90,90,90],"card_choices":[{"not_picked":["Burning Pact","Headbutt","Sever Soul"],"picked":"SKIP","floor":1.0},{"not_picked":["Clothesline","Reckless Charge"],"picked":"Whirlwind","floor":5.0},{"not_picked":["True Grit","Warcry"],"picked":"Cleave","floor":6.0},{"not_picked":["Ghostly Armor","Clothesline"],"picked":"Shrug It Off","floor":7.0},{"not_picked":["Clothesline","Metallicize","Dropkick"],"picked":"SKIP","floor":8.0},{"not_picked":["Clash","Iron Wave"],"picked":"Perfected Strike","floor":12.0},{"not_picked":["Shrug It Off","Clash"],"picked":"Cleave","floor":14.0},{"not_picked":["Perfected Strike+1","Bloodletting"],"picked":"Body Slam","floor":18.0},{"not_picked":["Rage","Clothesline","Seeing Red"],"picked":"SKIP","floor":20.0},{"not_picked":["Anger","Wild Strike"],"picked":"Pommel Strike+1","floor":21.0},{"not_picked":["Thunderclap","Body Slam","Cleave"],"picked":"SKIP","floor":24.0},{"not_picked":["Clothesline","Cleave","Thunderclap"],"picked":"SKIP","floor":25.0},{"not_picked":["Dual Wield","Reckless Charge+1"],"picked":"Body Slam+1","floor":29},{"not_picked":["Hemokinesis+1","Shrug It Off","Headbutt+1"],"picked":"SKIP","floor":31},{"not_picked":["Juggernaut","Brutality"],"picked":"Double Tap","floor":33},{"not_picked":["Body Slam+1","Flex","Rage+1"],"picked":"SKIP","floor":35},{"not_picked":["Combust+1","Perfected Strike+1","Ghostly Armor"],"picked":"SKIP","floor":38},{"not_picked":["Clash+1","Rampage+1","Warcry+1"],"picked":"SKIP","floor":41},{"not_picked":["Body Slam+1","Wild Strike+1","Thunderclap+1"],"picked":"SKIP","floor":48}],"player_experience":243356,"relics_obtained":[{"floor":6.0,"key":"Art of War"},{"floor":9.0,"key":"Pear"},{"floor":21.0,"key":"Red Mask"},{"floor":26.0,"key":"Red Skull"},{"floor":29,"key":"Molten Egg 2"},{"floor":43,"key":"Toxic Egg 2"},{"floor":45,"key":"War Paint"},{"floor":47,"key":"Du-Vu Doll"}],"event_choices":[{"damage_healed":0.0,"max_hp_gain":0.0,"max_hp_loss":0.0,"gold_gain":0.0,"event_name":"Golden Idol","player_choice":"Take Damage","floor":2.0,"gold_loss":0.0,"damage_taken":20.0,"relics_obtained":["Golden Idol"]},{"damage_healed":0.0,"max_hp_gain":0.0,"max_hp_loss":0.0,"gold_gain":75.0,"event_name":"World of Goop","player_choice":"Gather Gold","floor":3.0,"gold_loss":0.0,"damage_taken":11.0},{"cards_removed":["Defend_R"],"damage_healed":0.0,"max_hp_gain":0.0,"max_hp_loss":0.0,"gold_gain":0.0,"event_name":"Purifier","player_choice":"Purged","floor":10.0,"gold_loss":0.0,"damage_taken":0.0},{"damage_healed":0.0,"max_hp_gain":0.0,"max_hp_loss":0.0,"gold_gain":0.0,"event_name":"Back to Basics","player_choice":"Simplicity","floor":19.0,"gold_loss":0.0,"damage_taken":0.0,"cards_upgraded":["Strike_R","Strike_R","Strike_R","Strike_R","Strike_R","Defend_R","Defend_R","Defend_R"]},{"damage_healed":0.0,"max_hp_gain":0.0,"max_hp_loss":0.0,"gold_gain":0.0,"event_name":"Masked Bandits","player_choice":"Fought Bandits","floor":21.0,"gold_loss":0.0,"damage_taken":0.0},{"damage_healed":0.0,"max_hp_gain":0.0,"max_hp_loss":0.0,"gold_gain":0.0,"event_name":"Beggar","player_choice":"Ignored","floor":28.0,"gold_loss":0.0,"damage_taken":0.0},{"damage_healed":0,"gold_gain":0,"player_choice":"Gave Idol","damage_taken":0,"relics_obtained":["Bloody Idol"],"max_hp_gain":0,"max_hp_loss":0,"event_name":"Forgotten Altar","floor":30,"relics_lost":["Golden Idol"],"gold_loss":0},{"damage_healed":23,"gold_gain":0,"player_choice":"Writhe","damage_taken":0,"max_hp_gain":0,"max_hp_loss":0,"event_name":"Winding Halls","floor":37,"gold_loss":0,"cards_obtained":["Writhe"]},{"cards_removed":["Bash"],"damage_healed":0,"gold_gain":0,"player_choice":"Removed Attack","damage_taken":0,"max_hp_gain":0,"max_hp_loss":0,"event_name":"Falling","floor":44,"gold_loss":0},{"damage_healed":0,"gold_gain":0,"player_choice":"Fight","damage_taken":0,"max_hp_gain":0,"max_hp_loss":0,"event_name":"MindBloom","floor":47,"gold_loss":0}],"is_beta":false,"boss_relics":[{"not_picked":["Coffee Dripper","Empty Cage"],"picked":"Ectoplasm"},{"not_picked":["Runic Dome","Pandora\u0027s Box"],"picked":"Runic Pyramid"}],"items_purged_floors":[],"is_endless":false,"potions_floor_spawned":[1,6,8,14,20,24,29,31,35,47,48],"killed_by":"Donu and Deca","ascension_level":5}}