{"host":"x05n69rv5q9mps34","time":1614300334,"event":{"mods":["AchievementEnabler","BaseMod","Colored Map","Minty Spire (QoL Compilation)","SuperFastMode"],"gold_per_floor":[117,135,188,63,79,79,90,108,108,120,137,156,156,170,170,271,271,181,192,207,207,64,64,64],"floor_reached":23,"language":"ENG","playtime":1055,"items_purged":["Doubt"],"score":187,"play_id":"60ff49ff-8700-4992-b362-c897187b0f1d","local_time":"20210225214534","is_ascension_mode":false,"campfire_choices":[{"data":"Chill","floor":6,"key":"SMITH"},{"data":"Self Repair","floor":13,"key":"SMITH"},{"data":"Darkness","floor":15,"key":"SMITH"}],"circlet_count":0,"master_deck":["Strike_B","Strike_B","Strike_B","Defend_B","Defend_B","Defend_B","Zap","Dualcast","Melter","Darkness+1","Coolheaded","Self Repair+1","Ball Lightning","Capacitor","Chill+1","Cold Snap","FTL","Compile Driver","Conserve Battery","Ball Lightning","Buffer","Capacitor+1","Barrage","Defragment"],"relics":["Cracked Core"],"acts_visited":["Exordium","TheCity"],"potions_floor_usage":[5,20,23],"damage_taken":[{"damage":6,"enemies":"Cultist","floor":1,"turns":3},{"damage":0,"enemies":"Small Slimes","floor":2,"turns":2},{"damage":1,"enemies":"Jaw Worm","floor":5,"turns":3},{"damage":2,"enemies":"Lots of Slimes","floor":7,"turns":5},{"damage":1,"enemies":"Red Slaver","floor":8,"turns":2},{"damage":3,"enemies":"2 Fungi Beasts","floor":10,"turns":3},{"damage":10,"enemies":"Blue Slaver","floor":11,"turns":3},{"damage":3,"enemies":"Looter","floor":12,"turns":2},{"damage":4,"enemies":"2 Fungi Beasts","floor":14,"turns":4},{"damage":33,"enemies":"The Guardian","floor":16,"turns":11},{"damage":33,"enemies":"2 Thieves","floor":18,"turns":5},{"damage":16,"enemies":"Chosen","floor":19,"turns":6},{"damage":32,"enemies":"3 Cultists","floor":20,"turns":6},{"damage":50,"enemies":"Gremlin Leader","floor":23,"turns":5}],"seed_played":"7220852899439990513","potions_obtained":[{"floor":1,"key":"DistilledChaos"},{"floor":5,"key":"GamblersBrew"},{"floor":12,"key":"Strength Potion"},{"floor":14,"key":"BlessingOfTheForge"},{"floor":20,"key":"GamblersBrew"}],"is_trial":false,"path_per_floor":["M","M","T","$","M","R","M","M","T","M","M","M","R","M","R","B",null,"M","M","M","?","$","E"],"character_chosen":"DEFECT","items_purchased":["Ball Lightning","Capacitor","Defragment"],"campfire_rested":0,"item_purchase_floors":[4,4,22],"current_hp_per_floor":[69,69,69,69,75,75,75,74,74,75,72,69,69,75,75,52,75,52,46,24,49,49,0,0],"gold":64,"neow_bonus":"TRANSFORM_TWO_CARDS","is_daily":false,"chose_seed":false,"campfire_upgraded":3,"win_rate":0.0,"timestamp":1614300334,"path_taken":["M","M","?","?","M","R","?","M","T","M","M","M","R","M","R","BOSS","M","M","?","?","$","E"],"items_purchased_type":["Card","Card","Card"],"build_version":"2020-12-22","purchased_purges":1,"victory":false,"max_hp_per_floor":[75,75,75,75,75,75,75,75,75,75,75,75,75,75,75,75,75,75,75,75,75,75,75,75],"card_choices":[{"not_picked":["Go for the Eyes","Rip and Tear"],"picked":"Coolheaded","floor":1},{"not_picked":["Conserve Battery","Cold Snap"],"picked":"Self Repair","floor":2},{"not_picked":["Beam Cell","Compile Driver"],"picked":"Chill","floor":5},{"not_picked":["Redo","Coolheaded"],"picked":"Cold Snap","floor":7},{"not_picked":["Conserve Battery","Coolheaded"],"picked":"FTL","floor":8},{"not_picked":["Hologram","Stack"],"picked":"Compile Driver","floor":10},{"not_picked":["Rebound","Conserve Battery","Streamline"],"picked":"SKIP","floor":11},{"not_picked":["Multi-Cast","Go for the Eyes"],"picked":"Conserve Battery","floor":12},{"not_picked":["Recycle","Melter"],"picked":"Ball Lightning","floor":14},{"not_picked":["Rainbow","Seek"],"picked":"Buffer","floor":16},{"not_picked":["Beam Cell","Leap"],"picked":"Capacitor+1","floor":18},{"not_picked":["Chill","Hologram","Streamline"],"picked":"SKIP","floor":19},{"not_picked":["Loop","Stack"],"picked":"Barrage","floor":20}],"player_experience":1034200,"relics_obtained":[],"event_choices":[{"damage_healed":25,"gold_gain":0,"player_choice":"Heal","damage_taken":0,"max_hp_gain":0,"max_hp_loss":0,"event_name":"The Library","floor":21,"gold_loss":0}],"is_beta":false,"boss_relics":[{"not_picked":["Tiny House","Astrolabe","SlaversCollar"]}],"items_purged_floors":[22],"is_endless":false,"potions_floor_spawned":[1,5,12,14,20],"killed_by":"Gremlin Leader","ascension_level":0}}