{"host":"2l5k2wp87eek7qja","time":1614372457,"event":{"mods":["BaseMod","Colored Map","Minty Spire (QoL Compilation)","Relic Stats"],"gold_per_floor":[109,109,123,123,36,36,75,75,75,89,89,89],"floor_reached":11,"language":"ENG","playtime":250,"items_purged":[],"score":142,"play_id":"a1f8972a-d6bf-4831-9600-009eeb667c49","local_time":"20210226224737","is_ascension_mode":true,"campfire_choices":[{"data":"Noxious Fumes","floor":6,"key":"SMITH"}],"circlet_count":0,"master_deck":["AscendersBane","Strike_G","Strike_G","Strike_G","Strike_G","Defend_G","Defend_G","Defend_G","Defend_G","Defend_G","Survivor","Neutralize","Blade Dance","Quick Slash","Noxious Fumes+1","Accuracy"],"relics":["Ring of the Snake","Bronze Scales","Golden Idol","Art of War","Incense Burner"],"acts_visited":["Exordium"],"potions_floor_usage":[],"damage_taken":[{"damage":3,"enemies":"Cultist","floor":1,"turns":4},{"damage":0,"enemies":"2 Louse","floor":3,"turns":3},{"damage":21,"enemies":"3 Sentries","floor":7,"turns":6},{"damage":1,"enemies":"Small Slimes","floor":10,"turns":4},{"damage":39,"enemies":"Gremlin Nob","floor":11,"turns":4}],"seed_played":"991096658054816606","potions_obtained":[{"floor":10,"key":"Dexterity Potion"}],"is_trial":false,"path_per_floor":["M","?","M","?","$","R","E","?","T","M","E"],"character_chosen":"THE_SILENT","items_purchased":["Noxious Fumes"],"campfire_rested":0,"item_purchase_floors":[5],"current_hp_per_floor":[56,61,61,61,61,61,40,40,40,39,0,0],"gold":89,"neow_bonus":"RANDOM_COMMON_RELIC","is_daily":false,"chose_seed":false,"campfire_upgraded":1,"win_rate":0.0,"timestamp":1614372457,"path_taken":["M","?","M","?","$","R","E","?","T","M","E"],"items_purchased_type":["Card"],"build_version":"2020-12-22","purchased_purges":0,"victory":false,"max_hp_per_floor":[66,71,71,64,64,64,64,64,64,64,64,64],"relic_stats":{"counters":[5,21],"Golden Idol":11,"Bronze Scales":[42],"Art of War":[1],"obtain_stats":[{"Golden Idol":4,"Bronze Scales":0,"Art of War":7,"Incense Burner":9,"Ring of the Snake":0},{"Golden Idol":2,"Bronze Scales":0,"Art of War":3,"Incense Burner":3,"Ring of the Snake":0},{"Golden Idol":7,"Bronze Scales":0,"Art of War":13,"Incense Burner":13,"Ring of the Snake":0}],"Ring of the Snake":[10]},"card_choices":[{"not_picked":["Bane","Deadly Poison"],"picked":"Blade Dance","floor":1},{"not_picked":["Bane","Dodge and Roll"],"picked":"Quick Slash","floor":3},{"not_picked":["Poisoned Stab","Quick Slash"],"picked":"Accuracy","floor":7},{"not_picked":["All Out Attack","Eviscerate","Finisher"],"picked":"SKIP","floor":10}],"player_experience":914992,"relics_obtained":[{"floor":7,"key":"Art of War"},{"floor":9,"key":"Incense Burner"}],"event_choices":[{"damage_healed":0,"gold_gain":0,"player_choice":"Donut","damage_taken":0,"max_hp_gain":5,"max_hp_loss":0,"event_name":"Big Fish","floor":2,"gold_loss":0},{"damage_healed":0,"gold_gain":0,"player_choice":"Lose Max HP","damage_taken":0,"relics_obtained":["Golden Idol"],"max_hp_gain":0,"max_hp_loss":7,"event_name":"Golden Idol","floor":4,"gold_loss":0},{"cards_removed":["Strike_G"],"damage_healed":0,"gold_gain":0,"player_choice":"Purged","damage_taken":0,"max_hp_gain":0,"max_hp_loss":0,"event_name":"Purifier","floor":8,"gold_loss":0}],"is_beta":false,"boss_relics":[],"items_purged_floors":[],"is_endless":false,"potions_floor_spawned":[10],"killed_by":"Gremlin Nob","ascension_level":20}}