{"host":"bvp2uifzy1c463d9","time":1614311834,"event":{"mods":["AchievementEnabler","BaseMod","Better Note","Block Reminder","Bossed Relics","Colored Map","Colored Powertips","Hermit","Highlight Path","Hubris","Infinite Spire","Minty Spire (QoL Compilation)","Relic Sorter","Relic Stats","Reliquary","Replay The Spire","StSLib","The Blue Laboratory","Wandering Minibosses"],"gold_per_floor":[109,109,184,57,17,17,50,32,32,45,45,25,41,41,41,141,141,157,177,77,27,27],"floor_reached":21,"language":"ENG","playtime":984,"items_purged":["hermit:Strike_Hermit","hermit:Strike_Hermit"],"score":197,"play_id":"2e1cbedc-5b55-4cd8-adef-6c5b31cb1893","local_time":"20210225215714","is_ascension_mode":true,"campfire_choices":[{"data":"hermit:Determination","floor":6,"key":"SMITH"},{"data":"hermit:Adapt","floor":11,"key":"SMITH"}],"circlet_count":0,"master_deck":["hermit:Strike_Hermit","hermit:Strike_Hermit","hermit:Defend_Hermit","hermit:Defend_Hermit","hermit:Defend_Hermit","hermit:Defend_Hermit","hermit:Snapshot","hermit:Covet","hermit:Determination+1","ReplayTheSpireMod:Faulty Equipment","hermit:Grudge","hermit:Grudge","hermit:Adapt+1","Wild Strike","hermit:WideOpen","Leap+1","Immolate","Reprogram+1"],"relics":["Oddly Smooth Stone","PrismaticShard","Anchor","Replay:Grab Bag","hubris:TerracottaHorce","Philosopher\u0027s Stone","Ring of Chaos"],"acts_visited":["Exordium","TheCity"],"potions_floor_usage":[],"damage_taken":[{"damage":4,"enemies":"2 Louse","floor":1,"turns":3},{"damage":19,"enemies":"Replay:BlueRogue","floor":7,"turns":7},{"damage":0,"enemies":"Small Slimes","floor":8,"turns":7},{"damage":0,"enemies":"Cultist","floor":10,"turns":2},{"damage":1,"enemies":"Red Slaver","floor":12,"turns":5},{"damage":0,"enemies":"Large Slime","floor":13,"turns":4},{"damage":37,"enemies":"Hexaghost","floor":16,"turns":16},{"damage":10,"enemies":"Shell Parasite","floor":18,"turns":6},{"damage":14,"enemies":"2 Thieves","floor":19,"turns":3},{"damage":39,"enemies":"Snecko","floor":21,"turns":4}],"seed_played":"-3597527325593794341","potions_obtained":[{"floor":1,"key":"blueLaboratory:PhilterOfMotion"},{"floor":5,"key":"SpeedPotion"},{"floor":5,"key":"blueLaboratory:HorrorPotion"},{"floor":5,"key":"blueLaboratory:EnragingPotion"},{"floor":10,"key":"Languid Potion"},{"floor":16,"key":"blueLaboratory:LouseDecoction"}],"is_trial":false,"path_per_floor":["M","?","?","$","?","R","E","M","T","M","R","M","M","$","R_BF","B",null,"M","M","$","M"],"character_chosen":"HERMIT","items_purchased":["hermit:Grudge"],"campfire_rested":0,"item_purchase_floors":[4],"current_hp_per_floor":[71,71,60,60,60,60,41,41,41,41,41,40,40,40,62,25,63,53,39,39,0,0],"gold":27,"neow_bonus":"RANDOM_COMMON_RELIC","is_daily":false,"chose_seed":false,"campfire_upgraded":2,"win_rate":0.0,"timestamp":1614311834,"path_taken":["M","?","?","$","?","R","E","M","T","?","R","M","M","$","R_BF","BOSS","M","M","?","M"],"items_purchased_type":["Card"],"build_version":"2020-12-22","purchased_purges":2,"victory":false,"max_hp_per_floor":[75,75,75,75,75,75,75,75,75,75,75,75,75,75,75,75,75,75,75,75,75,75],"relic_stats":{"counters":[10,57],"obtain_stats":[{"Anchor":7,"Replay:Grab Bag":17,"Oddly Smooth Stone":0,"Philosopher\u0027s Stone":17,"reliquary:SculptingSteel":9,"Ring of Chaos":17,"PrismaticShard":2,"hermit:Momento":0,"hubris:TerracottaHorce":17},{"Anchor":2,"Replay:Grab Bag":7,"Oddly Smooth Stone":0,"Philosopher\u0027s Stone":7,"reliquary:SculptingSteel":3,"Ring of Chaos":7,"PrismaticShard":1,"hermit:Momento":0,"hubris:TerracottaHorce":7},{"Anchor":10,"Replay:Grab Bag":44,"Oddly Smooth Stone":0,"Philosopher\u0027s Stone":44,"reliquary:SculptingSteel":17,"Ring of Chaos":44,"PrismaticShard":3,"hermit:Momento":0,"hubris:TerracottaHorce":44}]},"card_choices":[{"not_picked":["hermit:TakeAim","hermit:Coalescence"],"picked":"hermit:Determination","floor":1},{"not_picked":["Hologram","Flex"],"picked":"hermit:Adapt","floor":7},{"not_picked":["Hidden Blade","Thunderclap"],"picked":"Wild Strike","floor":8},{"not_picked":["Crescendo","Choke","Acrobatics"],"picked":"SKIP","floor":10},{"not_picked":["Bouncing Flask","Twin Strike"],"picked":"hermit:WideOpen","floor":12},{"not_picked":["ReplayTheSpireMod:Exploit Weakness","Headbutt"],"picked":"Leap","floor":13},{"not_picked":["The Bomb","Storm of Steel"],"picked":"Immolate","floor":16},{"not_picked":["ReplayTheSpireMod:Shiv Toss+1","hubris:SharpeningStone","Fasting2"],"picked":"SKIP","floor":18},{"not_picked":["Barrage+1","Indignation"],"picked":"Reprogram+1","floor":19}],"player_experience":377421,"relics_obtained":[{"floor":7,"key":"Anchor"},{"floor":9,"key":"reliquary:SculptingSteel"}],"event_choices":[{"damage_healed":0,"gold_gain":75,"player_choice":"Gather Gold","damage_taken":11,"max_hp_gain":0,"max_hp_loss":0,"event_name":"World of Goop","floor":3,"gold_loss":0},{"damage_healed":0,"gold_gain":0,"player_choice":"Bought 3 Potions","damage_taken":0,"max_hp_gain":0,"max_hp_loss":0,"event_name":"The Woman in Blue","floor":5,"gold_loss":0}],"is_beta":false,"boss_relics":[{"not_picked":["Replay:Drink Me","hubris:ScarierMask"],"picked":"Replay:Grab Bag"},{"not_picked":["Busted Crown","reliquary:WritOfMandamus"],"picked":"hubris:TerracottaHorce"},{"not_picked":["reliquary:Ember","hubris:RunicObelisk"],"picked":"Philosopher\u0027s Stone"},{"not_picked":["SacredBark","Pandora\u0027s Box"],"picked":"Ring of Chaos"}],"items_purged_floors":[4,20],"is_endless":false,"potions_floor_spawned":[1,10,13,16],"killed_by":"Snecko","ascension_level":2}}