{"host":"xumidyqji6pg2yy3","time":1614358747,"event":{"mods":["ATMod(阿瑾Mod)","BaseMod","Colored Map","Downfall","Minty Spire (QoL Compilation)","MostiFishMod","Quick Restart","StSLib","TestMod"],"gold_per_floor":[99,99,99,99,24,174,199,199,199,199,299,333,233,258,269,373,373,373,384,384,403,415,444,470,497,497,397,397,397,423,439,459,555,555,555,581,601,651,651,651,651,551,563,570,615,615,615,636,670,688,688,735,-1310,-1310,-1288,-1251],"floor_reached":57,"language":"ZHS","playtime":3417,"items_purged":["Guardian:Strike_Guardian","Pride","Guardian:Strike_Guardian"],"score":1679,"play_id":"f94cd233-7552-489e-a470-89b50772a19f","local_time":"20210227005907","is_ascension_mode":true,"campfire_choices":[{"data":"Guardian:CurlUp","floor":1.0,"key":"SMITH"},{"data":"AT_BodySlamDance","floor":8.0,"key":"SMITH"},{"data":"Guardian:BronzeArmor","floor":10.0,"key":"SMITH"},{"data":"Guardian:TwinSlam","floor":13.0,"key":"SMITH"},{"floor":18.0,"key":"RECALL"},{"data":"Guardian:Suspension","floor":27.0,"key":"SMITH"},{"data":"Guardian:TemporalShield","floor":35.0,"key":"SMITH"},{"data":"Guardian:TimeCapacitor","floor":40,"key":"SMITH"},{"data":"Guardian:ShieldCharger","floor":42,"key":"SMITH"},{"data":"Guardian:Suspension","floor":46,"key":"SMITH"},{"data":"Guardian:AncientConstruct","floor":54,"key":"SMITH"}],"circlet_count":0,"master_deck":["Guardian:Strike_Guardian","Guardian:Defend_Guardian","Guardian:Defend_Guardian","Guardian:Defend_Guardian","Guardian:Defend_Guardian","Guardian:CurlUp+1","Guardian:TwinSlam+1","AT_BodySlamDance+1","Guardian:BronzeArmor+1","downfall:Icky","Guardian:ShieldCharger+1","Guardian:ExploitGems","Guardian:TemporalShield+1","Guardian:Suspension+1","Guardian:BronzeArmor+1","Guardian:Suspension+1","Guardian:TimeCapacitor+1","Guardian:TemporalShield+1","Guardian:TemporalShield+1","Guardian:Suspension+1","Guardian:AncientConstruct+1","Guardian:Suspension+1","Finesse"],"relics":["Guardian:ModeShifter","AT_ATBox","DaveBox","testmod-TestBox","ChiXiaoBlade","testmod-IntensifyImprint","downfall:HeartsMalice","Potion Belt","Toy Ornithopter","Ice Cream","downfall:HeartBlessingGreen","AT_ImmortalShieldbow","HereWithMe","SentryEyes","testmod-Antiphasic","MealTicket","Smiling Mask","downfall:HeartBlessingRed","Blue Candle","Lantern","testmod-DeterminationOfClimber","Turnip","downfall:HeartBlessingBlue","testmod-OneHitWonder","AT_SpeedBoots","testmod-CrystalShield","AT_RedTearstoneRing","testmod-Hope","SynthV:MejaisSoulstealer"],"acts_visited":["Exordium","TheCity","TheBeyond","TheEnding"],"potions_floor_usage":[44,56,56],"damage_taken":[{"damage":0.0,"enemies":"2 Louse","floor":2.0,"turns":1.0},{"damage":0.0,"enemies":"downfall:FleeingMerchant","floor":5.0,"turns":1.0},{"damage":0.0,"enemies":"Small Slimes","floor":9.0,"turns":1.0},{"damage":19.0,"enemies":"downfall:LadyInBlue","floor":11.0,"turns":12.0},{"damage":8.0,"enemies":"3 Sentries","floor":12.0,"turns":8.0},{"damage":5.0,"enemies":"Gremlin Nob","floor":14.0,"turns":3.0},{"damage":4.0,"enemies":"Jaw Worm","floor":15.0,"turns":2.0},{"damage":11.0,"enemies":"IC_STATUS_ARCHETYPE","floor":16.0,"turns":12.0},{"damage":0.0,"enemies":"Spheric Guardian","floor":19.0,"turns":2.0},{"damage":2.0,"enemies":"Shell Parasite","floor":21.0,"turns":3.0},{"damage":6.0,"enemies":"Chosen and Byrds","floor":22.0,"turns":4.0},{"damage":10.0,"enemies":"Slavers","floor":23.0,"turns":3.0},{"damage":4.0,"enemies":"Book of Stabbing","floor":25.0,"turns":4.0},{"damage":2.0,"enemies":"Slavers","floor":30.0,"turns":3.0},{"damage":1.0,"enemies":"Cultist and Chosen","floor":31.0,"turns":3.0},{"damage":2.0,"enemies":"Snecko","floor":32.0,"turns":3.0},{"damage":1.0,"enemies":"DF_ARCHETYPE_CLAW","floor":33.0,"turns":3.0},{"damage":1.0,"enemies":"Orb Walker","floor":36.0,"turns":2.0},{"damage":1.0,"enemies":"3 Darklings","floor":37.0,"turns":2.0},{"damage":4.0,"enemies":"2 Orb Walkers","floor":38.0,"turns":2.0},{"damage":0,"enemies":"Sphere and 2 Shapes","floor":43,"turns":1},{"damage":1,"enemies":"downfall:FleeingMerchant","floor":44,"turns":3},{"damage":0,"enemies":"Giant Head","floor":45,"turns":2},{"damage":0,"enemies":"4 Shapes","floor":48,"turns":1},{"damage":0,"enemies":"Transient","floor":49,"turns":1},{"damage":0,"enemies":"SI_POISON_ARCHETYPE","floor":50,"turns":2},{"damage":1,"enemies":"downfall:CharBossMerchant","floor":52,"turns":1},{"damage":3,"enemies":"downfall:NeowBoss","floor":55,"turns":3},{"damage":1,"enemies":"downfall:NeowBossFinal","floor":56,"turns":1}],"seed_played":"1944750466365523817","potions_obtained":[{"floor":11.0,"key":"SteroidPotion"},{"floor":11.0,"key":"ColorlessPotion"},{"floor":11.0,"key":"Swift Potion"},{"floor":11.0,"key":"Fire Potion"},{"floor":14.0,"key":"Dexterity Potion"},{"floor":15.0,"key":"Block Potion"},{"floor":19.0,"key":"Explosive Potion"},{"floor":22.0,"key":"LiquidMemories"},{"floor":31.0,"key":"Fire Potion"},{"floor":33.0,"key":"SpeedPotion"},{"floor":43,"key":"testmod-SpacePotion"},{"floor":45,"key":"Swift Potion"}],"is_trial":false,"path_per_floor":["R","M","?","?","$","?","T","R","M","R","?","E","R","E","M","B",null,"R","M","?","M","M","E","T","E","?","R","?","?","E","M","M","B",null,"R","M","M","?","?","R","T","R","M","$","E","R","?","M","M","B",null,"E","$","R","B","B",null],"character_chosen":"GUARDIAN","items_purchased":["testmod-OneHitWonder","EntropicBrew","AT_RedTearstoneRing","testmod-Hope","Finesse","testmod-TimePotion","SynthV:MejaisSoulstealer"],"campfire_rested":0,"item_purchase_floors":[44,44,53,53,53,53,53],"current_hp_per_floor":[80,80,80,80,80,80,80,80,80,80,61,53,53,53,49,48,80,80,80,80,78,72,62,62,58,58,58,58,53,51,50,48,52,80,80,80,80,80,80,80,80,90,90,90,90,90,90,90,90,90,90,90,90,90,90,90],"gold":-1251,"neow_bonus":"THREE_ENEMY_KILL","is_daily":false,"chose_seed":false,"campfire_upgraded":10,"win_rate":0.0,"timestamp":1614358747,"path_taken":["R","M","?","?","$","?","T","R","M","R","?","E","R","E","M","BOSS","R","?","?","M","M","E","T","E","?","R","?","?","E","M","M","BOSS","R","M","M","?","?","R","T","R","M","$","E","R","?","M","M","BOSS","E","$","R","BOSS","BOSS"],"items_purchased_type":["Relic","Potion","Relic","Relic","Card","Potion","Relic"],"build_version":"2020-12-22","purchased_purges":3,"victory":true,"max_hp_per_floor":[80,80,80,80,80,80,80,80,80,80,80,80,80,80,80,80,80,80,80,80,80,80,80,80,80,80,80,80,80,80,80,80,80,80,80,80,80,80,80,80,80,90,90,90,90,90,90,90,90,90,90,90,90,90,90,90],"card_choices":[{"not_picked":["Guardian:PrimingBeam","Guardian:DecasProtection"],"picked":"Guardian:BronzeArmor","floor":2.0},{"not_picked":["Guardian:Recover","Guardian:RollAttack"],"picked":"Guardian:Gem_Green","floor":5.0},{"not_picked":["Guardian:VentSteam","Guardian:Orbwalk","Guardian:PrismaticBeam"],"picked":"SKIP","floor":9.0},{"not_picked":["Guardian:TemporalStrike","Guardian:PiercingHide"],"picked":"Guardian:Gem_Blue","floor":11.0},{"not_picked":["Guardian:ChargeCore","Guardian:TemporalStrike","Guardian:Orbwalk"],"picked":"SKIP","floor":12.0},{"not_picked":["Guardian:PrimingBeam","Guardian:GatlingBeam","Guardian:PolyBeam"],"picked":"SKIP","floor":14.0},{"not_picked":["Guardian:PiercingHide","Guardian:Planning"],"picked":"Guardian:ShieldCharger","floor":15.0},{"not_picked":["Guardian:BaubleBeam","Guardian:StasisField"],"picked":"Guardian:ExploitGems","floor":16.0},{"not_picked":["Guardian:PrismaticBarrier+1","Guardian:Gem_Green"],"picked":"Guardian:TemporalShield","floor":19.0},{"not_picked":["Guardian:SpikerProtocol","Guardian:ShieldSpikes"],"picked":"Guardian:Suspension","floor":21.0},{"not_picked":["Guardian:Planning","Guardian:Gem_Red","Guardian:Suspension"],"picked":"SKIP","floor":22.0},{"not_picked":["Guardian:PrismaticBeam","Guardian:PolyBeam"],"picked":"Guardian:Gem_Green","floor":23.0},{"not_picked":["Guardian:Reroute","Guardian:BronzeOrb"],"picked":"Guardian:BronzeArmor+1","floor":25.0},{"not_picked":["Guardian:VentSteam","Guardian:TimeSifter"],"picked":"Guardian:Suspension+1","floor":30.0},{"not_picked":["Guardian:BodySlam","Guardian:Planning+1"],"picked":"Guardian:TimeCapacitor","floor":31.0},{"not_picked":["Guardian:PrismaticBarrier","Guardian:Suspension"],"picked":"Guardian:TemporalShield+1","floor":32.0},{"not_picked":["Guardian:Gem_Cyan","Guardian:PiercingHide"],"picked":"Guardian:Gem_White","floor":36.0},{"not_picked":["Guardian:PrimingBeam","Guardian:Incinerate+1"],"picked":"Guardian:TemporalShield+1","floor":37.0},{"not_picked":["Guardian:ChargeCore","Guardian:TemporalStrike"],"picked":"Guardian:Gem_Green","floor":38.0},{"not_picked":["Guardian:VentSteam","Guardian:TemporalStrike+1"],"picked":"Guardian:Suspension","floor":43},{"not_picked":["Guardian:Gem_Red","Guardian:ChargeCore+1"],"picked":"Guardian:AncientConstruct","floor":44},{"not_picked":["Guardian:PrismaticBeam+1","Guardian:Incinerate","Guardian:Reroute"],"picked":"SKIP","floor":45},{"not_picked":["Guardian:Gem_Lightblue","Guardian:TemporalShield","Guardian:WalkerClaw+1"],"picked":"SKIP","floor":48},{"not_picked":["Guardian:MultiBeam+1","Guardian:RefractedBeam+1"],"picked":"Guardian:Suspension+1","floor":49},{"not_picked":["Guardian:CrystalBeam","Guardian:Reroute"],"picked":"Guardian:Gem_Blue","floor":52}],"player_experience":112170,"relics_obtained":[{"floor":7.0,"key":"Potion Belt"},{"floor":11.0,"key":"Toy Ornithopter"},{"floor":12.0,"key":"Ice Cream"},{"floor":14.0,"key":"AT_ImmortalShieldbow"},{"floor":23.0,"key":"testmod-Antiphasic"},{"floor":24.0,"key":"MealTicket"},{"floor":25.0,"key":"Smiling Mask"},{"floor":30.0,"key":"Lantern"},{"floor":38.0,"key":"Turnip"},{"floor":45,"key":"AT_SpeedBoots"},{"floor":52,"key":"testmod-CrystalShield"}],"event_choices":[{"damage_healed":0.0,"max_hp_gain":0.0,"max_hp_loss":0.0,"gold_gain":0.0,"event_name":"给自己的盒子","player_choice":"Ignored","floor":4.0,"gold_loss":0.0,"damage_taken":0.0},{"damage_healed":0.0,"max_hp_gain":0.0,"max_hp_loss":0.0,"gold_gain":0.0,"event_name":"Addict","player_choice":"Stole Relic","floor":20.0,"gold_loss":0.0,"damage_taken":0.0,"relics_obtained":["SentryEyes"],"cards_obtained":["Pride"]},{"damage_healed":0.0,"max_hp_gain":0.0,"max_hp_loss":0.0,"gold_gain":0.0,"event_name":"Ghosts","player_choice":"Ignored","floor":28.0,"gold_loss":0.0,"damage_taken":0.0},{"damage_healed":0.0,"max_hp_gain":0.0,"max_hp_loss":0.0,"gold_gain":0.0,"event_name":"Mysterious Sphere","player_choice":"Fight","floor":38.0,"gold_loss":0.0,"damage_taken":0.0}],"is_beta":false,"boss_relics":[{"not_picked":["testmod-HarvestTotem","testmod-StringDisintegrator"],"picked":"HereWithMe"},{"not_picked":["GuanYuAspect","Philosopher\u0027s Stone"],"picked":"testmod-DeterminationOfClimber"}],"items_purged_floors":[5,44,53],"is_endless":false,"potions_floor_spawned":[11,14,15,19,22,25,31,33,43,45,49],"ascension_level":1}}