{"host":"m3txpv198clqze8f","time":1614320022,"event":{"mods":["ATMod(°¢èªMod)","Act Like it!","BaseMod","Colored Powertips","Friendly Minions","Library of Ruina","Library of Ruina Extra","Lobotomy","Minty Spire (QoL Compilation)","MostiFishMod","Quick Restart","Relic Filter Mod","StSLib"],"gold_per_floor":[112,130,205,205,205,234,12,39,39,39,53,84,96,110,110,209,209,224,499,514,514,514],"floor_reached":21,"language":"ZHS","playtime":2135,"items_purged":["LightDefense"],"score":254,"play_id":"3dbb753d-f813-4f34-b949-24e52fbdf89d","local_time":"20210226141342","is_ascension_mode":true,"campfire_choices":[{"data":"Parry2","floor":15.0,"key":"SMITH"}],"circlet_count":0,"master_deck":["Dodge+1","LightDefense+1","LightAttack+1","LightAttack+1","LightAttack+1","LightDefense","LightDefense+1","ChargeAndCover+1","FocusedStrikes+1","AT_EssenceShift","CoordinatedAssault+1","ForTheFamily+1","CoordinatedAssault+1","TrashDisposal+1","Parry2","Parry2+1","BalefulBrand+1","Regret"],"relics":["PageOfLibrarian","AT_ATBox","DaveBox","DSteel32","CogitoBucket","SynthV:TestCard","ThornShield","BrkXgEgg","Bird Faced Urn","AT_GuinsooRageblade","PageOfLittleHelper","TreeSap","AT_TrinityForce"],"acts_visited":["Exordium","TheCity"],"potions_floor_usage":[20],"damage_taken":[{"damage":6.0,"enemies":"2 Louse","floor":1.0,"turns":3.0},{"damage":4.0,"enemies":"Jaw Worm","floor":2.0,"turns":5.0},{"damage":17.0,"enemies":"3 Sentries","floor":6.0,"turns":12.0},{"damage":6.0,"enemies":"Gremlin Nob","floor":8.0,"turns":4.0},{"damage":8.0,"enemies":"Small Slimes","floor":11.0,"turns":5.0},{"damage":17.0,"enemies":"Lagavulin","floor":12.0,"turns":7.0},{"damage":10.0,"enemies":"Blue Slaver","floor":13.0,"turns":8.0},{"damage":0.0,"enemies":"Looter","floor":14.0,"turns":4.0},{"damage":44.0,"enemies":"Slime Boss","floor":16.0,"turns":10.0},{"damage":7,"enemies":"Chosen","floor":18,"turns":3},{"damage":7,"enemies":"2 Thieves","floor":20,"turns":4},{"damage":0,"enemies":"Centurion and Healer","floor":21,"turns":1}],"seed_played":"5464862889104405820","potions_obtained":[{"floor":1.0,"key":"GamblersBrew"},{"floor":14.0,"key":"SkillPotion"},{"floor":16.0,"key":"DuplicationPotion"},{"floor":20,"key":"FearPotion"}],"is_trial":false,"path_per_floor":["M","M","?","?","?","E","$","E","T","?","M","E","M","M","R","B",null,"M","?","M","M"],"character_chosen":"Librarian","items_purchased":["BrkXgEgg"],"campfire_rested":0,"item_purchase_floors":[7],"current_hp_per_floor":[54,50,39,39,44,27,27,21,21,21,19,48,59,70,70,81,81,78,78,81,81,81],"gold":514,"neow_bonus":"","is_daily":false,"chose_seed":false,"campfire_upgraded":1,"win_rate":0.0,"timestamp":1614320022,"path_taken":["M","M","?","?","?","E","?","E","T","?","M","E","?","M","R","BOSS","M","?","?","M"],"items_purchased_type":["Relic"],"build_version":"2020-12-22","purchased_purges":1,"victory":false,"max_hp_per_floor":[63,63,63,63,68,68,68,68,68,68,81,81,81,81,81,81,81,81,81,81,81,81],"card_choices":[{"not_picked":["VioletBlade","WillOfThePrescript","StructuralAnalysis"],"picked":"CoordinatedAssault","floor":1.0},{"not_picked":["Parry","AsThePrescriptOrders","ChiWen","Faith","NightInTheBackstreets"],"picked":"ForTheFamily","floor":2.0},{"not_picked":["FieryDragonSlash","AssaultOrder","ShrineToMusic","InkOver","UnforgettableMelody"],"picked":"CoordinatedAssault","floor":6.0},{"not_picked":["ViolentFlame","SerpentSwordTechnique","RulesOfTheBackstreets","HiddenBlade","UnavoidableGaze"],"picked":"TrashDisposal+1","floor":8.0},{"not_picked":["FaintMemories","DarkCloud","Wallop_lor","GreatSerpentsImpact","WillProduceFineSilk+1","InkOver"],"picked":"SKIP","floor":11.0},{"not_picked":["Tttonst+1","SkyClearingCut","WrathOfTorment","NightInTheBackstreets","StrikeDown","PreemptiveStrike"],"picked":"SKIP","floor":12.0},{"not_picked":["ViolentFlame","SerpentSwordTechnique","Thrust","Faith","UnavoidableGaze"],"picked":"Parry2","floor":13.0},{"not_picked":["WillBeTasty","GreatSerpentsImpact","RulesOfTheBackstreets","HiddenBlade","Bvapour"],"picked":"Parry2","floor":14.0},{"not_picked":["UnforgettableMelody+1","SuanNi+1","GoinFirst+1","CleanUp+1"],"picked":"BalefulBrand+1","floor":16.0},{"not_picked":["WillOfThePrescript","Bvapour","SerpentSwordTechnique","Eject+1","VenomousFangs","ChiWen+1"],"picked":"SKIP","floor":18},{"not_picked":["SnakeSlit","Execute_lor","StructuralAnalysis","ForTheFamily","LossOfSenses","Thrust"],"picked":"SKIP","floor":20}],"player_experience":150351,"relics_obtained":[{"floor":1.0,"key":"SynthV:TestCard"},{"floor":6.0,"key":"ThornShield"},{"floor":8.0,"key":"Bird Faced Urn"},{"floor":9.0,"key":"AT_GuinsooRageblade"},{"floor":12.0,"key":"PageOfLittleHelper"}],"event_choices":[{"damage_healed":0.0,"max_hp_gain":0.0,"max_hp_loss":0.0,"gold_gain":75.0,"event_name":"World of Goop","player_choice":"Gather Gold","floor":3.0,"gold_loss":0.0,"damage_taken":11.0},{"damage_healed":0.0,"max_hp_gain":0.0,"max_hp_loss":0.0,"gold_gain":0.0,"event_name":"Shining Light","player_choice":"Ignored","floor":4.0,"gold_loss":0.0,"damage_taken":0.0},{"damage_healed":0.0,"max_hp_gain":5.0,"max_hp_loss":0.0,"gold_gain":0.0,"event_name":"Big Fish","player_choice":"Donut","floor":5.0,"gold_loss":0.0,"damage_taken":0.0},{"damage_healed":0.0,"max_hp_gain":0.0,"max_hp_loss":0.0,"gold_gain":0.0,"event_name":"The Cleric","player_choice":"Leave","floor":10.0,"gold_loss":0.0,"damage_taken":0.0},{"damage_healed":0,"gold_gain":275,"player_choice":"Desecrate","damage_taken":0,"max_hp_gain":0,"max_hp_loss":0,"event_name":"Golden Shrine","floor":19,"gold_loss":0,"cards_obtained":["Regret"]}],"is_beta":false,"boss_relics":[{"not_picked":["EE1DDrone","AT_MortalBlade"],"picked":"AT_TrinityForce"}],"items_purged_floors":[7],"is_endless":false,"potions_floor_spawned":[1,14,16,20],"killed_by":"Centurion and Healer","ascension_level":3}}