{"host":"y7wrf01yacd588jx","time":1614317603,"event":{"mods":["AchievementEnabler","Act Like it!","Aspiration","BaseMod","Better Sensory Stone","Better Skull","Colored Map","Colored Powertips","Conspire","Displayed Cursed Tome","Downfall","Energized Spire","Friendly Minions","Gensokyo","GifTheSpireLib","Googly Eyes","Hermit","Hubris","Infinite Spire","Minty Spire (QoL Compilation)","Permanent Neow","Relic Sorter","Reliquary","Replay The Spire","Ruina","Shade Mod","StSLib","Stuff the Spire","The Cursed","The Death Knight","The Hierophant","The Mystic","The Necromancer","The Sage"],"gold_per_floor":[116,116,116,66,166,197,197,211,235,251,267,267,6,24,24,119,119,135,148,148,148,159,159,159,159],"floor_reached":24,"language":"ENG","playtime":2305,"items_purged":["Regret"],"score":196,"play_id":"8a4f5c75-07fe-4a30-a7f0-de23209d1eed","local_time":"20210226003323","is_ascension_mode":false,"campfire_choices":[{"data":"DeathKnight:BloodBoil","floor":7,"key":"SMITH"},{"floor":15,"key":"REST"},{"data":"DeathKnight:Contagion","floor":23,"key":"SMITH"}],"circlet_count":0,"master_deck":["DeathKnight:Strike_DeathKnight","DeathKnight:Strike_DeathKnight","DeathKnight:Strike_DeathKnight","DeathKnight:Strike_DeathKnight","DeathKnight:Strike_DeathKnight","DeathKnight:Defend_DeathKnight","DeathKnight:Defend_DeathKnight","DeathKnight:Defend_DeathKnight","DeathKnight:Defend_DeathKnight","DeathKnight:Defend_DeathKnight","DeathKnight:RuneTap","DeathKnight:RuneStrike+1","DeathKnight:IcyTouch","DeathKnight:BloodBoil+1","DeathKnight:Rot","DeathKnight:FrosPresence","DeathKnight:DancingRuneblade","ReplayTheSpireMod:Brewmster","DeathKnight:Contagion+1","DeathKnight:MutagenicPlague","DeathKnight:Defile","DeathKnight:UnholyPresence+1","DeathKnight:Lichborne","DeathKnight:Hysteria+1","DeathKnight:Runeguard"],"relics":["DeathKnight:BrokenRuneblade","Smiling Mask","aspiration:BabyByrd","conspire:BottledYoYo","StuffTheSpire:Gunfinga","aspiration:SecretTechniqueScroll"],"acts_visited":["Exordium","TheCity"],"potions_floor_usage":[14,16,16,16,24],"damage_taken":[{"damage":4,"enemies":"conspire:RoseBush","floor":1,"turns":3},{"damage":22,"enemies":"Gremlin Nob","floor":6,"turns":5},{"damage":0,"enemies":"2 Louse","floor":8,"turns":3},{"damage":0,"enemies":"infinitespire:Voidling","floor":10,"turns":3},{"damage":0,"enemies":"Blue Slaver","floor":11,"turns":3},{"damage":10,"enemies":"Exordium Thugs","floor":14,"turns":3},{"damage":16,"enemies":"Slime Boss","floor":16,"turns":8},{"damage":1,"enemies":"Chosen","floor":18,"turns":5},{"damage":29,"enemies":"2 Thieves","floor":19,"turns":4},{"damage":20,"enemies":"Centurion and Healer","floor":22,"turns":5},{"damage":18,"enemies":"Replay:Snechameleon","floor":24,"turns":5}],"seed_played":"5193706586640026361","potions_obtained":[{"floor":8,"key":"SpeedPotion"},{"floor":12,"key":"ColorlessPotion"},{"floor":12,"key":"conspire:TimeTravelPotion"},{"floor":14,"key":"Explosive Potion"}],"is_trial":false,"path_per_floor":["M","?","?","$","?","E","R","M","T","M","M","?","$","M","R_BF","B",null,"M","M","?","?","M","R","E"],"character_chosen":"DEATH_KNIGHT","items_purchased":["ReplayTheSpireMod:Brewmster","DeathKnight:Contagion"],"campfire_rested":1,"item_purchase_floors":[13,13],"current_hp_per_floor":[71,71,71,71,71,49,49,49,49,49,49,49,49,39,61,61,75,74,45,45,45,25,25,7,7],"gold":159,"neow_bonus":"RANDOM_EVENT","is_daily":false,"chose_seed":false,"campfire_upgraded":2,"win_rate":0.0,"timestamp":1614317603,"path_taken":["M","?","?","$","?","E","R","M","T","?","M","?","?","M","R_BF","BOSS","M","M","?","?","M","R","E"],"items_purchased_type":["Card","Card"],"build_version":"2020-12-22","purchased_purges":1,"victory":false,"max_hp_per_floor":[75,75,75,75,75,75,75,75,75,75,75,75,75,75,75,75,75,75,75,75,75,75,75,75,75],"card_choices":[{"not_picked":["DeathKnight:Culling","DeathKnight:ChainsOfIce"],"picked":"DeathKnight:IcyTouch","floor":1},{"not_picked":["DeathKnight:Obliterate","DeathKnight:BloodStrike"],"picked":"DeathKnight:BloodBoil","floor":6},{"not_picked":["DeathKnight:HartStrike","DeathKnight:Marrowrend"],"picked":"DeathKnight:Rot","floor":8},{"not_picked":["DeathKnight:Ossuary","DeathKnight:Obliterate"],"picked":"DeathKnight:FrosPresence","floor":10},{"not_picked":["DeathKnight:RuneShock","DeathKnight:UnholyAssault"],"picked":"DeathKnight:DancingRuneblade","floor":11},{"not_picked":["DeathKnight:PillarOfFrost","DeathKnight:BloodStrike"],"picked":"DeathKnight:MutagenicPlague","floor":14},{"not_picked":["DeathKnight:Simulacrum","DeathKnight:ReapingStrike"],"picked":"DeathKnight:Defile","floor":16},{"not_picked":["DeathKnight:IceboundArmor","DeathKnight:Ossuary+1"],"picked":"DeathKnight:UnholyPresence+1","floor":18},{"not_picked":["DeathKnight:UnholyAssault","DeathKnight:FrosPresence+1"],"picked":"DeathKnight:Lichborne","floor":19},{"not_picked":["DeathKnight:IceboundArmor","DeathKnight:BladedArmor"],"picked":"DeathKnight:Runeguard","floor":22}],"player_experience":183039,"relics_obtained":[{"floor":6,"key":"conspire:BottledYoYo"},{"floor":9,"key":"StuffTheSpire:Gunfinga"}],"event_choices":[{"damage_healed":0,"gold_gain":0,"player_choice":"Grow","damage_taken":0,"max_hp_gain":0,"max_hp_loss":0,"event_name":"Living Wall","floor":0,"gold_loss":0,"cards_upgraded":["DeathKnight:RuneStrike"]},{"damage_healed":0,"gold_gain":0,"player_choice":"Box","damage_taken":0,"relics_obtained":["Smiling Mask"],"max_hp_gain":0,"max_hp_loss":0,"event_name":"Big Fish","floor":2,"gold_loss":0,"cards_obtained":["Regret"]},{"damage_healed":0,"gold_gain":100,"player_choice":"Gold","damage_taken":0,"max_hp_gain":0,"max_hp_loss":0,"event_name":"Wheel of Change","floor":5,"gold_loss":0},{"damage_healed":0,"gold_gain":0,"player_choice":"Got Potions","damage_taken":0,"max_hp_gain":0,"max_hp_loss":0,"event_name":"Lab","floor":12,"gold_loss":0},{"damage_healed":0,"gold_gain":0,"player_choice":"Read","damage_taken":0,"max_hp_gain":0,"max_hp_loss":0,"event_name":"The Library","floor":20,"gold_loss":0,"cards_obtained":["DeathKnight:Hysteria"]}],"is_beta":false,"boss_relics":[{"not_picked":["conspire:RunicOctahedron","Replay:Grab Bag"],"picked":"aspiration:SecretTechniqueScroll"}],"items_purged_floors":[4],"is_endless":false,"potions_floor_spawned":[8,14],"killed_by":"Replay:Snechameleon","ascension_level":0}}