{"host":"qgrlfjrqk9z96gfi","time":1614314399,"event":{"mods":["BaseMod","Block Reminder","Colored Map","Custom Start","DeckTracker","Minty Spire (QoL Compilation)"],"gold_per_floor":[119,119,89,108,33,33,71,71,95,131,152,172,172,23,23,121,121,142,192,225,225,31,31,64,64,91,105,155,190,213,246,246,246,246],"floor_reached":33,"language":"ENG","playtime":1121,"items_purged":["Strike_G"],"score":668,"play_id":"871376c7-1cce-4ff4-bfd6-f2f9c383afca","local_time":"20210225183959","is_ascension_mode":true,"campfire_choices":[{"data":"Blade Dance","floor":6.0,"key":"SMITH"},{"data":"Finisher","floor":8.0,"key":"SMITH"},{"floor":15.0,"key":"REST"},{"floor":23.0,"key":"REST"},{"data":"Die Die Die","floor":25.0,"key":"SMITH"},{"floor":32,"key":"REST"}],"circlet_count":0,"master_deck":["AscendersBane","Strike_G","Strike_G","Strike_G","Defend_G","Defend_G","Defend_G","Defend_G","Defend_G","Survivor","Neutralize","Underhanded Strike","Blade Dance+1","Finisher+1","Cloak And Dagger","Deflect","Noxious Fumes","Terror","Prepared","Die Die Die+1","Backflip+1","Quick Slash","Glass Knife"],"relics":["Ring of the Snake","NeowsBlessing","Golden Idol","Lizard Tail","Nunchaku","Lantern","Ice Cream","Runic Pyramid","Red Mask","TwistedFunnel","Tiny Chest","Blood Vial","Bag of Marbles","Oddly Smooth Stone"],"acts_visited":["Exordium","TheCity"],"potions_floor_usage":[29,33],"damage_taken":[{"damage":0.0,"enemies":"Jaw Worm","floor":1.0,"turns":1.0},{"damage":0.0,"enemies":"Cultist","floor":4.0,"turns":1.0},{"damage":0.0,"enemies":"Lagavulin","floor":7.0,"turns":1.0},{"damage":27.0,"enemies":"3 Sentries","floor":10.0,"turns":8.0},{"damage":0.0,"enemies":"Small Slimes","floor":11.0,"turns":2.0},{"damage":4.0,"enemies":"Exordium Thugs","floor":12.0,"turns":3.0},{"damage":21.0,"enemies":"The Guardian","floor":16.0,"turns":12.0},{"damage":8.0,"enemies":"2 Thieves","floor":18.0,"turns":4.0},{"damage":12.0,"enemies":"Masked Bandits","floor":20.0,"turns":5.0},{"damage":10.0,"enemies":"Slavers","floor":24.0,"turns":7.0},{"damage":5.0,"enemies":"Shell Parasite","floor":27.0,"turns":4.0},{"damage":18,"enemies":"Book of Stabbing","floor":29,"turns":4},{"damage":0,"enemies":"Snecko","floor":30,"turns":2},{"damage":4,"enemies":"Slavers","floor":31,"turns":5},{"damage":104,"enemies":"Collector","floor":33,"turns":9}],"seed_played":"6197692745444598407","potions_obtained":[{"floor":3.0,"key":"Energy Potion"},{"floor":3.0,"key":"Energy Potion"},{"floor":4.0,"key":"Fire Potion"},{"floor":7.0,"key":"FearPotion"},{"floor":10.0,"key":"Dexterity Potion"},{"floor":20.0,"key":"PowerPotion"},{"floor":27.0,"key":"CunningPotion"},{"floor":31,"key":"Fire Potion"}],"is_trial":false,"path_per_floor":["M","?","?","M","$","R","E","R","T","E","M","M","?","$","R","B",null,"M","?","?","?","$","R","E","R","T","M","?","E","M","E","R","B"],"character_chosen":"THE_SILENT","items_purchased":["Terror","Prepared","TwistedFunnel","Quick Slash"],"campfire_rested":3,"item_purchase_floors":[14,14,22,22],"current_hp_per_floor":[59,59,59,59,59,59,59,59,59,32,32,28,10,10,28,7,47,39,39,27,27,27,45,35,35,35,32,32,16,18,16,34,0,0],"gold":246,"neow_bonus":"THREE_ENEMY_KILL","is_daily":false,"chose_seed":false,"campfire_upgraded":3,"win_rate":0.0,"timestamp":1614314399,"path_taken":["M","?","?","?","$","R","E","R","T","E","M","M","?","$","R","BOSS","M","?","?","?","$","R","E","R","T","?","?","E","M","E","R","BOSS"],"items_purchased_type":["Card","Card","Relic","Card"],"build_version":"2020-12-22","purchased_purges":1,"victory":false,"max_hp_per_floor":[66,60,60,60,60,60,60,60,60,60,60,60,60,60,60,60,60,60,60,60,60,60,60,60,60,60,60,60,60,60,60,60,60,60],"card_choices":[{"not_picked":["Slice","Leg Sweep"],"picked":"Underhanded Strike","floor":1.0},{"not_picked":["Calculated Gamble","Underhanded Strike"],"picked":"Blade Dance","floor":4.0},{"not_picked":["Dodge and Roll","Night Terror"],"picked":"Finisher","floor":7.0},{"not_picked":["Finisher","Blur"],"picked":"Cloak And Dagger","floor":10.0},{"not_picked":["Acrobatics","Underhanded Strike"],"picked":"Deflect","floor":11.0},{"not_picked":["Bane","Quick Slash"],"picked":"Noxious Fumes","floor":12.0},{"not_picked":["After Image","A Thousand Cuts"],"picked":"Die Die Die","floor":16.0},{"not_picked":["Noxious Fumes","Finisher"],"picked":"Backflip+1","floor":18.0},{"not_picked":["Prepared","Flying Knee"],"picked":"Glass Knife","floor":24.0},{"not_picked":["Eviscerate","Poisoned Stab","Quick Slash"],"picked":"SKIP","floor":27.0},{"not_picked":["Outmaneuver","Dodge and Roll","Deadly Poison"],"picked":"SKIP","floor":29},{"not_picked":["Backflip","Eviscerate","Bane"],"picked":"SKIP","floor":30},{"not_picked":["Underhanded Strike","Flechettes","Doppelganger"],"picked":"SKIP","floor":31}],"player_experience":1196806,"relics_obtained":[{"floor":7.0,"key":"Lizard Tail"},{"floor":9.0,"key":"Nunchaku"},{"floor":10.0,"key":"Lantern"},{"floor":20.0,"key":"Red Mask"},{"floor":24.0,"key":"Tiny Chest"},{"floor":26.0,"key":"Blood Vial"},{"floor":29,"key":"Bag of Marbles"},{"floor":31,"key":"Oddly Smooth Stone"}],"event_choices":[{"damage_healed":0.0,"max_hp_gain":0.0,"max_hp_loss":6.0,"gold_gain":0.0,"event_name":"Golden Idol","player_choice":"Lose Max HP","floor":2.0,"gold_loss":0.0,"damage_taken":0.0,"relics_obtained":["Golden Idol"]},{"damage_healed":0.0,"max_hp_gain":0.0,"max_hp_loss":0.0,"gold_gain":0.0,"event_name":"The Woman in Blue","player_choice":"Bought 2 Potions","floor":3.0,"gold_loss":0.0,"damage_taken":0.0},{"damage_healed":0.0,"max_hp_gain":0.0,"max_hp_loss":0.0,"gold_gain":0.0,"event_name":"Scrap Ooze","player_choice":"Success","floor":13.0,"gold_loss":0.0,"damage_taken":18.0,"relics_obtained":["Ice Cream"]},{"damage_healed":0.0,"max_hp_gain":0.0,"max_hp_loss":0.0,"gold_gain":50.0,"event_name":"Nest","player_choice":"Stole From Cult","floor":19.0,"gold_loss":0.0,"damage_taken":0.0},{"damage_healed":0.0,"max_hp_gain":0.0,"max_hp_loss":0.0,"gold_gain":0.0,"event_name":"Masked Bandits","player_choice":"Fought Bandits","floor":20.0,"gold_loss":0.0,"damage_taken":0.0},{"cards_removed":["Strike_G"],"damage_healed":0.0,"max_hp_gain":0.0,"max_hp_loss":0.0,"gold_gain":0.0,"event_name":"Purifier","player_choice":"Purged","floor":21.0,"gold_loss":0.0,"damage_taken":0.0},{"damage_healed":0.0,"max_hp_gain":0.0,"max_hp_loss":0.0,"gold_gain":100.0,"event_name":"The Joust","player_choice":"Bet on Murderer","floor":28.0,"gold_loss":50.0,"damage_taken":0.0}],"is_beta":false,"boss_relics":[{"not_picked":["WristBlade","SlaversCollar"],"picked":"Runic Pyramid"}],"items_purged_floors":[5],"is_endless":false,"potions_floor_spawned":[4,7,10,20,27,31],"killed_by":"Collector","ascension_level":20}}