{"host":"vpk7v26cevh9misn","time":1614306018,"event":{"mods":["2.2 Compatiblity","AchievementEnabler","Act Like it!","Aspiration","BaseMod","Better Sensory Stone","BetterRewards","Bossed Relics","Energized Spire","Fiend Mod","Halation","Hubris","Infinite Spire","Luminous","Marisa????????","Minty Spire (QoL Compilation)","Permanent Neow","Quick Restart","RNG Fix","Relic Stats","Reliquary","Replay The Spire","Robot Space Explorer","Ruina","Small Relic Pack","Spicy Shops","StSLib","The Judge","The Kombatant","Uncapped"],"gold_per_floor":[109,69,69,84,103,137,157,168,168,195,51,85,85,14,14,118,118,136,136,136,146,163,163,163],"floor_reached":23,"language":"ENG","playtime":1951,"items_purged":[],"score":211,"play_id":"41d5b3d0-9c70-43bc-9a09-5d8a230b1c3f","local_time":"20210225212018","is_ascension_mode":false,"campfire_choices":[{"floor":13,"key":"REST"}],"circlet_count":0,"master_deck":["RobotSpaceExplorer:Strike","RobotSpaceExplorer:Strike","RobotSpaceExplorer:Strike","RobotSpaceExplorer:Strike+1","RobotSpaceExplorer:Defend","RobotSpaceExplorer:Defend","RobotSpaceExplorer:Defend","RobotSpaceExplorer:Defend","RobotSpaceExplorer:Scan","RobotSpaceExplorer:MiniLasers+1","SashWhip","RobotSpaceExplorer:Blitz","RobotSpaceExplorer:FranticSearch","RobotSpaceExplorer:DroneSwarm","ThirdEye","RobotSpaceExplorer:ImprovisedAttack","Doppelganger","RobotSpaceExplorer:SwiftStep","RobotSpaceExplorer:SwiftStep","RobotSpaceExplorer:MiniDrones","RobotSpaceExplorer:ScrapMissile","Phantasmal Killer","RobotSpaceExplorer:ScrapMissile+1","RobotSpaceExplorer:Electropulse+1","RobotSpaceExplorer:Comet"],"relics":["RobotSpaceExplorer:RoboCore","aspiration:Nostalgia","Replay:M_StaffOfTheSnake","halation:SwordOfLegend","Bottled Tornado","Replay:Baseball","hubris:Potato","reliquary:PorcupineQuills","hubris:HollowSoul","reliquary:PartyBalloon","relicPack:DSword"],"acts_visited":["Exordium","Exordium"],"potions_floor_usage":[6,6,12,16,16,21,21],"damage_taken":[{"damage":0,"enemies":"2 Louse","floor":1,"turns":2},{"damage":3,"enemies":"Jaw Worm","floor":4,"turns":3},{"damage":0,"enemies":"Cultist","floor":5,"turns":3},{"damage":1,"enemies":"3 Sentries","floor":6,"turns":9},{"damage":12,"enemies":"Looter","floor":7,"turns":3},{"damage":16,"enemies":"Exordium Wildlife","floor":8,"turns":6},{"damage":12,"enemies":"Replay:BlueRogue","floor":10,"turns":6},{"damage":19,"enemies":"Gremlin Nob","floor":12,"turns":4},{"damage":13,"enemies":"The Guardian","floor":16,"turns":13},{"damage":0,"enemies":"ruina:2_Scarecrows","floor":18,"turns":5},{"damage":0,"enemies":"ruina:Nosferatu","floor":21,"turns":4},{"damage":25,"enemies":"ruina:KingOfGreed","floor":22,"turns":4},{"damage":25,"enemies":"ruina:RoadHome","floor":23,"turns":2}],"seed_played":"8847520589851685743","potions_obtained":[{"floor":2,"key":"Languid Potion"},{"floor":2,"key":"Reflective Coating"},{"floor":2,"key":"LifebloodPotion"},{"floor":5,"key":"EssenceOfSteel"},{"floor":7,"key":"FairyPotion"},{"floor":8,"key":"Flashbang"},{"floor":12,"key":"Elixir"},{"floor":15,"key":"Elixir"},{"floor":15,"key":"Fire Potion"},{"floor":16,"key":"SkillPotion"},{"floor":22,"key":"Strength Potion"}],"is_trial":false,"path_per_floor":["M","?","?","M","M","E","M","M","T","E","$","E","R","$","R","B",null,"M","AVR","?","M","M","E"],"character_chosen":"RobotSpaceExplorer","items_purchased":["RobotSpaceExplorer:SwiftStep","RobotSpaceExplorer:MiniDrones","reliquary:PorcupineQuills"],"campfire_rested":1,"item_purchase_floors":[11,11,14],"current_hp_per_floor":[75,75,60,57,57,56,44,28,28,16,16,22,53,53,53,40,75,75,75,40,40,15,0,0],"gold":163,"neow_bonus":"NOSTALGIA","is_daily":false,"chose_seed":false,"campfire_upgraded":0,"win_rate":0.0,"timestamp":1614306018,"path_taken":["M","?","?","M","M","E","?","M","T","E","?","E","R","$","R","BOSS","M","AVR","?","?","M","E"],"items_purchased_type":["Card","Card","Relic"],"build_version":"2020-12-22","purchased_purges":0,"victory":false,"max_hp_per_floor":[75,75,75,75,75,75,75,75,75,75,75,75,75,75,75,75,75,75,75,75,75,75,75,75],"relic_stats":{"counters":[13,65],"obtain_stats":[{"Frozen Eye":18,"halation:SwordOfLegend":6,"Replay:Baseball":10,"Replay:M_StaffOfTheSnake":0,"reliquary:PorcupineQuills":14,"relicPack:DSword":20,"aspiration:Nostalgia":0,"reliquary:PartyBalloon":19,"RobotSpaceExplorer:RoboCore":0,"hubris:HollowSoul":17,"Bottled Tornado":9,"hubris:Potato":12},{"Frozen Eye":9,"halation:SwordOfLegend":4,"Replay:Baseball":7,"Replay:M_StaffOfTheSnake":0,"reliquary:PorcupineQuills":8,"relicPack:DSword":10,"aspiration:Nostalgia":0,"reliquary:PartyBalloon":10,"RobotSpaceExplorer:RoboCore":0,"hubris:HollowSoul":9,"Bottled Tornado":6,"hubris:Potato":8},{"Frozen Eye":49,"halation:SwordOfLegend":17,"Replay:Baseball":32,"Replay:M_StaffOfTheSnake":0,"reliquary:PorcupineQuills":36,"relicPack:DSword":54,"aspiration:Nostalgia":0,"reliquary:PartyBalloon":54,"RobotSpaceExplorer:RoboCore":0,"hubris:HollowSoul":49,"Bottled Tornado":26,"hubris:Potato":36}]},"card_choices":[{"not_picked":["CutThroughFate","RobotSpaceExplorer:FrostMissile"],"picked":"SashWhip","floor":1},{"not_picked":["RobotSpaceExplorer:SurgingStrike","RobotSpaceExplorer:SurgingShield"],"picked":"RobotSpaceExplorer:Blitz","floor":4},{"not_picked":["RobotSpaceExplorer:StunGrenade","RobotSpaceExplorer:RigExplosive"],"picked":"RobotSpaceExplorer:FranticSearch","floor":5},{"not_picked":["Dagger Throw","RobotSpaceExplorer:FranticSearch"],"picked":"RobotSpaceExplorer:DroneSwarm","floor":6},{"not_picked":["RobotSpaceExplorer:ShovelStrike","ClearTheMind"],"picked":"ThirdEye","floor":7},{"not_picked":["RobotSpaceExplorer:IronShell","RobotSpaceExplorer:Probe"],"picked":"RobotSpaceExplorer:ImprovisedAttack","floor":8},{"not_picked":["RobotSpaceExplorer:GlueShot","RobotSpaceExplorer:Reload"],"picked":"Doppelganger","floor":10},{"not_picked":["Bullet Time","RobotSpaceExplorer:Counterblock"],"picked":"RobotSpaceExplorer:ScrapMissile","floor":12},{"not_picked":["MasterReality","Grand Finale"],"picked":"Phantasmal Killer","floor":16},{"not_picked":["RobotSpaceExplorer:MiniDrones+1","RobotSpaceExplorer:Ammunition"],"picked":"RobotSpaceExplorer:ScrapMissile+1","floor":18},{"not_picked":["RobotSpaceExplorer:MiniDrones","RobotSpaceExplorer:StunGrenade"],"picked":"RobotSpaceExplorer:Electropulse+1","floor":21},{"not_picked":["RobotSpaceExplorer:PowerCollector","RobotSpaceExplorer:ShovelStrike"],"picked":"RobotSpaceExplorer:Comet","floor":22}],"player_experience":33538,"relics_obtained":[{"floor":6,"key":"halation:SwordOfLegend"},{"floor":9,"key":"Bottled Tornado"},{"floor":10,"key":"Replay:Baseball"},{"floor":12,"key":"hubris:Potato"}],"event_choices":[{"damage_healed":0,"gold_gain":0,"player_choice":"Bought 3 Potions","damage_taken":0,"max_hp_gain":0,"max_hp_loss":0,"event_name":"The Woman in Blue","floor":2,"gold_loss":0},{"damage_healed":0,"gold_gain":0,"player_choice":"Entered Light","damage_taken":15,"max_hp_gain":0,"max_hp_loss":0,"event_name":"Shining Light","floor":3,"gold_loss":0,"cards_upgraded":["RobotSpaceExplorer:MiniLasers","RobotSpaceExplorer:Strike"]}],"is_beta":false,"boss_relics":[{"not_picked":["reliquary:WritOfMandamus","halation:MonkeysPaw"],"picked":"hubris:HollowSoul"}],"items_purged_floors":[],"is_endless":false,"potions_floor_spawned":[5,7,8,12,16,22],"killed_by":"ruina:RoadHome","ascension_level":0}}