{"host":"0ke4ewd6kv0tgkyi","time":1614359985,"event":{"mods":["2.2 Compatiblity","Act Like it!","Aspiration","BaseMod","Conspire","Elementarium","Fox Events","Gensokyo","Gremlin Mod","Hallownest","Hermit","Highlight Path","Hubris","JesterMod","Menagerie","Minty Spire (QoL Compilation)","Pale of the Ancients","Permanent Neow","Quarter Circle Forward PUNCH!","Reliquary","Ruina","Shade Mod","StSLib","The Alterego","The Bug Knight","The Gatherer","The Judge","The Valiant","The Wild Card","The Witch","TheVacant","Yuri Mod","thorton"],"gold_per_floor":[112,37,37,48,24,41,41,41,41,48,57,69,69,69,69,118,118,128,263,263,271,278,278,292,299,312,312,312,312,324,50,50,98,98,105,105,52,52,58,58,58,73,97,110,115,129,129,137,137,137,137,137,12,28,28],"floor_reached":56,"language":"ENG","playtime":3791,"items_purged":["HollowMod:QuickDashStart","HollowMod:QuickDashStart","Hallownest:curseDreamersLament"],"score":1608,"play_id":"ffa3b517-8c51-40ed-b1e9-db9a44130217","local_time":"20210226091945","is_ascension_mode":true,"campfire_choices":[{"data":"HollowMod:FocusHealStart","floor":7,"key":"SMITH"},{"data":"HollowMod:GreatSlash","floor":15,"key":"SMITH"},{"floor":23,"key":"RECALL"},{"data":"Adrenaline","floor":27,"key":"SMITH"},{"data":"Dagger Spray","floor":29,"key":"SMITH"},{"data":"Panache","floor":32,"key":"SMITH"},{"data":"Neutralize","floor":40,"key":"SMITH"},{"data":"Bouncing Flask","floor":49,"key":"SMITH"},{"floor":52,"key":"REST"}],"circlet_count":0,"master_deck":["HollowMod:PogoStrike+1","HollowMod:GreatSlash+1","Adrenaline+1","aspiration:Lunge+1","HollowMod:MantisMark+1","HollowMod:HuntersJournal+1","HollowMod:ZotesMagnificence+1","Dagger Spray+1","Neutralize+1","Calculated Gamble+1","HollowMod:SiblingsSouls+1","HollowMod:CloakDash+1","Panache+1","HollowMod:SiblingsSouls+1","Bouncing Flask+1","Dagger Throw+1","Poisoned Stab+1","HollowMod:FastStrike+1","HollowMod:DreamGate+1","HollowMod:CloakDash+1","HollowMod:GrimmsGift+1"],"relics":["qcfpunch:Dark_Gi","Menagerie:Aurumvore","Menagerie:GhostlyEgg","MealTicket","hubris:Towel","Black Star","Toy Ornithopter","reliquary:RosewoodLute","Whetstone","reliquary:PrincelyHelmet","qcfpunch:Chain_With_Nametags","qcfpunch:Crimson_Sash","Shuriken","qcfpunch:Not_Strongest_Fighting_Style_Guidebook","reliquary:Spinner","Akabeko","reliquary:Buckler","reliquary:ExpiredCoupon","Archangels Feather","Hallownest:BeastSealRelic","Mango","hubris:MedicalManual"],"acts_visited":["Exordium","Menagerie:Menagerie","Hallownest:CityofTears","TheEnding"],"potions_floor_usage":[6,16,55,55,55],"damage_taken":[{"damage":3,"enemies":"Menagerie:MonstrousExperiment","floor":1,"turns":5},{"damage":0,"enemies":"Menagerie:2_RABBITS","floor":4,"turns":1},{"damage":5,"enemies":"Menagerie:VoidReaper","floor":6,"turns":5},{"damage":0,"enemies":"Menagerie:WhisperingWraith","floor":10,"turns":4},{"damage":0,"enemies":"Menagerie:BEAST_MAGE_AND_PROWLING_AMALGAM","floor":11,"turns":3},{"damage":24,"enemies":"Menagerie:Hydra","floor":12,"turns":4},{"damage":6,"enemies":"Menagerie:AVATARS","floor":16,"turns":1},{"damage":2,"enemies":"Hallownest:Guard_and_Sentry","floor":18,"turns":2},{"damage":0,"enemies":"Hallownest:2_Mistakes","floor":21,"turns":1},{"damage":0,"enemies":"Hallownest:monsterMisterMushroom","floor":22,"turns":1},{"damage":0,"enemies":"Hallownest:eliteWatcherKnight","floor":24,"turns":5},{"damage":0,"enemies":"Hallownest:2_Husk_Sentries","floor":25,"turns":1},{"damage":0,"enemies":"Hallownest:Nosk","floor":30,"turns":2},{"damage":0,"enemies":"Hallownest:BossSoulMaster","floor":33,"turns":3},{"damage":0,"enemies":"Hallownest:2_Littles","floor":35,"turns":1},{"damage":0,"enemies":"Hallownest:3_Siblings","floor":39,"turns":1},{"damage":0,"enemies":"Hallownest:StalkingDevout","floor":42,"turns":1},{"damage":0,"enemies":"Hallownest:eliteHiveKnight","floor":44,"turns":1},{"damage":0,"enemies":"Hallownest:Xero_Hu_Marmu","floor":45,"turns":1},{"damage":0,"enemies":"Hallownest:StalkingDevout","floor":46,"turns":1},{"damage":0,"enemies":"Hallownest:Shield_Sturdy","floor":48,"turns":1},{"damage":2,"enemies":"Hallownest:BossGreyPrinceZote","floor":50,"turns":1},{"damage":0,"enemies":"Shield and Spear","floor":54,"turns":1},{"damage":27,"enemies":"The Heart","floor":55,"turns":3}],"seed_played":"4656011661041576641","potions_obtained":[{"floor":4,"key":"ColorlessPotion"},{"floor":6,"key":"Swift Potion"},{"floor":12,"key":"SteroidPotion"},{"floor":18,"key":"Energy Potion"},{"floor":22,"key":"AttackPotion"},{"floor":39,"key":"ColorlessPotion"}],"is_trial":false,"path_per_floor":["M","$","?","M","?","E","R","?","T","M","M","E","?","?","R","B",null,"M","?","?","M","M","R","E","M","T","R","?","R","E","$","R","B",null,"M","?","$","?","M","R","$","E","T","E","M","E","?","M","R","B",null,"R","$","E","B",null],"character_chosen":"THE_BUGKNIGHT","items_purchased":["Panache","HollowMod:SiblingsSouls+1"],"campfire_rested":1,"item_purchase_floors":[31,37],"current_hp_per_floor":[46,46,46,46,46,48,48,39,39,51,56,38,38,38,38,32,56,54,54,54,54,54,54,56,56,56,56,56,56,56,56,56,56,56,56,51,51,51,51,51,51,51,51,51,51,51,51,51,51,51,51,51,51,58,44],"gold":28,"neow_bonus":"BOSS_RELIC","is_daily":false,"chose_seed":false,"campfire_upgraded":7,"win_rate":0.0,"timestamp":1614359985,"path_taken":["M","$","?","?","?","E","R","?","T","M","?","E","?","?","R","BOSS","M","?","?","?","M","R","E","M","T","R","?","R","E","$","R","BOSS","M","?","$","?","?","R","$","E","T","E","M","E","?","M","R","BOSS","R","$","E","BOSS"],"items_purchased_type":["Card","Card"],"build_version":"2020-12-22","purchased_purges":3,"victory":true,"max_hp_per_floor":[49,49,49,49,49,56,56,56,56,56,56,56,56,56,56,56,56,56,56,56,56,56,56,56,56,56,56,56,56,56,56,56,56,56,56,51,51,51,51,51,51,51,51,51,51,51,51,51,51,51,51,51,51,65,65],"card_choices":[{"not_picked":["HollowMod:DoubleDash","HollowMod:CornifersMapStart"],"picked":"HollowMod:GreatSlash","floor":1},{"not_picked":["HollowMod:SoulStrike","HollowMod:WraithStrike","HollowMod:NewJinnsSoul"],"picked":"SKIP","floor":4},{"not_picked":["HollowMod:SoulStrike","HollowMod:SharpenedNail","HollowMod:HeavyBlow"],"picked":"SKIP","floor":6},{"not_picked":["HollowMod:MothsMistake","HollowMod:ShadowDash+1"],"picked":"HollowMod:MantisMark+1","floor":10},{"not_picked":["HollowMod:TaintedHusks","HollowMod:ChannelNail+1"],"picked":"HollowMod:FallenFury","floor":11},{"not_picked":["HollowMod:LordofShades+1","HollowMod:InfectedAttack"],"picked":"HollowMod:HuntersJournal+1","floor":12},{"not_picked":["HollowMod:Hiveblood+1","HollowMod:MidwifesHunger"],"picked":"HollowMod:ZotesMagnificence+1","floor":16},{"not_picked":["HollowMod:SoulVessel","HollowMod:LifebloodCocoon","HollowMod:HeavyBlow+1"],"picked":"SKIP","floor":18},{"not_picked":["HollowMod:ShapeofUnn","HollowMod:InfectionAssault"],"picked":"HollowMod:SiblingsSouls+1","floor":21},{"not_picked":["HollowMod:PureVessel","HollowMod:SoulStrike","HollowMod:NewLittleFool+1"],"picked":"SKIP","floor":22},{"not_picked":["HollowMod:MonarchWings+1","HollowMod:SoulEater+1"],"picked":"HollowMod:CloakDash+1","floor":24},{"not_picked":["HollowMod:BlackTendrils+1","HollowMod:FallenFury","HollowMod:WraithStrike"],"picked":"SKIP","floor":25},{"not_picked":["HollowMod:ShadowDash+1","HollowMod:LuriensSpire+1","HollowMod:NewJinnsSoul+1"],"picked":"SKIP","floor":30},{"not_picked":["HollowMod:theNailsmith","HollowMod:PureVessel"],"picked":"HollowMod:ZotesMagnificence+1","floor":33},{"not_picked":["HollowMod:SoulSplash+1","HollowMod:InfectionAssault+1","HollowMod:HowlingWraiths+1"],"picked":"SKIP","floor":35},{"not_picked":["HollowMod:SoulSplash+1","HollowMod:NewLittleFool+1","HollowMod:SoulMaster"],"picked":"SKIP","floor":39},{"not_picked":["HollowMod:DoubleDash","HollowMod:PureVessel"],"picked":"HollowMod:FastStrike+1","floor":42},{"not_picked":["HollowMod:SoulSplash","HollowMod:NewGlowingWomb"],"picked":"HollowMod:DreamGate+1","floor":44},{"not_picked":["HollowMod:NewJinnsSoul+1","HollowMod:MawleksShell"],"picked":"HollowMod:CloakDash+1","floor":45},{"not_picked":["HollowMod:QuirrelsAssistance+1","HollowMod:HornetsHelp","HollowMod:DoubleDash"],"picked":"SKIP","floor":46},{"not_picked":["HollowMod:NewLittleFool+1","HollowMod:CornifersMapStart+1"],"picked":"HollowMod:GrimmsGift+1","floor":48},{"not_picked":["HollowMod:SoulShaman+1","HollowMod:InfectionAssault","HollowMod:DescendingDark+1"],"picked":"SKIP","floor":54}],"player_experience":1083411,"relics_obtained":[{"floor":6,"key":"Strawberry"},{"floor":12,"key":"MealTicket"},{"floor":24,"key":"Toy Ornithopter"},{"floor":24,"key":"reliquary:RosewoodLute"},{"floor":26,"key":"Whetstone"},{"floor":30,"key":"reliquary:PrincelyHelmet"},{"floor":30,"key":"qcfpunch:Chain_With_Nametags"},{"floor":42,"key":"Shuriken"},{"floor":42,"key":"qcfpunch:Not_Strongest_Fighting_Style_Guidebook"},{"floor":43,"key":"reliquary:Spinner"},{"floor":44,"key":"Akabeko"},{"floor":44,"key":"reliquary:Buckler"},{"floor":46,"key":"reliquary:ExpiredCoupon"},{"floor":46,"key":"Archangels Feather"},{"floor":54,"key":"Mango"},{"floor":54,"key":"hubris:MedicalManual"}],"event_choices":[{"damage_healed":0,"gold_gain":0,"player_choice":"Pacify","damage_taken":0,"relics_obtained":["Menagerie:Aurumvore"],"max_hp_gain":0,"max_hp_loss":0,"event_name":"Menagerie:ScentOfGold","floor":5,"gold_loss":0},{"damage_healed":0,"gold_gain":0,"player_choice":"Explore","damage_taken":9,"relics_obtained":["Menagerie:GhostlyEgg"],"max_hp_gain":0,"max_hp_loss":0,"event_name":"Menagerie:Silence","floor":8,"gold_loss":0}],"is_beta":false,"boss_relics":[{"not_picked":["reliquary:KinkedSpring","conspire:SlowCooker"],"picked":"Black Star"},{"not_picked":["SacredBark","jesterMod:MachoBrace"],"picked":"qcfpunch:Crimson_Sash"}],"items_purged_floors":[2,31,53],"is_endless":false,"potions_floor_spawned":[4,6,12,18,22,35,39,45],"ascension_level":3}}