{"host":"prxrhpgaxnj4om9r","time":1614346659,"event":{"mods":["AchievementEnabler","BaseMod","Colored Map","DeckTracker","Keyboard Shortcuts","Minty Spire (QoL Compilation)"],"gold_per_floor":[114,129,129,140,101,101,113,144,144,161,176,176,202,127,127,223,223,239,250,250,267,267,267,267,267,339,353,39,52,52,13,13,13,13],"floor_reached":33,"language":"KOR","playtime":1001,"items_purged":["Defend_B"],"score":307,"play_id":"901f79fa-a619-4915-9ae0-ecf230e25776","local_time":"20210226223739","is_ascension_mode":false,"campfire_choices":[{"data":"Recycle","floor":6,"key":"SMITH"},{"data":"Streamline","floor":12,"key":"SMITH"},{"data":"Defragment","floor":15,"key":"SMITH"},{"data":"Zap","floor":23,"key":"SMITH"},{"floor":30,"key":"DIG"},{"floor":32,"key":"REST"}],"circlet_count":0,"master_deck":["Strike_B","Strike_B","Strike_B","Defend_B","Defend_B","Zap+1","Dualcast","Cold Snap","Coolheaded","Heatsinks","Melter","Recycle+1","Streamline+1","Electrodynamics","Sunder","Defragment+1","Leap","Reboot","Self Repair","Steam Power"],"relics":["Cracked Core","Anchor","FossilizedHelix","Busted Crown","Calipers","Symbiotic Virus","Shovel","Ice Cream"],"acts_visited":["Exordium","TheCity"],"potions_floor_usage":[1,1,2,8,13,13,16],"damage_taken":[{"damage":0,"enemies":"Jaw Worm","floor":1,"turns":2},{"damage":0,"enemies":"Cultist","floor":2,"turns":2},{"damage":0,"enemies":"2 Louse","floor":4,"turns":2},{"damage":0,"enemies":"Large Slime","floor":7,"turns":4},{"damage":24,"enemies":"Gremlin Nob","floor":8,"turns":4},{"damage":6,"enemies":"Looter","floor":10,"turns":3},{"damage":0,"enemies":"2 Fungi Beasts","floor":11,"turns":2},{"damage":6,"enemies":"3 Sentries","floor":13,"turns":3},{"damage":0,"enemies":"Slime Boss","floor":16,"turns":6},{"damage":7,"enemies":"2 Thieves","floor":18,"turns":3},{"damage":0,"enemies":"Spheric Guardian","floor":19,"turns":1},{"damage":0,"enemies":"Centurion and Healer","floor":21,"turns":5},{"damage":8,"enemies":"Cultist and Chosen","floor":27,"turns":5},{"damage":6,"enemies":"3 Cultists","floor":29,"turns":3},{"damage":78,"enemies":"Automaton","floor":33,"turns":6}],"seed_played":"2422979192950813555","potions_obtained":[{"floor":0,"key":"Energy Potion"},{"floor":0,"key":"SteroidPotion"},{"floor":0,"key":"AttackPotion"},{"floor":1,"key":"LiquidMemories"},{"floor":8,"key":"Block Potion"},{"floor":10,"key":"ColorlessPotion"},{"floor":13,"key":"EssenceOfSteel"}],"is_trial":false,"path_per_floor":["M","M","?","M","$","R","M","E","T","M","M","R","E","$","R","B",null,"M","M","?","M","?","R","?","?","T","M","$","M","R","$","R","B"],"character_chosen":"DEFECT","items_purchased":["Recycle","Shovel","Steam Power"],"campfire_rested":1,"item_purchase_floors":[5,28,31],"current_hp_per_floor":[75,75,75,75,75,75,75,51,51,45,45,45,39,39,39,39,75,68,68,68,68,54,54,54,54,54,46,46,47,47,47,71,0,0],"gold":13,"neow_bonus":"THREE_SMALL_POTIONS","is_daily":false,"chose_seed":false,"campfire_upgraded":4,"win_rate":0.0,"timestamp":1614346659,"path_taken":["M","M","?","M","?","R","M","E","T","M","M","R","E","$","R","BOSS","M","M","?","M","?","R","?","?","T","?","$","M","R","?","R","BOSS"],"items_purchased_type":["Card","Relic","Card"],"build_version":"2020-12-22","purchased_purges":1,"victory":false,"max_hp_per_floor":[75,75,75,75,75,75,75,75,75,75,75,75,75,75,75,75,75,75,75,75,75,80,80,80,80,80,80,80,80,80,80,80,80,80],"card_choices":[{"not_picked":["Stack","Barrage"],"picked":"Cold Snap","floor":1},{"not_picked":["Go for the Eyes","Beam Cell"],"picked":"Coolheaded","floor":2},{"not_picked":["Heatsinks","Static Discharge"],"picked":"Melter","floor":4},{"not_picked":["Barrage","Go for the Eyes"],"picked":"Streamline","floor":7},{"not_picked":["Skim","Steam"],"picked":"Electrodynamics","floor":8},{"not_picked":["Compile Driver","Turbo"],"picked":"Sunder","floor":10},{"not_picked":["Ball Lightning","Conserve Battery"],"picked":"Defragment","floor":11},{"not_picked":["Tempest","Compile Driver"],"picked":"Leap","floor":13},{"not_picked":["Thunder Strike","Multi-Cast"],"picked":"Reboot","floor":16},{"not_picked":["Lockon"],"picked":"SKIP","floor":18},{"not_picked":["Hologram"],"picked":"SKIP","floor":19},{"not_picked":["Darkness"],"picked":"SKIP","floor":21},{"not_picked":[],"picked":"Self Repair","floor":27},{"not_picked":["Gash"],"picked":"SKIP","floor":29}],"player_experience":676701,"relics_obtained":[{"floor":8,"key":"Anchor"},{"floor":13,"key":"FossilizedHelix"},{"floor":26,"key":"Symbiotic Virus"},{"floor":30,"key":"Ice Cream"}],"event_choices":[{"damage_healed":0,"gold_gain":0,"cards_transformed":["Defend_B"],"player_choice":"Transformed","damage_taken":0,"max_hp_gain":0,"max_hp_loss":0,"event_name":"Transmorgrifier","floor":3,"gold_loss":0,"cards_obtained":["Heatsinks"]},{"damage_healed":0,"gold_gain":0,"player_choice":"Opened","damage_taken":0,"relics_obtained":["Calipers"],"max_hp_gain":0,"max_hp_loss":0,"event_name":"The Mausoleum","floor":20,"gold_loss":0},{"damage_healed":0,"gold_gain":0,"player_choice":"Shed Blood","damage_taken":19,"max_hp_gain":5,"max_hp_loss":0,"event_name":"Forgotten Altar","floor":22,"gold_loss":0},{"damage_healed":0,"gold_gain":0,"player_choice":"Ignored","damage_taken":0,"max_hp_gain":0,"max_hp_loss":0,"event_name":"Vampires","floor":24,"gold_loss":0},{"cards_removed":["Strike_B"],"damage_healed":0,"gold_gain":0,"player_choice":"Elegance","damage_taken":0,"max_hp_gain":0,"max_hp_loss":0,"event_name":"Back to Basics","floor":25,"gold_loss":0}],"is_beta":false,"boss_relics":[{"not_picked":["Empty Cage","Runic Dome"],"picked":"Busted Crown"}],"items_purged_floors":[14],"is_endless":false,"potions_floor_spawned":[1,8,10,13],"killed_by":"Automaton","ascension_level":0}}