{"host":"tj45uo9npo129mc6","time":1614363912,"event":{"mods":["AchievementEnabler","BaseMod","Friendly Minions","Hubris","Infinite Spire","Kiyohime????","LagranYue(???·?)","Minty Spire (QoL Compilation)","Quick Restart","Remilia??????","StSLib","The Animator","The Bladedancer","The Cursed","The Servant 0.9.4"],"gold_per_floor":[112,112,112,132,151,192,192,232,232,245,265,47,47,62,62,181,181,196,196,220,220,252,264,46,385,412,412,412,412],"floor_reached":28,"language":"FRA","playtime":1355,"items_purged":[],"score":248,"play_id":"81188247-b4f6-4915-936d-f3c07d53d9be","local_time":"20210226192512","is_ascension_mode":false,"campfire_choices":[{"floor":7,"key":"RECALL"},{"floor":13,"key":"REST"},{"floor":15,"key":"REST"},{"floor":23,"key":"REST"},{"floor":27,"key":"REST"}],"circlet_count":0,"master_deck":["Strike_B","Strike_B","Strike_B","Strike_B","Defend_B","Defend_B","Defend_B","Defend_B","Zap","Dualcast","White Noise+1","Conserve Battery","Amplify","Storm","Conserve Battery","hubris:Ukulele","Hello World","Capacitor","Darkness","Electrodynamics","Genetic Algorithm+1","Defragment","Redo+1","Auto Shields","Force Field"],"relics":["Cracked Core","LagranYue:RandomDrawCardRelic","NeowsBlessing","Golden Idol","Bag of Marbles","Sundial","Lantern","Inserter","PreservedInsect","MawBank","TheAbacus","Old Coin","infinitespire:Beetle Shell"],"acts_visited":["Exordium","TheCity"],"potions_floor_usage":[20,25,28,28],"damage_taken":[{"damage":0,"enemies":"Small Slimes","floor":1,"turns":1},{"damage":0,"enemies":"Jaw Worm","floor":4,"turns":1},{"damage":0,"enemies":"Cultist","floor":5,"turns":1},{"damage":27,"enemies":"Gremlin Nob","floor":6,"turns":4},{"damage":18,"enemies":"Lagavulin","floor":8,"turns":6},{"damage":0,"enemies":"3 Louse","floor":10,"turns":3},{"damage":0,"enemies":"Gremlin Gang","floor":11,"turns":1},{"damage":15,"enemies":"Exordium Thugs","floor":14,"turns":4},{"damage":19,"enemies":"The Guardian","floor":16,"turns":11},{"damage":14,"enemies":"Chosen","floor":18,"turns":6},{"damage":17,"enemies":"Spheric Guardian","floor":20,"turns":4},{"damage":8,"enemies":"3 Cultists","floor":22,"turns":3},{"damage":48,"enemies":"Nightmare","floor":25,"turns":6},{"damage":34,"enemies":"Masked Bandits","floor":28,"turns":3}],"seed_played":"5417577979268739815","potions_obtained":[{"floor":4,"key":"SneckoOil"},{"floor":6,"key":"SteroidPotion"},{"floor":11,"key":"Strength Potion"},{"floor":18,"key":"DuplicationPotion"},{"floor":20,"key":"EssenceOfSteel"},{"floor":22,"key":"Weak Potion"}],"is_trial":false,"path_per_floor":["M","?","?","M","M","E","R","E","T","M","M","$","R","M","R","B",null,"M","?","M","T","M","R","$","NM","T","R","?"],"character_chosen":"DEFECT","items_purchased":["Capacitor","Lantern","TheAbacus","Auto Shields"],"campfire_rested":4,"item_purchase_floors":[12,12,24,24],"current_hp_per_floor":[75,69,69,69,69,42,42,24,24,24,24,24,44,29,49,30,69,55,55,38,38,30,50,50,2,2,22,0,0],"gold":412,"neow_bonus":"THREE_ENEMY_KILL","is_daily":false,"chose_seed":false,"campfire_upgraded":0,"win_rate":0.0,"timestamp":1614363912,"path_taken":["M","?","?","?","M","E","R","E","T","M","M","$","R","M","R","BOSS","M","?","?","?","M","R","$","NM","T","R","?"],"items_purchased_type":["Card","Relic","Relic","Card"],"build_version":"2020-12-22","purchased_purges":0,"victory":false,"max_hp_per_floor":[75,69,69,69,69,69,69,69,69,69,69,69,69,69,69,69,69,69,69,69,69,69,69,69,69,69,69,69,69],"card_choices":[{"not_picked":["Heatsinks","Stack"],"picked":"White Noise","floor":1},{"not_picked":["Stack","Barrage"],"picked":"Conserve Battery","floor":4},{"not_picked":["Beam Cell","Turbo"],"picked":"Amplify","floor":5},{"not_picked":["Conserve Battery","Barrage"],"picked":"Storm","floor":6},{"not_picked":["Beam Cell","Gash"],"picked":"Conserve Battery","floor":8},{"not_picked":["Gash","Scrape"],"picked":"hubris:Ukulele","floor":10},{"not_picked":["Scrape","Darkness"],"picked":"Hello World","floor":11},{"not_picked":["Compile Driver","Turbo"],"picked":"Darkness","floor":14},{"not_picked":["All For One","Machine Learning"],"picked":"Electrodynamics","floor":16},{"not_picked":["Barrage+1","Reprogram"],"picked":"Genetic Algorithm+1","floor":18},{"not_picked":["Gash","Lockon"],"picked":"Defragment","floor":20},{"not_picked":["Coolheaded","Rebound"],"picked":"Redo+1","floor":22},{"not_picked":["Core Surge","Sweeping Beam+1"],"picked":"Force Field","floor":25}],"player_experience":265930,"relics_obtained":[{"floor":6,"key":"Bag of Marbles"},{"floor":8,"key":"Sundial"},{"floor":21,"key":"MawBank"},{"floor":25,"key":"Old Coin"},{"floor":26,"key":"infinitespire:Beetle Shell"}],"event_choices":[{"damage_healed":0,"gold_gain":0,"player_choice":"Lose Max HP","damage_taken":0,"relics_obtained":["Golden Idol"],"max_hp_gain":0,"max_hp_loss":6,"event_name":"Golden Idol","floor":2,"gold_loss":0},{"damage_healed":0,"gold_gain":0,"player_choice":"Upgraded","damage_taken":0,"max_hp_gain":0,"max_hp_loss":0,"event_name":"Upgrade Shrine","floor":3,"gold_loss":0,"cards_upgraded":["White Noise"]},{"damage_healed":0,"gold_gain":0,"player_choice":"Gave Potion","damage_taken":0,"relics_obtained":["PreservedInsect"],"max_hp_gain":0,"max_hp_loss":0,"event_name":"WeMeetAgain","floor":19,"gold_loss":0},{"damage_healed":0,"gold_gain":0,"player_choice":"Fought Bandits","damage_taken":0,"max_hp_gain":0,"max_hp_loss":0,"event_name":"Masked Bandits","floor":28,"gold_loss":0}],"is_beta":false,"boss_relics":[{"not_picked":["hubris:VirtuousBlindfold","Ectoplasm"],"picked":"Inserter"}],"items_purged_floors":[],"is_endless":false,"potions_floor_spawned":[4,6,11,18,20,22],"killed_by":"Masked Bandits","ascension_level":0}}