{"host":"75zu4da7xyji8683","time":1614316644,"event":{"mods":["AchievementEnabler","BaseMod","Colored Map","Colored Powertips","Hermit","Hero for Fun","Hubris","Infinite Spire","Marisa????????","Minty Spire (QoL Compilation)","Random Character Button","Relic Stats","Remilia??????","Replay The Spire","StSLib","The Animator","The Cursed","The Disciple","The Hierophant","The Mystic","The Necromancer","The Runesmith","The Saiyan","The Servant 0.9.4","The Wild Card","Yuri Mod","Yuyuko"],"gold_per_floor":[129,140,140,151,166,193,211,235,261,166,166,166,166,166,187,199,199,308,308,350,371,371,0,0,6,6],"floor_reached":25,"language":"ENG","playtime":1988,"items_purged":[],"score":230,"play_id":"575563cc-d300-48a9-aeed-e0e11643af2e","local_time":"20210225231724","is_ascension_mode":false,"campfire_choices":[{"floor":13,"key":"REST"},{"floor":17,"key":"REST"}],"circlet_count":0,"master_deck":["animator:Strike_Konosuba+1","animator:Defend_Konosuba+1","animator:Kazuma","animator:Aqua","animator:Mitsurugi","animator:DolaSchwi","animator:DolaSchwi","animator:YunYun","animator:NarberalGamma","animator:NagisaMomoe","animator:SayakaMiki","animator:Strike_HitsugiNoChaika+1","animator:Strike_TenSura+1","animator:Strike_Elsword+1","animator:Defend_MadokaMagica+1","animator:Defend_OwariNoSeraph+1","animator:Defend_OnePunchMan+1","animator:YuiTsuruno","animator:NarberalGamma","animator:Albedo","animator:Darkness","animator:OrikoMikuni"],"relics":["animator:LivingPicture","animator:TheMissingPiece","animator:WizardHat","Replay:Bandana","Pet Ghost","animator:HolyGrailRelic","GremlinMask"],"acts_visited":["Exordium","TheCity"],"potions_floor_usage":[25],"damage_taken":[{"damage":4,"enemies":"Cultist","floor":1,"turns":6},{"damage":5,"enemies":"infinitespire:Voidling","floor":2,"turns":8},{"damage":0,"enemies":"2 Louse","floor":4,"turns":3},{"damage":5,"enemies":"Looter","floor":5,"turns":2},{"damage":16,"enemies":"Lagavulin","floor":6,"turns":5},{"damage":24,"enemies":"Large Slime","floor":7,"turns":4},{"damage":11,"enemies":"2 Fungi Beasts","floor":8,"turns":3},{"damage":0,"enemies":"Red Slaver","floor":15,"turns":4},{"damage":1,"enemies":"3 Louse","floor":16,"turns":3},{"damage":30,"enemies":"Fading Forest","floor":18,"turns":11},{"damage":27,"enemies":"2 Thieves","floor":20,"turns":4},{"damage":5,"enemies":"3 Byrds","floor":21,"turns":3},{"damage":64,"enemies":"Gremlin Leader","floor":25,"turns":5}],"seed_played":"804375263640513675","potions_obtained":[{"floor":1,"key":"Strength Potion"},{"floor":2,"key":"Languid Potion"},{"floor":6,"key":"Fire Potion"}],"is_trial":false,"path_per_floor":["M","M","$","M","M","E","M","M","T","?","PTL","PTL","R","?","M","M","R","B",null,"M","M","?","?","?","E"],"character_chosen":"THE_ANIMATOR","items_purchased":["animator:WizardHat"],"campfire_rested":2,"item_purchase_floors":[3],"current_hp_per_floor":[68,72,53,55,53,39,17,8,8,8,8,8,29,29,31,30,51,41,81,58,57,57,57,57,0,0],"gold":6,"neow_bonus":"TEN_PERCENT_HP_BONUS","is_daily":false,"chose_seed":false,"campfire_upgraded":0,"win_rate":0.0,"timestamp":1614316644,"path_taken":["M","M","?","M","M","E","M","?","T","?","PTL","PTL","R","?","M","M","R","BOSS","M","M","?","?","?","E"],"items_purchased_type":["Relic"],"build_version":"2020-12-22","purchased_purges":0,"victory":false,"max_hp_per_floor":[72,72,72,72,73,73,73,73,73,73,73,73,73,73,73,73,73,73,81,83,85,85,85,85,85,85],"relic_stats":{"counters":[13,61],"obtain_stats":[{"animator:WizardHat":3,"Replay:Bandana":6,"animator:HolyGrailRelic":19,"animator:TheMissingPiece":0,"GremlinMask":24,"animator:LivingPicture":0,"Pet Ghost":9},{"animator:WizardHat":2,"Replay:Bandana":5,"animator:HolyGrailRelic":10,"animator:TheMissingPiece":0,"GremlinMask":12,"animator:LivingPicture":0,"Pet Ghost":7},{"animator:WizardHat":14,"Replay:Bandana":24,"animator:HolyGrailRelic":49,"animator:TheMissingPiece":0,"GremlinMask":56,"animator:LivingPicture":0,"Pet Ghost":31}]},"card_choices":[{"not_picked":["animator:ChlammyZell","animator:Shalltear"],"picked":"animator:Mitsurugi","floor":1},{"not_picked":["animator:SayakaMiki","animator:Evileye"],"picked":"animator:DolaSchwi","floor":2},{"not_picked":["animator:Darkness","animator:Sonic"],"picked":"animator:DolaSchwi","floor":4},{"not_picked":["animator:Verdia","animator:Aqua"],"picked":"animator:YunYun","floor":5},{"not_picked":["animator:KyokoSakura","animator:DolaSchwi"],"picked":"animator:NarberalGamma","floor":6},{"not_picked":["animator:Gluttony","animator:Vanir"],"picked":"animator:NagisaMomoe","floor":7},{"not_picked":["animator:Cocytus","animator:Sloth"],"picked":"animator:SayakaMiki","floor":8},{"not_picked":["animator:IrohaTamaki","animator:OrikoMikuni"],"picked":"animator:YuiTsuruno","floor":15},{"not_picked":["animator:Shalltear","animator:HomuraAkemi"],"picked":"animator:NarberalGamma","floor":16},{"not_picked":["animator:Boros","animator:Saitama"],"picked":"animator:Albedo","floor":18},{"not_picked":["animator:Shigure","animator:IzunaHatsuse+1"],"picked":"animator:Darkness","floor":20},{"not_picked":["animator:Sloth","animator:Shigure+1"],"picked":"animator:OrikoMikuni","floor":21}],"player_experience":83177,"relics_obtained":[{"floor":6,"key":"Replay:Bandana"},{"floor":9,"key":"Pet Ghost"}],"event_choices":[{"damage_healed":0,"gold_gain":0,"player_choice":"Simplicity","damage_taken":0,"max_hp_gain":0,"max_hp_loss":0,"event_name":"Back to Basics","floor":22,"gold_loss":0,"cards_upgraded":["animator:Strike_Konosuba","animator:Defend_Konosuba","animator:Strike_HitsugiNoChaika","animator:Strike_TenSura","animator:Strike_Elsword","animator:Defend_MadokaMagica","animator:Defend_OwariNoSeraph","animator:Defend_OnePunchMan"]},{"damage_healed":0,"gold_gain":0,"player_choice":"Paid Fearfully","damage_taken":0,"max_hp_gain":0,"max_hp_loss":0,"event_name":"Masked Bandits","floor":23,"gold_loss":371},{"damage_healed":0,"gold_gain":0,"player_choice":"Trade","damage_taken":0,"relics_obtained":["GremlinMask"],"max_hp_gain":0,"max_hp_loss":0,"event_name":"FaceTrader","floor":24,"gold_loss":0}],"is_beta":false,"boss_relics":[{"not_picked":["animator:RacePiece","infinitespire:Cupcake"],"picked":"animator:HolyGrailRelic"}],"items_purged_floors":[],"is_endless":false,"potions_floor_spawned":[1,2,6,8,16,20],"killed_by":"Gremlin Leader","ascension_level":0}}