{"host":"kzw87w9fb0mudblt","time":1614300121,"event":{"mods":["BaseMod","Colored Map","Minty Spire (QoL Compilation)","Replay The Spire","StSLib","SuperFastMode"],"gold_per_floor":[111,129,148,148,148,148,162,162,162,172,192,192,202,217,217,319,319,330,255,11,11,21,21,37,37,63,107,115,115],"floor_reached":28,"language":"ENG","playtime":1954,"items_purged":[],"score":214,"play_id":"0863b55a-2b67-47f2-a3c4-bf8473645855","local_time":"20210226014201","is_ascension_mode":false,"campfire_choices":[{"data":"Eruption","floor":6,"key":"SMITH"},{"data":"Study","floor":8,"key":"SMITH"},{"data":"Adaptation","floor":12,"key":"SMITH"},{"floor":15,"key":"REST"},{"data":"Ragnarok","floor":23,"key":"SMITH"},{"data":"Consecrate","floor":25,"key":"SMITH"}],"circlet_count":0,"master_deck":["Strike_P","Strike_P","Defend_P","Defend_P","Defend_P","Eruption+1","Vigilance","Replay:Vibes","Meditate","TalkToTheHand","Halt","Study+1","Adaptation+1","Consecrate+1","Ragnarok+1","WreathOfFlame","DeusExMachina","ClearTheMind+1"],"relics":["HolyWater","Pear","Onion Ring","Replay:Bandana"],"acts_visited":["Exordium","TheCity"],"potions_floor_usage":[3,7,11,13,16,27,28],"damage_taken":[{"damage":0,"enemies":"Jaw Worm","floor":1,"turns":3},{"damage":7,"enemies":"2 Louse","floor":2,"turns":2},{"damage":0,"enemies":"Cultist","floor":3,"turns":3},{"damage":11,"enemies":"Large Slime","floor":7,"turns":4},{"damage":12,"enemies":"Exordium Wildlife","floor":10,"turns":3},{"damage":0,"enemies":"Lots of Slimes","floor":11,"turns":3},{"damage":13,"enemies":"Exordium Thugs","floor":13,"turns":4},{"damage":5,"enemies":"Looter","floor":14,"turns":2},{"damage":52,"enemies":"The Guardian","floor":16,"turns":7},{"damage":22,"enemies":"3 Byrds","floor":18,"turns":5},{"damage":18,"enemies":"Spheric Guardian","floor":22,"turns":4},{"damage":13,"enemies":"Shelled Parasite and Fungi","floor":24,"turns":3},{"damage":3,"enemies":"3 Cultists","floor":27,"turns":4},{"damage":27,"enemies":"Centurion and Healer","floor":28,"turns":2}],"seed_played":"-1843097932686731367","potions_obtained":[{"floor":1,"key":"SpeedPotion"},{"floor":2,"key":"Strength Potion"},{"floor":10,"key":"AttackPotion"},{"floor":11,"key":"StancePotion"},{"floor":14,"key":"SkillPotion"},{"floor":22,"key":"Death Potion"},{"floor":24,"key":"ColorlessPotion"}],"is_trial":false,"path_per_floor":["M","M","M","?","?","R","M","R","T","M","M","R","M","M","R","B",null,"M","?","$","?","M","R","M","R","T","M","M"],"character_chosen":"WATCHER","items_purchased":["Onion Ring"],"campfire_rested":1,"item_purchase_floors":[20],"current_hp_per_floor":[72,65,65,65,65,65,54,54,64,52,52,52,39,34,58,6,82,60,60,60,60,42,42,29,29,29,26,0,0],"gold":115,"neow_bonus":"RANDOM_EVENT","is_daily":false,"chose_seed":false,"campfire_upgraded":5,"win_rate":0.0,"timestamp":1614300121,"path_taken":["M","M","M","?","?","R","M","R","T","M","M","R","M","?","R","BOSS","M","?","$","?","M","R","M","R","T","M","M"],"items_purchased_type":["Relic"],"build_version":"2020-12-22","purchased_purges":0,"victory":false,"max_hp_per_floor":[72,72,72,72,72,72,72,72,82,82,82,82,82,82,82,82,82,82,82,82,82,82,82,82,82,82,82,82,82],"card_choices":[{"not_picked":["ClearTheMind","Study"],"picked":"Meditate","floor":1},{"not_picked":["WheelKick","FollowUp"],"picked":"TalkToTheHand","floor":2},{"not_picked":["Replay:Hum","Replay:ManipulateFuture"],"picked":"Halt","floor":3},{"not_picked":["Meditate","Swivel","CutThroughFate"],"picked":"SKIP","floor":7},{"not_picked":["Halt","FollowUp"],"picked":"Adaptation","floor":10},{"not_picked":["ThirdEye","MentalFortress"],"picked":"Consecrate","floor":11},{"not_picked":["Fasting2","FearNoEvil"],"picked":"Ragnarok","floor":13},{"not_picked":["BowlingBash","ThirdEye"],"picked":"WreathOfFlame","floor":14},{"not_picked":["Ragnarok","Vault"],"picked":"DeusExMachina","floor":16},{"not_picked":["Replay:AtTheReady+1","JustLucky"],"picked":"ClearTheMind+1","floor":18},{"not_picked":["CrushJoints","Replay:Vibes","Replay:Anticipation"],"picked":"SKIP","floor":22},{"not_picked":["DeceiveReality+1","ThirdEye","WreathOfFlame"],"picked":"SKIP","floor":24},{"not_picked":["Prostrate","DeceiveReality","FollowUp"],"picked":"SKIP","floor":27}],"player_experience":33557,"relics_obtained":[{"floor":9,"key":"Pear"},{"floor":26,"key":"Replay:Bandana"}],"event_choices":[{"damage_healed":0,"gold_gain":0,"cards_transformed":["Strike_P"],"player_choice":"Change","damage_taken":0,"max_hp_gain":0,"max_hp_loss":0,"event_name":"Living Wall","floor":0,"gold_loss":0,"cards_obtained":["Replay:Vibes"]},{"damage_healed":0,"gold_gain":0,"player_choice":"Ignored","damage_taken":0,"max_hp_gain":0,"max_hp_loss":0,"event_name":"Liars Game","floor":4,"gold_loss":0},{"damage_healed":0,"gold_gain":0,"cards_transformed":["Defend_P"],"player_choice":"Transformed","damage_taken":0,"max_hp_gain":0,"max_hp_loss":0,"event_name":"Transmorgrifier","floor":5,"gold_loss":0,"cards_obtained":["Study"]},{"cards_removed":["Strike_P"],"damage_healed":0,"gold_gain":0,"player_choice":"Gave Gold","damage_taken":0,"max_hp_gain":0,"max_hp_loss":0,"event_name":"Beggar","floor":19,"gold_loss":75},{"damage_healed":0,"gold_gain":0,"player_choice":"Ignored","damage_taken":0,"max_hp_gain":0,"max_hp_loss":0,"event_name":"Duplicator","floor":21,"gold_loss":0}],"is_beta":false,"boss_relics":[{"not_picked":["SacredBark","ReplayTheSpireMod:DimensionalGlitch"],"picked":"HolyWater"}],"items_purged_floors":[],"is_endless":false,"potions_floor_spawned":[1,2,10,11,14,22,24],"killed_by":"Centurion and Healer","ascension_level":0}}