{"host":"fbtt2xdrd49xyqed","time":1614321122,"event":{"mods":["Act Like it!","BaseMod","Gensokyo","Koishi","Marisa£®ÏF”Í°°ƒß¿Ì…≥£©","Minty Spire (QoL Compilation)","Remilia£®¿Ÿ√◊¿Ú—«£©","StSLib","The Servant 0.9.4","Youmu£®ªÍ∆«—˝√Œ£©"],"gold_per_floor":[112,42,42,59,73,73,19,46,73,89,617,632,660,366,366,468,468,480,480,490,27,27,56,371,271,295,295,526,250,250,100,100,203,203,215,215,234,72,88,88,416,630,630,655,668,668,493,509,509,509,509,509,135,162,107],"floor_reached":56,"language":"ZHS","playtime":4142,"items_purged":["Koishi:BasicStrike","Koishi:FadingMemory","Koishi:BasicDefend","Koishi:BasicDefend","Koishi:DreadfulBlow","Koishi:BasicStrike+1"],"score":1575,"play_id":"72824580-3ef0-4e76-bc14-258380bf6f5d","local_time":"20210226143202","is_ascension_mode":true,"campfire_choices":[{"data":"Koishi:HauntingSlash","floor":6.0,"key":"SMITH"},{"data":"Koishi:EmbryosDream","floor":15.0,"key":"SMITH"},{"data":"Koishi:TerrifyingSpectre","floor":27.0,"key":"SMITH"},{"data":"Koishi:TerrifyingSpectre","floor":30,"key":"SMITH"},{"data":"Koishi:DNAsFlaw","floor":32,"key":"SMITH"},{"data":"Koishi:ImGoingToCallYouNow","floor":40,"key":"SMITH"},{"floor":49,"key":"RECALL"},{"data":"Koishi:MindStellarRelief","floor":52,"key":"SMITH"}],"circlet_count":0,"master_deck":["Koishi:HauntingSlash+1","Koishi:StingingMind+1","Koishi:Untouchable","Koishi:Untouchable","Koishi:EmbryosDream+1","Koishi:ImGoingToCallYouNow+1","Koishi:UnseenTerror","Koishi:TerrifyingSpectre+1","CurseOfTheBell","Koishi:PhantomBarrier+1","Koishi:DNAsFlaw+1","Koishi:TerrifyingSpectre+1","Koishi:MindStellarRelief+1","Gensokyo:MorningMist","Koishi:FidgetySnatcher"],"relics":["Koishi:ImaginaryFriend","NeowsBlessing","Gensokyo:Justice","Koishi:AHoleWhereASisterShouldBe","Potion Belt","Strawberry","Ginger","Calling Bell","MealTicket","Singing Bowl","TheAbacus","OrangePellets","Bag of Marbles","ScarletDevilRocket","Koishi:LettersToReimu","Sundial","Frozen Eye","Philosopher\u0027s Stone","Toy Ornithopter","HornCleat","Mercury Hourglass","Torii","Happy Flower","Centennial Puzzle"],"acts_visited":["Gensokyo:Gensokyo","Gensokyo:Gensokyoer","Gensokyo:Gensokyoest","TheEnding"],"potions_floor_usage":[28,28,39,50,55,55,55,55],"damage_taken":[{"damage":0.0,"enemies":"Gensokyo:3_Fairies","floor":1.0,"turns":2.0},{"damage":0.0,"enemies":"Gensokyo:Gryphon","floor":4.0,"turns":1.0},{"damage":0.0,"enemies":"Gensokyo:2_Kodama","floor":5.0,"turns":1.0},{"damage":8.0,"enemies":"Gensokyo:Aya","floor":8.0,"turns":7.0},{"damage":0.0,"enemies":"Gensokyo:LivingMonolith","floor":10.0,"turns":3.0},{"damage":20.0,"enemies":"Gensokyo:Cirno","floor":11.0,"turns":8.0},{"damage":6.0,"enemies":"Gensokyo:3_Kodama","floor":12.0,"turns":5.0},{"damage":11.0,"enemies":"Gensokyo:Aya","floor":13.0,"turns":4.0},{"damage":21.0,"enemies":"Gensokyo:Kokoro","floor":16.0,"turns":15.0},{"damage":45.0,"enemies":"Gensokyo:3_Dogs","floor":18.0,"turns":7.0},{"damage":17.0,"enemies":"Gensokyo:Chomper","floor":20.0,"turns":7.0},{"damage":44.0,"enemies":"Gensokyo:Reisen","floor":23.0,"turns":20.0},{"damage":0.0,"enemies":"Gensokyo:3_Gloops","floor":24.0,"turns":10.0},{"damage":33,"enemies":"Gensokyo:Koishi","floor":28,"turns":12},{"damage":0,"enemies":"Gensokyo:Eternal_Rivals","floor":33,"turns":11},{"damage":0,"enemies":"Gensokyo:AncientGuardian","floor":35,"turns":14},{"damage":13,"enemies":"Gensokyo:3_Bats","floor":37,"turns":5},{"damage":32,"enemies":"Gensokyo:3_Boulders","floor":39,"turns":9},{"damage":20,"enemies":"Gensokyo:Marisa","floor":41,"turns":11},{"damage":18,"enemies":"Gensokyo:Sharpion","floor":42,"turns":8},{"damage":43,"enemies":"Gensokyo:Kasen","floor":44,"turns":10},{"damage":13,"enemies":"Gensokyo:Dusk_and_Dawn","floor":45,"turns":5},{"damage":27,"enemies":"Gensokyo:4_Bats","floor":48,"turns":7},{"damage":1,"enemies":"Gensokyo:Yuyuko","floor":50,"turns":8},{"damage":45,"enemies":"Shield and Spear","floor":54,"turns":14},{"damage":0,"enemies":"The Heart","floor":55,"turns":20}],"seed_played":"-3803771214292465623","potions_obtained":[{"floor":1.0,"key":"SneckoOil"},{"floor":5.0,"key":"Block Potion"},{"floor":10.0,"key":"DistilledChaos"},{"floor":12.0,"key":"Strength Potion"},{"floor":18.0,"key":"Energy Potion"},{"floor":23.0,"key":"AttackPotion"},{"floor":33,"key":"FearPotion"},{"floor":39,"key":"PowerPotion"},{"floor":41,"key":"DuplicationPotion"},{"floor":44,"key":"LiquidBronze"},{"floor":45,"key":"ColorlessPotion"}],"is_trial":false,"path_per_floor":["M","?","?","M","M","R","COS","E","T","M","E","M","E","$","R","B",null,"M","?","M","COS","?","E","M","$","T","R","E","$","R","$","R","B",null,"M","?","M","COS","M","R","E","M","T","E","M","?","$","M","R","B",null,"R","$","E","B",null],"character_chosen":"KOISHI","items_purchased":["Koishi:ImGoingToCallYouNow","Koishi:UnseenTerror","Frozen Eye","PowerPotion","DuplicationPotion","ColorlessPotion"],"campfire_rested":0,"item_purchase_floors":[14,14,29,53,53,53],"current_hp_per_floor":[60,60,60,60,60,60,60,60,60,60,53,51,52,52,52,67,67,48,48,57,57,57,57,71,71,71,71,64,73,73,73,73,73,73,75,75,74,74,67,67,79,81,81,83,85,85,85,82,82,82,87,87,87,87,87],"gold":107,"neow_bonus":"THREE_ENEMY_KILL","is_daily":false,"chose_seed":false,"campfire_upgraded":7,"win_rate":0.0,"timestamp":1614321122,"path_taken":["M","?","?","M","M","R","COS","E","T","M","E","?","E","$","R","BOSS","M","?","M","COS","?","E","M","$","T","R","E","$","R","?","R","BOSS","M","?","M","COS","M","R","E","M","T","E","M","?","$","M","R","BOSS","R","$","E","BOSS"],"items_purchased_type":["Card","Card","Relic","Potion","Potion","Potion"],"build_version":"2020-12-22","purchased_purges":6,"victory":true,"max_hp_per_floor":[60,60,60,60,60,60,60,60,60,60,67,67,67,67,67,67,67,69,69,69,69,69,69,71,71,71,71,73,73,73,73,73,73,73,75,75,77,77,79,79,79,81,81,83,85,85,85,87,87,87,87,87,87,87,87],"card_choices":[{"not_picked":["Koishi:Catatonia","Koishi:Whimsy"],"picked":"Koishi:StingingMind","floor":1.0},{"not_picked":["Koishi:SubterraneanRose","Koishi:PhantomStrike"],"picked":"Koishi:DreadfulBlow","floor":4.0},{"not_picked":["Koishi:Prune","Koishi:PhantomBarrier"],"picked":"Koishi:Untouchable","floor":5.0},{"not_picked":["Koishi:SubconsciousSweep","Koishi:SubterraneanRose"],"picked":"Koishi:FadingMemory","floor":8.0},{"not_picked":["Koishi:UnconsciousUrges","Koishi:SubconsciousSweep","Koishi:Whimsy"],"picked":"SKIP","floor":10.0},{"not_picked":["Koishi:ReflexRadar","Koishi:Prune"],"picked":"Koishi:Untouchable","floor":11.0},{"not_picked":["Koishi:ParalyzingFear","Koishi:MassHysteria","Koishi:DanmakuParanoia"],"picked":"SKIP","floor":12.0},{"not_picked":["Koishi:TraumaticStroke","Koishi:Jaunt"],"picked":"Koishi:EmbryosDream","floor":13.0},{"not_picked":["Koishi:FormlessExistence","Koishi:ImGoingToCallYouNow"],"picked":"Koishi:TerrifyingSpectre","floor":16.0},{"not_picked":["Koishi:SubterraneanRose","Koishi:CatchAndRose+1","Koishi:UnansweredLove"],"picked":"Singing Bowl","floor":18.0},{"not_picked":["Koishi:SpiritedAway+1","Koishi:RacingHeart"],"picked":"Koishi:PhantomBarrier+1","floor":20.0},{"not_picked":["Koishi:FreudianInstinct","Koishi:Jaunt"],"picked":"Koishi:TerrifyingSpectre","floor":23.0},{"not_picked":["Koishi:Possession","Koishi:MassHysteria+1","Koishi:Vanish"],"picked":"Singing Bowl","floor":24.0},{"not_picked":["Koishi:Prune+1","Koishi:PhantomBarrier","Koishi:FleetingPhantom+1"],"picked":"Singing Bowl","floor":28},{"not_picked":["Koishi:RollingInRichesHeart","Koishi:ConditionedTeleport"],"picked":"Koishi:MindStellarRelief","floor":33},{"not_picked":["Koishi:ReflexRadar","Koishi:TraumaticStroke","Koishi:HeartAttack"],"picked":"Singing Bowl","floor":35},{"not_picked":["Gensokyo:NewMoon","Gensokyo:EverlastingLife"],"picked":"Gensokyo:MorningMist","floor":36},{"not_picked":["Koishi:Jaunt","Koishi:SubconsciousSweep","Koishi:BloodcurdlingScream"],"picked":"Singing Bowl","floor":37},{"not_picked":["Koishi:HeartfeltFancy+1","Koishi:SpiritedAway+1","Koishi:SubterraneanRose+1"],"picked":"Singing Bowl","floor":39},{"not_picked":["Koishi:StrangeCloudFist","Koishi:SprinkleStarAndHeart+1"],"picked":"Koishi:Possession+1","floor":41},{"not_picked":["Koishi:YoukaiPolygraph+1","Koishi:ParalyzingFear+1","Koishi:PhantomBarrier"],"picked":"Singing Bowl","floor":42},{"not_picked":["Koishi:Jaunt+1","Koishi:FourthEye+1","Koishi:EmbryosDream"],"picked":"Singing Bowl","floor":44},{"not_picked":["Koishi:SprinkleStarAndHeart+1","Koishi:HeartfeltFancy+1","Koishi:SpiritedAway"],"picked":"Singing Bowl","floor":45},{"not_picked":["Koishi:HeartAttack","Koishi:SuperEgo","Koishi:DreadfulBlow+1"],"picked":"Singing Bowl","floor":48},{"not_picked":["Koishi:CatchAndRose","Koishi:UnconsciousUprising"],"picked":"Koishi:FidgetySnatcher","floor":54}],"player_experience":779108,"relics_obtained":[{"floor":8.0,"key":"Koishi:AHoleWhereASisterShouldBe"},{"floor":9.0,"key":"Potion Belt"},{"floor":11.0,"key":"Strawberry"},{"floor":13.0,"key":"Ginger"},{"floor":17.0,"key":"MealTicket"},{"floor":17.0,"key":"Singing Bowl"},{"floor":17.0,"key":"StoneCalendar"},{"floor":23.0,"key":"Bag of Marbles"},{"floor":28,"key":"Sundial"},{"floor":41,"key":"HornCleat"},{"floor":43,"key":"Mercury Hourglass"},{"floor":44,"key":"Happy Flower"},{"floor":54,"key":"Centennial Puzzle"}],"event_choices":[],"is_beta":false,"boss_relics":[{"not_picked":["Astrolabe","Busted Crown"],"picked":"Calling Bell"},{"not_picked":["Tiny House","Fusion Hammer"],"picked":"Philosopher\u0027s Stone"}],"items_purged_floors":[14,25,29,31,47,53],"is_endless":false,"potions_floor_spawned":[1,5,10,12,18,23,33,39,41,44,45],"ascension_level":4}}