{"host":"qrbkigq52dd42dk0","time":1614360117,"event":{"mods":["AchievementEnabler","BaseMod","Colored Map","Colored Powertips","Minty Spire (QoL Compilation)","Morshu Shopkeeper - ENHANCED","Quick Restart","StSLib","SuperFastMode","The IronCluck","everything is the same but u backflip on backflip"],"gold_per_floor":[113,129,129,146,101,133,152,184,208,225,225,244,244,260,260,361,361,375,387,76,76,95,95,125,141,141,151,151,151,69,85,85,85,85],"floor_reached":33,"language":"ENG","playtime":1039,"items_purged":["Strike_G"],"score":457,"play_id":"d1e7de5e-efeb-4bac-863d-ed4cc987aeb2","local_time":"20210226182157","is_ascension_mode":true,"campfire_choices":[{"data":"Blade Dance","floor":11,"key":"SMITH"},{"data":"Blade Dance","floor":13,"key":"SMITH"},{"data":"Die Die Die","floor":15,"key":"SMITH"},{"data":"A Thousand Cuts","floor":23,"key":"SMITH"},{"data":"Blade Dance","floor":29,"key":"SMITH"},{"data":"Calculated Gamble","floor":32,"key":"SMITH"}],"circlet_count":0,"master_deck":["Strike_G","Strike_G","Strike_G","Strike_G","Defend_G","Defend_G","Defend_G","Defend_G","Defend_G","Survivor","Neutralize+1","Unload","Backflip","PiercingWail","Crippling Poison","Blade Dance+1","Escape Plan","Cloak And Dagger","Terror","Die Die Die+1","Blade Dance+1","Storm of Steel","Choke+1","A Thousand Cuts+1","Backflip","Blade Dance+1","Calculated Gamble+1"],"relics":["Ring of the Snake","Torii","Lantern","PreservedInsect","Sozu","TwistedFunnel","Vajra","StrikeDummy"],"acts_visited":["Exordium","TheCity"],"potions_floor_usage":[6,8,16],"damage_taken":[{"damage":0,"enemies":"Cultist","floor":1,"turns":4},{"damage":0,"enemies":"Small Slimes","floor":2,"turns":5},{"damage":0,"enemies":"Jaw Worm","floor":4,"turns":4},{"damage":20,"enemies":"Lagavulin","floor":6,"turns":5},{"damage":2,"enemies":"Exordium Thugs","floor":7,"turns":4},{"damage":21,"enemies":"Gremlin Nob","floor":8,"turns":4},{"damage":0,"enemies":"Exordium Wildlife","floor":10,"turns":3},{"damage":0,"enemies":"Red Slaver","floor":12,"turns":2},{"damage":6,"enemies":"2 Fungi Beasts","floor":14,"turns":3},{"damage":17,"enemies":"Slime Boss","floor":16,"turns":6},{"damage":2,"enemies":"Spheric Guardian","floor":18,"turns":4},{"damage":0,"enemies":"3 Byrds","floor":19,"turns":4},{"damage":0,"enemies":"Snecko","floor":22,"turns":2},{"damage":2,"enemies":"Gremlin Leader","floor":24,"turns":4},{"damage":0,"enemies":"Sentry and Sphere","floor":25,"turns":3},{"damage":2,"enemies":"Shelled Parasite and Fungi","floor":27,"turns":3},{"damage":7,"enemies":"3 Cultists","floor":31,"turns":3},{"damage":83,"enemies":"Champ","floor":33,"turns":8}],"seed_played":"7691703130270818359","potions_obtained":[{"floor":1,"key":"BlessingOfTheForge"},{"floor":6,"key":"Poison Potion"},{"floor":7,"key":"FairyPotion"},{"floor":12,"key":"Explosive Potion"},{"floor":16,"key":"Weak Potion"}],"is_trial":false,"path_per_floor":["M","M","?","M","$","E","M","E","T","M","R","M","R","M","R","B",null,"M","M","$","?","M","R","E","M","T","M","T","R","$","M","R","B"],"character_chosen":"THE_SILENT","items_purchased":["Blade Dance","TwistedFunnel","A Thousand Cuts","Calculated Gamble"],"campfire_rested":0,"item_purchase_floors":[5,20,20,30],"current_hp_per_floor":[70,70,70,70,70,50,48,27,27,27,27,27,27,21,21,4,70,68,68,68,68,68,68,66,66,66,64,64,64,64,57,57,0,0],"gold":85,"neow_bonus":"ONE_RANDOM_RARE_CARD","is_daily":false,"chose_seed":false,"campfire_upgraded":6,"win_rate":0.0,"timestamp":1614360117,"path_taken":["M","?","?","M","$","E","M","E","T","?","R","M","R","M","R","BOSS","M","?","?","?","M","R","E","?","T","M","?","R","?","M","R","BOSS"],"items_purchased_type":["Card","Relic","Card","Card"],"build_version":"2020-12-22","purchased_purges":1,"victory":false,"max_hp_per_floor":[70,70,70,70,70,70,70,70,70,70,70,70,70,70,70,70,70,70,70,70,70,70,70,70,70,70,70,70,70,70,70,70,70,70],"card_choices":[{"not_picked":["Caltrops","Deflect"],"picked":"Backflip","floor":1},{"not_picked":["All Out Attack","Poisoned Stab"],"picked":"PiercingWail","floor":2},{"not_picked":["PiercingWail","Distraction"],"picked":"Crippling Poison","floor":4},{"not_picked":["Poisoned Stab","Skewer"],"picked":"Escape Plan","floor":6},{"not_picked":["Slice","All Out Attack"],"picked":"Cloak And Dagger","floor":7},{"not_picked":["Concentrate","Slice"],"picked":"Terror","floor":8},{"not_picked":["Leg Sweep","Flying Knee"],"picked":"Die Die Die","floor":10},{"not_picked":["Expertise","Poisoned Stab"],"picked":"Blade Dance","floor":12},{"not_picked":["Skewer","Bouncing Flask","Bane"],"picked":"SKIP","floor":14},{"not_picked":["Venomology","Unload"],"picked":"Storm of Steel","floor":16},{"not_picked":["Poisoned Stab+1","Underhanded Strike","Deadly Poison"],"picked":"SKIP","floor":18},{"not_picked":["Quick Slash+1","Dagger Throw"],"picked":"Choke+1","floor":19},{"not_picked":["Dagger Spray","PiercingWail","Predator"],"picked":"SKIP","floor":22},{"not_picked":["Dagger Spray","Caltrops","Escape Plan"],"picked":"SKIP","floor":24},{"not_picked":["Sucker Punch","Expertise+1"],"picked":"Blade Dance","floor":25},{"not_picked":["Dodge and Roll","Dash","Quick Slash"],"picked":"SKIP","floor":27},{"not_picked":["Dagger Spray","Well Laid Plans","Sucker Punch"],"picked":"SKIP","floor":31}],"player_experience":248272,"relics_obtained":[{"floor":6,"key":"Torii"},{"floor":8,"key":"Lantern"},{"floor":9,"key":"PreservedInsect"},{"floor":24,"key":"Vajra"},{"floor":26,"key":"StrikeDummy"}],"event_choices":[{"damage_healed":0,"gold_gain":0,"player_choice":"Upgraded","damage_taken":0,"max_hp_gain":0,"max_hp_loss":0,"event_name":"Upgrade Shrine","floor":3,"gold_loss":0,"cards_upgraded":["Neutralize"]},{"damage_healed":0,"gold_gain":0,"player_choice":"Read","damage_taken":0,"max_hp_gain":0,"max_hp_loss":0,"event_name":"The Library","floor":21,"gold_loss":0,"cards_obtained":["Backflip"]}],"is_beta":false,"boss_relics":[{"not_picked":["Pandora\u0027s Box","Tiny House"],"picked":"Sozu"}],"items_purged_floors":[20],"is_endless":false,"potions_floor_spawned":[1,6,7,12,16,18,19,31],"killed_by":"Champ","ascension_level":4}}