{"host":"gzsdmyo07u314vug","time":1614343462,"event":{"mods":["2.2 Compatiblity","Astrologer","BaseMod","Colored Powertips","GifTheSpireLib","Gremlin Mod","Hermit","Jorbs\u0027s Wanderer Trilogy","Minty Spire (QoL Compilation)","Quick Restart","Rare Cards Sparkle","Relic Stats","Replay The Spire","Robot Space Explorer","Shop Mod","StSLib","The Bladedancer","The Bug Knight","The Construct","The Cursed","The Elementalist","The Hierophant","The IronCluck","The Marked","The Necromancer","The Runesmith","The Servant 0.9.4","Unceasing Turn Reminder","everything is the same but u backflip on backflip","slay the spire mod where everything is the same but ironclad has a cowboy hat"],"gold_per_floor":[113,113,38,51,65,65,76,76,76,94,105,140,150,160,160,258,258,174,74,74,74,87,87,104,104,129,129,129,129],"floor_reached":28,"language":"ENG","playtime":1010,"items_purged":["Strike_R","stsjorbsmod:Procrastination"],"score":355,"play_id":"d5663a08-94b6-47cf-9247-fa0b0f0db0ec","local_time":"20210226094422","is_ascension_mode":true,"campfire_choices":[{"data":"Spot Weakness","floor":6.0,"key":"SMITH"},{"data":"Bash","floor":8.0,"key":"SMITH"},{"data":"Armaments","floor":15.0,"key":"SMITH"},{"data":"Demonic Infusion","floor":23.0,"key":"SMITH"},{"data":"True Grit","floor":27,"key":"SMITH"}],"circlet_count":0,"master_deck":["AscendersBane","Defend_R","Defend_R","Bash+1","Spot Weakness+1","Pommel Strike","Whirlwind","Armaments+1","Demonic Infusion+1","RitualDagger","True Grit+1"],"relics":["Burning Blood","Torii","Champion Belt","Meat on the Bone","Kintsugi","Bag of Preparation"],"acts_visited":["Exordium","TheCity"],"potions_floor_usage":[25],"damage_taken":[{"damage":8.0,"enemies":"2 Louse","floor":1.0,"turns":3.0},{"damage":6.0,"enemies":"Cultist","floor":4.0,"turns":4.0},{"damage":2.0,"enemies":"Small Slimes","floor":5.0,"turns":5.0},{"damage":5.0,"enemies":"Blue Slaver","floor":7.0,"turns":6.0},{"damage":16.0,"enemies":"Exordium Wildlife","floor":10.0,"turns":6.0},{"damage":9.0,"enemies":"Looter","floor":11.0,"turns":3.0},{"damage":40.0,"enemies":"Lagavulin","floor":12.0,"turns":6.0},{"damage":2.0,"enemies":"2 Fungi Beasts","floor":13.0,"turns":3.0},{"damage":12.0,"enemies":"Gremlin Gang","floor":14.0,"turns":2.0},{"damage":28.0,"enemies":"Hexaghost","floor":16.0,"turns":12.0},{"damage":27.0,"enemies":"2 Thieves","floor":18.0,"turns":4.0},{"damage":18.0,"enemies":"Shell Parasite","floor":22.0,"turns":8.0},{"damage":22.0,"enemies":"Snake Plant","floor":24.0,"turns":6.0},{"damage":0,"enemies":"Masked Bandits","floor":25,"turns":1},{"damage":54,"enemies":"Book of Stabbing","floor":28,"turns":6}],"seed_played":"1895473918748806360","potions_obtained":[{"floor":4.0,"key":"Block Potion"},{"floor":7.0,"key":"Doom Potion"},{"floor":10.0,"key":"Cursed Concoction"},{"floor":13.0,"key":"Toxic Potion"},{"floor":14.0,"key":"Elixir"},{"floor":22.0,"key":"GamblersBrew"},{"floor":24.0,"key":"SmokeBomb"}],"is_trial":false,"path_per_floor":["M","?","$","M","M","R","M","R","T","M","M","E","M","M","R","B",null,"M","$","?","?","M","R","M","?","T","R","E"],"character_chosen":"IRONCLAD","items_purchased":[],"campfire_rested":0,"item_purchase_floors":[],"current_hp_per_floor":[70,70,70,70,72,72,72,72,72,62,59,25,41,47,47,37,63,54,54,54,48,48,48,44,50,50,50,0,0],"gold":129,"neow_bonus":"TRANSFORM_TWO_CARDS","is_daily":false,"chose_seed":false,"campfire_upgraded":5,"win_rate":0.0,"timestamp":1614343462,"path_taken":["M","?","$","M","?","R","M","R","T","M","?","E","M","M","R","BOSS","M","$","?","?","M","R","M","?","T","R","E"],"items_purchased_type":[],"build_version":"2020-12-22","purchased_purges":2,"victory":false,"max_hp_per_floor":[72,72,72,72,72,72,72,72,72,72,72,72,72,72,72,72,72,72,72,72,72,72,72,72,72,72,72,72,72],"relic_stats":{"Torii":70,"counters":[15,75],"Bag of Preparation":[2],"Champion Belt":[12],"obtain_stats":[{"Torii":2,"Bag of Preparation":26,"Champion Belt":9,"Kintsugi":17,"Burning Blood":0,"Meat on the Bone":12},{"Torii":1,"Bag of Preparation":14,"Champion Belt":4,"Kintsugi":10,"Burning Blood":0,"Meat on the Bone":7},{"Torii":3,"Bag of Preparation":69,"Champion Belt":18,"Kintsugi":50,"Burning Blood":0,"Meat on the Bone":33}],"Burning Blood":81,"Meat on the Bone":72},"card_choices":[{"not_picked":["Clash","Sever Soul","Replay:Undeath\u0027s Touch"],"picked":"SKIP","floor":1.0},{"not_picked":["Pommel Strike","Replay:Undeath\u0027s Touch","Fiend Fire"],"picked":"SKIP","floor":4.0},{"not_picked":["Perfected Strike","Warcry"],"picked":"Spot Weakness","floor":5.0},{"not_picked":["Warcry","Bludgeon","Life Link"],"picked":"SKIP","floor":7.0},{"not_picked":["ReplayTheSpireMod:Muscle Training","Havoc"],"picked":"Pommel Strike","floor":10.0},{"not_picked":["Havoc","Clash"],"picked":"Whirlwind","floor":11.0},{"not_picked":["Impervious","Metallicize","Havoc"],"picked":"SKIP","floor":12.0},{"not_picked":["Clothesline","Cleave","Run Through"],"picked":"SKIP","floor":13.0},{"not_picked":["Massacre","Inflame"],"picked":"Armaments","floor":14.0},{"not_picked":["Hemogenesis","Brutality"],"picked":"Demonic Infusion","floor":16.0},{"not_picked":["ReplayTheSpireMod:Stacked","Iron Wave","Flex"],"picked":"SKIP","floor":18.0},{"not_picked":["Flex","Replay:Undeath\u0027s Touch+1","Sword Boomerang"],"picked":"SKIP","floor":22.0},{"not_picked":["Blood for Blood","Clash"],"picked":"True Grit","floor":24.0}],"player_experience":970843,"relics_obtained":[{"floor":2.0,"key":"Torii"},{"floor":9.0,"key":"Champion Belt"},{"floor":12.0,"key":"Meat on the Bone"},{"floor":26,"key":"Bag of Preparation"}],"event_choices":[{"damage_healed":0.0,"max_hp_gain":0.0,"max_hp_loss":0.0,"gold_gain":0.0,"event_name":"Wheel of Change","player_choice":"Relic","floor":2.0,"gold_loss":0.0,"damage_taken":0.0},{"cards_removed":["Defend_R"],"damage_healed":0.0,"max_hp_gain":0.0,"max_hp_loss":0.0,"gold_gain":0.0,"event_name":"Back to Basics","player_choice":"Elegance","floor":20.0,"gold_loss":0.0,"damage_taken":0.0},{"damage_healed":0.0,"max_hp_gain":0.0,"max_hp_loss":0.0,"gold_gain":0.0,"event_name":"Nest","player_choice":"Joined the Cult","floor":21.0,"gold_loss":0.0,"damage_taken":6.0,"cards_obtained":["RitualDagger"]},{"damage_healed":0,"gold_gain":0,"player_choice":"Fought Bandits","damage_taken":0,"max_hp_gain":0,"max_hp_loss":0,"event_name":"Masked Bandits","floor":25,"gold_loss":0}],"is_beta":false,"boss_relics":[{"not_picked":["Replay:Bronze Core","Ring of Chaos"],"picked":"Kintsugi"}],"items_purged_floors":[3,19],"is_endless":false,"potions_floor_spawned":[4,7,10,13,14,22,24,25],"killed_by":"Book of Stabbing","ascension_level":12}}