{"host":"4zd9qxtdu4r42b0n","time":1614362495,"event":{"mods":["100% Spire Juice","Act Like it!","BaseMod","Beaked The Cultist","Better Third Choice","BetterRewards","ChefMod","Colored Map","Dota2Spire","Elementarium","Hermit","Hubris","Infinite Spire","Jorbs\u0027s Wanderer Trilogy","Koishi","Marisa????????","Menagerie","Minty Spire (QoL Compilation)","Potionbrewer","Rare Cards Sparkle","Relic Stats","Reliquary","Replay The Spire","Robot Space Explorer","Ruina","Shade Mod","Shapeshifter Mod","Spicy Shops","Spire Arcade","StSLib","The Animator","The Caster","The Clintock","The Construct","The Cursed","The Dragon Tamer","The Dragonkin","The Fake Hero","The Gatherer","The Hayseed","The Jungle","The Marked","The Mystic","The Necromancer","The Runesmith","The Servant 0.9.4","The Spell Scribe","TheFirefly","Wandering Minibosses","thorton","??????REMEMod"],"gold_per_floor":[28,39,55,55,80,106,43,43,43,43,73,102,113,127,127,127,127],"floor_reached":16,"language":"ENG","playtime":1262,"items_purged":[],"score":137,"play_id":"39772348-9108-4537-90de-d9ce8acf9c00","local_time":"20210226130135","is_ascension_mode":false,"campfire_choices":[{"floor":15,"key":"REST"}],"circlet_count":0,"master_deck":["animator:Strike_MadokaMagica","animator:Defend_MadokaMagica","animator:Strike","animator:Strike+1","animator:Defend","animator:Defend","animator:Defend","animator:IrohaTamaki","animator:YuiTsuruno","animator:HououinKyouma","animator:OrikoMikuni","hermit:HeroicBravado","animator:IzunaHatsuse","animator:KyokoSakura","hubris:Fate","animator:HomuraAkemi","animator:Mitsuba","Normality","animator:Arpeggio","animator:Elesis","animator:RoryMercury","animator:Elsword","animator:Kazuma","animator:KyokoSakura","animator:Verdia"],"relics":["animator:LivingPicture","animator:TheMissingPiece","REME_ComplimentaryCards","reliquary:Vitrine","ReplayTheSpireMod:CursedCoin","infinitespire:Satchel","ReplayTheSpireMod:TigerMarble","Paper Crane"],"acts_visited":["Menagerie:Menagerie"],"potions_floor_usage":[6,12],"damage_taken":[{"damage":11.0,"enemies":"Menagerie:WhisperingWraith","floor":1.0,"turns":7.0},{"damage":0.0,"enemies":"Menagerie:MonstrousExperiment","floor":2.0,"turns":7.0},{"damage":0.0,"enemies":"Menagerie:StygianBoar","floor":3.0,"turns":4.0},{"damage":3,"enemies":"Menagerie:RedMage","floor":5,"turns":6},{"damage":1,"enemies":"Menagerie:VoidReaper","floor":6,"turns":3},{"damage":16,"enemies":"3 Sentries","floor":11,"turns":9},{"damage":1,"enemies":"Menagerie:Hydra","floor":12,"turns":4},{"damage":8,"enemies":"Menagerie:MENAGERIE_WILDLIFE","floor":13,"turns":3},{"damage":6,"enemies":"Menagerie:3_RABBITS","floor":14,"turns":4},{"damage":4,"enemies":"Menagerie:AVATARS","floor":16,"turns":2}],"seed_played":"-8921745609158480222","potions_obtained":[{"floor":1.0,"key":"Energy Potion"},{"floor":2.0,"key":"Dexterity Potion"},{"floor":5,"key":"potionbrewer:BarricadePotion"}],"is_trial":false,"path_per_floor":["M","M","M","?","M","E","$","?","T","?","?","E","M","M","R","B"],"character_chosen":"THE_ANIMATOR","items_purchased":["ReplayTheSpireMod:CursedCoin","animator:Arpeggio","infinitespire:Satchel","animator:Elesis"],"campfire_rested":1,"item_purchase_floors":[7,7,7,7],"current_hp_per_floor":[55,55,56,40,37,36,36,36,36,31,15,18,25,19,39,35,35],"gold":127,"neow_bonus":"RANDOM_COLORLESS_2","is_daily":false,"chose_seed":false,"campfire_upgraded":0,"win_rate":0.0,"timestamp":1614362495,"path_taken":["M","M","M","?","M","E","$","?","T","?","?","E","M","M","R","BOSS"],"items_purchased_type":["Relic","Card","Relic","Card"],"build_version":"2020-12-22","purchased_purges":0,"victory":false,"max_hp_per_floor":[66,66,67,67,67,67,67,67,67,67,67,67,67,67,67,67,67],"relic_stats":{"counters":[11,50],"obtain_stats":[{"ReplayTheSpireMod:CursedCoin":7,"animator:TheMissingPiece":0,"infinitespire:Satchel":7,"animator:LivingPicture":0,"ReplayTheSpireMod:TigerMarble":11,"reliquary:Vitrine":6,"Paper Crane":12,"REME_ComplimentaryCards":0},{"ReplayTheSpireMod:CursedCoin":6,"animator:TheMissingPiece":0,"infinitespire:Satchel":6,"animator:LivingPicture":0,"ReplayTheSpireMod:TigerMarble":7,"reliquary:Vitrine":6,"Paper Crane":8,"REME_ComplimentaryCards":0},{"ReplayTheSpireMod:CursedCoin":28,"animator:TheMissingPiece":0,"infinitespire:Satchel":28,"animator:LivingPicture":0,"ReplayTheSpireMod:TigerMarble":37,"reliquary:Vitrine":28,"Paper Crane":41,"REME_ComplimentaryCards":0}]},"card_choices":[{"not_picked":["animator:Patchouli","animator:TakanashiRikka"],"picked":"animator:HououinKyouma","floor":0.0},{"not_picked":["animator:NarberalGamma","animator:Shalltear"],"picked":"animator:OrikoMikuni","floor":1.0},{"not_picked":["animator:Chung","animator:Ara"],"picked":"animator:IzunaHatsuse","floor":2.0},{"not_picked":["animator:IrohaTamaki","animator:Tet"],"picked":"animator:KyokoSakura","floor":3.0},{"not_picked":["infinitespire:Gouge","infinitespire:TheBestDefense"],"picked":"hubris:Fate","floor":4.0},{"not_picked":["animator:OrikoMikuni","animator:SayakaMiki"],"picked":"animator:HomuraAkemi","floor":5},{"not_picked":["animator:Sebas","animator:OrikoMikuni"],"picked":"animator:Mitsuba","floor":6},{"not_picked":["animator:Vanir","animator:Yoichi"],"picked":"animator:Elsword","floor":11},{"not_picked":["animator:ChlammyZell","animator:ItamiYouji"],"picked":"animator:Kazuma","floor":12},{"not_picked":["animator:MamiTomoe","animator:YuiTsuruno"],"picked":"animator:KyokoSakura","floor":13},{"not_picked":["animator:DolaSchwi","animator:YunYun"],"picked":"animator:Verdia","floor":14}],"player_experience":1241110,"relics_obtained":[{"floor":6,"key":"reliquary:Vitrine"},{"floor":11,"key":"ReplayTheSpireMod:TigerMarble"},{"floor":12,"key":"Paper Crane"}],"event_choices":[{"damage_healed":0,"gold_gain":0,"player_choice":"Accept","damage_taken":0,"max_hp_gain":0,"max_hp_loss":5,"event_name":"Menagerie:HarrowingRitual","floor":10,"gold_loss":0,"cards_upgraded":["animator:Strike"]},{"damage_healed":0,"gold_gain":0,"player_choice":"Release","damage_taken":0,"max_hp_gain":0,"max_hp_loss":0,"event_name":"Menagerie:StasisChamber","floor":11,"gold_loss":0}],"is_beta":false,"boss_relics":[],"items_purged_floors":[],"is_endless":false,"potions_floor_spawned":[1,2,5],"killed_by":"Menagerie:AVATARS","ascension_level":0}}