{"host":"40e4adzyl212zebh","time":1614345585,"event":{"mods":["Act Like it!","BaseMod","Colored Map","Colored Powertips","DeckTracker","Gensokyo","Minty Spire (QoL Compilation)","Quick Restart","Random Character Button","Relic Stats","StSLib"],"gold_per_floor":[113,113,113,113,126,126,158,158,158,158,170,7,7,34,34,34,34],"floor_reached":16,"language":"JPN","playtime":698,"items_purged":[],"score":192,"play_id":"cce6203c-2aef-4858-881a-985af7a161c2","local_time":"20210226221945","is_ascension_mode":true,"campfire_choices":[{"floor":6,"key":"REST"},{"floor":8,"key":"REST"},{"data":"Bash","floor":10,"key":"SMITH"},{"data":"Shrug It Off","floor":15,"key":"SMITH"}],"circlet_count":0,"master_deck":["AscendersBane","Strike_R","Strike_R","Defend_R","Defend_R","Defend_R","Defend_R","Bash+1","Shrug It Off+1","Pain","Cleave","Hemokinesis","Burning Pact","Gensokyo:RustyChest","Injury","Feel No Pain"],"relics":["Burning Blood","Happy Flower","Gensokyo:LunaticRedEyes","Centennial Puzzle","Kunai","PrismaticShard","Juzu Bracelet","Red Skull"],"acts_visited":["Exordium"],"potions_floor_usage":[14,14],"damage_taken":[{"damage":4,"enemies":"Gensokyo:3_Fairies","floor":1,"turns":6},{"damage":3,"enemies":"Gensokyo:2_Kodama","floor":5,"turns":4},{"damage":34,"enemies":"Gensokyo:Cirno","floor":7,"turns":6},{"damage":4,"enemies":"Gensokyo:Python","floor":11,"turns":2},{"damage":19,"enemies":"Gensokyo:Aya","floor":14,"turns":5},{"damage":31,"enemies":"Gensokyo:Yukari","floor":16,"turns":4}],"seed_played":"9082155068044229776","potions_obtained":[{"floor":5,"key":"SpeedPotion"},{"floor":7,"key":"Fire Potion"},{"floor":14,"key":"LiquidBronze"}],"is_trial":false,"path_per_floor":["M","?","?","?","M","R","E","R","T","R","M","COS","?","E","R","B"],"character_chosen":"IRONCLAD","items_purchased":[],"campfire_rested":2,"item_purchase_floors":[],"current_hp_per_floor":[52,52,16,16,19,41,13,35,35,35,37,37,37,24,24,0,0],"gold":34,"neow_bonus":"THREE_RARE_CARDS","is_daily":false,"chose_seed":false,"campfire_upgraded":2,"win_rate":0.0,"timestamp":1614345585,"path_taken":["M","?","?","?","M","R","E","R","T","R","M","COS","?","E","R","BOSS"],"items_purchased_type":[],"build_version":"2020-12-22","purchased_purges":0,"victory":false,"max_hp_per_floor":[75,75,75,75,75,75,75,75,75,75,75,75,75,75,75,75,75],"relic_stats":{"Centennial Puzzle":[9],"Happy Flower":[7],"counters":[6,27],"Juzu Bracelet":0,"Kunai":[1],"obtain_stats":[{"Centennial Puzzle":7,"Happy Flower":2,"Juzu Bracelet":13,"Kunai":9,"PrismaticShard":12,"Burning Blood":0,"Gensokyo:LunaticRedEyes":4,"Red Skull":14},{"Centennial Puzzle":3,"Happy Flower":1,"Juzu Bracelet":4,"Kunai":3,"PrismaticShard":4,"Burning Blood":0,"Gensokyo:LunaticRedEyes":1,"Red Skull":5},{"Centennial Puzzle":16,"Happy Flower":6,"Juzu Bracelet":18,"Kunai":16,"PrismaticShard":18,"Burning Blood":0,"Gensokyo:LunaticRedEyes":6,"Red Skull":23}],"Burning Blood":30},"card_choices":[{"not_picked":["Corruption","Demon Form"],"picked":"Feed","floor":0},{"not_picked":["Clothesline","Burning Pact"],"picked":"Shrug It Off","floor":1},{"not_picked":["Evolve","Intimidate"],"picked":"Cleave","floor":5},{"not_picked":["Havoc","Shrug It Off"],"picked":"Hemokinesis","floor":7},{"not_picked":["Combust","Havoc"],"picked":"Burning Pact","floor":11},{"not_picked":["Flex","Gash"],"picked":"Feel No Pain","floor":14}],"player_experience":620013,"relics_obtained":[{"floor":7,"key":"Centennial Puzzle"},{"floor":9,"key":"Kunai"},{"floor":14,"key":"Red Skull"}],"event_choices":[],"is_beta":false,"boss_relics":[],"items_purged_floors":[],"is_endless":false,"potions_floor_spawned":[5,7,11,14],"killed_by":"Gensokyo:Yukari","ascension_level":20}}