{"host":"lmshf3swj20gmdor","time":1614349064,"event":{"mods":["2.2 Compatiblity","BaseMod","Conspire","Downfall","Googly Eyes","Hubris","Minty Spire (QoL Compilation)","Replay The Spire","Spikes Relics","StSLib","Synergy Search","The Servant 0.9.4"],"gold_per_floor":[99,116,128,228,18,31,31,131,16,16,49,34,99,115,130,234,234,234,246,33,46,96,195,222,153,203,203,203],"floor_reached":26,"language":"ENG","playtime":1244,"items_purged":[],"score":254,"play_id":"aa96db93-eebf-4772-8c8b-e50f5e5ff384","local_time":"20210226141744","is_ascension_mode":true,"campfire_choices":[{"data":"bronze:Replicate","floor":1,"key":"SMITH"},{"data":"bronze:Format","floor":10,"key":"SMITH"},{"data":"bronze:ItsAFeature","floor":18,"key":"SMITH"}],"circlet_count":0,"master_deck":["bronze:Strike","bronze:Strike","bronze:Strike","bronze:Strike","bronze:Defend","bronze:Defend","bronze:Defend","bronze:Defend","bronze:Replicate+1","bronze:Goto","Poisoned Strike","bronze:Shield","bronze:ChosenStrike","bronze:DarkDash","bronze:ClassDefault","bronze:MaxOutput","bronze:Format+1","bronze:Format","bronze:Iterate","bronze:ItsAFeature+1","bronze:BugBarrage","bronze:ShipIt","expansioncontent:DashGenerateEvil","bronze:InfiniteBeams","RitualDagger","bronze:BugBarrage+1","bronze:Repulsor+1"],"relics":["bronze:BronzeCore","hexamod:BolsterEngine","Mirror","downfall:CloakOfManyFaces","CultistMask","FaceOfCleric","NlothsMask","GremlinMask","SsserpentHead","Tiny Chest","Replay:Grab Bag","Philosopher\u0027s Stone","bronze:MakeshiftBattery","hubris:Backtick","conspire:Dentures","Lantern"],"acts_visited":["Exordium","TheCity"],"potions_floor_usage":[8,14,16,20,26],"damage_taken":[{"damage":4,"enemies":"Jaw Worm","floor":2,"turns":4},{"damage":1,"enemies":"Cultist","floor":3,"turns":4},{"damage":0,"enemies":"downfall:FleeingMerchant","floor":5,"turns":4},{"damage":1,"enemies":"2 Louse","floor":6,"turns":3},{"damage":26,"enemies":"downfall:FaceTrader","floor":8,"turns":11},{"damage":10,"enemies":"downfall:FleeingMerchant","floor":9,"turns":4},{"damage":0,"enemies":"3 Sentries","floor":11,"turns":6},{"damage":3,"enemies":"downfall:FleeingMerchant","floor":12,"turns":4},{"damage":5,"enemies":"Lots of Slimes","floor":13,"turns":4},{"damage":9,"enemies":"Blue Slaver","floor":14,"turns":3},{"damage":2,"enemies":"Exordium Thugs","floor":15,"turns":5},{"damage":15,"enemies":"WA_ARCHETYPE_RETAIN","floor":16,"turns":7},{"damage":1,"enemies":"conspire:FuzzyDice","floor":19,"turns":5},{"damage":17,"enemies":"downfall:FleeingMerchant","floor":20,"turns":4},{"damage":0,"enemies":"Chosen","floor":21,"turns":4},{"damage":15,"enemies":"downfall:FleeingMerchant","floor":25,"turns":4},{"damage":51,"enemies":"3 Cultists","floor":26,"turns":5}],"seed_played":"1837623380183470161","potions_obtained":[{"floor":6,"key":"ColorlessPotion"},{"floor":8,"key":"conspire:TimeTravelPotion"},{"floor":14,"key":"Swift Potion"},{"floor":15,"key":"SneckoOil"},{"floor":19,"key":"BlessingOfTheForge"}],"is_trial":false,"path_per_floor":["R","M","M","?","$","M","T","?","$","R","E","$","M","M","M","B",null,"R","M","$","M","?","T","T","$","M"],"character_chosen":"THE_AUTOMATON","items_purchased":["hexamod:BolsterEngine","bronze:ClassDefault","bronze:Format","expansioncontent:DashGenerateEvil","bronze:InfiniteBeams","bronze:Repulsor+1"],"campfire_rested":0,"item_purchase_floors":[5,5,9,20,20,25],"current_hp_per_floor":[63,59,58,58,58,57,57,31,22,22,23,21,17,18,17,3,70,70,70,54,55,49,49,49,35,0,0,0],"gold":203,"neow_bonus":"RANDOM_COLORLESS_2","is_daily":false,"chose_seed":false,"campfire_upgraded":3,"win_rate":0.0,"timestamp":1614349064,"path_taken":["R","M","M","?","?","?","T","?","?","R","E","$","?","M","M","BOSS","R","M","?","M","?","?","T","$","?"],"items_purchased_type":["Relic","Card","Card","Card","Card","Card"],"build_version":"2020-12-22","purchased_purges":0,"victory":false,"max_hp_per_floor":[63,63,63,63,63,63,63,63,64,64,65,66,67,68,69,70,70,70,71,72,73,73,73,73,74,74,74,74],"card_choices":[{"not_picked":["Reforge","Sadistic Nature"],"picked":"Poisoned Strike","floor":0},{"not_picked":["bronze:Overheat","bronze:CutThrough"],"picked":"bronze:Shield","floor":2},{"not_picked":["bronze:BronzeArmor","bronze:CutThrough"],"picked":"bronze:ChosenStrike","floor":3},{"not_picked":["bronze:Allocate","bronze:Overload"],"picked":"bronze:DarkDash","floor":5},{"not_picked":["bronze:BronzeOrb","bronze:DigitalCarnage","bronze:ChildClass"],"picked":"SKIP","floor":6},{"not_picked":["bronze:BronzeArmor","bronze:BitShift"],"picked":"bronze:MaxOutput","floor":8},{"not_picked":["bronze:DelayedSlice","bronze:Shell","bronze:BuggyMess"],"picked":"SKIP","floor":9},{"not_picked":["bronze:MaxOutput","bronze:Branch","bronze:DelayedGuard"],"picked":"SKIP","floor":11},{"not_picked":["bronze:BurnOut","bronze:Turbo"],"picked":"bronze:Format","floor":12},{"not_picked":["bronze:BugBarrage","bronze:Philosophize"],"picked":"bronze:Iterate","floor":13},{"not_picked":["bronze:Turbo","bronze:DarkDash"],"picked":"bronze:ItsAFeature","floor":14},{"not_picked":["bronze:WhirlingStrike","bronze:Frontload"],"picked":"bronze:BugBarrage","floor":15},{"not_picked":["bronze:AlphaBuild","bronze:FindAndReplace"],"picked":"bronze:ShipIt","floor":16},{"not_picked":["bronze:Turbo+1","bronze:DelayedGuard+1","bronze:ClassDefault"],"picked":"SKIP","floor":19},{"not_picked":["bronze:BuggyMess","bronze:Philosophize","bronze:BugBarrage"],"picked":"SKIP","floor":20},{"not_picked":["bronze:DelayedGuard+1","bronze:Shield","bronze:BugBarrage"],"picked":"SKIP","floor":21},{"not_picked":["bronze:Separator+1","bronze:Mutator"],"picked":"bronze:BugBarrage+1","floor":25}],"player_experience":858130,"relics_obtained":[{"floor":7,"key":"Mirror"},{"floor":8,"key":"downfall:CloakOfManyFaces"},{"floor":11,"key":"Tiny Chest"},{"floor":24,"key":"Lantern"}],"event_choices":[],"is_beta":false,"boss_relics":[{"not_picked":["Replay:Wanted Poster","hubris:VirtuousBlindfold"],"picked":"Replay:Grab Bag"},{"not_picked":["Velvet Choker","hubris:TerracottaHorce"],"picked":"Philosopher\u0027s Stone"},{"not_picked":["Coffee Dripper","Fusion Hammer"],"picked":"bronze:MakeshiftBattery"},{"not_picked":["SlaversCollar","hubris:HollowSoul"],"picked":"hubris:Backtick"}],"items_purged_floors":[],"is_endless":false,"potions_floor_spawned":[6,8,14,15,19],"killed_by":"3 Cultists","ascension_level":2}}