{"host":"g5ny5fyrefx7hq49","time":1614353574,"event":{"mods":["BaseMod","Better Vampires","Dio Mod","Minty Spire (QoL Compilation)","StSLib"],"gold_per_floor":[117,117,117,135,151,176,191,191,191,207,227,77,77,92,92,188,188,207,52,52,52,11,11,11,11,11,11,26,39,39,39,39,39,39],"floor_reached":33,"language":"ENG","playtime":1519,"items_purged":["dioMod:Strike"],"score":265,"play_id":"b1ccf7a5-80e0-4ea7-8b87-d37a7a3b2619","local_time":"20210226163254","is_ascension_mode":false,"campfire_choices":[{"data":"dioMod:DoubleTime","floor":13,"key":"SMITH"},{"data":"dioMod:Minions","floor":15,"key":"SMITH"},{"data":"dioMod:Minions","floor":23,"key":"SMITH"},{"data":"dioMod:Minions","floor":27,"key":"SMITH"},{"floor":32,"key":"REST"}],"circlet_count":0,"master_deck":["Bite","dioMod:Defend","dioMod:Defend","dioMod:Defend","dioMod:Defend","dioMod:GoodbyeJojo+1","dioMod:Hiss","dioMod:Minions+1","dioMod:ComboFever","dioMod:DaggerToss","dioMod:ComposedMuda","dioMod:SlashThroughTime","dioMod:DoubleTime+1","dioMod:BloodTransfusion","dioMod:VengefulMuda","dioMod:RoadRoller","dioMod:DisarmingVoice","dioMod:Minions+1","dioMod:Minions+1","Shame","dioMod:BloodTransfusion","Bite","Bite","dioMod:DarkRebirth"],"relics":["dioMod:VampireBlood","NeowsBlessing","Happy Flower","Du-Vu Doll","HornCleat","Black Star","Dream Catcher","Bottled Tornado","MutagenicStrength"],"acts_visited":["Exordium","TheCity"],"potions_floor_usage":[5,6,16,25,33],"damage_taken":[{"damage":0,"enemies":"Jaw Worm","floor":1,"turns":1},{"damage":0,"enemies":"Cultist","floor":4,"turns":1},{"damage":0,"enemies":"2 Louse","floor":5,"turns":1},{"damage":21,"enemies":"Gremlin Nob","floor":6,"turns":4},{"damage":4,"enemies":"Blue Slaver","floor":7,"turns":3},{"damage":7,"enemies":"3 Louse","floor":10,"turns":3},{"damage":14,"enemies":"Exordium Thugs","floor":11,"turns":6},{"damage":6,"enemies":"Large Slime","floor":14,"turns":4},{"damage":25,"enemies":"The Guardian","floor":16,"turns":8},{"damage":8,"enemies":"3 Byrds","floor":18,"turns":3},{"damage":0,"enemies":"Slavers","floor":25,"turns":1},{"damage":20,"enemies":"2 Thieves","floor":28,"turns":2},{"damage":38,"enemies":"3 Cultists","floor":29,"turns":5},{"damage":86,"enemies":"Champ","floor":33,"turns":8}],"seed_played":"2232115587924466527","potions_obtained":[{"floor":1,"key":"SkillPotion"},{"floor":5,"key":"Fruit Juice"},{"floor":10,"key":"SmokeBomb"},{"floor":14,"key":"DuplicationPotion"},{"floor":28,"key":"DistilledChaos"},{"floor":29,"key":"Regen Potion"}],"is_trial":false,"path_per_floor":["M","?","?","M","M","E","M","?","T","M","M","$","R","M","R","B",null,"M","$","?","?","$","R","?","E","T","R","M","M","?","?","R","B"],"character_chosen":"THE_DEFAULT","items_purchased":["dioMod:DoubleTime","dioMod:BloodTransfusion","dioMod:Minions","dioMod:BloodTransfusion"],"campfire_rested":1,"item_purchase_floors":[12,12,19,22],"current_hp_per_floor":[75,68,68,71,80,64,67,60,60,64,60,60,60,59,59,51,80,80,80,80,80,80,80,70,70,70,70,56,55,55,42,64,0,0],"gold":39,"neow_bonus":"THREE_ENEMY_KILL","is_daily":false,"chose_seed":false,"campfire_upgraded":4,"win_rate":0.0,"timestamp":1614353574,"path_taken":["M","?","?","?","M","E","M","?","T","M","M","$","R","M","R","BOSS","M","$","?","?","?","R","?","E","T","R","M","M","?","?","R","BOSS"],"items_purchased_type":["Card","Card","Card","Card"],"build_version":"2020-12-22","purchased_purges":1,"victory":false,"max_hp_per_floor":[75,75,75,75,80,80,80,80,80,80,80,80,80,80,80,80,80,80,80,80,80,80,80,70,70,70,70,70,70,70,75,75,75,75],"card_choices":[{"not_picked":["dioMod:Roundabout","dioMod:TripleThreat"],"picked":"dioMod:GoodbyeJojo","floor":1},{"not_picked":["dioMod:CautiousMuda","dioMod:StreetSign"],"picked":"dioMod:Hiss","floor":4},{"not_picked":["dioMod:VengefulMuda","dioMod:BlendIn"],"picked":"dioMod:Minions","floor":5},{"not_picked":["dioMod:BloodSplash","dioMod:Diversion"],"picked":"dioMod:ComboFever","floor":6},{"not_picked":["dioMod:DaggerSpree","dioMod:FlyAway"],"picked":"dioMod:DaggerToss","floor":7},{"not_picked":["dioMod:Roundabout","dioMod:WRYYY"],"picked":"dioMod:ComposedMuda","floor":10},{"not_picked":["dioMod:WRYYY","dioMod:SadisticLaugh"],"picked":"dioMod:SlashThroughTime","floor":11},{"not_picked":["dioMod:BloodSplash","dioMod:PhantomBlood"],"picked":"dioMod:VengefulMuda","floor":14},{"not_picked":["dioMod:GoldVial","dioMod:SevenPageMuda"],"picked":"dioMod:RoadRoller","floor":16},{"not_picked":["dioMod:CoffinBath+1","dioMod:BlendIn"],"picked":"dioMod:DisarmingVoice","floor":18},{"not_picked":["dioMod:BloodSplash","dioMod:DaggerToss"],"picked":"dioMod:DarkRebirth","floor":28},{"not_picked":["dioMod:Minions","dioMod:VengefulMuda","dioMod:HeavyLifting+1"],"picked":"SKIP","floor":29}],"player_experience":181155,"relics_obtained":[{"floor":6,"key":"Happy Flower"},{"floor":9,"key":"HornCleat"},{"floor":26,"key":"Bottled Tornado"}],"event_choices":[{"cards_removed":["dioMod:Strike"],"damage_healed":0,"gold_gain":0,"player_choice":"Card Removal","damage_taken":7,"max_hp_gain":0,"max_hp_loss":0,"event_name":"Golden Wing","floor":2,"gold_loss":0},{"damage_healed":0,"gold_gain":0,"player_choice":"Upgraded","damage_taken":0,"max_hp_gain":0,"max_hp_loss":0,"event_name":"Upgrade Shrine","floor":3,"gold_loss":0,"cards_upgraded":["dioMod:GoodbyeJojo"]},{"damage_healed":0,"gold_gain":0,"player_choice":"Success","damage_taken":7,"relics_obtained":["Du-Vu Doll"],"max_hp_gain":0,"max_hp_loss":0,"event_name":"Scrap Ooze","floor":8,"gold_loss":0},{"damage_healed":0,"gold_gain":0,"player_choice":"Read","damage_taken":0,"max_hp_gain":0,"max_hp_loss":0,"event_name":"The Library","floor":20,"gold_loss":0,"cards_obtained":["dioMod:Minions"]},{"damage_healed":0,"gold_gain":0,"player_choice":"Stole Relic","damage_taken":0,"relics_obtained":["Dream Catcher"],"max_hp_gain":0,"max_hp_loss":0,"event_name":"Addict","floor":21,"gold_loss":0,"cards_obtained":["Shame"]},{"damage_healed":0,"gold_gain":0,"player_choice":"Became a vampire","damage_taken":0,"max_hp_gain":0,"max_hp_loss":10,"event_name":"Vampires","floor":24,"gold_loss":0,"cards_obtained":["Bite","Bite"]},{"damage_healed":0,"gold_gain":0,"player_choice":"Inject Mutagens","damage_taken":0,"relics_obtained":["MutagenicStrength"],"max_hp_gain":0,"max_hp_loss":0,"event_name":"Drug Dealer","floor":30,"gold_loss":0},{"damage_healed":0,"gold_gain":0,"player_choice":"Shed Blood","damage_taken":18,"max_hp_gain":5,"max_hp_loss":0,"event_name":"Forgotten Altar","floor":31,"gold_loss":0}],"is_beta":false,"boss_relics":[{"not_picked":["Astrolabe","SacredBark"],"picked":"Black Star"}],"items_purged_floors":[19],"is_endless":false,"potions_floor_spawned":[1,5,10,14,25,28,29],"killed_by":"Champ","ascension_level":0}}