{"host":"t6w2q9o6m1ipuhb5","time":1614326755,"event":{"mods":["100% Spire Juice","2.2 Compatiblity","Abigail Mod","AchievementEnabler","Act Like it!","Arknights","Aya Shameimaru","BaseMod","Better Third Choice","BetterRewards","CapriCore","Chen","Colored Map","Colored Powertips","Conspire","Curses Come First","Dark Map","Downfall","Friendly Minions","Gensokyo","GifTheSpireLib","Halation","Hallownest","Hermit","Highlight Path","Hubris","Infinite Spire","KinomotoSakuraMod(????)","Kiyohime????","Koishi","Marisa????????","Mimic Mod","Minty Spire (QoL Compilation)","Onozuka Komachi Mod","Permanent Neow","Prisma Mod","Quick Restart","Reimu??????","Remilia??????","Replay The Spire","Shade Mod","StSLib","SuperFastMode","Td1madao Mod","The Alterego","The Animator","The Bug Knight","The Cursed","The Immortal","The Senshi","The Servant 0.9.4","The Wild Card","Waifu the Spire","??????REMEMod"],"gold_per_floor":[115,177,187,204,4,108,198,287,287,328,374,480,317,383,383,525,525,541,541,541,541,560,619,464,464,464,501,533,570,601,633,633,737,737,771,796,861,41,73,73,73,103,150,150,155,150,170,220,220,366,366,366],"floor_reached":51,"language":"ENG","playtime":3699,"items_purged":["Doubt","hubris:Greed"],"score":1045,"play_id":"2dfb439c-71b5-492b-80bd-13430d5ae040","local_time":"20210226030555","is_ascension_mode":false,"campfire_choices":[{"data":"Shade:GreaterAnimation","floor":15,"key":"SMITH"},{"data":"Shade:OpenGraves","floor":25,"key":"SMITH"},{"data":"Shade:Putrefaction","floor":32,"key":"SMITH"},{"floor":44,"key":"REST"},{"floor":49,"key":"REST"}],"circlet_count":0,"master_deck":["Shade:Strike_Shade","Shade:Strike_Shade","Shade:Strike_Shade","Shade:Strike_Shade","Shade:Defend_Shade","Shade:Defend_Shade","Shade:Defend_Shade","Shade:Defend_Shade","Shade:AnimateDead","Shade:CarefulCut","Shade:OpenGraves+1","Shade:SensePrey","Shade:WallOfFlesh","Shade:FleshLikeOak","Shade:AuraOfUnlife","Shade:CloudOfShrapnel","Shade:PoundOfFlesh","conspire:SpireCoStock","conspire:SpireCoStock","conspire:SpireCoStock","conspire:SpireCoStock","Shade:Putrefaction+1","Shade:FeralStrike","Shade:SpectralStrikes","Shade:BoneShards","Shade:Trample","Shade:CommandSoldier","Shade:SensePrey","Shade:Trample","Shade:Tombstone+1","Shade:FreshBones","Shade:GreaterAnimation+1","Shade:OneIsEnough","Shade:CoffinDance","Shade:AncientSpear","Shade:Bonestorm","Shade:CloudOfShrapnel+1","Shade:SensePrey","Shade:CloudOfShrapnel","Shade:Excise","Shade:TouchOfTheGrave+1","Shade:PressTheAttack","Shade:PoundOfFlesh+1","Shade:Asphyxiate+1","Shade:SkeletonHug","Shade:Putrefaction","Shade:SoulToxin+1","Shade:FeralStrike+1","Shade:FleshOffering","Shade:Carnophage","Shade:OpenGraves","Shade:WallOfFlesh","Sadistic Nature","Shade:Putrefaction","Shade:Bonestorm","Shade:WallOfFlesh","Shade:FreshBones+1","Shade:Bonestorm+1","Shade:BoneShards+1","Shade:SkeletonHug+1","ReplayTheSpireMod:Splinters","Shade:UnbarTheGrave+1"],"relics":["Shade:YorickSkull","REME_ComplimentaryCards","MealTicket","Prayer Wheel","Art of War","Bottled Tornado","halation:KoshaPiece","hubris:DeckOfHolding","Orichalcum","hubris:ScarierMask","StrikeDummy","ReplayTheSpireMod:Ring of Collecting","Ring of Peace","AntiCross","Ring of Searing","hubris:BottledRain","hubris:TenFootPole","SacredBark","Meat on the Bone","infinitespire:Lucky Rock","hubris:EmptyBottle","Potion Belt","Ring of Fangs","Strawberry","infinitespire:Bottled Soul","Ring of Greed","HollowMod:StagPassRelic","Golden Egg","infinitespire:Midas Blood","Fusion Hammer"],"acts_visited":["Exordium","TheCity","TheBeyond","Exordium"],"potions_floor_usage":[10,12,16,47,50],"damage_taken":[{"damage":7,"enemies":"ats:Genji","floor":1,"turns":6},{"damage":0,"enemies":"conspire:RoseBush","floor":3,"turns":4},{"damage":0,"enemies":"2 Louse","floor":4,"turns":3},{"damage":13,"enemies":"3 Sentries","floor":6,"turns":9},{"damage":0,"enemies":"Large Slime","floor":7,"turns":8},{"damage":8,"enemies":"HollowMod:MossKnight","floor":8,"turns":10},{"damage":0,"enemies":"conspire:2 RoseBushes","floor":10,"turns":4},{"damage":0,"enemies":"3 Louse","floor":11,"turns":3},{"damage":7,"enemies":"Exordium Wildlife","floor":12,"turns":5},{"damage":0,"enemies":"Replay:BlueRogue","floor":14,"turns":7},{"damage":0,"enemies":"The Guardian","floor":16,"turns":8},{"damage":0,"enemies":"3 Byrds","floor":18,"turns":3},{"damage":0,"enemies":"2 Thieves","floor":22,"turns":3},{"damage":21,"enemies":"Nightmare","floor":23,"turns":9},{"damage":15,"enemies":"Snake Plant","floor":27,"turns":4},{"damage":0,"enemies":"conspire:Head Lice","floor":28,"turns":3},{"damage":0,"enemies":"Cultist and Chosen","floor":29,"turns":4},{"damage":0,"enemies":"Centurion and Healer","floor":30,"turns":3},{"damage":5,"enemies":"conspire:HollyBat","floor":31,"turns":7},{"damage":1,"enemies":"hubris:MusketHawk","floor":33,"turns":5},{"damage":21,"enemies":"Orb Walker","floor":35,"turns":5},{"damage":0,"enemies":"3 Shapes","floor":36,"turns":4},{"damage":0,"enemies":"Sphere and 2 Shapes","floor":37,"turns":3},{"damage":5,"enemies":"4 Shapes","floor":39,"turns":3},{"damage":10,"enemies":"Transient","floor":42,"turns":5},{"damage":23,"enemies":"Maw","floor":45,"turns":7},{"damage":0,"enemies":"HollowMod:StalkingDevout","floor":46,"turns":5},{"damage":0,"enemies":"4 Shapes","floor":47,"turns":3},{"damage":59,"enemies":"Donu and Deca","floor":50,"turns":9}],"seed_played":"-7106255287957584676","potions_obtained":[{"floor":2,"key":"champ:CounterPotion"},{"floor":2,"key":"bronze:BurnAndBuffPotion"},{"floor":4,"key":"Block Potion"},{"floor":7,"key":"ColorlessPotion"},{"floor":22,"key":"SteroidPotion"},{"floor":23,"key":"infinitespire:BlackPotion"},{"floor":27,"key":"SkillPotion"},{"floor":33,"key":"Toxic Potion"},{"floor":42,"key":"LiquidBronze"},{"floor":46,"key":"Venom Potion"},{"floor":50,"key":"Elixir"}],"is_trial":false,"path_per_floor":["M","?","M","M","?","E","M","E","T","M","M","M","$","E","R_BF","B",null,"M","AVR","?","?","M","NM","$","R","T","M","E","M","M","M","R_BF","B",null,"M","M","M","$","M","AVR","?","M","T","R","M","E","M","T","R","B",null],"character_chosen":"SHADE","items_purchased":["Shade:Tombstone+1","Shade:FreshBones","Shade:SensePrey","Meat on the Bone","infinitespire:Lucky Rock","hubris:EmptyBottle","Sadistic Nature"],"campfire_rested":2,"item_purchase_floors":[13,13,24,38,38,38,38],"current_hp_per_floor":[58,32,32,32,32,19,19,11,11,11,11,4,19,19,19,19,65,65,65,65,65,65,44,59,59,59,44,44,44,44,39,39,38,65,44,44,44,59,54,54,54,44,51,72,49,49,49,49,70,23,72,72],"gold":366,"neow_bonus":"RANDOM_COMMON_RELIC","is_daily":false,"chose_seed":false,"campfire_upgraded":3,"win_rate":0.0,"timestamp":1614326755,"path_taken":["M","?","M","M","?","E","M","E","T","M","M","M","$","E","R_BF","BOSS","M","AVR","?","?","M","NM","?","R","T","?","E","M","M","M","R_BF","BOSS","M","M","?","$","M","AVR","?","M","T","R","M","E","M","?","R","BOSS"],"items_purchased_type":["Card","Card","Card","Relic","Relic","Relic","Card"],"build_version":"2020-12-22","purchased_purges":2,"victory":false,"max_hp_per_floor":[65,65,65,65,65,65,65,65,65,65,65,65,65,65,65,65,65,65,65,65,65,65,65,65,65,65,65,65,65,65,65,65,65,65,65,65,65,65,65,65,65,65,72,72,72,72,72,72,72,72,72,72],"card_choices":[{"not_picked":["Shade:AncientSpear","Shade:FingerOfDeath"],"picked":"Shade:OpenGraves","floor":1},{"not_picked":["Shade:WallOfFlesh","Shade:SpectralStrikes"],"picked":"Shade:SensePrey","floor":1},{"not_picked":["Shade:SpontaneousRitual","Shade:GraveStillness"],"picked":"Shade:WallOfFlesh","floor":2},{"not_picked":["Shade:Trample","Shade:BoneShards"],"picked":"Shade:FleshLikeOak","floor":3},{"not_picked":["Shade:ClawBack","Shade:RavenousHorde"],"picked":"Shade:AuraOfUnlife","floor":3},{"not_picked":["Shade:RitualOffering","Shade:Trample"],"picked":"Shade:CloudOfShrapnel","floor":4},{"not_picked":["Shade:Brains","Shade:StitchTogether"],"picked":"Shade:PoundOfFlesh","floor":4},{"not_picked":["Shade:CloudOfShrapnel","Shade:Trample"],"picked":"Shade:Putrefaction","floor":6},{"not_picked":["Shade:GreyBargain","Shade:SoulPierce"],"picked":"Shade:FeralStrike","floor":7},{"not_picked":["Shade:RitualOffering","Shade:Bite_Shade"],"picked":"Shade:SpectralStrikes","floor":7},{"not_picked":["Shade:SpectralStrikes","Shade:GraveStillness"],"picked":"Shade:BoneShards","floor":8},{"not_picked":["Shade:Brains","Shade:CloudOfShrapnel"],"picked":"Shade:Trample","floor":10},{"not_picked":["Shade:CallOfTheGrave","Shade:SkeletonArmy"],"picked":"Shade:ExtraLimbs","floor":10},{"not_picked":["Shade:SanguineRitual","Shade:StitchTogether"],"picked":"Shade:CommandSoldier","floor":11},{"not_picked":["Shade:SkeletonArmy","Shade:SoulToxin"],"picked":"Shade:SensePrey","floor":11},{"not_picked":["Shade:CallOfTheGrave","Shade:Haruspicy"],"picked":"Shade:Trample","floor":12},{"not_picked":["Shade:GreyBargain","Shade:FeralStrike","Shade:PotionOfRestlessness"],"picked":"SKIP","floor":12},{"not_picked":["Shade:CommandSoldier","Shade:CallWraith"],"picked":"Shade:GreaterAnimation","floor":14},{"not_picked":["Shade:SelfBurial","Shade:MadHubris"],"picked":"Shade:OneIsEnough","floor":16},{"not_picked":["Shade:ClawBack","Shade:FuneraryArmor"],"picked":"Shade:CoffinDance","floor":18},{"not_picked":["Shade:ExtraLimbs","Shade:BoneShards","Shade:FuneraryArmor"],"picked":"SKIP","floor":18},{"not_picked":["Shade:Haruspicy+1","Shade:CommandSoldier"],"picked":"Shade:AncientSpear","floor":22},{"not_picked":["Shade:AncientSpear","Shade:CoffinDance"],"picked":"Shade:Bonestorm","floor":22},{"not_picked":["Shade:AncientSpear+1","Shade:BoneShards"],"picked":"Shade:CloudOfShrapnel+1","floor":23},{"not_picked":["Shade:GreyBargain","Shade:FeralStrike"],"picked":"Shade:CloudOfShrapnel","floor":27},{"not_picked":["Shade:CoffinDance","Shade:GoDigging","Shade:CallOfTheGrave"],"picked":"SKIP","floor":27},{"not_picked":["Shade:FreshBones","Shade:ClawBack"],"picked":"Shade:Excise","floor":28},{"not_picked":["Shade:Brains","Shade:FingerOfDeath"],"picked":"Shade:TouchOfTheGrave+1","floor":29},{"not_picked":["Shade:Asphyxiate","Shade:Premonition"],"picked":"Shade:PressTheAttack","floor":29},{"not_picked":["Shade:BoneShards","Shade:FleshToFlesh"],"picked":"Shade:PoundOfFlesh+1","floor":30},{"not_picked":["Shade:SanguineRitual","Shade:CoffinDance"],"picked":"Shade:Asphyxiate+1","floor":30},{"not_picked":["Shade:ExtraLimbs","Shade:CommandSoldier"],"picked":"Shade:SkeletonHug","floor":31},{"not_picked":["Shade:SanguineRitual+1","Shade:GreyBargain","Shade:PotionOfRestlessness"],"picked":"SKIP","floor":31},{"not_picked":["Shade:OminousRitual","Shade:LastGasp"],"picked":"Shade:Putrefaction","floor":33},{"not_picked":["Shade:AncientSpear","Shade:Trample"],"picked":"Shade:SoulToxin+1","floor":35},{"not_picked":["Shade:Awaken+1","Shade:Doomsay"],"picked":"Shade:FeralStrike+1","floor":35},{"not_picked":["Shade:Patience","Shade:Brains+1"],"picked":"Shade:FleshOffering","floor":36},{"not_picked":["Shade:CommandSoldier+1","Shade:CoffinDance"],"picked":"Shade:Carnophage","floor":36},{"not_picked":["Shade:SkeletonArmy+1","Shade:Trample"],"picked":"Shade:OpenGraves","floor":37},{"not_picked":["Shade:SkeletonHug","Shade:AblativeArmor+1"],"picked":"Shade:WallOfFlesh","floor":37},{"not_picked":["Shade:Asphyxiate","Shade:CoffinDance"],"picked":"Shade:Putrefaction","floor":39},{"not_picked":["Shade:Frenzy+1","Shade:FeralStrike+1","Shade:GreyBargain+1"],"picked":"SKIP","floor":39},{"not_picked":["Shade:Bite_Shade","Shade:SkeletonArmy"],"picked":"Shade:Bonestorm","floor":42},{"not_picked":["Shade:GreyBargain+1","Shade:ClawBack+1","Shade:OneIsEnough"],"picked":"SKIP","floor":42},{"not_picked":["Shade:FleshOffering","Shade:SpontaneousRitual"],"picked":"Shade:WallOfFlesh","floor":45},{"not_picked":["Shade:Bonestorm","Shade:CallOfTheGrave+1"],"picked":"Shade:FreshBones+1","floor":45},{"not_picked":["Shade:MadHubris","Shade:Doomsay+1"],"picked":"Shade:Bonestorm+1","floor":46},{"not_picked":["Shade:FeralStrike+1","Shade:AncientSpear+1"],"picked":"Shade:BoneShards+1","floor":47},{"not_picked":["Shade:Bonestorm","Shade:PoundOfFlesh+1"],"picked":"Shade:SkeletonHug+1","floor":47},{"not_picked":["Shade:Consume","Shade:LastGasp"],"picked":"Shade:UnbarTheGrave","floor":50}],"player_experience":306515,"relics_obtained":[{"floor":2,"key":"Art of War"},{"floor":6,"key":"Bottled Tornado"},{"floor":8,"key":"halation:KoshaPiece"},{"floor":9,"key":"hubris:DeckOfHolding"},{"floor":14,"key":"Orichalcum"},{"floor":20,"key":"ReplayTheSpireMod:Ring of Collecting"},{"floor":20,"key":"Ring of Peace"},{"floor":23,"key":"AntiCross"},{"floor":26,"key":"Ring of Searing"},{"floor":26,"key":"hubris:BottledRain"},{"floor":28,"key":"hubris:TenFootPole"},{"floor":43,"key":"Ring of Fangs"},{"floor":43,"key":"Strawberry"},{"floor":46,"key":"infinitespire:Bottled Soul"},{"floor":48,"key":"Ring of Greed"},{"floor":48,"key":"HollowMod:StagPassRelic"},{"floor":48,"key":"Golden Egg"},{"floor":48,"key":"infinitespire:Midas Blood"}],"event_choices":[{"damage_healed":0,"gold_gain":0,"player_choice":"Invest 4","damage_taken":0,"max_hp_gain":0,"max_hp_loss":0,"event_name":"conspire:Investor","floor":5,"gold_loss":0},{"cards_removed":["Shade:ExtraLimbs"],"damage_healed":0,"gold_gain":0,"player_choice":"Removed Attack","damage_taken":0,"max_hp_gain":0,"max_hp_loss":0,"event_name":"Falling","floor":41,"gold_loss":0}],"is_beta":false,"boss_relics":[{"not_picked":["Abe\u0027s Treasure","Calling Bell"],"picked":"hubris:ScarierMask"},{"not_picked":["ChewingGum","Runic Pyramid"],"picked":"SacredBark"},{"not_picked":["halation:MonkeysPaw","conspire:RoyalGoblet"],"picked":"Fusion Hammer"}],"items_purged_floors":[24,38],"is_endless":true,"potions_floor_spawned":[4,7,8,22,23,27,33,39,42,46,50],"ascension_level":0}}