{"host":"4c7m9tuvqombcnjj","time":1614322048,"event":{"mods":["100% Spire Juice","ATMod(阿瑾Mod)","Act Like it!","Aspiration","Astrologer","BaseMod","Chen","Conspire","Dota2Spire","Downfall","Gensokyo","GungeonMod","Hallownest","HololiveMod","Jedi Mod","Jorbs\u0027s Wanderer Trilogy","Koishi","KomeijiMod","Lobotomy","LobotomyExtend","Marisa（F雨　魔理沙）","Minty Spire (QoL Compilation)","MostiFishMod","Prisma Mod","Quarter Circle Forward PUNCH!","Reimu（博丽灵梦）","Reliquary","Remilia（蕾米莉亚）","Replay The Spire","RumiaBox-露米娅的神秘盒子","Smile Girya","StSLib","TestMod","The Alterego","The Animator","The Bug Knight","The Construct","The Cursed","The Hierophant","The Jungle","The Runesmith","WarShipGirlsR/战舰少女R mod","Youmu（魂魄妖梦）","Yuri Mod","Yuyuko","[IsaacMod]以撒尖塔","【功能Mod】混沌之环修复补丁","【遗物卡牌】REMEMod"],"gold_per_floor":[219,49,68,88,102,127,138,164,164,198,211,211,244,260,260,365,365,382,417,430,445,418,448,448,448,472,472,485,279,296,329,329,431,431,444,458,314,328,338,338,348,374,374,388,270,296,310,333,333,333,333,333,333,167,198,198],"floor_reached":117,"language":"ZHS","playtime":2390,"items_purged":[],"score":1888,"play_id":"60f41bf5-93cf-4eab-a8e3-aff126dc9b1b","local_time":"20210226144728","is_ascension_mode":false,"campfire_choices":[{"floor":75,"key":"RECALL"}],"circlet_count":0,"master_deck":["stsjorbsmod:CULLCard","stsjorbsmod:Apparition_Cull","stsjorbsmod:Strike_Cull","stsjorbsmod:Strike_Cull","stsjorbsmod:Strike_Cull","stsjorbsmod:Strike_Cull","stsjorbsmod:Paralysis","stsjorbsmod:SpiritShield_Cull","stsjorbsmod:Exhale","stsjorbsmod:Withering","AT_ChampionKick","astrologer:Moonlight","stsjorbsmod:Sacrifice","stsjorbsmod:Summoning","stsjorbsmod:BlackTentacles_Cull","stsjorbsmod:Siphon","stsjorbsmod:Frustration","stsjorbsmod:Frustration","stsjorbsmod:Channeling","stsjorbsmod:Coda","stsjorbsmod:Miracle_Cull","stsjorbsmod:ChillTouch","stsjorbsmod:Discordance","stsjorbsmod:Cyclone","stsjorbsmod:Goosebumps","stsjorbsmod:Toll","stsjorbsmod:WastingForm","stsjorbsmod:MirroredTechnique","stsjorbsmod:ShrapnelBloom","stsjorbsmod:Wail","stsjorbsmod:Phantasm+1","stsjorbsmod:Flame","stsjorbsmod:Frustration+1","stsjorbsmod:Flame","stsjorbsmod:Toll","alterego_mod:IndependentAction","stsjorbsmod:Ritual+1","stsjorbsmod:Godsbane","stsjorbsmod:DrainLife","stsjorbsmod:Toil","stsjorbsmod:RepressedMemory","stsjorbsmod:Assertion","stsjorbsmod:OldBook","stsjorbsmod:Frustration","stsjorbsmod:Melt","stsjorbsmod:Toll+1","Pot Of Greed","Pot Of Greed","Pot Of Greed","Pot Of Greed+1","stsjorbsmod:FalseBlessings","stsjorbsmod:Godsbane","Pot Of Greed","stsjorbsmod:Goosebumps","EpicFetus","stsjorbsmod:Miracle_Cull","stsjorbsmod:Siphon+1","stsjorbsmod:TickingCurse","stsjorbsmod:ProdigalMemory","Dark Shackles","stsjorbsmod:Miracle_Cull+1"],"relics":["stsjorbsmod:BookOfTrialsRelic","HushsDoor","REME_ComplimentaryCards","DaveBox","testmod-TestBox","AT_ATBox","testmod-RandomTest","Membership Card","GuppysHead","testmod-Antiphasic","SynthV:TestCard","aspiration:FrozenJewel","conspire:TopHat","GodSword5","testmod-HeartOfDaVinci","TheCursedMod:BlackMagic101","FeatherPendant","Red Mask","SynthV:C4","BelialBook","alterego_mod:SomeoneToFightFor","DemoMod:MonsterBlood","GodSword3","testmod-BatchProcessingSystem","testmod-Maize","Grinning Jar","testmod-AssaultLearning","Dota2Spire:UrnOfShadows","Snake Skull","Mirror","TheBean"],"acts_visited":["Exordium","TheCity","TheBeyond","TheEnding"],"potions_floor_usage":[17,36,60,74,74,76,96,96,96,113,113],"damage_taken":[{"damage":2,"enemies":"Jaw Worm","floor":1,"turns":2},{"damage":0,"enemies":"Cultist","floor":4,"turns":3},{"damage":0,"enemies":"2 Louse","floor":7,"turns":1},{"damage":2,"enemies":"Blue Slaver","floor":8,"turns":3},{"damage":14,"enemies":"3 Sentries","floor":11,"turns":4},{"damage":0,"enemies":"2 Fungi Beasts","floor":15,"turns":2},{"damage":16,"enemies":"Gremlin Nob","floor":17,"turns":4},{"damage":18,"enemies":"Lagavulin","floor":23,"turns":3},{"damage":3,"enemies":"3 Louse","floor":27,"turns":3},{"damage":18,"enemies":"3 Sentries","floor":32,"turns":4},{"damage":18,"enemies":"Lots of Slimes","floor":36,"turns":2},{"damage":28,"enemies":"Hexaghost","floor":40,"turns":8},{"damage":0,"enemies":"Chosen","floor":50,"turns":1},{"damage":2,"enemies":"Masked Bandits","floor":53,"turns":1},{"damage":0,"enemies":"Shell Parasite","floor":55,"turns":1},{"damage":7,"enemies":"3 Cultists","floor":56,"turns":3},{"damage":23,"enemies":"Slavers","floor":60,"turns":2},{"damage":1,"enemies":"Centurion and Healer","floor":68,"turns":2},{"damage":0,"enemies":"Sentry and Sphere","floor":71,"turns":3},{"damage":0,"enemies":"conspire:Head Lice","floor":74,"turns":1},{"damage":0,"enemies":"Automaton","floor":76,"turns":2},{"damage":0,"enemies":"3 Darklings","floor":81,"turns":1},{"damage":0,"enemies":"Orb Walker","floor":82,"turns":1},{"damage":0,"enemies":"Jaw Worm Horde","floor":85,"turns":1},{"damage":0,"enemies":"Maw","floor":86,"turns":2},{"damage":0,"enemies":"3 Darklings","floor":91,"turns":2},{"damage":2,"enemies":"Giant Head","floor":93,"turns":2},{"damage":0,"enemies":"Sphere and 2 Shapes","floor":96,"turns":1},{"damage":2,"enemies":"Reptomancer","floor":98,"turns":1},{"damage":30,"enemies":"4 Shapes","floor":100,"turns":3},{"damage":18,"enemies":"Time Eater","floor":106,"turns":2},{"damage":4,"enemies":"Shield and Spear","floor":112,"turns":1},{"damage":27,"enemies":"The Heart","floor":113,"turns":4}],"seed_played":"-4458757193375214456","potions_obtained":[{"floor":1,"key":"Cursed Concoction"},{"floor":4,"key":"jedi:wingpotion"},{"floor":8,"key":"Block Potion"},{"floor":23,"key":"Dota2Spire:HealingSalve"},{"floor":50,"key":"jedi:StrikingPotion"},{"floor":60,"key":"jedi:StrikingPotion"},{"floor":68,"key":"jedi:StrikingPotion"},{"floor":76,"key":"bronze:BurnAndBuffPotion"},{"floor":82,"key":"CalmPotion"},{"floor":91,"key":"BlessingOfTheForge"},{"floor":98,"key":"SteroidPotion"},{"floor":112,"key":"DuplicationPotion"}],"is_trial":false,"path_per_floor":["M","$","M","M","M","E","M","E","T","E","M","?","E","M","R","B",null,"M","?","M","M","$","E","R","?","T","?","M","$","M","E","R","B",null,"M","M","$","M","M","R","M","E","T","M","$","E","M","T","R","B",null,null,"R","$","E","B",null],"character_chosen":"CULL","items_purchased":["aspiration:FrozenJewel","stsjorbsmod:BlackTentacles_Cull","stsjorbsmod:Siphon","stsjorbsmod:Flame","DemoMod:MonsterBlood","GodSword3","testmod-Maize","stsjorbsmod:Goosebumps","EpicFetus","Mirror","Dark Shackles"],"campfire_rested":0,"item_purchase_floors":[3,3,3,59,70,70,84,97,97,111,111],"current_hp_per_floor":[67,67,66,66,62,51,54,41,41,29,26,36,23,8,38,10,32,32,30,30,21,21,10,36,36,36,36,34,41,39,39,39,38,38,38,37,37,37,36,41,40,37,37,36,36,33,2,2,28,14,14,24,28,28,24,6],"gold":198,"neow_bonus":"RANDOM_COMMON_RELIC","is_daily":false,"chose_seed":false,"campfire_upgraded":0,"win_rate":0.0,"timestamp":1614322048,"path_taken":["M","$","M","M","M","E","M","E","T","E","M","?","E","?","R","BOSS","M","?","M","M","$","E","R","?","T","?","M","$","M","E","R","BOSS","M","M","$","M","M","R","M","E","T","M","$","E","M","?","R","BOSS","R","$","E","BOSS"],"items_purchased_type":["Relic","Card","Card","Card","Relic","Relic","Relic","Card","Card","Relic","Card"],"build_version":"2020-12-22","purchased_purges":0,"victory":true,"max_hp_per_floor":[68,68,66,66,62,55,54,54,54,56,52,52,47,42,46,32,32,32,30,30,26,26,32,36,36,36,36,34,41,39,39,39,38,38,38,37,37,37,36,41,40,37,37,36,36,33,23,23,28,24,24,24,28,28,26,6],"card_choices":[{"not_picked":["stsjorbsmod:Poultergeist","stsjorbsmod:Haunt"],"picked":"stsjorbsmod:Summoning","floor":1},{"not_picked":["stsjorbsmod:Godsbane","stsjorbsmod:WastingStrike","stsjorbsmod:Coda","stsjorbsmod:Taunt"],"picked":"stsjorbsmod:Frustration","floor":4},{"not_picked":["stsjorbsmod:Pollute","stsjorbsmod:Overkill","stsjorbsmod:Rebuttal","stsjorbsmod:Commune"],"picked":"stsjorbsmod:Frustration","floor":7},{"not_picked":["stsjorbsmod:Double","stsjorbsmod:Coda","stsjorbsmod:Rebuke","stsjorbsmod:Concentrate"],"picked":"stsjorbsmod:Channeling","floor":8},{"not_picked":["stsjorbsmod:GrimDirge","stsjorbsmod:Haunt","stsjorbsmod:PollutedStrike","stsjorbsmod:FranticMind"],"picked":"stsjorbsmod:Coda","floor":11},{"not_picked":["stsjorbsmod:Taunt","stsjorbsmod:Rebuttal","stsjorbsmod:Haunt","stsjorbsmod:Tragedy"],"picked":"stsjorbsmod:Miracle_Cull","floor":15},{"not_picked":["stsjorbsmod:Rebuke","stsjorbsmod:SilverStrike","stsjorbsmod:Commune","stsjorbsmod:FocusedRage"],"picked":"stsjorbsmod:ChillTouch","floor":17},{"not_picked":["stsjorbsmod:Abjure","stsjorbsmod:FranticMind","stsjorbsmod:BlackTentacles_Cull","stsjorbsmod:PollutedStrike"],"picked":"stsjorbsmod:Discordance","floor":23},{"not_picked":["stsjorbsmod:Melt","stsjorbsmod:FranticMind","stsjorbsmod:FindWeakness","stsjorbsmod:Phantasm"],"picked":"stsjorbsmod:Cyclone","floor":27},{"not_picked":["stsjorbsmod:Godsbane","stsjorbsmod:Siphon","stsjorbsmod:Feint","stsjorbsmod:Ectoplasm_Cull"],"picked":"stsjorbsmod:Goosebumps","floor":32},{"not_picked":["stsjorbsmod:Pollute","stsjorbsmod:WastingStrike","Bomb","stsjorbsmod:BlackTentacles_Cull"],"picked":"stsjorbsmod:Toll","floor":36},{"not_picked":["stsjorbsmod:Tragedy","stsjorbsmod:Summoning","stsjorbsmod:ReapAndSow","stsjorbsmod:Intervention"],"picked":"stsjorbsmod:WastingForm","floor":40},{"not_picked":["stsjorbsmod:PollutedStrike","stsjorbsmod:WastingStrike","stsjorbsmod:FindWeakness","stsjorbsmod:Phantasm"],"picked":"stsjorbsmod:Wail","floor":50},{"not_picked":["stsjorbsmod:BlackTentacles_Cull","stsjorbsmod:ForcedPresence","stsjorbsmod:Abjure","stsjorbsmod:Ectoplasm_Cull"],"picked":"stsjorbsmod:Phantasm+1","floor":53},{"not_picked":["stsjorbsmod:Brooding","stsjorbsmod:Haunt","stsjorbsmod:WastingForm","stsjorbsmod:Godsbane+1"],"picked":"stsjorbsmod:Flame","floor":55},{"not_picked":["stsjorbsmod:Rebuttal","stsjorbsmod:FocusedRage+1","stsjorbsmod:GatheringEvil","stsjorbsmod:Godsbane"],"picked":"stsjorbsmod:Frustration+1","floor":56},{"not_picked":["stsjorbsmod:FranticMind","stsjorbsmod:Shake","stsjorbsmod:Wail","stsjorbsmod:Godsbane"],"picked":"stsjorbsmod:Toll","floor":60},{"not_picked":["stsjorbsmod:Taunt","stsjorbsmod:Toll","stsjorbsmod:Apparate","stsjorbsmod:GatheringEvil"],"picked":"stsjorbsmod:Ritual+1","floor":68},{"not_picked":["stsjorbsmod:Flame","stsjorbsmod:Commune","stsjorbsmod:WastingStrike","stsjorbsmod:Strife"],"picked":"stsjorbsmod:Godsbane","floor":71},{"not_picked":["stsjorbsmod:Melt+1","stsjorbsmod:Commune","stsjorbsmod:FranticMind","stsjorbsmod:Ritual"],"picked":"stsjorbsmod:DrainLife","floor":74},{"not_picked":["stsjorbsmod:Sentinel_Cull","stsjorbsmod:Anxiety","stsjorbsmod:PartingBlow","stsjorbsmod:Tragedy"],"picked":"stsjorbsmod:Toil","floor":76},{"not_picked":["stsjorbsmod:Rebuke","stsjorbsmod:Panic","stsjorbsmod:Poultergeist+1","stsjorbsmod:Brooding"],"picked":"stsjorbsmod:OldBook","floor":81},{"not_picked":["stsjorbsmod:Damnation+1","stsjorbsmod:GrimDirge","stsjorbsmod:Goosebumps","stsjorbsmod:Poultergeist+1"],"picked":"stsjorbsmod:Frustration","floor":82},{"not_picked":["stsjorbsmod:Shake+1","stsjorbsmod:PollutedStrike","stsjorbsmod:Damnation+1","stsjorbsmod:GrimDirge","stsjorbsmod:Catharsis+1"],"picked":"SKIP","floor":85},{"not_picked":["stsjorbsmod:Taunt","stsjorbsmod:Commune+1","stsjorbsmod:Goosebumps+1","stsjorbsmod:Feint+1"],"picked":"stsjorbsmod:Melt","floor":86},{"not_picked":["stsjorbsmod:Trouble+1","stsjorbsmod:Frustration+1","stsjorbsmod:Coda+1","stsjorbsmod:Channeling+1"],"picked":"stsjorbsmod:Toll+1","floor":91},{"not_picked":["stsjorbsmod:Flame","stsjorbsmod:Ectoplasm_Cull+1","stsjorbsmod:Channeling","stsjorbsmod:Accumulation"],"picked":"stsjorbsmod:FalseBlessings","floor":93},{"not_picked":["stsjorbsmod:Ectoplasm_Cull","stsjorbsmod:Wail","stsjorbsmod:Frustration","stsjorbsmod:Commune+1"],"picked":"stsjorbsmod:Godsbane","floor":96},{"not_picked":["stsjorbsmod:Flame+1","stsjorbsmod:Toil","stsjorbsmod:Poultergeist","stsjorbsmod:Shake"],"picked":"stsjorbsmod:Miracle_Cull","floor":98},{"not_picked":["stsjorbsmod:Brooding","stsjorbsmod:Clarify","stsjorbsmod:Trouble","stsjorbsmod:Expose"],"picked":"stsjorbsmod:Siphon+1","floor":100},{"not_picked":["stsjorbsmod:Apparate+1","stsjorbsmod:Phantasm","stsjorbsmod:Damnation+1","stsjorbsmod:Cyclone"],"picked":"stsjorbsmod:Miracle_Cull+1","floor":112}],"player_experience":113865,"relics_obtained":[{"floor":1,"key":"SynthV:TestCard"},{"floor":11,"key":"conspire:TopHat"},{"floor":17,"key":"GodSword5"},{"floor":23,"key":"testmod-HeartOfDaVinci"},{"floor":32,"key":"TheCursedMod:BlackMagic101"},{"floor":53,"key":"Red Mask"},{"floor":60,"key":"SynthV:C4"},{"floor":65,"key":"BelialBook"},{"floor":93,"key":"Grinning Jar"},{"floor":95,"key":"testmod-AssaultLearning"},{"floor":98,"key":"Dota2Spire:UrnOfShadows"},{"floor":103,"key":"Snake Skull"},{"floor":112,"key":"TheBean"}],"event_choices":[{"damage_healed":0,"gold_gain":0,"player_choice":"Fought Bandits","damage_taken":0,"max_hp_gain":0,"max_hp_loss":0,"event_name":"Masked Bandits","floor":53,"gold_loss":0},{"damage_healed":0,"gold_gain":0,"player_choice":"Ignored","damage_taken":0,"max_hp_gain":0,"max_hp_loss":0,"event_name":"给自己的盒子","floor":63,"gold_loss":0},{"damage_healed":0,"gold_gain":0,"player_choice":"Choice 2","damage_taken":0,"relics_obtained":["alterego_mod:SomeoneToFightFor"],"max_hp_gain":0,"max_hp_loss":0,"event_name":"爱的神圣花园","floor":66,"gold_loss":0}],"is_beta":false,"boss_relics":[{"not_picked":["GuanYuAspect","jedi:hotpepper"],"picked":"FeatherPendant"},{"not_picked":[]},{"not_picked":["conspire:SlowCooker","Painkiller Herb"],"picked":"testmod-BatchProcessingSystem"},{"not_picked":[]}],"items_purged_floors":[],"is_endless":false,"potions_floor_spawned":[1,4,8,23,50,60,68,76,81,82,91,98,112],"ascension_level":0}}