{"host":"wshh0nphwn6jv7vj","time":1614307441,"event":{"mods":["BaseMod","Bestiary","Minty Spire (QoL Compilation)","Relic Stats"],"gold_per_floor":[109,124,124,49,62,62,7,43,92,114,114,39,62,62,62,148,148,177,92,110,110,139,178,203,246,296,305,340,349,68,88,88,172,199,226,290,340,353,381,390,427,455,455,799,808,42,77,77,86,86],"floor_reached":51,"language":"ENG","playtime":2499,"items_purged":["Strike_P","Decay"],"score":1702,"play_id":"fb9a88c4-6d11-43be-b54d-f19d61165b25","local_time":"20210225214401","is_ascension_mode":true,"campfire_choices":[{"data":"Tantrum","floor":6,"key":"SMITH"},{"floor":15,"key":"REST"},{"floor":27,"key":"REST"},{"floor":29,"key":"REST"},{"data":"DeusExMachina","floor":32,"key":"SMITH"},{"floor":40,"key":"REST"},{"floor":49,"key":"REST"}],"circlet_count":0,"master_deck":["AscendersBane","Eruption","Vigilance","FearNoEvil","FlurryOfBlows","Tantrum+1","FlurryOfBlows","ThirdEye","EmptyFist","DeusExMachina+1","Evaluate","MasterReality","WheelKick","ThirdEye+1","EmptyMind","Crescendo","Meditate","Pray","Consecrate","ClearTheMind+1","DeusExMachina","DeusExMachina","ClearTheMind+1","Scrawl+1","CrushJoints+1","Collect+1","ClearTheMind+1","Crescendo","Protect+1","Vault","Perseverance","ForeignInfluence","TalkToTheHand","Dark Shackles","Thinking Ahead","Pray"],"relics":["PureWater","NeowsBlessing","CeramicFish","Bronze Scales","VioletLotus","Regal Pillow","Dead Branch","Ancient Tea Set","HornCleat","Dream Catcher","Damaru","Letter Opener","Astrolabe","Unceasing Top","Yang","Old Coin","Mummified Hand","Pocketwatch"],"acts_visited":["Exordium","TheCity","TheBeyond"],"potions_floor_usage":[8,16,23,25,25,39,50,50],"damage_taken":[{"damage":0,"enemies":"2 Louse","floor":1,"turns":1},{"damage":0,"enemies":"Jaw Worm","floor":2,"turns":1},{"damage":0,"enemies":"Small Slimes","floor":5,"turns":1},{"damage":14,"enemies":"Lagavulin","floor":8,"turns":3},{"damage":11,"enemies":"Blue Slaver","floor":10,"turns":1},{"damage":10,"enemies":"Large Slime","floor":13,"turns":3},{"damage":33,"enemies":"The Guardian","floor":16,"turns":8},{"damage":21,"enemies":"3 Byrds","floor":18,"turns":3},{"damage":0,"enemies":"Chosen","floor":22,"turns":2},{"damage":7,"enemies":"Slavers","floor":23,"turns":3},{"damage":17,"enemies":"Snake Plant","floor":24,"turns":4},{"damage":0,"enemies":"Book of Stabbing","floor":25,"turns":2},{"damage":7,"enemies":"Gremlin Leader","floor":28,"turns":4},{"damage":0,"enemies":"Centurion and Healer","floor":31,"turns":3},{"damage":2,"enemies":"Automaton","floor":33,"turns":5},{"damage":11,"enemies":"3 Darklings","floor":35,"turns":2},{"damage":19,"enemies":"2 Orb Walkers","floor":36,"turns":3},{"damage":0,"enemies":"Orb Walker","floor":38,"turns":2},{"damage":30,"enemies":"4 Shapes","floor":39,"turns":2},{"damage":0,"enemies":"Giant Head","floor":41,"turns":4},{"damage":0,"enemies":"Maw","floor":42,"turns":4},{"damage":0,"enemies":"Reptomancer","floor":44,"turns":3},{"damage":7,"enemies":"Giant Head","floor":47,"turns":4},{"damage":49,"enemies":"Time Eater","floor":50,"turns":9}],"seed_played":"3084364876950652343","potions_obtained":[{"floor":10,"key":"AttackPotion"},{"floor":22,"key":"PowerPotion"},{"floor":23,"key":"BlessingOfTheForge"},{"floor":24,"key":"Ambrosia"},{"floor":33,"key":"SteroidPotion"},{"floor":36,"key":"DistilledChaos"},{"floor":42,"key":"Strength Potion"}],"is_trial":false,"path_per_floor":["M","M","?","?","M","R","$","E","T","M","?","$","M","?","R","B",null,"M","?","?","T","M","E","M","E","T","R","E","R","$","M","R","B",null,"M","?","?","M","M","R","E","M","T","E","?","$","E","$","R","B",null],"character_chosen":"WATCHER","items_purchased":["PowerPotion","Letter Opener","Mummified Hand","TalkToTheHand","BottledMiracle","Dark Shackles","Thinking Ahead"],"campfire_rested":5,"item_purchase_floors":[7,30,46,46,46,46,46],"current_hp_per_floor":[61,61,66,66,66,66,66,52,52,41,34,34,24,24,45,12,58,37,37,37,37,37,30,13,13,13,49,42,73,73,73,73,71,73,62,43,43,43,13,49,49,49,49,49,49,49,42,42,73,24],"gold":86,"neow_bonus":"THREE_ENEMY_KILL","is_daily":false,"chose_seed":false,"campfire_upgraded":2,"win_rate":0.0,"timestamp":1614307441,"path_taken":["M","M","?","?","M","R","$","E","T","M","?","$","M","?","R","BOSS","M","?","?","?","M","E","?","E","T","R","E","R","$","M","R","BOSS","M","?","?","?","M","R","E","M","T","E","?","$","E","?","R","BOSS"],"items_purchased_type":["Potion","Relic","Relic","Card","Potion","Card","Card"],"build_version":"2020-12-22","purchased_purges":2,"victory":true,"max_hp_per_floor":[68,68,73,73,73,73,73,73,73,73,73,73,73,73,73,73,73,73,73,73,73,73,73,73,73,73,73,73,73,73,73,73,73,73,73,73,73,73,73,73,73,73,73,73,73,73,73,73,73,73],"relic_stats":{"Regal Pillow":50,"counters":[24,77],"CeramicFish":279,"Dead Branch":[195],"Astrolabe":["ClearTheMind","Scrawl","CrushJoints"],"Yang":[89],"Letter Opener":[294],"Dream Catcher":4,"Mummified Hand":[9],"Bronze Scales":[231],"VioletLotus":[26],"obtain_stats":[{"Regal Pillow":19,"NeowsBlessing":0,"CeramicFish":8,"Dead Branch":21,"Astrolabe":34,"Damaru":28,"Yang":41,"Letter Opener":30,"Ancient Tea Set":23,"Old Coin":44,"Dream Catcher":26,"HornCleat":25,"Mummified Hand":46,"Bronze Scales":9,"VioletLotus":17,"PureWater":0,"Unceasing Top":36,"Pocketwatch":47},{"Regal Pillow":8,"NeowsBlessing":0,"CeramicFish":4,"Dead Branch":8,"Astrolabe":15,"Damaru":13,"Yang":20,"Letter Opener":13,"Ancient Tea Set":10,"Old Coin":22,"Dream Catcher":12,"HornCleat":12,"Mummified Hand":22,"Bronze Scales":4,"VioletLotus":7,"PureWater":0,"Unceasing Top":17,"Pocketwatch":23},{"Regal Pillow":21,"NeowsBlessing":0,"CeramicFish":6,"Dead Branch":21,"Astrolabe":44,"Damaru":36,"Yang":57,"Letter Opener":36,"Ancient Tea Set":26,"Old Coin":64,"Dream Catcher":32,"HornCleat":32,"Mummified Hand":64,"Bronze Scales":6,"VioletLotus":18,"PureWater":0,"Unceasing Top":49,"Pocketwatch":68}],"Unceasing Top":[0],"Pocketwatch":[4]},"card_choices":[{"not_picked":["CutThroughFate","ClearTheMind"],"picked":"FearNoEvil","floor":1},{"not_picked":["Halt","SashWhip"],"picked":"FlurryOfBlows","floor":2},{"not_picked":["SignatureMove","ClearTheMind"],"picked":"Tantrum","floor":5},{"not_picked":["ReachHeaven","Worship"],"picked":"FlurryOfBlows","floor":8},{"not_picked":["JustLucky","DeceiveReality"],"picked":"ThirdEye","floor":10},{"not_picked":["FlyingSleeves","WheelKick"],"picked":"EmptyFist","floor":13},{"not_picked":["ConjureBlade","Alpha"],"picked":"DeusExMachina","floor":16},{"not_picked":["FollowUp","JustLucky+1"],"picked":"Evaluate","floor":18},{"not_picked":["Worship","Tantrum"],"picked":"ThirdEye+1","floor":22},{"not_picked":["DeusExMachina","ClearTheMind"],"picked":"EmptyMind","floor":23},{"not_picked":["EmptyBody+1","Evaluate"],"picked":"Crescendo","floor":24},{"not_picked":["Crescendo","ThirdEye"],"picked":"Meditate","floor":25},{"not_picked":["FlurryOfBlows","CrushJoints"],"picked":"Pray","floor":27},{"not_picked":["CutThroughFate","FearNoEvil"],"picked":"Consecrate","floor":28},{"not_picked":["Study","CarveReality"],"picked":"ClearTheMind+1","floor":29},{"not_picked":["EmptyBody","BowlingBash"],"picked":"DeusExMachina","floor":31},{"not_picked":["Alpha","DevaForm"],"picked":"DeusExMachina","floor":33},{"not_picked":["Perseverance","Prostrate"],"picked":"Collect+1","floor":35},{"not_picked":["BowlingBash","EmptyMind"],"picked":"ClearTheMind+1","floor":36},{"not_picked":["BowlingBash","FlyingSleeves","ThirdEye"],"picked":"SKIP","floor":38},{"not_picked":["Consecrate","Halt"],"picked":"Crescendo","floor":39},{"not_picked":["FlyingSleeves","InnerPeace"],"picked":"Protect+1","floor":40},{"not_picked":["FearNoEvil","SashWhip"],"picked":"Vault","floor":41},{"not_picked":["PathToVictory+1","FlyingSleeves"],"picked":"Perseverance","floor":42},{"not_picked":["Consecrate","JustLucky"],"picked":"ForeignInfluence","floor":44},{"not_picked":["CutThroughFate","Protect+1","Ragnarok"],"picked":"SKIP","floor":47},{"not_picked":["CutThroughFate","Halt"],"picked":"Pray","floor":49}],"player_experience":1677400,"relics_obtained":[{"floor":8,"key":"CeramicFish"},{"floor":9,"key":"Bronze Scales"},{"floor":21,"key":"Dead Branch"},{"floor":23,"key":"Ancient Tea Set"},{"floor":25,"key":"HornCleat"},{"floor":26,"key":"Dream Catcher"},{"floor":28,"key":"Damaru"},{"floor":36,"key":"Unceasing Top"},{"floor":41,"key":"Yang"},{"floor":44,"key":"Old Coin"},{"floor":47,"key":"Pocketwatch"}],"event_choices":[{"damage_healed":0,"gold_gain":0,"player_choice":"Donut","damage_taken":0,"max_hp_gain":5,"max_hp_loss":0,"event_name":"Big Fish","floor":3,"gold_loss":0},{"cards_removed":["Strike_P"],"damage_healed":0,"gold_gain":0,"player_choice":"Card Removal","damage_taken":0,"max_hp_gain":0,"max_hp_loss":0,"event_name":"The Cleric","floor":4,"gold_loss":75},{"cards_removed":["Strike_P"],"damage_healed":0,"gold_gain":0,"player_choice":"Card Removal","damage_taken":7,"max_hp_gain":0,"max_hp_loss":0,"event_name":"Golden Wing","floor":11,"gold_loss":0},{"damage_healed":0,"gold_gain":0,"player_choice":"Ignored","damage_taken":0,"max_hp_gain":0,"max_hp_loss":0,"event_name":"Liars Game","floor":14,"gold_loss":0},{"damage_healed":0,"gold_gain":0,"player_choice":"Obtained Relic","damage_taken":0,"relics_obtained":["Regal Pillow"],"max_hp_gain":0,"max_hp_loss":0,"event_name":"Addict","floor":19,"gold_loss":85},{"damage_healed":0,"gold_gain":0,"cards_transformed":["Strike_P","Defend_P"],"player_choice":"Became Test Subject","damage_taken":0,"max_hp_gain":0,"max_hp_loss":0,"event_name":"Drug Dealer","floor":20,"gold_loss":0,"cards_obtained":["MasterReality","WheelKick"]},{"damage_healed":0,"gold_gain":0,"player_choice":"Fight","damage_taken":0,"max_hp_gain":0,"max_hp_loss":0,"event_name":"Mysterious Sphere","floor":36,"gold_loss":0},{"damage_healed":0,"gold_gain":50,"player_choice":"Pray","damage_taken":0,"max_hp_gain":0,"max_hp_loss":0,"event_name":"Golden Shrine","floor":37,"gold_loss":0},{"damage_healed":0,"gold_gain":0,"player_choice":"Cursed","damage_taken":0,"max_hp_gain":0,"max_hp_loss":0,"event_name":"Wheel of Change","floor":45,"gold_loss":0,"cards_obtained":["Decay"]}],"is_beta":false,"boss_relics":[{"not_picked":["Runic Pyramid","SlaversCollar"],"picked":"VioletLotus"},{"not_picked":["Velvet Choker","Black Star"],"picked":"Astrolabe"}],"items_purged_floors":[12,46],"is_endless":false,"potions_floor_spawned":[10,22,23,24,33,36,42],"ascension_level":17}}