{"host":"dapjhzz8gxmkyyt6","time":1614315832,"event":{"mods":["BaseMod","BetterRewards","Hubris","Infinite Spire","Minty Spire (QoL Compilation)","Replay The Spire","Somnambulant","StSLib","The Blackbeard","The Jungle","The Necromancer"],"gold_per_floor":[118,393,408,426,437,488,528,547,572,613,613,18,94,139,139,309,309,349,11,88,88,88,170,170,170,170],"floor_reached":24,"language":"ENG","playtime":953,"items_purged":["Regret"],"score":255,"play_id":"f00903ff-1c18-461e-ae9e-a0d29beef462","local_time":"20210226000352","is_ascension_mode":false,"campfire_choices":[{"floor":11,"key":"REST"},{"floor":15,"key":"REST"}],"circlet_count":0,"master_deck":["blackbeard:BlackbeardStrike","blackbeard:BlackbeardStrike","blackbeard:BlackbeardStrike","blackbeard:BlackbeardStrike","blackbeard:IntimidatingStrike","blackbeard:BlackbeardDefend","blackbeard:BlackbeardDefend","blackbeard:BlackbeardDefend","blackbeard:BlackbeardDefend","blackbeard:Cutlass","blackbeard:Spear","blackbeard:Toast","blackbeard:InfiniteBarrage","blackbeard:Bandana","blackbeard:PirateEarring","blackbeard:BlindAttacks","blackbeard:Boarding","blackbeard:Bandana","blackbeard:BoostMorale","blackbeard:AgileStrike","blackbeard:BountyHunter","hubris:EnhanceAbility","blackbeard:Revenge","blackbeard:JollyRoger","blackbeard:CaptainsHat","blackbeard:FieryDefense","blackbeard:AgileStrike","blackbeard:PowderKeg+1","blackbeard:ArmorUp"],"relics":["blackbeard:LoadTheCannons","hubris:SphereOfDissonance","Tiny Chest","Blue Doll","Black Star","Lee\u0027s Waffle","Anchor","hubris:64BitClover","Pocketwatch"],"acts_visited":["Exordium","Exordium"],"potions_floor_usage":[6,6,10,13,18,23,24],"damage_taken":[{"damage":0,"enemies":"2 Louse","floor":1,"turns":2},{"damage":6,"enemies":"Cultist","floor":3,"turns":3},{"damage":7,"enemies":"Jaw Worm","floor":4,"turns":3},{"damage":4,"enemies":"Large Slime","floor":5,"turns":5},{"damage":32,"enemies":"3 Sentries","floor":6,"turns":5},{"damage":13,"enemies":"3 Louse","floor":7,"turns":4},{"damage":11,"enemies":"Red Slaver","floor":8,"turns":3},{"damage":0,"enemies":"Gremlin Gang","floor":10,"turns":1},{"damage":2,"enemies":"Gremlin Nob","floor":13,"turns":3},{"damage":6,"enemies":"Exordium Wildlife","floor":14,"turns":2},{"damage":14,"enemies":"Slime Boss","floor":16,"turns":6},{"damage":14,"enemies":"theJungle:GiantWrat","floor":18,"turns":3},{"damage":11,"enemies":"Shell Parasite","floor":20,"turns":5},{"damage":58,"enemies":"Nightmare","floor":23,"turns":9},{"damage":15,"enemies":"theJungle:2_Snecko_Cultists","floor":24,"turns":2}],"seed_played":"-923993483211545937","potions_obtained":[{"floor":4,"key":"ColorlessPotion"},{"floor":5,"key":"Explosive Potion"},{"floor":8,"key":"PowerPotion"},{"floor":14,"key":"blackbeard:UpgradePotion"},{"floor":16,"key":"LifebloodPotion"},{"floor":18,"key":"Venom Potion"}],"is_trial":false,"path_per_floor":["M","?","M","M","M","E","M","M","T","M","R","$","E","M","R","B",null,"M","$","M","?","?","NM","M"],"character_chosen":"BLACKBEARD_CLASS","items_purchased":["blackbeard:BoostMorale","blackbeard:AgileStrike","blackbeard:BountyHunter","hubris:EnhanceAbility","Block Potion","Lee\u0027s Waffle","blackbeard:AgileStrike","Anchor"],"campfire_rested":2,"item_purchase_floors":[12,12,12,12,12,19,19,19],"current_hp_per_floor":[82,82,76,69,65,33,20,9,9,9,33,33,31,25,49,35,82,68,89,78,80,62,4,0,0,0],"gold":170,"neow_bonus":"TEN_PERCENT_HP_BONUS","is_daily":false,"chose_seed":false,"campfire_upgraded":0,"win_rate":0.0,"timestamp":1614315832,"path_taken":["M","?","M","?","M","E","M","M","T","?","R","$","E","M","R","BOSS","M","$","M","?","?","NM","M"],"items_purchased_type":["Card","Card","Card","Card","Potion","Relic","Card","Relic"],"build_version":"2020-12-22","purchased_purges":1,"victory":false,"max_hp_per_floor":[82,82,82,82,82,82,82,82,82,82,82,82,82,82,82,82,82,82,89,89,89,89,89,89,89,89],"card_choices":[{"not_picked":["blackbeard:TerrorOfTheSeas","blackbeard:BlindAttacks"],"picked":"blackbeard:Spear","floor":1},{"not_picked":["blackbeard:SwordDance","blackbeard:Spear"],"picked":"blackbeard:Toast","floor":3},{"not_picked":["blackbeard:WiseDefense","blackbeard:DeadlyArsenal"],"picked":"blackbeard:InfiniteBarrage","floor":4},{"not_picked":["blackbeard:DeadlyArsenal","blackbeard:FieryDefense"],"picked":"blackbeard:Bandana","floor":5},{"not_picked":["blackbeard:DangerousBlow","blackbeard:PowerHungry"],"picked":"blackbeard:PirateEarring","floor":6},{"not_picked":["blackbeard:RearmingStrike","blackbeard:Scrap"],"picked":"blackbeard:BlindAttacks","floor":7},{"not_picked":["blackbeard:Rum","blackbeard:PirateHook"],"picked":"blackbeard:Boarding","floor":8},{"not_picked":["blackbeard:DangerousBlow","blackbeard:BuriedTreasure"],"picked":"blackbeard:Bandana","floor":10},{"not_picked":["blackbeard:Dagger","blackbeard:CatONineTails"],"picked":"blackbeard:Revenge","floor":13},{"not_picked":["blackbeard:GoldenDefense","blackbeard:WeaponMastery"],"picked":"blackbeard:JollyRoger","floor":14},{"not_picked":["blackbeard:PowerHungry","blackbeard:ReapersScythe"],"picked":"blackbeard:CaptainsHat","floor":16},{"not_picked":["blackbeard:Fencing+1","blackbeard:WiseDefense"],"picked":"blackbeard:FieryDefense","floor":18},{"not_picked":["blackbeard:FieryDefense+1","blackbeard:DelayedPain"],"picked":"blackbeard:PowderKeg+1","floor":20},{"not_picked":["blackbeard:DeadlyArsenal+1","blackbeard:Toast"],"picked":"blackbeard:ArmorUp","floor":23}],"player_experience":7351754,"relics_obtained":[{"floor":6,"key":"hubris:SphereOfDissonance"},{"floor":9,"key":"Tiny Chest"},{"floor":13,"key":"Blue Doll"},{"floor":23,"key":"hubris:64BitClover"},{"floor":23,"key":"Pocketwatch"}],"event_choices":[{"damage_healed":0,"gold_gain":275,"player_choice":"Desecrate","damage_taken":0,"max_hp_gain":0,"max_hp_loss":0,"event_name":"Golden Shrine","floor":2,"gold_loss":0,"cards_obtained":["Regret"]}],"is_beta":false,"boss_relics":[{"not_picked":["infinitespire:Cupcake","Runic Pyramid"],"picked":"Black Star"}],"items_purged_floors":[12],"is_endless":true,"potions_floor_spawned":[4,5,8,13,14,16,18],"killed_by":"theJungle:2_Snecko_Cultists","ascension_level":0}}