{"host":"bplbr8uekuotory4","time":1614334961,"event":{"mods":["Act Like it!","BaseMod","Custom Start","GungeonMod","Hermit","KinomotoSakuraMod(木之本樱)","Marisa（F雨　魔理沙）","Minty Spire (QoL Compilation)","Prisma Mod","Quick Restart","Reimu（博丽灵梦）","SOS（斯巴达之子）","Spicy Shops","StSLib","TestMod","The Blackbeard","The Cursed","The Mystic","The Saiyan","The Senshi","The Servant 0.9.4","Yuri Mod","[IsaacMod]以撒尖塔"],"gold_per_floor":[218,218,229,241,52,52,0,0,0,26,26,66,81,114,114,200,200,221,266,28,41,91,124,124,124,151,151,170,45,75,0,0,98,98,112,112,112],"floor_reached":36,"language":"ZHS","playtime":858,"items_purged":["Poor:ReiMu","Strike_MRS","Defend_MRS","Strike_MRS","Defend_MRS"],"score":1154,"play_id":"127cb77d-2f07-448c-97fa-243c75ddfafe","local_time":"20210226182241","is_ascension_mode":true,"campfire_choices":[{"data":"UpSweep","floor":6.0,"key":"SMITH"},{"data":"MeteoricShower","floor":8.0,"key":"SMITH"},{"data":"MilkyWay","floor":15,"key":"SMITH"},{"floor":25,"key":"RECALL"},{"data":"MagicAbsorber","floor":27,"key":"SMITH"},{"data":"1","floor":32,"key":"LIFT"}],"circlet_count":0,"master_deck":["AscendersBane","Strike_MRS","Strike_MRS","Defend_MRS","Defend_MRS","MasterSpark","UpSweep+1","MeteoricShower+1","MagicAbsorber+1","MilkyWay+1","StarBarrage+1"],"relics":["MiniHakkero","testmod-TestBox","HushsDoor","MaYiHuaBei","testmod-CasingShield","YidongShenshe:ReiMu","testmod-ThousandKnives","Ginger","CeramicFish","Strawberry","Golden Idol","GnawedLeaf","DemoMod:GlassGuonStoneRelic","testmod-NegativeEmotionEnhancer","DeathBook","RottenBaby","Red Mask","Shuriken","Bag of Preparation","Orichalcum","DemoMod:WhiteGuonStone","Girya","SteamSale","testmod-TimeTraveler","BelialBook"],"acts_visited":["Exordium","TheCity","TheBeyond"],"potions_floor_usage":[10,12,16],"damage_taken":[{"damage":12.0,"enemies":"Jaw Worm","floor":1.0,"turns":3.0},{"damage":0.0,"enemies":"2 Louse","floor":3.0,"turns":1.0},{"damage":0.0,"enemies":"Small Slimes","floor":4.0,"turns":2.0},{"damage":0,"enemies":"Lagavulin","floor":10,"turns":4},{"damage":6,"enemies":"Gremlin Nob","floor":12,"turns":3},{"damage":13,"enemies":"Exordium Thugs","floor":13,"turns":4},{"damage":10,"enemies":"Looter","floor":14,"turns":3},{"damage":0,"enemies":"Hexaghost","floor":16,"turns":6},{"damage":0,"enemies":"Chosen","floor":18,"turns":3},{"damage":0,"enemies":"Masked Bandits","floor":19,"turns":1},{"damage":0,"enemies":"Spheric Guardian","floor":21,"turns":2},{"damage":0,"enemies":"Book of Stabbing","floor":23,"turns":4},{"damage":0,"enemies":"Cultist and Chosen","floor":28,"turns":3},{"damage":0,"enemies":"Gremlin Leader","floor":30,"turns":4},{"damage":0,"enemies":"Champ","floor":33,"turns":5},{"damage":0,"enemies":"3 Darklings","floor":35,"turns":1},{"damage":41,"enemies":"3 Shapes","floor":36,"turns":1}],"seed_played":"-9166376959355214105","potions_obtained":[{"floor":1.0,"key":"Swift Potion"},{"floor":10,"key":"FearPotion"},{"floor":12,"key":"BottledSpark"},{"floor":21,"key":"ZuzhouPotion:ReiMu"}],"is_trial":false,"path_per_floor":["M","?","M","M","$","R","$","R","T","E","?","E","M","M","R","B",null,"M","?","$","M","?","E","?","R","T","R","M","$","E","$","R","B",null,"M","M"],"character_chosen":"MARISA","items_purchased":["testmod-ThousandKnives","Ginger","DeathBook","RottenBaby","Shuriken","SteamSale","BelialBook"],"campfire_rested":0,"item_purchase_floors":[5,7,17,17,20,31,34],"current_hp_per_floor":[51,51,51,51,51,51,51,51,51,58,32,26,13,3,3,3,35,37,41,41,43,39,41,26,26,26,26,29,29,35,35,35,37,36,37,0,0],"gold":112,"neow_bonus":"HUNDRED_GOLD","is_daily":false,"chose_seed":false,"campfire_upgraded":4,"win_rate":0.0,"timestamp":1614334961,"path_taken":["M","?","M","M","$","R","$","R","T","E","?","E","M","M","R","BOSS","M","?","$","M","?","E","?","R","T","R","?","?","E","$","R","BOSS","M","M"],"items_purchased_type":["Relic","Relic","Relic","Relic","Relic","Relic","Relic"],"build_version":"2020-12-22","purchased_purges":5,"victory":false,"max_hp_per_floor":[70,70,70,70,70,70,70,70,70,77,77,77,77,77,77,77,46,47,48,48,49,49,50,50,50,50,50,51,51,52,52,52,53,36,37,37,37],"card_choices":[{"not_picked":["DC","GrandCross"],"picked":"Bomb","floor":1.0},{"not_picked":["NonDirectionalLaser","ShootingEcho"],"picked":"MeteoricShower","floor":3.0},{"not_picked":["DoubleSpark","UnstableBomb"],"picked":"MagicAbsorber","floor":4.0},{"not_picked":["UltimateShortwave","ManaRampage","CollectingQuirk"],"picked":"SKIP","floor":10},{"not_picked":["WitchOfGreed","EnergyFlow","Robbery"],"picked":"SKIP","floor":12},{"not_picked":["DoubleSpark","AlicesGift","BlazeAway"],"picked":"SKIP","floor":13},{"not_picked":["EarthLightRay","OpenUniverse"],"picked":"MilkyWay","floor":14},{"not_picked":["OneTimeOff+1","ManaConvection","IllusionStar"],"picked":"SKIP","floor":18},{"not_picked":["UnstableBomb","LuminesStrike"],"picked":"StarBarrage+1","floor":19},{"not_picked":["FairyDestructionRay","Orbital","AsteroidBelt"],"picked":"SKIP","floor":21},{"not_picked":["GalacticHalo+1","DarkSpark","AsteroidBelt"],"picked":"SKIP","floor":23},{"not_picked":["AsteroidBelt","GalacticHalo","MaximisePower"],"picked":"SKIP","floor":28},{"not_picked":["IllusionStar+1","MagicChant","PowerUp"],"picked":"SKIP","floor":30},{"not_picked":["WitchOfGreed+1","EarthLightRay","DoubleSpark"],"picked":"SKIP","floor":35}],"player_experience":1195987,"relics_obtained":[{"floor":9.0,"key":"CeramicFish"},{"floor":10,"key":"Strawberry"},{"floor":12,"key":"GnawedLeaf"},{"floor":19,"key":"Red Mask"},{"floor":23,"key":"Bag of Preparation"},{"floor":26,"key":"DemoMod:WhiteGuonStone"},{"floor":30,"key":"Girya"}],"event_choices":[{"damage_healed":0.0,"max_hp_gain":0.0,"max_hp_loss":0.0,"gold_gain":0.0,"event_name":"yidonshenshe","player_choice":"带走神社","floor":2.0,"gold_loss":0.0,"damage_taken":0.0,"relics_obtained":["YidongShenshe:ReiMu"],"cards_obtained":["Poor:ReiMu"]},{"damage_healed":0,"gold_gain":0,"player_choice":"Take Damage","damage_taken":26,"relics_obtained":["Golden Idol"],"max_hp_gain":0,"max_hp_loss":0,"event_name":"Golden Idol","floor":11,"gold_loss":0},{"damage_healed":0,"gold_gain":0,"player_choice":"Fought Bandits","damage_taken":0,"max_hp_gain":0,"max_hp_loss":0,"event_name":"Masked Bandits","floor":19,"gold_loss":0},{"damage_healed":0,"gold_gain":50,"player_choice":"Touch","damage_taken":4,"max_hp_gain":0,"max_hp_loss":0,"event_name":"FaceTrader","floor":22,"gold_loss":0}],"is_beta":false,"boss_relics":[{"not_picked":["ChampionBelt","Philosopher\u0027s Stone"],"picked":"testmod-NegativeEmotionEnhancer"},{"not_picked":[]},{"not_picked":["Runic Pyramid","testmod-KeyOfTheVoid"],"picked":"testmod-TimeTraveler"},{"not_picked":[]}],"items_purged_floors":[5,17,20,29,34],"is_endless":false,"potions_floor_spawned":[1,10,12,14,21,23,28,33,35],"killed_by":"3 Shapes","ascension_level":17}}