{"host":"w2kjv12xyhtt0cv2","time":1614361084,"event":{"mods":["10 clothes from DAL","100% Spire Juice","Act Like it!","BaseMod","Colored Map","Friendly Minions","Gensokyo","GifTheSpireLib","Highlight Path","Hubris","Library of Ruina","Minty Spire (QoL Compilation)","Quick Restart","Relic Stats","Reliquary","Replay The Spire","Ring Of Destiny","Robot Space Explorer","Shop Mod","Spicy Shops","StSLib","The Dragon Tamer","UnlockEverythingMod","Waifu the Spire","[IsaacMod]以撒尖塔","[功能]功能增强和修复MOD","【功能Mod】Neow奖励","【功能Mod】聪明的最终Boss","【遗物卡牌】REMEMod","没有小屋子和绿帽子啦"],"gold_per_floor":[117,117,197,197,147,179,194,228,228,244,270,280,280,314,364,462,462,477,477,85,85,98,125,145,145,145,170,170,202,202,336,336,433,433,451,462,562,7,20,20,50,68,150,176,247,247,247,247,247,247,247,247,334,368,494,494],"floor_reached":55,"language":"ZHS","playtime":3435,"items_purged":["RingOfDestiny:Defend_SU","RingOfDestiny:Defend_SU","RingOfDestiny:PowerOfGreed","RingOfDestiny:DoomsdayStrike"],"score":1061,"play_id":"48f1268a-0e71-4c3d-a31a-b6d108083f8c","local_time":"20210227013804","is_ascension_mode":true,"campfire_choices":[{"data":"REME_MawOfCthun","floor":32.0,"key":"SMITH"},{"data":"hubris:DuctTapeCard","floor":40.0,"key":"SMITH"},{"data":"BloodyBrimstone","floor":46.0,"key":"SMITH"},{"floor":49.0,"key":"RECALL"},{"data":"DoctorFetus","floor":52.0,"key":"SMITH"}],"circlet_count":0,"master_deck":["RingOfDestiny:MaliciousBarrier+1","BloodyBrimstone+1","REME_MawOfCthun+1","RingOfDestiny:ChainBlade","RingOfDestiny:LazyCloak+1","RingOfDestiny:CrownOfPride","Metamorphosis+1","Deep Breath","Panacea","RingOfDestiny:MaliciousBlade","RingOfDestiny:ManaEnhance","RingOfDestiny:CostOfSoul","DoctorFetus+1","RingOfDestiny:DoomsdayProphecy","Secret Technique","RingOfDestiny:CostOfSoul","RingOfDestiny:AngerSword","RingOfDestiny:ConqueringBlade","Thinking Ahead","Specialist","RingOfDestiny:ManaEnhance+1","hubris:DuctTapeCard"],"relics":["RingOfDestiny:DemonicContract","REME_ComplimentaryCards","HushsDoor","BookofShadows","Akabeko","Replay:Bottled Snecko","Bottled Lightning","PageOfTodaysShyLook","Tiny Chest","Diplopia","TheBean","Snack Pack","reliquary:ExpiredCoupon","REME_LowDesire","reliquary:Stiletto","Juzu Bracelet","SteamSale","reliquary:FingerTrap","Pen Nib","Replay:Mystery Machine","Anchor","hubris:DuctTape","Bronze Scales","REME_HourglassOfDeath","hubris:ToyBattleship","hubris:Icosahedron","EdensBlessing","hubris:ScarierMask","GuppysTail","PageOfBloodbath","PageOfLumberjack","REME_HandOfSuture","Leech","BargainBundle","reliquary:Sideboard","PageOfWizard","DoctorsRemote","hubris:NiceRug","hubris:TenFootPole","reliquary:IridiumChain","HandDrill","Replay:Baseball","D6","ClockworkSouvenir","SalivaCoin"],"acts_visited":["Exordium","Gensokyo:Gensokyoer","TheBeyond","TheEnding"],"potions_floor_usage":[55,55,55],"damage_taken":[{"damage":3.0,"enemies":"Small Slimes","floor":1.0,"turns":2.0},{"damage":10.0,"enemies":"3 Sentries","floor":6.0,"turns":6.0},{"damage":0.0,"enemies":"Jaw Worm","floor":7.0,"turns":1.0},{"damage":9.0,"enemies":"Gremlin Nob","floor":8.0,"turns":3.0},{"damage":0.0,"enemies":"Cultist","floor":10.0,"turns":1.0},{"damage":0.0,"enemies":"3 Sentries","floor":11.0,"turns":1.0},{"damage":0.0,"enemies":"2 Fungi Beasts","floor":12.0,"turns":1.0},{"damage":0.0,"enemies":"Gremlin Nob","floor":14.0,"turns":2.0},{"damage":0.0,"enemies":"Hiden Room Battle","floor":15.0,"turns":3.0},{"damage":6.0,"enemies":"Slime Boss","floor":16.0,"turns":8.0},{"damage":25.0,"enemies":"Gensokyo:3_Dogs","floor":18.0,"turns":3.0},{"damage":0.0,"enemies":"Gensokyo:2_Gloops","floor":22.0,"turns":1.0},{"damage":9.0,"enemies":"Gensokyo:Koishi","floor":23.0,"turns":5.0},{"damage":6.0,"enemies":"Gensokyo:Wraith","floor":24.0,"turns":5.0},{"damage":5.0,"enemies":"Gensokyo:Koishi","floor":27.0,"turns":3.0},{"damage":4.0,"enemies":"Gensokyo:Tenshi","floor":29.0,"turns":5.0},{"damage":0.0,"enemies":"Gensokyo:Reisen","floor":31.0,"turns":4.0},{"damage":18.0,"enemies":"Gensokyo:Eiki","floor":33.0,"turns":8.0},{"damage":0.0,"enemies":"Orb Walker","floor":35.0,"turns":3.0},{"damage":0.0,"enemies":"3 Darklings","floor":36.0,"turns":2.0},{"damage":0.0,"enemies":"Spire Growth","floor":39.0,"turns":2.0},{"damage":0.0,"enemies":"R_Hoarder","floor":41.0,"turns":5.0},{"damage":0.0,"enemies":"Transient","floor":42.0,"turns":5.0},{"damage":5.0,"enemies":"Giant Head","floor":44.0,"turns":5.0},{"damage":9.0,"enemies":"Replay:Hell Engine","floor":50.0,"turns":5.0},{"damage":8.0,"enemies":"hubris:Merchant","floor":53.0,"turns":3.0},{"damage":0.0,"enemies":"Shield and Spear","floor":54.0,"turns":1.0},{"damage":118,"enemies":"Delirium","floor":55,"turns":12}],"seed_played":"-7357626701488754790","potions_obtained":[{"floor":1.0,"key":"Strength Potion"},{"floor":7.0,"key":"Weak Potion"},{"floor":11.0,"key":"Explosive Potion"},{"floor":12.0,"key":"Weak Potion"},{"floor":16.0,"key":"Reflective Coating"},{"floor":23.0,"key":"Strength Potion"},{"floor":31.0,"key":"AttackPotion"},{"floor":31.0,"key":"Adrenaline Potion"},{"floor":33.0,"key":"LifebloodPotion"},{"floor":39.0,"key":"Fruit Juice"},{"floor":53.0,"key":"Adrenaline Potion"},{"floor":53.0,"key":"Strength Potion"},{"floor":53.0,"key":"SkillPotion"}],"is_trial":false,"path_per_floor":["M","?","?","T","?","E","M","E","T","M","E","M","?","E","R_BF","B",null,"M","?","COS","T","M","E","M","E","T","E","?","E","?","E","R","B",null,"M","M","?","$","M","R","E","M","T","E","T","R","?","?","R","B",null,"R","$","E","B"],"character_chosen":"Summoner","items_purchased":["GuppysTail","PageOfBloodbath","PageOfLumberjack","REME_HandOfSuture","Leech","RingOfDestiny:CostOfSoul","BargainBundle","RingOfDestiny:AngerSword","RingOfDestiny:ConqueringBlade","Thinking Ahead","Specialist","DistilledChaos"],"campfire_rested":0,"item_purchase_floors":[34,38,38,38,38,38,38,38,38,38,38,38],"current_hp_per_floor":[76,76,76,76,76,66,66,57,57,57,57,57,50,50,35,33,74,49,49,49,49,49,44,41,43,43,40,40,43,43,45,45,71,74,74,74,74,74,75,75,80,80,80,80,80,80,80,72,72,79,80,80,72,73,0,0],"gold":494,"neow_bonus":"RANDOM_COMMON_RELIC","is_daily":false,"chose_seed":false,"campfire_upgraded":4,"win_rate":0.0,"timestamp":1614361084,"path_taken":["M","?","?","?","?","E","M","E","T","M","E","?","?","E","R_BF","BOSS","M","?","COS","?","M","E","M","E","T","E","?","E","?","E","R","BOSS","M","M","?","$","M","R","E","M","T","E","?","R","?","?","R","BOSS","R","$","E","BOSS"],"items_purchased_type":["Relic","Relic","Relic","Relic","Relic","Card","Relic","Card","Card","Card","Card","Potion"],"build_version":"2020-12-22","purchased_purges":4,"victory":false,"max_hp_per_floor":[88,88,88,88,88,88,88,88,88,88,88,88,88,88,88,88,88,88,88,88,88,88,85,85,85,85,85,85,85,85,85,85,85,75,75,75,75,75,75,75,80,80,80,80,80,80,80,80,80,80,80,80,80,80,77,77],"relic_stats":{"counters":[29,109],"Bronze Scales":[311],"Tiny Chest":2,"Pen Nib":[15],"Juzu Bracelet":2,"HandDrill":[12],"obtain_stats":[{"GuppysTail":34,"Juzu Bracelet":17,"Replay:Mystery Machine":23,"Leech":38,"ClockworkSouvenir":53,"Frozen Eye":23,"TheBean":14,"hubris:Icosahedron":30,"hubris:ScarierMask":34,"PageOfWizard":44,"Tiny Chest":9,"Diplopia":13,"HandDrill":53,"Replay:Bottled Snecko":4,"reliquary:FingerTrap":20,"REME_LowDesire":17,"PageOfTodaysShyLook":8,"KeepersGift":0,"DoctorsRemote":45,"BookofShadows":0,"BargainBundle":38,"hubris:DuctTape":25,"reliquary:Sideboard":41,"DALC_THREE":11,"PageOfBloodbath":38,"Pen Nib":21,"RingOfDestiny:DemonicContract":0,"SteamSale":20,"Akabeko":0,"reliquary:IridiumChain":53,"PageOfLumberjack":38,"reliquary:ExpiredCoupon":15,"Anchor":24,"Replay:Baseball":53,"D6":53,"REME_HourglassOfDeath":27,"Bronze Scales":26,"reliquary:Stiletto":17,"REME_HandOfSuture":38,"Snack Pack":15,"hubris:ToyBattleship":29,"hubris:TenFootPole":53,"SalivaCoin":54,"Bottled Lightning":6,"EdensBlessing":31,"HushsDoor":0,"REME_ComplimentaryCards":0,"hubris:NiceRug":53},{"GuppysTail":19,"Juzu Bracelet":10,"Replay:Mystery Machine":13,"Leech":21,"ClockworkSouvenir":27,"Frozen Eye":12,"TheBean":8,"hubris:Icosahedron":17,"hubris:ScarierMask":19,"PageOfWizard":25,"Tiny Chest":4,"Diplopia":7,"HandDrill":27,"Replay:Bottled Snecko":1,"reliquary:FingerTrap":11,"REME_LowDesire":10,"PageOfTodaysShyLook":4,"KeepersGift":0,"DoctorsRemote":25,"BookofShadows":0,"BargainBundle":21,"hubris:DuctTape":15,"reliquary:Sideboard":23,"DALC_THREE":6,"PageOfBloodbath":21,"Pen Nib":11,"RingOfDestiny:DemonicContract":0,"SteamSale":11,"Akabeko":0,"reliquary:IridiumChain":27,"PageOfLumberjack":21,"reliquary:ExpiredCoupon":9,"Anchor":14,"Replay:Baseball":27,"D6":27,"REME_HourglassOfDeath":16,"Bronze Scales":15,"reliquary:Stiletto":10,"REME_HandOfSuture":21,"Snack Pack":9,"hubris:ToyBattleship":17,"hubris:TenFootPole":27,"SalivaCoin":28,"Bottled Lightning":2,"EdensBlessing":18,"HushsDoor":0,"REME_ComplimentaryCards":0,"hubris:NiceRug":27},{"GuppysTail":66,"Juzu Bracelet":28,"Replay:Mystery Machine":37,"Leech":71,"ClockworkSouvenir":96,"Frozen Eye":32,"TheBean":17,"hubris:Icosahedron":54,"hubris:ScarierMask":66,"PageOfWizard":88,"Tiny Chest":12,"Diplopia":15,"HandDrill":96,"Replay:Bottled Snecko":2,"reliquary:FingerTrap":31,"REME_LowDesire":28,"PageOfTodaysShyLook":12,"KeepersGift":0,"DoctorsRemote":88,"BookofShadows":0,"BargainBundle":71,"hubris:DuctTape":46,"reliquary:Sideboard":78,"DALC_THREE":14,"PageOfBloodbath":71,"Pen Nib":31,"RingOfDestiny:DemonicContract":0,"SteamSale":31,"Akabeko":0,"reliquary:IridiumChain":96,"PageOfLumberjack":71,"reliquary:ExpiredCoupon":20,"Anchor":38,"Replay:Baseball":96,"D6":96,"REME_HourglassOfDeath":49,"Bronze Scales":46,"reliquary:Stiletto":28,"REME_HandOfSuture":71,"Snack Pack":20,"hubris:ToyBattleship":54,"hubris:TenFootPole":96,"SalivaCoin":97,"Bottled Lightning":8,"EdensBlessing":58,"HushsDoor":0,"REME_ComplimentaryCards":0,"hubris:NiceRug":96}]},"card_choices":[{"not_picked":[],"picked":"BloodyBrimstone","floor":0.0},{"not_picked":["RingOfDestiny:Demonic","RingOfDestiny:DesireMastery","RingOfDestiny:FeastOfDoomsday"],"picked":"SKIP","floor":1.0},{"not_picked":["RingOfDestiny:VoodooDoll","RingOfDestiny:DoomsdayMadness"],"picked":"RingOfDestiny:Doomsday","floor":6.0},{"not_picked":["RingOfDestiny:CupOfDesire","RingOfDestiny:MaliciousBarrier","RingOfDestiny:DemonVanguard"],"picked":"SKIP","floor":7.0},{"not_picked":["RingOfDestiny:TortureBlade","RingOfDestiny:HegemonyOfDevil","RingOfDestiny:Demonic"],"picked":"SKIP","floor":8.0},{"not_picked":["RingOfDestiny:PowerOfGreed","RingOfDestiny:SoulAccumulation"],"picked":"RingOfDestiny:LazyCloak","floor":10.0},{"not_picked":["RingOfDestiny:MaliciousSword","RingOfDestiny:MaliciousFang","RingOfDestiny:CupOfDesire"],"picked":"SKIP","floor":11.0},{"not_picked":["RingOfDestiny:DoomsdayProtection","RingOfDestiny:GreedySummon","RingOfDestiny:MaliciousConversion"],"picked":"SKIP","floor":12.0},{"not_picked":["RingOfDestiny:DevilKing","RingOfDestiny:EndlessDesire","RingOfDestiny:GreedySummon"],"picked":"SKIP","floor":14.0},{"not_picked":["RingOfDestiny:DevilKing","RingOfDestiny:SummonOfDoomsday"],"picked":"RingOfDestiny:CrownOfPride","floor":16.0},{"not_picked":["RingOfDestiny:MaliciousLeakage+1","RingOfDestiny:TemptingFruits","RingOfDestiny:MaliciousErode"],"picked":"Metamorphosis","floor":18.0},{"not_picked":["RingOfDestiny:MaliciousLeakage","RingOfDestiny:PowerOfEnvy+1","RingOfDestiny:CupOfDesire+1"],"picked":"Deep Breath","floor":22.0},{"not_picked":["RingOfDestiny:DoomsdayProtection","RingOfDestiny:PowerOfEnvy","RingOfDestiny:EndlessDesire"],"picked":"Panacea","floor":23.0},{"not_picked":["RingOfDestiny:PowerOfGreed","RingOfDestiny:AngerSword","ReplayUltimateDefense"],"picked":"RingOfDestiny:MaliciousBlade","floor":24.0},{"not_picked":["RingOfDestiny:SoulDiversion","RingOfDestiny:SarcasticSword","Replay:BasicMightCard"],"picked":"RingOfDestiny:ManaEnhance","floor":27.0},{"not_picked":["RingOfDestiny:DevilKing","RingOfDestiny:MaliciousSuppress","ReplayUltimateDefense"],"picked":"RingOfDestiny:CostOfSoul","floor":29.0},{"not_picked":["RingOfDestiny:MaliciousSword","RingOfDestiny:EnvyNecklace","RingOfDestiny:DoomsdayProtection+1"],"picked":"DoctorFetus","floor":31.0},{"not_picked":["RingOfDestiny:HegemonyOfDevil","RingOfDestiny:DoomsdayBlade","Replay:Parry"],"picked":"RingOfDestiny:DoomsdayProphecy","floor":33.0},{"not_picked":["RingOfDestiny:SoulDiversion+1","RingOfDestiny:SarcasticSword","RingOfDestiny:EndlessDesire+1","Swift Strike"],"picked":"SKIP","floor":35.0},{"not_picked":["RingOfDestiny:SongOfDoomsday+1","RingOfDestiny:DemonSkin","RingOfDestiny:DemonVanguard+1","REME_Flogging"],"picked":"SKIP","floor":36.0},{"not_picked":["RingOfDestiny:DoomsdayProtection","RingOfDestiny:TemptingFruits","RingOfDestiny:MaliciousErode+1"],"picked":"Secret Technique","floor":37.0},{"not_picked":["RingOfDestiny:MemoryBlade+1","RingOfDestiny:DoomsdayProtection+1","RingOfDestiny:DemonVanguard+1","ReplayTheSpireMod:Uncanny Aura+1"],"picked":"SKIP","floor":39.0},{"not_picked":["RingOfDestiny:RingOfGreed","RingOfDestiny:ChainBlade","RingOfDestiny:SoulAccumulation+1"],"picked":"ReplayTheSpireMod:Brewmster","floor":41.0},{"not_picked":["RingOfDestiny:MaskOfSuffering","RingOfDestiny:EndlessDesire+1","RingOfDestiny:PowerOfArrogance+1"],"picked":"ReplayTheSpireMod:Brewmster","floor":42.0},{"not_picked":["RingOfDestiny:DemonVanguard","RingOfDestiny:MaskOfSuffering+1","ReplayTheSpireMod:Brewmster"],"picked":"RingOfDestiny:ManaEnhance+1","floor":44.0},{"not_picked":[],"picked":"RingOfDestiny:FairDealing","floor":53.0},{"not_picked":[],"picked":"RingOfDestiny:MaliciousConversion","floor":53.0},{"not_picked":[],"picked":"Zadkiel","floor":53.0},{"not_picked":["RingOfDestiny:MaliciousSuppress"],"picked":"SKIP","floor":53.0},{"not_picked":["RingOfDestiny:PowerOfEnvy"],"picked":"SKIP","floor":53.0},{"not_picked":["RingOfDestiny:CupOfDesire"],"picked":"SKIP","floor":53.0},{"not_picked":["Enlightenment"],"picked":"SKIP","floor":53.0},{"not_picked":["RingOfDestiny:PowerOfGluttony","RingOfDestiny:MaskOfSuffering","RingOfDestiny:MaliciousErode"],"picked":"REME_WheelOfFate","floor":54.0}],"player_experience":85832,"relics_obtained":[{"floor":4.0,"key":"Replay:Bottled Snecko"},{"floor":6.0,"key":"Bottled Lightning"},{"floor":8.0,"key":"PageOfTodaysShyLook"},{"floor":9.0,"key":"Tiny Chest"},{"floor":11.0,"key":"DALC_THREE"},{"floor":14.0,"key":"TheBean"},{"floor":15.0,"key":"Snack Pack"},{"floor":15.0,"key":"reliquary:ExpiredCoupon"},{"floor":17.0,"key":"reliquary:Stiletto"},{"floor":17.0,"key":"Juzu Bracelet"},{"floor":21.0,"key":"Pen Nib"},{"floor":23.0,"key":"Replay:Mystery Machine"},{"floor":26.0,"key":"Bronze Scales"},{"floor":27.0,"key":"REME_HourglassOfDeath"},{"floor":29.0,"key":"hubris:ToyBattleship"},{"floor":31.0,"key":"EdensBlessing"},{"floor":41.0,"key":"reliquary:Sideboard"},{"floor":44.0,"key":"PageOfWizard"},{"floor":45.0,"key":"DoctorsRemote"},{"floor":53.0,"key":"hubris:TenFootPole"},{"floor":53.0,"key":"reliquary:IridiumChain"},{"floor":53.0,"key":"HandDrill"},{"floor":53.0,"key":"Replay:Baseball"},{"floor":53.0,"key":"D6"},{"floor":53.0,"key":"ClockworkSouvenir"},{"floor":54.0,"key":"SalivaCoin"}],"event_choices":[{"damage_healed":0.0,"max_hp_gain":0.0,"max_hp_loss":0.0,"gold_gain":0.0,"cards_transformed":["RingOfDestiny:Strike_SU"],"event_name":"Living Wall","player_choice":"Change","floor":2.0,"gold_loss":0.0,"damage_taken":0.0,"cards_obtained":["RingOfDestiny:ChainBlade"]},{"cards_removed":["RingOfDestiny:Strike_SU"],"damage_healed":0.0,"max_hp_gain":0.0,"max_hp_loss":0.0,"gold_gain":0.0,"event_name":"The Cleric","player_choice":"Card Removal","floor":5.0,"gold_loss":50.0,"damage_taken":0.0},{"damage_healed":0.0,"max_hp_gain":0.0,"max_hp_loss":0.0,"gold_gain":0.0,"event_name":"Scrap Ooze","player_choice":"Success","floor":13.0,"gold_loss":0.0,"damage_taken":7.0,"relics_obtained":["Diplopia"]},{"damage_healed":0.0,"max_hp_gain":0.0,"max_hp_loss":0.0,"gold_gain":0.0,"event_name":"HidenRoomEvent","player_choice":"Fight","floor":15.0,"gold_loss":0.0,"damage_taken":0.0},{"damage_healed":0.0,"max_hp_gain":0.0,"max_hp_loss":0.0,"gold_gain":0.0,"event_name":"Wheel of Change","player_choice":"Damaged","floor":48.0,"gold_loss":0.0,"damage_taken":8.0}],"is_beta":false,"boss_relics":[{"not_picked":["hubris:Stopwatch","Snecko Heart"],"picked":"REME_LowDesire"},{"not_picked":[]},{"not_picked":["Calling Bell","PageOfBlackSwan"],"picked":"hubris:ScarierMask"},{"not_picked":[]}],"items_purged_floors":[38,38,53,53],"is_endless":false,"potions_floor_spawned":[1,7,11,12,16,23,31,31,33,39],"killed_by":"Delirium","ascension_level":6}}