{"host":"i73ch23exsqar74a","time":1614365597,"event":{"mods":["AchievementEnabler","Act Like it!","Arknights","Aspiration","Astrologer","Bard","BaseMod","Beaked The Cultist","Better Sensory Stone","CCEM2","CapriCore","Challenge The Spire","ChefMod","Chen","Colored Map","Colored Powertips","Conjunction","Conspire","Downfall","Fireblade Mod","FutureSeer","GifTheSpireLib","Glutton Mod","Gremlin Mod","Halation","Hermit","Highlight Path","HololiveMod","Hubris","Infinite Spire","Jedi Mod","Library of Ruina","Library of Ruina Extra","Lobotomy","LobotomyExtend","Luminous","Marked Mod","Minty Spire (QoL Compilation)","Prisma Mod","Quarter Circle Forward PUNCH!","Quick Restart","Random Character Button","RatMod","Relic Sorter","Reliquary","Replay The Spire","Ruina","SOS???????","Shade Mod","Spicy Shops","Spikes Relics","Spire Arcade","StSLib","Stuff the Spire","The Alterego","The Animator","The Bug Knight","The Construct","The Cursed","The Druid","The Exalted","The Immortal","The Judge","The Poker Player","The Sage","The Wild Card","TheHero","TheSwordswoman","TheVacant","TheVelvet","Thieving Mod","Yuri Mod","???Mod??????Boss","???mod?????"],"gold_per_floor":[116,116,136,155,175,175,209,209,209,240,256,275,275,344,344,445,445,458,458,0,19,38,38,53,65,143,143,153,21,21,39,39,138,138,154,1,1,20,230,230,243,261,261,296,308,339,339,339,339,339,339,339,339,22,57,57],"floor_reached":57,"language":"ENG","playtime":2537,"items_purged":[],"score":1606,"play_id":"dfba01ef-e6ab-4ecb-be1d-8891278bb438","local_time":"20210226225317","is_ascension_mode":true,"campfire_choices":[{"data":"ShockRound","floor":6.0,"key":"SMITH"},{"data":"BackAttack","floor":8.0,"key":"SMITH"},{"data":"Execute_lor","floor":13.0,"key":"SMITH"},{"data":"WildCard","floor":15.0,"key":"SMITH"},{"data":"UnforgettableMelody","floor":23.0,"key":"SMITH"},{"data":"Preparation","floor":27.0,"key":"SMITH"},{"data":"Replay:Dark Deal","floor":32.0,"key":"SMITH"},{"data":"Replay:Resounding Blow","floor":40.0,"key":"SMITH"},{"data":"RushDown","floor":47.0,"key":"SMITH"},{"data":"infinitespire:NeuralNetwork","floor":49.0,"key":"SMITH"},{"data":"Parry2","floor":53,"key":"SMITH"}],"circlet_count":0,"master_deck":["Dodge","LightDefense","LightAttack","LightAttack","LightAttack","LightDefense","LightDefense","LightDefense","ChargeAndCover","FocusedStrikes","Observe+1","BackAttack+1","Preparation+1","Reload","ShockRound+1","WildCard+1","Parry2+1","NonstopAssault","Execute_lor+1","UnforgettableMelody+1","FlowOfTheSword+1","FierceCharge","HardRehearsal+1","ExtremeEdge","Mutilate","Replay:Dark Deal+1","Replay:Resounding Blow+1","Commandeering","MindWhip+1","beaked:Daydream+1","SwordOfVolition+1","SweepTheBackstreets+1","TendonChords+1","RushDown+1","Unlock1+1","SunsetBlade+1","infinitespire:NeuralNetwork+1","Multislash+1"],"relics":["PageOfLibrarian","LetterFromLob","aspiration:SeaSaltIceCream","reliquary:HotPoker","PageOfMountain","Omamori","hubris:TerracottaHorce","halation:EternalFortune","halation:Sosunser","Eternal Feather","reliquary:SilkGlove","halation:Jellyphish","aspiration:BeakedSkillbook","PageOfBigBird","Vajra","infinitespire:EmpoweringShard","infinitespire:Satchel","CCEMRelics:PorcelainBowl","hubris:AstralHammer","CCEMRelics:ChainBlade","PageOfAlriune","Gremlin Food"],"acts_visited":["Exordium","Exordium","TheBeyond","TheEnding"],"potions_floor_usage":[56,56],"damage_taken":[{"damage":0.0,"enemies":"ats:Genji","floor":1.0,"turns":4.0},{"damage":0.0,"enemies":"Small Slimes","floor":3.0,"turns":3.0},{"damage":0.0,"enemies":"Jaw Worm","floor":4.0,"turns":2.0},{"damage":0.0,"enemies":"Blue Slaver","floor":5.0,"turns":3.0},{"damage":0.0,"enemies":"3 Sentries","floor":7.0,"turns":3.0},{"damage":0.0,"enemies":"Gremlin Nob","floor":10.0,"turns":3.0},{"damage":0.0,"enemies":"conspire:2 RoseBushes","floor":11.0,"turns":3.0},{"damage":0.0,"enemies":"Looter","floor":12.0,"turns":2.0},{"damage":0.0,"enemies":"Slime Boss","floor":16.0,"turns":4.0},{"damage":0.0,"enemies":"ruina:3_Bats","floor":18.0,"turns":3.0},{"damage":24.0,"enemies":"ruina:BadWolf","floor":21.0,"turns":3.0},{"damage":0.0,"enemies":"ruina:KnightOfDespair","floor":22.0,"turns":4.0},{"damage":0.0,"enemies":"ruina:Woodsman","floor":24.0,"turns":3.0},{"damage":0.0,"enemies":"ruina:3_Scarecrows","floor":25.0,"turns":3.0},{"damage":0.0,"enemies":"ruina:KnightOfDespair","floor":28.0,"turns":3.0},{"damage":0.0,"enemies":"ruina:Woodsman","floor":31.0,"turns":2.0},{"damage":13.0,"enemies":"ruina:Ozma","floor":33.0,"turns":5.0},{"damage":0.0,"enemies":"3 Darklings","floor":35.0,"turns":4.0},{"damage":0.0,"enemies":"Orb Walker","floor":38.0,"turns":3.0},{"damage":0.0,"enemies":"Writhing Mass","floor":41.0,"turns":4.0},{"damage":1.0,"enemies":"4 Shapes","floor":42.0,"turns":4.0},{"damage":10.0,"enemies":"Giant Head","floor":44.0,"turns":5.0},{"damage":2.0,"enemies":"Spire Growth","floor":45.0,"turns":2.0},{"damage":14.0,"enemies":"Nemesis","floor":46.0,"turns":3.0},{"damage":21.0,"enemies":"hubris:GrandSnecko","floor":50.0,"turns":5.0},{"damage":19.0,"enemies":"hubris:GrandSnecko","floor":51.0,"turns":4.0},{"damage":0,"enemies":"Shield and Spear","floor":55,"turns":4},{"damage":65,"enemies":"The Heart","floor":56,"turns":6}],"seed_played":"-8474397594479619232","potions_obtained":[{"floor":1.0,"key":"Milkshake"},{"floor":5.0,"key":"Adrenaline Potion"},{"floor":11.0,"key":"Ancient Potion"},{"floor":25.0,"key":"Energy Potion"},{"floor":33.0,"key":"sneckomod:MuddlingPotion"},{"floor":45.0,"key":"Adrenaline Potion"}],"is_trial":false,"path_per_floor":["M","?","M","M","M","R","E","R","T","E","M","M","R","?","R","B",null,"M","?","?","M","M","R","M","M","T","R","M","$","?","M","R","B",null,"M","$","?","M","?","R","M","M","T","E","M","E","R","AVR","R","B",null,null,"R","$","E","B",null],"character_chosen":"Librarian","items_purchased":["reliquary:SilkGlove","halation:Jellyphish","Vajra","CCEMRelics:ChainBlade","PageOfAlriune"],"campfire_rested":0,"item_purchase_floors":[29,29,36,54,54],"current_hp_per_floor":[60,60,60,60,60,60,60,60,60,60,60,60,60,60,60,60,85,85,88,88,64,64,64,64,64,64,76,79,79,79,79,94,93,98,99,99,99,99,60,78,78,83,83,86,84,79,99,99,99,78,63,90,99,99,65,13],"gold":57,"neow_bonus":"ONE_RANDOM_RARE_CARD","is_daily":false,"chose_seed":false,"campfire_upgraded":11,"win_rate":0.0,"timestamp":1614365597,"path_taken":["M","?","M","M","M","R","E","R","T","E","M","M","R","?","R","BOSS","M","?","?","M","M","R","M","M","T","R","?","$","?","M","R","BOSS","M","$","?","M","?","R","M","M","T","E","M","E","R","AVR","R","BOSS","R","$","E","BOSS"],"items_purchased_type":["Relic","Relic","Relic","Relic","Relic"],"build_version":"2020-12-22","purchased_purges":0,"victory":true,"max_hp_per_floor":[82,82,82,82,82,82,93,93,93,93,93,93,93,93,93,93,93,93,96,96,96,96,96,96,96,96,96,99,99,99,99,99,99,99,99,99,99,99,99,99,99,99,99,99,99,99,99,99,99,99,99,99,250,250,260,260],"card_choices":[{"not_picked":["Zzzzzap","BiAn","JiaoTu","SnakesPrey","Pound","Quickness","Gigigig","BlindFaith"],"picked":"BackAttack","floor":1.0},{"not_picked":["UncannyStrike","PuppetBlockade","FaintMemories","StrongStrike","DeepDrag","SinglePointStab","Quickness","Parry"],"picked":"Preparation","floor":3.0},{"not_picked":["StrongStrike","YoureTooSlow","CutIn","EnergyShield","InkOver","Laceration","StructuralAnalysis","Diversion"],"picked":"Reload","floor":4.0},{"not_picked":["PreemptiveStrike","BiAn","Collision","DesperateStruggle","BlazingStrike","YouOnlyLiveOnce","Bvapour","FleetEdge"],"picked":"ShockRound","floor":5.0},{"not_picked":["EnergyStrike","SunsetBlade","GrazeTheGrass","Transpierce","BlindFaith","MindWhip","EnergyCycle","BurningFlash"],"picked":"WildCard","floor":7.0},{"not_picked":["SmokingPipe","Thrust","StrikeDown","StartinOutLightly","GreatSerpentsImpact","Parry2","YourShield","ScatteringSlash","FeatherShield"],"picked":"SKIP","floor":10.0},{"not_picked":["SmokingPipe","Thrust","StrikeDown","StartinOutLightly","GreatSerpentsImpact","YourShield","ScatteringSlash","FeatherShield"],"picked":"Parry2","floor":10.0},{"not_picked":["Rampage_lor","PinpointShot","FlashingStrike","AbsorbImpact","UpbeatPerformance","FendThisOffIfYouCan","NightInTheBackstreets","SweepTheBackstreets"],"picked":"NonstopAssault","floor":11.0},{"not_picked":["StructuralAnalysis","Parry2","UpbeatPerformance","UnavoidableGaze","Pound","EnergyCycle","EndlessBattle","SmokingPipe"],"picked":"Execute_lor","floor":12.0},{"not_picked":["GoinFirst","RagingStormLove"],"picked":"UnforgettableMelody","floor":16.0},{"not_picked":["AssaultOrder","TendonChords","FlashOfSunup","SuppressingShot","HighKick","Tailoring+1","NightInTheBackstreets","Parry"],"picked":"FlowOfTheSword+1","floor":18.0},{"not_picked":["CoordinatedAssault+1","Thrust+1","DimensionalRift+1","PinpointShot","Rewind","KeepItFresh","StrongStrike","SnakesPrey+1"],"picked":"FierceCharge","floor":21.0},{"not_picked":["SerpentSwordTechnique","BiAn","GrazeTheGrass","UnforgettableMelody","Tailoring","UnavoidableGaze","DarkCloud+1","GreatSerpentsImpact+1"],"picked":"HardRehearsal+1","floor":22.0},{"not_picked":["BindingArms","Crush","EnergyConversion","Rewind","Marionette","UpbeatPerformance+1","Overcharge+1","Pound","ReadyUp"],"picked":"SKIP","floor":24.0},{"not_picked":["SnakesPrey+1","TheArtOfRapidSteps","PinpointShot","HiddenBlade+1","Faith","CoordinatedAssault","BlowItUp","MirageStorm"],"picked":"ExtremeEdge","floor":25.0},{"not_picked":["BackAttack","FieryWaltz","GatherIntel+1","YoureAHindrance","Ripple","UnavoidableGaze","BiteOff","AutomatedMovement"],"picked":"Mutilate","floor":28.0},{"not_picked":["Forethought","ReplayTheSpireMod:Necrogeddon","Replay:Parry","ReplayTheSpireMod:Uncanny Aura","SpeedBlade2_Colorless","Enlightenment","Apotheosis","Transmutation"],"picked":"Replay:Dark Deal","floor":30.0},{"not_picked":["HandOfGreed","Sharp Hide","Specialist","Madness","Dramatic Entrance","Poisoned Strike","Blind","Replay:Sssssssssstrike"],"picked":"Replay:Resounding Blow","floor":30.0},{"not_picked":["BladeWhirl","Outburst","ForTheFamily","SavageMode","FleetFootsteps+1","Wallop_lor","NightInTheBackstreets+1","FierceOnslaught","GuardingStance"],"picked":"SKIP","floor":31.0},{"not_picked":["TrashDisposal","CrackOfDawn"],"picked":"Commandeering","floor":33.0},{"not_picked":["beaked:Brace","Diversion+1","FendThisOffIfYouCan+1","beaked:CursingBlood+1","Thrust+1","Faith+1","DarkCloud+1","QuickAttack","DirtyBlow"],"picked":"MindWhip+1","floor":35.0},{"not_picked":["Outburst+1","ForcefulGesture","WaitUp+1","beaked:Insight+1","beaked:Evade+1","SturdyDefense+1","Diversion","SuppressingShot","EnergyCycle+1"],"picked":"beaked:Daydream+1","floor":38.0},{"not_picked":["DefenseOrder","MultiBlock+1","StrongStrike+1","Guardian_lor","ViolentFlame+1","Disposal","UpbeatPerformance","beaked:Brace","beaked:Cower"],"picked":"SwordOfVolition+1","floor":39.0},{"not_picked":["GuidanceOfTheGears+1","ClassAndRespect+1","Diversion+1","beaked:Windmill+1","SturdyDefense","Rewind","Leap_lor+1","AutomatedMovement+1","DefenseOrder"],"picked":"SweepTheBackstreets+1","floor":41.0},{"not_picked":["beaked:WarriorEssence","PreemptiveStrike","Preparation","ElectricShock","beaked:Insight","SuanNi","MultiBlock","beaked:Tradeoff+1","beaked:FeelMyPain+1"],"picked":"TendonChords+1","floor":42.0},{"not_picked":["BiAn+1","DimensionalRift","WillOfThePrescript","SwordOfVolition","beaked:Overpower","DefenseOrder","Thrust","SuanNi","TheWillOfTheCity+1"],"picked":"RushDown","floor":44.0},{"not_picked":["ConcentratedFire","ForcefulGesture","CumulusWall","FleshFillet","HiddenBlade","Pound+1","CoordinatedAssault+1","LawAndOrder","beaked:Windmill"],"picked":"Unlock1+1","floor":45.0},{"not_picked":["SummaryJudgment+1","DevastatingThrash+1","PinpointShot+1","YoureAHindrance","beaked:SurvivalInstinct","BackstreetsDash+1","MindWhip","beaked:WarriorEssence+1","ShrineToMusic"],"picked":"SunsetBlade+1","floor":46.0},{"not_picked":["StrongStrike","PreemptiveStrike+1","beaked:RuinSticks+1","SunsetBlade","CombatPreparation+1","GuidanceOfTheGears","Unlock1","Juggling","SturdyDefense"],"picked":"Multislash+1","floor":55}],"player_experience":1482884,"relics_obtained":[{"floor":1.0,"key":"LetterFromLob"},{"floor":7.0,"key":"aspiration:SeaSaltIceCream"},{"floor":9.0,"key":"PageOfMountain"},{"floor":10.0,"key":"Omamori"},{"floor":26.0,"key":"Eternal Feather"},{"floor":28.0,"key":"halation:EternalFortune"},{"floor":43.0,"key":"infinitespire:EmpoweringShard"},{"floor":44.0,"key":"infinitespire:Satchel"},{"floor":46.0,"key":"CCEMRelics:PorcelainBowl"},{"floor":55,"key":"Gremlin Food"}],"event_choices":[{"damage_healed":0.0,"max_hp_gain":0.0,"max_hp_loss":0.0,"gold_gain":0.0,"event_name":"Living Wall","player_choice":"Grow","floor":2.0,"gold_loss":0.0,"damage_taken":0.0,"cards_upgraded":["Observe"]},{"damage_healed":0.0,"max_hp_gain":0.0,"max_hp_loss":0.0,"gold_gain":69.0,"event_name":"Golden Wing","player_choice":"Gained Gold","floor":14.0,"gold_loss":0.0,"damage_taken":0.0},{"damage_healed":0.0,"max_hp_gain":0.0,"max_hp_loss":0.0,"gold_gain":2.0,"event_name":"betterStone:BetterStone","player_choice":"1","floor":30.0,"gold_loss":0.0,"damage_taken":0.0}],"is_beta":false,"boss_relics":[{"not_picked":["halation:ForbiddenBikini","aspiration:BardSkillbook"],"picked":"hubris:TerracottaHorce"},{"not_picked":["hubris:Stopwatch","hubris:GrandSneckoEye"],"picked":"aspiration:BeakedSkillbook"}],"items_purged_floors":[],"is_endless":false,"potions_floor_spawned":[1,5,7,11,16,18,25,33,35,44,45],"ascension_level":6}}