{"host":"359hz4210ybch7ku","time":1614342486,"event":{"mods":["BaseMod","Block Reminder","Colored Map","Colored Powertips","Highlight Path","Minty Spire (QoL Compilation)","Slay the Relics Exporter","StSLib"],"gold_per_floor":[112,62,62,78,78,108,108,132,132,132,145,145,162,87,87,186,186,204,222,222,237,237,237,272,272,272,126,157,173,173,48,48,147,147,157,8,27,27,39,39,69,69,69,69,119,152,163,186,186,186,186],"floor_reached":50,"language":"ENG","playtime":4446,"items_purged":["Strike_B","Strike_B","Defend_B"],"score":587,"play_id":"8c5d30b1-cbfe-4f4f-901f-193c90c62e4d","local_time":"20210226042806","is_ascension_mode":true,"campfire_choices":[{"data":"Machine Learning","floor":7,"key":"SMITH"},{"data":"Dualcast","floor":10,"key":"SMITH"},{"data":"Genetic Algorithm","floor":12,"key":"SMITH"},{"data":"Redo","floor":15,"key":"SMITH"},{"data":"Echo Form","floor":23,"key":"SMITH"},{"data":"Coolheaded","floor":25,"key":"SMITH"},{"data":"Redo","floor":30,"key":"SMITH"},{"data":"Hologram","floor":32,"key":"SMITH"},{"data":"Gash","floor":40,"key":"SMITH"},{"data":"Gash","floor":42,"key":"SMITH"},{"floor":44,"key":"REST"},{"data":"Seek","floor":49,"key":"SMITH"}],"circlet_count":0,"master_deck":["Strike_B+1","Defend_B+1","Defend_B","Zap","Dualcast+1","FTL","Machine Learning+1","Gash+1","Redo+1","Coolheaded+1","Genetic Algorithm+1","Streamline","Echo Form+1","Blizzard","Go for the Eyes+1","Hologram+1","Redo+1","Gash+1","Hologram+1","Seek+1","Streamline+1","Panache"],"relics":["FrozenCore","NeowsBlessing","Ginger","Odd Mushroom","CaptainsWheel","Thread and Needle","Meat on the Bone","Tiny Chest","Runic Dome","ClockworkSouvenir","Oddly Smooth Stone","The Courier","Unceasing Top","Toxic Egg 2"],"acts_visited":["Exordium","TheCity","TheBeyond"],"potions_floor_usage":[19,21,33,39,41,46,50],"damage_taken":[{"damage":0,"enemies":"Small Slimes","floor":1,"turns":1},{"damage":0,"enemies":"2 Louse","floor":4,"turns":1},{"damage":0,"enemies":"Lagavulin","floor":6,"turns":1},{"damage":28,"enemies":"The Mushroom Lair","floor":8,"turns":4},{"damage":4,"enemies":"Cultist","floor":11,"turns":3},{"damage":4,"enemies":"Exordium Wildlife","floor":13,"turns":4},{"damage":3,"enemies":"The Guardian","floor":16,"turns":11},{"damage":10,"enemies":"Chosen","floor":18,"turns":5},{"damage":8,"enemies":"2 Thieves","floor":19,"turns":5},{"damage":9,"enemies":"Snecko","floor":21,"turns":8},{"damage":26,"enemies":"Book of Stabbing","floor":24,"turns":8},{"damage":4,"enemies":"Gremlin Leader","floor":28,"turns":7},{"damage":0,"enemies":"Cultist and Chosen","floor":29,"turns":6},{"damage":18,"enemies":"Collector","floor":33,"turns":10},{"damage":0,"enemies":"Orb Walker","floor":35,"turns":4},{"damage":13,"enemies":"3 Darklings","floor":37,"turns":5},{"damage":14,"enemies":"4 Shapes","floor":39,"turns":4},{"damage":36,"enemies":"Reptomancer","floor":41,"turns":5},{"damage":0,"enemies":"Mind Bloom Boss Battle","floor":45,"turns":5},{"damage":3,"enemies":"Giant Head","floor":46,"turns":5},{"damage":0,"enemies":"Maw","floor":47,"turns":5},{"damage":64,"enemies":"Time Eater","floor":50,"turns":9}],"seed_played":"-7960945753970371649","potions_obtained":[{"floor":1,"key":"SteroidPotion"},{"floor":13,"key":"SpeedPotion"},{"floor":16,"key":"Fire Potion"},{"floor":18,"key":"ColorlessPotion"},{"floor":29,"key":"AttackPotion"},{"floor":33,"key":"ColorlessPotion"},{"floor":35,"key":"Explosive Potion"},{"floor":37,"key":"Block Potion"},{"floor":46,"key":"DistilledChaos"}],"is_trial":false,"path_per_floor":["M","?","?","M","?","E","R","?","T","R","M","R","M","$","R","B",null,"M","M","?","M","?","R","E","R","T","$","E","M","R","$","R","B",null,"M","$","M","?","M","R","E","R","T","R","?","E","M","T","R","B"],"character_chosen":"DEFECT","items_purchased":["Gash","ClockworkSouvenir"],"campfire_rested":1,"item_purchase_floors":[27,36],"current_hp_per_floor":[75,75,75,75,60,60,60,32,32,32,28,28,24,24,24,21,75,65,57,43,34,60,60,34,34,34,34,42,42,42,42,42,36,80,80,80,67,67,53,53,29,29,29,53,53,50,50,50,50,0,0],"gold":186,"neow_bonus":"THREE_ENEMY_KILL","is_daily":false,"chose_seed":false,"campfire_upgraded":11,"win_rate":0.0,"timestamp":1614342486,"path_taken":["M","?","?","M","?","E","R","?","T","R","M","R","M","?","R","BOSS","M","M","?","M","?","R","E","R","T","$","E","M","R","$","R","BOSS","M","$","M","?","M","R","E","R","T","R","?","E","M","?","R","BOSS"],"items_purchased_type":["Card","Relic"],"build_version":"2020-12-22","purchased_purges":3,"victory":false,"max_hp_per_floor":[75,75,75,75,75,75,75,75,75,75,75,75,75,75,75,75,75,75,75,80,80,80,80,80,80,80,80,80,80,80,80,80,80,80,80,80,80,80,80,80,80,80,80,80,80,80,80,80,80,80,80],"card_choices":[{"not_picked":["Aggregate","Go for the Eyes"],"picked":"FTL","floor":1},{"not_picked":["Blizzard","Leap"],"picked":"Gash","floor":4},{"not_picked":["Glacier","Stack"],"picked":"Redo","floor":6},{"not_picked":["Go for the Eyes","Leap"],"picked":"Coolheaded","floor":8},{"not_picked":["BootSequence","Coolheaded"],"picked":"Genetic Algorithm","floor":11},{"not_picked":["Barrage","Sweeping Beam"],"picked":"Streamline","floor":13},{"not_picked":["Thunder Strike","Buffer"],"picked":"Echo Form","floor":16},{"not_picked":["Rebound","Barrage+1"],"picked":"Blizzard","floor":18},{"not_picked":["Steam Power+1","Skim+1"],"picked":"Go for the Eyes+1","floor":19},{"not_picked":["BootSequence","Beam Cell"],"picked":"Hologram+1","floor":21},{"not_picked":["Aggregate","Leap"],"picked":"Redo","floor":24},{"not_picked":["Storm+1","Electrodynamics","Heatsinks"],"picked":"SKIP","floor":28},{"not_picked":["Compile Driver","Leap+1"],"picked":"Hologram","floor":29},{"not_picked":["Electrodynamics","Thunder Strike"],"picked":"Seek","floor":33},{"not_picked":["Chill","Redo+1","Aggregate+1"],"picked":"SKIP","floor":35},{"not_picked":["Leap","Auto Shields"],"picked":"Streamline+1","floor":37},{"not_picked":["Bandage Up","Chrysalis"],"picked":"Panache","floor":38},{"not_picked":["Redo","Cold Snap+1","Steam+1"],"picked":"SKIP","floor":39},{"not_picked":["Heatsinks+1","Force Field","Loop+1"],"picked":"SKIP","floor":41},{"not_picked":["Go for the Eyes","Beam Cell+1","Skim+1"],"picked":"SKIP","floor":46},{"not_picked":["Compile Driver+1","Loop","Leap+1"],"picked":"SKIP","floor":47}],"player_experience":365524,"relics_obtained":[{"floor":6,"key":"Ginger"},{"floor":8,"key":"Odd Mushroom"},{"floor":9,"key":"CaptainsWheel"},{"floor":24,"key":"Thread and Needle"},{"floor":26,"key":"Meat on the Bone"},{"floor":28,"key":"Tiny Chest"},{"floor":41,"key":"Oddly Smooth Stone"},{"floor":43,"key":"The Courier"},{"floor":45,"key":"Unceasing Top"},{"floor":46,"key":"Toxic Egg 2"}],"event_choices":[{"cards_removed":["Strike_B"],"damage_healed":0,"gold_gain":0,"player_choice":"Card Removal","damage_taken":0,"max_hp_gain":0,"max_hp_loss":0,"event_name":"The Cleric","floor":2,"gold_loss":50},{"damage_healed":0,"gold_gain":0,"cards_transformed":["Defend_B"],"player_choice":"Change","damage_taken":0,"max_hp_gain":0,"max_hp_loss":0,"event_name":"Living Wall","floor":3,"gold_loss":0,"cards_obtained":["Machine Learning"]},{"damage_healed":0,"gold_gain":0,"player_choice":"Entered Light","damage_taken":15,"max_hp_gain":0,"max_hp_loss":0,"event_name":"Shining Light","floor":5,"gold_loss":0,"cards_upgraded":["Strike_B","Defend_B"]},{"damage_healed":0,"gold_gain":0,"player_choice":"Fought Mushrooms","damage_taken":0,"max_hp_gain":0,"max_hp_loss":0,"event_name":"Mushrooms","floor":8,"gold_loss":0},{"damage_healed":0,"gold_gain":0,"player_choice":"Shed Blood","damage_taken":19,"max_hp_gain":5,"max_hp_loss":0,"event_name":"Forgotten Altar","floor":20,"gold_loss":0},{"damage_healed":26,"gold_gain":0,"player_choice":"Heal","damage_taken":0,"max_hp_gain":0,"max_hp_loss":0,"event_name":"The Library","floor":22,"gold_loss":0},{"damage_healed":0,"gold_gain":0,"player_choice":"Memory 1","damage_taken":0,"max_hp_gain":0,"max_hp_loss":0,"event_name":"SensoryStone","floor":38,"gold_loss":0},{"damage_healed":0,"gold_gain":0,"player_choice":"Fight","damage_taken":0,"max_hp_gain":0,"max_hp_loss":0,"event_name":"MindBloom","floor":45,"gold_loss":0}],"is_beta":false,"boss_relics":[{"not_picked":["Philosopher\u0027s Stone","Pandora\u0027s Box"],"picked":"FrozenCore"},{"not_picked":["Inserter","Snecko Eye"],"picked":"Runic Dome"}],"items_purged_floors":[14,27,31],"is_endless":false,"potions_floor_spawned":[1,13,16,18,29,33,35,37,46],"killed_by":"Time Eater","ascension_level":1}}