{"host":"y9t3brv5y5t41vuj","time":1614374890,"event":{"mods":["AchievementEnabler","BaseMod","BetterRewards","Block Reminder","Colored Map","Colored Powertips","Conspire","Highlight Path","Hubris","Infinite Spire","Minty Spire (QoL Compilation)","Quick Restart","Replay The Spire","Shop Mod","StSLib","SuperFastMode","Unceasing Turn Reminder"],"gold_per_floor":[111,37,37,37,37,72,82,116,116,126,51,68,68,86,86,181,181,195,195,195,181,2,2,16,16,16,49,11,11,11,25,25,127,127,145,145,149,149],"floor_reached":37,"language":"ENG","playtime":972,"items_purged":["Strike_G","Defend_G","Defend_G","Leg Sweep","Strike_G"],"score":803,"play_id":"8b71fac5-9925-42a6-a217-867e27d689cb","local_time":"20210226222810","is_ascension_mode":true,"campfire_choices":[{"data":"Caltrops","floor":13,"key":"SMITH"},{"data":"Defend_G","floor":15,"key":"PURGE"},{"data":"After Image","floor":23,"key":"SMITH"},{"data":"After Image","floor":29,"key":"SMITH"},{"floor":32,"key":"REST"}],"circlet_count":0,"master_deck":["Strike_G+1","Strike_G+1","Defend_G","Defend_G","Neutralize","AbeCurse","Backstab","Caltrops+1","Leg Sweep","Flash of Steel","After Image+1","Footwork","After Image+1","Poisoned Stab","Heel Hook+1","infinitespire:UltimateForm","Noxious Fumes"],"relics":["Ring of the Snake","MealTicket","MerchantsRug","Abe\u0027s Treasure","PreservedInsect","hubris:Towel","conspire:Dentures","ReplayTheSpireMod:TigerMarble","Busted Crown","Philosopher\u0027s Stone","Snake Skull","hubris:Reverence","hubris:PeanutButter","Membership Card","Empty Cage","hubris:Icosahedron"],"acts_visited":["Exordium","TheCity","TheBeyond"],"potions_floor_usage":[16,21,27,33,33,37],"damage_taken":[{"damage":1,"enemies":"Small Slimes","floor":1,"turns":3},{"damage":9,"enemies":"Gremlin Nob","floor":6,"turns":4},{"damage":0,"enemies":"Cultist","floor":7,"turns":4},{"damage":13,"enemies":"3 Sentries","floor":8,"turns":8},{"damage":0,"enemies":"2 Louse","floor":10,"turns":2},{"damage":1,"enemies":"Exordium Wildlife","floor":12,"turns":4},{"damage":0,"enemies":"conspire:2 RoseBushes","floor":14,"turns":4},{"damage":17,"enemies":"Slime Boss","floor":16,"turns":10},{"damage":0,"enemies":"Chosen","floor":18,"turns":6},{"damage":11,"enemies":"2 Thieves","floor":21,"turns":4},{"damage":0,"enemies":"Shelled Parasite and Fungi","floor":24,"turns":4},{"damage":11,"enemies":"Book of Stabbing","floor":27,"turns":4},{"damage":0,"enemies":"Centurion and Healer","floor":31,"turns":6},{"damage":0,"enemies":"conspire:MysteriousRune","floor":33,"turns":7},{"damage":52,"enemies":"3 Darklings","floor":35,"turns":7},{"damage":19,"enemies":"conspire:MimicChest","floor":37,"turns":4}],"seed_played":"-8513436093425927706","potions_obtained":[{"floor":10,"key":"CunningPotion"},{"floor":12,"key":"Swift Potion"},{"floor":14,"key":"ColorlessPotion"},{"floor":16,"key":"Doom Potion"},{"floor":21,"key":"PowerPotion"},{"floor":24,"key":"Block Potion"},{"floor":33,"key":"BlessingOfTheForge"}],"is_trial":false,"path_per_floor":["M","$","?","?","?","E","M","E","T","M","$","M","R","M","R_BF","B",null,"M","AVR","?","M","$","R","M","?","T","E","$","R","$","M","R","B",null,"M","?","?"],"character_chosen":"THE_SILENT","items_purchased":["MealTicket","MerchantsRug","Guide Book","Caltrops","Flash of Steel","Heel Hook+1","Noxious Fumes","Membership Card"],"campfire_rested":1,"item_purchase_floors":[0,0,0,2,11,22,28,30],"current_hp_per_floor":[55,70,70,70,70,61,61,48,48,48,63,62,62,62,62,45,64,64,64,64,53,68,68,68,51,51,40,55,55,40,40,61,61,68,16,16,0,0],"gold":149,"neow_bonus":"","is_daily":false,"chose_seed":false,"campfire_upgraded":3,"win_rate":0.0,"timestamp":1614374890,"path_taken":["M","$","?","?","?","E","?","E","T","M","$","M","R","M","R_BF","BOSS","M","AVR","?","M","$","R","M","?","T","E","$","R","?","M","R","BOSS","M","?","?"],"items_purchased_type":["Relic","Relic","Relic","Card","Card","Card","Card","Relic"],"build_version":"2020-12-22","purchased_purges":5,"victory":false,"max_hp_per_floor":[70,70,70,70,70,70,70,70,70,70,70,70,70,70,70,70,70,70,70,70,70,70,70,70,70,70,70,70,70,70,70,70,70,70,70,70,70,70],"card_choices":[{"not_picked":["Leg Sweep","Infinite Blades"],"picked":"Backstab","floor":1},{"not_picked":["ReplayTheSpireMod:Tripwire","Escape Plan","Prepared"],"picked":"SKIP","floor":6},{"not_picked":["Sneak Up","Acrobatics"],"picked":"Leg Sweep","floor":7},{"not_picked":["Leg Sweep","Draining Mist","Storm of Steel"],"picked":"SKIP","floor":8},{"not_picked":["Draining Mist","Storm of Steel"],"picked":"Leg Sweep","floor":8},{"not_picked":["Hidden Blade","Toxin Wave","Setup"],"picked":"SKIP","floor":10},{"not_picked":["Poisoned Stab","hubris:TrickCloak"],"picked":"After Image","floor":12},{"not_picked":["Draining Mist","Cloak And Dagger"],"picked":"Footwork","floor":14},{"not_picked":["Wraith Form v2","Malaise"],"picked":"After Image","floor":16},{"not_picked":["Blade Dance"],"picked":"SKIP","floor":18},{"not_picked":[],"picked":"Poisoned Stab","floor":21},{"not_picked":["PiercingWail+1"],"picked":"SKIP","floor":24},{"not_picked":["infinitespire:Fortify","hubris:Rewind"],"picked":"infinitespire:UltimateForm","floor":25},{"not_picked":["Draining Mist+1"],"picked":"SKIP","floor":27},{"not_picked":["Outmaneuver"],"picked":"SKIP","floor":31},{"not_picked":["Sucker Punch"],"picked":"SKIP","floor":35}],"player_experience":564740,"relics_obtained":[{"floor":3,"key":"PreservedInsect"},{"floor":6,"key":"conspire:Dentures"},{"floor":8,"key":"ReplayTheSpireMod:TigerMarble"},{"floor":9,"key":"Letter Opener"},{"floor":26,"key":"hubris:Reverence"},{"floor":27,"key":"hubris:PeanutButter"}],"event_choices":[{"damage_healed":0,"gold_gain":0,"cards_transformed":["Strike_G"],"player_choice":"Transformed","damage_taken":0,"max_hp_gain":0,"max_hp_loss":0,"event_name":"Transmorgrifier","floor":5,"gold_loss":0,"cards_obtained":["Replay:Poison Smokescreen"]},{"damage_healed":0,"gold_gain":0,"player_choice":"Ignored","damage_taken":0,"max_hp_gain":0,"max_hp_loss":0,"event_name":"Ghosts","floor":20,"gold_loss":0}],"is_beta":false,"boss_relics":[{"not_picked":["Astrolabe","ChewingGum"],"picked":"Busted Crown"},{"not_picked":["conspire:RoyalGoblet","WristBlade"],"picked":"Empty Cage"}],"items_purged_floors":[0,11,19,22,30],"is_endless":false,"potions_floor_spawned":[10,12,14,16,21,24,33],"killed_by":"conspire:MimicChest","ascension_level":7}}