{"host":"gsjtu2nhjj0xfoom","time":1614333721,"event":{"mods":["BaseMod","Colored Map","Colored Powertips","Highlight Path","Minty Spire (QoL Compilation)","Permanent Neow","StSLib"],"gold_per_floor":[112,129,304,323,336,336,369,385,385,385,420,440,458,484,484,586,586,596,45,45,61,61,61,61,61,61,80,120,120,151,165,165,274,274,290,290,306,335,75,75,84,84,93,93,122,122,138,170,170,170],"floor_reached":51,"language":"ENG","playtime":4809,"items_purged":["Doubt"],"score":1140,"play_id":"156f36e7-7021-4924-aad3-9a223ef8ea61","local_time":"20210226110201","is_ascension_mode":true,"campfire_choices":[{"data":"Bludgeon","floor":6.0,"key":"SMITH"},{"data":"Cleave","floor":10.0,"key":"SMITH"},{"floor":15.0,"key":"REST"},{"data":"Mayhem","floor":23.0,"key":"SMITH"},{"data":"Shockwave","floor":25.0,"key":"SMITH"},{"floor":29,"key":"REST"},{"floor":32,"key":"REST"},{"data":"Demon Form","floor":40,"key":"SMITH"},{"data":"Battle Trance","floor":42,"key":"SMITH"},{"floor":46,"key":"REST"},{"floor":49,"key":"REST"}],"circlet_count":0,"master_deck":["AscendersBane","Bash","CurseOfTheBell","Ghostly Armor","Disarm","Twin Strike","Bludgeon+1","Cleave+1","Shrug It Off","Shrug It Off","Metallicize","Impervious","Headbutt+1","Fire Breathing","Mayhem+1","Shockwave+1","Battle Trance+1","Demon Form+1","Spot Weakness+1","Shrug It Off+1","Forethought+1","Reckless Charge+1"],"relics":["Calling Bell","Pen Nib","Blue Candle","StoneCalendar","Du-Vu Doll","Matryoshka","Ornamental Fan","Odd Mushroom","Regal Pillow","Pandora\u0027s Box","Oddly Smooth Stone","Vajra","Toy Ornithopter","Singing Bowl","Nunchaku","Pocketwatch","CeramicFish","Toxic Egg 2","Cursed Key","Bronze Scales","Kunai","TungstenRod"],"acts_visited":["Exordium","TheCity","TheBeyond"],"potions_floor_usage":[50,50,50],"damage_taken":[{"damage":14.0,"enemies":"Jaw Worm","floor":1.0,"turns":7.0},{"damage":5.0,"enemies":"Small Slimes","floor":2.0,"turns":4.0},{"damage":0.0,"enemies":"2 Louse","floor":4.0,"turns":3.0},{"damage":8.0,"enemies":"Red Slaver","floor":5.0,"turns":6.0},{"damage":8.0,"enemies":"Gremlin Nob","floor":7.0,"turns":3.0},{"damage":3.0,"enemies":"Exordium Wildlife","floor":8.0,"turns":3.0},{"damage":22.0,"enemies":"3 Sentries","floor":11.0,"turns":4.0},{"damage":4.0,"enemies":"The Mushroom Lair","floor":12.0,"turns":3.0},{"damage":1.0,"enemies":"Looter","floor":13.0,"turns":2.0},{"damage":0.0,"enemies":"Gremlin Nob","floor":14.0,"turns":1.0},{"damage":19.0,"enemies":"Hexaghost","floor":16.0,"turns":9.0},{"damage":2.0,"enemies":"Chosen","floor":18.0,"turns":5.0},{"damage":2.0,"enemies":"Shell Parasite","floor":21.0,"turns":4.0},{"damage":5.0,"enemies":"Centurion and Healer","floor":27.0,"turns":3.0},{"damage":36,"enemies":"Gremlin Leader","floor":28,"turns":7},{"damage":2,"enemies":"Book of Stabbing","floor":30,"turns":7},{"damage":21,"enemies":"Snake Plant","floor":31,"turns":4},{"damage":55,"enemies":"Automaton","floor":33,"turns":10},{"damage":0,"enemies":"3 Shapes","floor":35,"turns":5},{"damage":23,"enemies":"3 Darklings","floor":37,"turns":5},{"damage":0,"enemies":"Maw","floor":38,"turns":7},{"damage":22,"enemies":"4 Shapes","floor":45,"turns":4},{"damage":23,"enemies":"Transient","floor":47,"turns":5},{"damage":12,"enemies":"Nemesis","floor":48,"turns":5},{"damage":31,"enemies":"Donu and Deca","floor":50,"turns":8}],"seed_played":"-2115328558802950918","potions_obtained":[{"floor":1.0,"key":"Swift Potion"},{"floor":4.0,"key":"AttackPotion"},{"floor":11.0,"key":"Ancient Potion"},{"floor":13.0,"key":"SpeedPotion"},{"floor":27.0,"key":"Weak Potion"},{"floor":36,"key":"LiquidMemories"},{"floor":37,"key":"CultistPotion"}],"is_trial":false,"path_per_floor":["M","M","?","M","M","R","E","M","T","R","E","?","M","E","R","B",null,"M","$","?","M","T","R","$","R","T","M","E","R","E","M","R","B",null,"M","?","M","M","$","R","?","R","T","?","M","R","M","E","R","B",null],"character_chosen":"IRONCLAD","items_purchased":["Fire Breathing","Mayhem","Oddly Smooth Stone","Vajra","Shrug It Off+1","Bronze Scales"],"campfire_rested":5,"item_purchase_floors":[19,19,19,19,39,39],"current_hp_per_floor":[58,53,53,53,45,45,37,34,34,34,12,8,7,7,46,27,67,65,65,65,63,63,63,63,63,63,60,24,63,63,44,84,29,72,74,74,53,53,53,53,53,53,53,53,31,73,52,42,85,63],"gold":170,"neow_bonus":"BOSS_RELIC","is_daily":false,"chose_seed":false,"campfire_upgraded":6,"win_rate":0.0,"timestamp":1614333721,"path_taken":["M","M","?","M","M","R","E","M","T","R","E","?","M","E","R","BOSS","M","$","?","M","?","R","?","R","T","?","E","R","E","M","R","BOSS","M","?","?","M","$","R","?","R","T","?","M","R","M","E","R","BOSS"],"items_purchased_type":["Card","Card","Relic","Relic","Card","Relic"],"build_version":"2020-12-22","purchased_purges":1,"victory":true,"max_hp_per_floor":[80,80,80,80,80,80,80,80,80,80,80,80,80,80,80,80,80,80,80,80,80,80,80,80,80,80,82,82,82,84,86,86,86,86,88,88,90,90,90,90,90,90,90,90,90,90,92,94,94,94],"card_choices":[{"not_picked":["Clash","Thunderclap"],"picked":"Ghostly Armor","floor":1.0},{"not_picked":["Thunderclap","Heavy Blade"],"picked":"Disarm","floor":2.0},{"not_picked":["Clash","Searing Blow"],"picked":"Twin Strike","floor":4.0},{"not_picked":["Warcry","Blood for Blood"],"picked":"Bludgeon","floor":5.0},{"not_picked":["Armaments","Brutality"],"picked":"Cleave","floor":7.0},{"not_picked":["Infernal Blade","Havoc","Wild Strike"],"picked":"SKIP","floor":8.0},{"not_picked":["Combust","True Grit"],"picked":"Shrug It Off","floor":11.0},{"not_picked":["Rampage","Clash"],"picked":"Shrug It Off","floor":12.0},{"not_picked":["Flex","Headbutt"],"picked":"Metallicize","floor":13.0},{"not_picked":["Havoc","Dropkick","Seeing Red"],"picked":"SKIP","floor":14.0},{"not_picked":["Reaper","Berserk"],"picked":"Impervious","floor":16.0},{"not_picked":["Heavy Blade","Hemokinesis"],"picked":"Headbutt+1","floor":18.0},{"not_picked":["Carnage","Clash","Blood for Blood"],"picked":"SKIP","floor":21.0},{"not_picked":["Pommel Strike","Iron Wave","Rage"],"picked":"Singing Bowl","floor":27.0},{"not_picked":["Inflame","Hemokinesis"],"picked":"Battle Trance","floor":28},{"not_picked":["Brutality","Heavy Blade","Thunderclap+1"],"picked":"Singing Bowl","floor":30},{"not_picked":["Infernal Blade+1","Clash","Thunderclap"],"picked":"Singing Bowl","floor":31},{"not_picked":["Fiend Fire","Offering+1"],"picked":"Demon Form","floor":33},{"not_picked":["Havoc+1","Body Slam","Searing Blow"],"picked":"Singing Bowl","floor":35},{"not_picked":["Perfected Strike+1","Wild Strike+1","Flex+1"],"picked":"Singing Bowl","floor":37},{"not_picked":["Inflame","Heavy Blade"],"picked":"Spot Weakness+1","floor":38},{"not_picked":["Magnetism","Bandage Up+1"],"picked":"Forethought+1","floor":41},{"not_picked":["Heavy Blade+1","Whirlwind"],"picked":"Reckless Charge+1","floor":45},{"not_picked":["Headbutt","Body Slam+1","Bloodletting+1"],"picked":"Singing Bowl","floor":47},{"not_picked":["Havoc+1","Flex+1","Heavy Blade"],"picked":"Singing Bowl","floor":48}],"player_experience":1382207,"relics_obtained":[{"floor":0.0,"key":"Pen Nib"},{"floor":0.0,"key":"Blue Candle"},{"floor":0.0,"key":"StoneCalendar"},{"floor":7.0,"key":"Du-Vu Doll"},{"floor":9.0,"key":"Matryoshka"},{"floor":11.0,"key":"Ornamental Fan"},{"floor":12.0,"key":"Odd Mushroom"},{"floor":14.0,"key":"Regal Pillow"},{"floor":22.0,"key":"Toy Ornithopter"},{"floor":22.0,"key":"Singing Bowl"},{"floor":26.0,"key":"Nunchaku"},{"floor":26.0,"key":"Pocketwatch"},{"floor":28,"key":"CeramicFish"},{"floor":30,"key":"Toxic Egg 2"},{"floor":43,"key":"Kunai"},{"floor":48,"key":"TungstenRod"}],"event_choices":[{"damage_healed":0.0,"max_hp_gain":0.0,"max_hp_loss":0.0,"gold_gain":175.0,"event_name":"Liars Game","player_choice":"AGREE","floor":3.0,"gold_loss":0.0,"damage_taken":0.0,"cards_obtained":["Doubt"]},{"damage_healed":0.0,"max_hp_gain":0.0,"max_hp_loss":0.0,"gold_gain":0.0,"event_name":"Mushrooms","player_choice":"Fought Mushrooms","floor":12.0,"gold_loss":0.0,"damage_taken":0.0},{"damage_healed":0.0,"max_hp_gain":0.0,"max_hp_loss":0.0,"gold_gain":0.0,"event_name":"The Library","player_choice":"Read","floor":20.0,"gold_loss":0.0,"damage_taken":0.0,"cards_obtained":["Shockwave"]},{"damage_healed":0,"gold_gain":0,"player_choice":"Got Potions","damage_taken":0,"max_hp_gain":0,"max_hp_loss":0,"event_name":"Lab","floor":36,"gold_loss":0},{"damage_healed":0,"gold_gain":0,"player_choice":"Memory 1","damage_taken":0,"max_hp_gain":0,"max_hp_loss":0,"event_name":"SensoryStone","floor":41,"gold_loss":0},{"cards_removed":["Doubt"],"damage_healed":0,"gold_gain":0,"player_choice":"Removed Curses","damage_taken":0,"max_hp_gain":0,"max_hp_loss":0,"event_name":"Fountain of Cleansing","floor":44,"gold_loss":0}],"is_beta":false,"boss_relics":[{"not_picked":["Ectoplasm","Mark of Pain"],"picked":"Pandora\u0027s Box"},{"not_picked":["Philosopher\u0027s Stone","Coffee Dripper"],"picked":"Cursed Key"}],"items_purged_floors":[39],"is_endless":false,"potions_floor_spawned":[1,4,11,13,27,30,33,37,45],"ascension_level":10}}