{"host":"5bsc0nab6whpyrbj","time":1614377149,"event":{"mods":["AchievementEnabler","BaseMod","BetterRewards","Colored Map","Dark Map","Downfall","Highlight Path","Infinite Spire","Minty Spire (QoL Compilation)","StSLib"],"gold_per_floor":[109,109,284,14,14,14,14,14,14,14,14],"floor_reached":10,"language":"ENG","playtime":235,"items_purged":[],"score":52,"play_id":"dd60d7a6-a9d6-4253-bd09-28348f9ee05a","local_time":"20210226170549","is_ascension_mode":false,"campfire_choices":[{"floor":6,"key":"RECALL"},{"data":"Storm","floor":8,"key":"SMITH"}],"circlet_count":0,"master_deck":["Strike_B","Strike_B","Strike_B","Strike_B","Defend_B","Defend_B","Defend_B","Defend_B","Zap","Dualcast","Storm+1","Impatience","Loop","Redo","Sunder","Capacitor","Doubt","Defragment","Panache","Injury"],"relics":["Cracked Core","Membership Card","Golden Idol","CultistMask"],"acts_visited":["Exordium"],"potions_floor_usage":[10],"damage_taken":[{"damage":11.0,"enemies":"Jaw Worm","floor":1.0,"turns":3.0},{"damage":63,"enemies":"Nightmare","floor":10,"turns":7}],"seed_played":"-7756279160553978678","potions_obtained":[{"floor":1.0,"key":"LiquidMemories"}],"is_trial":false,"path_per_floor":["M","?","?","$","?","R","?","R","T","NM"],"character_chosen":"DEFECT","items_purchased":["Storm","Redo","Sunder","Membership Card","Defragment","Panache"],"campfire_rested":0,"item_purchase_floors":[0,0,0,4,4,4],"current_hp_per_floor":[56,56,56,56,56,56,56,56,56,0,0],"gold":14,"neow_bonus":"","is_daily":false,"chose_seed":false,"campfire_upgraded":1,"win_rate":0.0,"timestamp":1614377149,"path_taken":["M","?","?","$","?","R","?","R","T","NM"],"items_purchased_type":["Card","Card","Card","Relic","Card","Card"],"build_version":"2020-12-22","purchased_purges":0,"victory":false,"max_hp_per_floor":[75,75,75,75,75,75,75,75,75,75,75],"card_choices":[{"not_picked":["Lockon","Sweeping Beam"],"picked":"Capacitor","floor":1.0}],"player_experience":132329,"relics_obtained":[],"event_choices":[{"damage_healed":0,"gold_gain":0,"player_choice":"Fled","damage_taken":0,"max_hp_gain":0,"max_hp_loss":0,"event_name":"Scrap Ooze","floor":2,"gold_loss":0},{"damage_healed":0,"gold_gain":175,"player_choice":"AGREE","damage_taken":0,"max_hp_gain":0,"max_hp_loss":0,"event_name":"Liars Game","floor":3,"gold_loss":0,"cards_obtained":["Doubt"]},{"damage_healed":0,"gold_gain":0,"player_choice":"Take Wound","damage_taken":0,"relics_obtained":["Golden Idol"],"max_hp_gain":0,"max_hp_loss":0,"event_name":"Golden Idol","floor":5,"gold_loss":0,"cards_obtained":["Injury"]},{"damage_healed":0,"gold_gain":0,"player_choice":"Trade","damage_taken":0,"relics_obtained":["CultistMask"],"max_hp_gain":0,"max_hp_loss":0,"event_name":"FaceTrader","floor":7,"gold_loss":0}],"is_beta":false,"boss_relics":[],"items_purged_floors":[],"is_endless":false,"potions_floor_spawned":[1],"killed_by":"Nightmare","ascension_level":0}}