{"host":"6to8m083wj0ro91z","time":1614375150,"event":{"mods":["BaseMod","Better Third Choice","BetterRewards","CatGirl Mod","ChefMod","Friendly Minions","Mad Scientist","Marisa????????","Minty Spire (QoL Compilation)","Onozuka Komachi Mod","QueenMod","Robot Space Explorer","Shade Mod","Shapeshifter Mod","Spicy Shops","StSLib","The Blackbeard","The Death Knight","The Elementalist","The Gatherer","The Marked","The Mystic","The Necromancer","The Runesmith","The Servant 0.9.4","The Showman","The Vixen","Yohane!"],"gold_per_floor":[114,114,127,127,146,146,181,191,191,217,217,232,267,27,27,123,123,134,147,247,258,258,284,302,627,674,699,711,743,743,762,762,866,866,884,899,638,838,854,886,886,920,920,937,937,444,444,444,444,444,444,444,90,120,120],"floor_reached":56,"language":"ENG","playtime":3386,"items_purged":["QueenMod:Strike","QueenMod:Defend","QueenMod:Strike","QueenMod:Strike","QueenMod:Recruit","Writhe","QueenMod:Defend"],"score":2062,"play_id":"79193985-51e9-4e7b-81a6-8672b98fd06b","local_time":"20210226223230","is_ascension_mode":true,"campfire_choices":[{"data":"QueenMod:Incubate","floor":6.0,"key":"SMITH"},{"data":"QueenMod:FlankingStrike","floor":11.0,"key":"SMITH"},{"data":"QueenMod:PollenBlast","floor":15.0,"key":"SMITH"},{"data":"QueenMod:HexGuard","floor":30.0,"key":"SMITH"},{"data":"QueenMod:PopulateOrder","floor":32.0,"key":"SMITH"},{"data":"QueenMod:FlankingStrike","floor":41,"key":"SMITH"},{"floor":45,"key":"RECALL"},{"data":"Sadistic Nature","floor":47,"key":"SMITH"},{"data":"Panacea","floor":49,"key":"SMITH"},{"data":"QueenMod:BirthingCells","floor":52,"key":"SMITH"}],"circlet_count":0,"master_deck":["QueenMod:Defend+1","QueenMod:Defend","QueenMod:QuickJabs+1","QueenMod:FlankingStrike+1","QueenMod:PollenBlast+1","QueenMod:FlankingStrike+1","QueenMod:Incubate+1","QueenMod:PopulateOrder+1","QueenMod:SwarmingStrike+1","QueenMod:WarriorDrones","QueenMod:BirthingCells+1","QueenMod:HexGuard+1","QueenMod:EliteSoldiers+1","QueenMod:HoldPosition+1","Sadistic Nature+1","Panacea+1"],"relics":["QueenMod:QueensBanner","Membership Card","ClockworkSouvenir","Oddly Smooth Stone","InkBottle","Whetstone","Letter Opener","Ginger","FossilizedHelix","Unceasing Top","Bronze Scales","Medical Kit","Strawberry","Cursed Key","White Beast Statue","Vajra","Old Coin","Ice Cream","Runesmith:AutoHammer","Bag of Marbles","Ornamental Fan","Lizard Tail","Turnip","DeathKnight:PutricidesVial","Pen Nib","Anchor","HandDrill","War Paint","PreservedInsect","Lee\u0027s Waffle","TheAbacus","Bag of Preparation","Runesmith:Nanobots","Happy Flower"],"acts_visited":["Exordium","TheCity","TheBeyond","TheEnding"],"potions_floor_usage":[36,55,55,55,55,55],"damage_taken":[{"damage":0.0,"enemies":"Small Slimes","floor":1.0,"turns":3.0},{"damage":0.0,"enemies":"Jaw Worm","floor":3.0,"turns":4.0},{"damage":0.0,"enemies":"Cultist","floor":5.0,"turns":3.0},{"damage":0.0,"enemies":"Gremlin Nob","floor":7.0,"turns":2.0},{"damage":0.0,"enemies":"Exordium Wildlife","floor":8.0,"turns":2.0},{"damage":10.0,"enemies":"3 Sentries","floor":10.0,"turns":6.0},{"damage":0.0,"enemies":"Red Slaver","floor":12.0,"turns":2.0},{"damage":0.0,"enemies":"Lagavulin","floor":13.0,"turns":4.0},{"damage":0.0,"enemies":"Slime Boss","floor":16.0,"turns":6.0},{"damage":0.0,"enemies":"Chosen","floor":18.0,"turns":3.0},{"damage":0.0,"enemies":"Spheric Guardian","floor":19.0,"turns":4.0},{"damage":0.0,"enemies":"Snecko","floor":21.0,"turns":3.0},{"damage":0.0,"enemies":"Gremlin Leader","floor":23.0,"turns":4.0},{"damage":0.0,"enemies":"Centurion and Healer","floor":24.0,"turns":3.0},{"damage":0.0,"enemies":"Slavers","floor":25.0,"turns":3.0},{"damage":0.0,"enemies":"Gremlin Leader","floor":27.0,"turns":4.0},{"damage":5.0,"enemies":"Chosen and Byrds","floor":28.0,"turns":3.0},{"damage":0.0,"enemies":"Book of Stabbing","floor":29.0,"turns":4.0},{"damage":0.0,"enemies":"Cultist and Chosen","floor":31.0,"turns":3.0},{"damage":0.0,"enemies":"Collector","floor":33.0,"turns":6.0},{"damage":0,"enemies":"Orb Walker","floor":35,"turns":3},{"damage":3,"enemies":"3 Shapes","floor":36,"turns":1},{"damage":0,"enemies":"Writhing Mass","floor":39,"turns":6},{"damage":0,"enemies":"Giant Head","floor":40,"turns":6},{"damage":11,"enemies":"Nemesis","floor":42,"turns":5},{"damage":0,"enemies":"Spire Growth","floor":44,"turns":4},{"damage":0,"enemies":"Time Eater","floor":50,"turns":7},{"damage":0,"enemies":"Shield and Spear","floor":54,"turns":2},{"damage":6,"enemies":"The Heart","floor":55,"turns":4}],"seed_played":"-3551303164012112122","potions_obtained":[{"floor":1.0,"key":"Energy Potion"},{"floor":5.0,"key":"BlessingOfTheForge"},{"floor":7.0,"key":"DistilledChaos"},{"floor":13.0,"key":"SneckoOil"},{"floor":19.0,"key":"EssenceOfSteel"},{"floor":21.0,"key":"Strength Potion"},{"floor":28.0,"key":"EntropicBrew"},{"floor":36,"key":"DistilledChaos"}],"is_trial":false,"path_per_floor":["M","?","M","?","M","R","E","M","T","E","R","M","E","$","R","B",null,"M","M","?","M","?","E","M","E","T","E","M","E","R","M","R","B",null,"M","M","$","?","M","E","R","E","T","M","R","$","R","?","R","B",null,"R","$","E","B",null],"character_chosen":"THE_QUEEN","items_purchased":["Membership Card","ClockworkSouvenir","Oddly Smooth Stone","InkBottle","QueenMod:FlankingStrike","QueenMod:BirthingCells","Whetstone","Letter Opener","SteroidPotion","Medical Kit","Strawberry","Bag of Marbles","Ornamental Fan","Sadistic Nature","Anchor","HandDrill","War Paint","PreservedInsect","Lee\u0027s Waffle","TheAbacus","Bag of Preparation","Runesmith:Nanobots"],"campfire_rested":0,"item_purchase_floors":[0,0,0,0,0,0,0,0,0,14,14,37,37,46,46,46,46,46,53,53,53,53],"current_hp_per_floor":[28,28,28,28,28,28,28,28,28,18,18,18,18,25,25,25,82,82,82,82,82,82,82,82,82,82,82,77,77,77,77,77,77,82,82,79,79,79,79,79,79,68,68,68,68,68,68,68,68,68,82,82,89,89,83],"gold":120,"neow_bonus":"","is_daily":false,"chose_seed":false,"campfire_upgraded":9,"win_rate":0.0,"timestamp":1614375150,"path_taken":["M","?","M","?","M","R","E","M","T","E","R","M","E","?","R","BOSS","M","M","?","M","?","E","M","E","T","E","M","E","R","M","R","BOSS","M","M","$","?","M","E","R","E","T","M","R","$","R","?","R","BOSS","R","$","E","BOSS"],"items_purchased_type":["Relic","Relic","Relic","Relic","Card","Card","Relic","Relic","Potion","Relic","Relic","Relic","Relic","Card","Relic","Relic","Relic","Relic","Relic","Relic","Relic","Relic"],"build_version":"2020-12-22","purchased_purges":7,"victory":true,"max_hp_per_floor":[75,75,75,75,75,75,75,75,75,75,75,75,75,82,82,82,82,82,82,82,82,82,82,82,82,82,82,82,82,82,82,82,82,82,82,82,82,82,82,82,82,82,82,82,82,82,82,82,82,82,82,82,89,89,89],"card_choices":[{"not_picked":["QueenMod:SwarmingStrike","QueenMod:HexGuard"],"picked":"QueenMod:PollenBlast","floor":1.0},{"not_picked":["QueenMod:StrategicGenius","QueenMod:Parry"],"picked":"QueenMod:FlankingStrike","floor":3.0},{"not_picked":["QueenMod:PheremoneSwap","QueenMod:MatingDance"],"picked":"QueenMod:Incubate","floor":5.0},{"not_picked":["QueenMod:HornetSwarm","QueenMod:PollenBlast"],"picked":"QueenMod:PopulateOrder","floor":7.0},{"not_picked":["QueenMod:Conscripts","QueenMod:PollenBlast","QueenMod:CrossGuard"],"picked":"SKIP","floor":8.0},{"not_picked":["QueenMod:HoneyShield","QueenMod:PopulateOrder","QueenMod:Flyby"],"picked":"SKIP","floor":10.0},{"not_picked":["QueenMod:Regroup","QueenMod:Parry","QueenMod:Charge"],"picked":"SKIP","floor":12.0},{"not_picked":["QueenMod:PerfectLanding","QueenMod:WorkerDrones","QueenMod:PopulateOrder"],"picked":"SKIP","floor":13.0},{"not_picked":["QueenMod:HornetSwarm","QueenMod:KillerBee"],"picked":"QueenMod:RoyalBanquet","floor":16.0},{"not_picked":["QueenMod:ChainStrike","QueenMod:PollenBlast"],"picked":"QueenMod:SwarmingStrike+1","floor":18.0},{"not_picked":["QueenMod:PopulateOrder","QueenMod:Incubate"],"picked":"QueenMod:WarriorDrones","floor":19.0},{"not_picked":["QueenMod:Incubate","QueenMod:Conscripts+1"],"picked":"QueenMod:BirthingCells","floor":21.0},{"not_picked":["QueenMod:Lunge","QueenMod:WarBuzz"],"picked":"QueenMod:HexGuard","floor":23.0},{"not_picked":["QueenMod:Feast","QueenMod:Ambush+1","QueenMod:HiveNetwork"],"picked":"SKIP","floor":24.0},{"not_picked":["QueenMod:Incubate+1","QueenMod:HexGuard","QueenMod:Regroup"],"picked":"SKIP","floor":25.0},{"not_picked":["QueenMod:Flyby+1","QueenMod:Fleche","QueenMod:Incubate"],"picked":"SKIP","floor":27.0},{"not_picked":["QueenMod:Gather+1","QueenMod:Parry+1","QueenMod:Mark"],"picked":"SKIP","floor":28.0},{"not_picked":["QueenMod:ScoutingParty","QueenMod:AttackOrder","QueenMod:HoneycombSmash"],"picked":"SKIP","floor":29.0},{"not_picked":["QueenMod:Ravage","QueenMod:HoneycombSmash","QueenMod:PopulateOrder"],"picked":"SKIP","floor":31.0},{"not_picked":["QueenMod:ForcedMarch","QueenMod:RoyalBanquet"],"picked":"QueenMod:EliteSoldiers","floor":33.0},{"not_picked":["QueenMod:MatingDance","QueenMod:SplitStrike+1","QueenMod:CrossGuard"],"picked":"SKIP","floor":35},{"not_picked":["QueenMod:Flyby+1","QueenMod:StrategicGenius"],"picked":"QueenMod:HoldPosition+1","floor":36},{"not_picked":["QueenMod:SplitStrike+1","QueenMod:PheremoneSwap+1","QueenMod:HoneyShield"],"picked":"SKIP","floor":39},{"not_picked":["QueenMod:PopulateOrder","QueenMod:Fleche","QueenMod:Incubate"],"picked":"SKIP","floor":40},{"not_picked":["QueenMod:StrategicGenius+1","QueenMod:Incubate+1","QueenMod:HiveDefenses+1"],"picked":"SKIP","floor":42},{"not_picked":["QueenMod:MatingDance+1","QueenMod:HoneycombSmash","QueenMod:SplitStrike"],"picked":"SKIP","floor":44},{"not_picked":["QueenMod:PheremoneSwap","QueenMod:TortureDance","QueenMod:ScoutingParty+1"],"picked":"SKIP","floor":54}],"player_experience":1162024,"relics_obtained":[{"floor":7.0,"key":"Ginger"},{"floor":9.0,"key":"FossilizedHelix"},{"floor":10.0,"key":"Unceasing Top"},{"floor":13.0,"key":"Bronze Scales"},{"floor":20.0,"key":"White Beast Statue"},{"floor":23.0,"key":"Vajra"},{"floor":25.0,"key":"Old Coin"},{"floor":27.0,"key":"Ice Cream"},{"floor":29.0,"key":"Runesmith:AutoHammer"},{"floor":38,"key":"Lizard Tail"},{"floor":38,"key":"Turnip"},{"floor":40,"key":"DeathKnight:PutricidesVial"},{"floor":42,"key":"Pen Nib"},{"floor":54,"key":"Happy Flower"}],"event_choices":[{"cards_removed":["QueenMod:Strike"],"damage_healed":0.0,"max_hp_gain":0.0,"max_hp_loss":0.0,"gold_gain":0.0,"event_name":"Bonfire Elementals","player_choice":"Offered Basic","floor":22.0,"gold_loss":0.0,"damage_taken":0.0},{"damage_healed":0,"gold_gain":0,"player_choice":"1 cards matched","damage_taken":0,"max_hp_gain":0,"max_hp_loss":0,"event_name":"Match and Keep!","floor":48,"gold_loss":0,"cards_obtained":["Panacea"]}],"is_beta":false,"boss_relics":[{"not_picked":["Calling Bell","QueenMod:Medal"],"picked":"Cursed Key"},{"not_picked":[]}],"items_purged_floors":[0,0,0,0,14,37,46],"is_endless":false,"potions_floor_spawned":[1,5,7,8,13,19,21,23,24,25,27,28,29,31,33,35,36,39,40,42,44,54],"ascension_level":1}}