{"host":"xltyy2z8nrfiikj5","time":1614383301,"event":{"mods":["BaseMod","Colored Map","Downfall","Minty Spire (QoL Compilation)","StSLib"],"gold_per_floor":[99,115,134,134,44,44,94,123,136,99,99,113,13,26,46,142,142,142,155,140,84,184,195,195,195,195,195],"floor_reached":25,"language":"ENG","playtime":3020,"items_purged":["Regret"],"score":246,"play_id":"597977a3-166c-4830-a3c5-ee61eda3559e","local_time":"20210226184821","is_ascension_mode":true,"campfire_choices":[{"floor":1,"key":"DIG"},{"data":"Slimebound:Repurpose","floor":11,"key":"SMITH"},{"data":"Slimebound:GoopSpray","floor":13,"key":"SMITH"},{"data":"Slimebound:WasteNot","floor":18,"key":"SMITH"}],"circlet_count":0,"master_deck":["Slimebound:Strike_Slimebound","Slimebound:Strike_Slimebound","Slimebound:Tackle","Slimebound:Defend_Slimebound","Slimebound:Defend_Slimebound","Slimebound:Defend_Slimebound","Slimebound:Split","Slimebound:CorrosiveSpit+1","Slimebound:GoopSpray+1","Slimebound:Grow+1","Slimebound:Gluttony","Slimebound:LivingWall","Slimebound:MegaLick","Slimebound:Repurpose+1","Slimebound:RollThrough","Slimebound:TongueLash","Slimebound:SlimeSpikes","Slimebound:WasteNot+1","CurseOfTheBell","Slimebound:ItLooksTasty","Slimebound:SplitMire+1","Slimebound:GrowthPunch","Slimebound:GoopTackle+1","J.A.X.","Slimebound:WasteNot","Slimebound:CheckThePlaybook","Slimebound:SlimeSlap"],"relics":["Slimebound:AbsorbEndCombat","Shovel","Ancient Tea Set","Pear","CaptainsWheel","downfall:HeartBlessingBlue","Calling Bell","Blood Vial","Eternal Feather","Peace Pipe","MutagenicStrength","Shuriken"],"acts_visited":["Exordium","TheCity"],"potions_floor_usage":[5,10,16,19,20,22,25],"damage_taken":[{"damage":4,"enemies":"Cultist","floor":2,"turns":4},{"damage":9,"enemies":"Jaw Worm","floor":3,"turns":4},{"damage":4,"enemies":"downfall:FleeingMerchant","floor":5,"turns":4},{"damage":4,"enemies":"Lagavulin","floor":8,"turns":7},{"damage":2,"enemies":"2 Louse","floor":9,"turns":3},{"damage":0,"enemies":"downfall:FleeingMerchant","floor":10,"turns":4},{"damage":9,"enemies":"Blue Slaver","floor":12,"turns":3},{"damage":3,"enemies":"Large Slime","floor":14,"turns":4},{"damage":3,"enemies":"downfall:LooterAlt","floor":15,"turns":3},{"damage":52,"enemies":"WA_ARCHETYPE_RETAIN","floor":16,"turns":11},{"damage":4,"enemies":"3 Byrds","floor":19,"turns":3},{"damage":4,"enemies":"downfall:FleeingMerchant","floor":20,"turns":4},{"damage":20,"enemies":"downfall:FleeingMerchant","floor":21,"turns":4},{"damage":51,"enemies":"downfall:Augmenter","floor":22,"turns":8},{"damage":30,"enemies":"downfall:LooterAlt2","floor":23,"turns":5},{"damage":7,"enemies":"Shelled Parasite and Fungi","floor":25,"turns":2}],"seed_played":"-552329419191532964","potions_obtained":[{"floor":3,"key":"DistilledChaos"},{"floor":8,"key":"Swift Potion"},{"floor":12,"key":"SpeedPotion"},{"floor":14,"key":"Strength Potion"},{"floor":15,"key":"champ:CounterPotion"},{"floor":16,"key":"Dexterity Potion"},{"floor":23,"key":"PowerPotion"}],"is_trial":false,"path_per_floor":["R","M","M","?","$","T","T","E","M","$","R","M","R","M","M","B",null,"R","M","$","$","?","M","T","M"],"character_chosen":"SLIMEBOUND","items_purchased":["Slimebound:RollThrough","Slimebound:GrowthPunch"],"campfire_rested":0,"item_purchase_floors":[10,21],"current_hp_per_floor":[47,49,46,46,50,60,60,64,66,74,74,68,78,83,84,37,85,85,85,85,67,26,4,4,0,0,0],"gold":195,"neow_bonus":"ONE_RARE_RELIC","is_daily":false,"chose_seed":false,"campfire_upgraded":3,"win_rate":0.0,"timestamp":1614383301,"path_taken":["R","M","?","?","$","?","T","E","?","$","R","M","R","M","M","BOSS","R","M","?","$","?","M","T","M"],"items_purchased_type":["Card","Card"],"build_version":"2020-12-22","purchased_purges":1,"victory":false,"max_hp_per_floor":[65,65,65,65,65,75,75,75,75,75,75,75,85,85,85,85,85,85,85,85,85,85,85,85,85,85,85],"card_choices":[{"not_picked":["Slimebound:SlimeSpikes","Slimebound:LivingWall"],"picked":"Slimebound:GoopSpray","floor":2},{"not_picked":["Slimebound:Dissolve","Slimebound:SlimeSpikes"],"picked":"Slimebound:Grow","floor":3},{"not_picked":["Slimebound:ComboTackle","Slimebound:Prepare"],"picked":"Slimebound:Gluttony","floor":5},{"not_picked":["Slimebound:LeechingTouch","Slimebound:ComboTackle"],"picked":"Slimebound:LivingWall","floor":8},{"not_picked":["Slimebound:Chomp","Slimebound:ItLooksTasty"],"picked":"Slimebound:MegaLick","floor":9},{"not_picked":["Slimebound:Prepare","Slimebound:SlimeBarrage"],"picked":"Slimebound:Repurpose","floor":10},{"not_picked":["Slimebound:SplitSpecialist","Slimebound:SlimeSpikes"],"picked":"Slimebound:TongueLash","floor":12},{"not_picked":["Slimebound:SplitBruiser","Slimebound:SlimeBrawl"],"picked":"Slimebound:SlimeSpikes","floor":14},{"not_picked":["Slimebound:SplitMire","Slimebound:SplitAcid","Slimebound:SlimeBarrage"],"picked":"SKIP","floor":15},{"not_picked":["Slimebound:PrepareCrush","Slimebound:SelfFormingGoo"],"picked":"Slimebound:WasteNot","floor":16},{"not_picked":["Slimebound:LeadByExample","Slimebound:Dissolve"],"picked":"Slimebound:ItLooksTasty","floor":19},{"not_picked":["Slimebound:DisruptingSlam","Slimebound:Equalize","Slimebound:LivingWall"],"picked":"SKIP","floor":20},{"not_picked":["Slimebound:LeechEnergy","Slimebound:MegaLick"],"picked":"Slimebound:SplitMire+1","floor":21},{"not_picked":["Slimebound:DivideAndConquer","Slimebound:PressTheAttack"],"picked":"Slimebound:GoopTackle+1","floor":22},{"not_picked":[],"picked":"J.A.X.","floor":22},{"not_picked":["Slimebound:GoopSpray","Slimebound:Prepare"],"picked":"Slimebound:SlimeSlap","floor":23}],"player_experience":1572208,"relics_obtained":[{"floor":1,"key":"Ancient Tea Set"},{"floor":6,"key":"Pear"},{"floor":8,"key":"CaptainsWheel"},{"floor":17,"key":"Blood Vial"},{"floor":17,"key":"Eternal Feather"},{"floor":17,"key":"Peace Pipe"},{"floor":22,"key":"MutagenicStrength"},{"floor":24,"key":"Shuriken"}],"event_choices":[],"is_beta":false,"boss_relics":[{"not_picked":["Sozu","Slimebound:AbsorbEndCombatUpgraded"],"picked":"Calling Bell"}],"items_purged_floors":[5],"is_endless":false,"potions_floor_spawned":[3,8,12,14,15,16,23],"killed_by":"Shelled Parasite and Fungi","ascension_level":2}}