{"host":"b5mzvrq4aqyf54kp","time":1614346043,"event":{"mods":["BaseMod","Minty Spire (QoL Compilation)","Relic Stats"],"gold_per_floor":[113,11,11,11,11,51,51,91,91,132,151,170,186,209,209,334,334,347,372,395,409,108,108,142,161,161,195,320,7,28,69,69,200,200,221,239,572,596,607,638,688,720,720,738,758,718,728,66,66,66,66,66,15,44,44],"floor_reached":56,"language":"ENG","playtime":5371,"items_purged":["Strike_G","Strike_G","Defend_G"],"score":2218,"play_id":"77c1f4db-32aa-4424-8767-50d49abeede0","local_time":"20210226152723","is_ascension_mode":true,"campfire_choices":[{"data":"Footwork","floor":7,"key":"SMITH"},{"floor":15,"key":"REST"},{"data":"Blade Dance","floor":23,"key":"SMITH"},{"data":"Blade Dance","floor":32,"key":"SMITH"},{"floor":49,"key":"RECALL"},{"data":"Blade Dance","floor":52,"key":"SMITH"}],"circlet_count":0,"master_deck":["AscendersBane","Strike_G","Strike_G","Defend_G","Defend_G","Defend_G","Defend_G","Survivor","Neutralize","Dagger Spray+1","Slice","Footwork+1","Dodge and Roll","After Image+1","Dagger Throw","Prepared","Well Laid Plans+1","Masterful Stab","Wraith Form v2+1","Blade Dance+1","Quick Slash","Blade Dance+1","Backstab+1","Accuracy+1","Adrenaline","PiercingWail","Blade Dance+1","Terror","Dodge and Roll+1","Quick Slash+1","Tools of the Trade+1","Finisher+1","Prepared+1","Calculated Gamble","Backflip+1","Tactician+1","Acrobatics+1","Choke+1","PiercingWail+1"],"relics":["Ring of the Snake","NeowsBlessing","Frozen Egg 2","Matryoshka","Letter Opener","InkBottle","Boot","Coffee Dripper","Toy Ornithopter","Singing Bowl","Bag of Preparation","Pen Nib","Ninja Scroll","Prayer Wheel","Ornamental Fan","Akabeko","Shuriken","Runic Pyramid","Nunchaku","Sundial","Turnip","Smiling Mask","Torii","Gambling Chip","Bottled Tornado"],"acts_visited":["Exordium","TheCity","TheBeyond","TheEnding"],"potions_floor_usage":[10,10,16,24,27,28,33,50,55,55],"damage_taken":[{"damage":0,"enemies":"Jaw Worm","floor":1,"turns":1},{"damage":0,"enemies":"3 Sentries","floor":6,"turns":2},{"damage":0,"enemies":"Lagavulin","floor":8,"turns":1},{"damage":12,"enemies":"Gremlin Nob","floor":10,"turns":4},{"damage":5,"enemies":"2 Louse","floor":11,"turns":2},{"damage":0,"enemies":"Small Slimes","floor":12,"turns":3},{"damage":6,"enemies":"Exordium Wildlife","floor":13,"turns":4},{"damage":0,"enemies":"2 Fungi Beasts","floor":14,"turns":4},{"damage":24,"enemies":"Hexaghost","floor":16,"turns":12},{"damage":1,"enemies":"Chosen","floor":18,"turns":7},{"damage":0,"enemies":"3 Byrds","floor":19,"turns":4},{"damage":9,"enemies":"Snecko","floor":20,"turns":7},{"damage":0,"enemies":"3 Cultists","floor":21,"turns":5},{"damage":4,"enemies":"Slavers","floor":24,"turns":5},{"damage":0,"enemies":"Shelled Parasite and Fungi","floor":25,"turns":5},{"damage":0,"enemies":"Gremlin Leader","floor":27,"turns":5},{"damage":1,"enemies":"Colosseum Slavers","floor":28,"turns":4},{"damage":0,"enemies":"Colosseum Nobs","floor":28,"turns":3},{"damage":0,"enemies":"Sentry and Sphere","floor":30,"turns":1},{"damage":0,"enemies":"Slavers","floor":31,"turns":4},{"damage":0,"enemies":"Champ","floor":33,"turns":6},{"damage":0,"enemies":"3 Darklings","floor":35,"turns":3},{"damage":0,"enemies":"Orb Walker","floor":36,"turns":3},{"damage":0,"enemies":"Jaw Worm Horde","floor":39,"turns":3},{"damage":0,"enemies":"Giant Head","floor":40,"turns":4},{"damage":0,"enemies":"Mind Bloom Boss Battle","floor":41,"turns":1},{"damage":0,"enemies":"Reptomancer","floor":42,"turns":3},{"damage":0,"enemies":"Writhing Mass","floor":44,"turns":1},{"damage":0,"enemies":"Sphere and 2 Shapes","floor":45,"turns":3},{"damage":0,"enemies":"Transient","floor":47,"turns":5},{"damage":1,"enemies":"Donu and Deca","floor":50,"turns":6},{"damage":0,"enemies":"Shield and Spear","floor":54,"turns":4},{"damage":43,"enemies":"The Heart","floor":55,"turns":7}],"seed_played":"1022894535828151022","potions_obtained":[{"floor":1,"key":"EntropicBrew"},{"floor":8,"key":"ColorlessPotion"},{"floor":21,"key":"LiquidMemories"},{"floor":25,"key":"SkillPotion"},{"floor":27,"key":"LiquidMemories"},{"floor":28,"key":"Energy Potion"},{"floor":31,"key":"Strength Potion"},{"floor":35,"key":"SteroidPotion"},{"floor":46,"key":"Strength Potion"}],"is_trial":false,"path_per_floor":["M","$","?","?","?","E","R","E","T","E","M","M","M","M","R","B",null,"M","M","M","M","$","R","E","M","T","E","?","$","M","E","R","B",null,"M","M","?","T","M","E","?","E","T","M","M","?","M","$","R","B",null,"R","$","E","B",null],"character_chosen":"THE_SILENT","items_purchased":["Slice","Footwork","Accuracy+1","Toy Ornithopter","Terror","Akabeko","Torii","Gambling Chip","Strength Potion"],"campfire_rested":1,"item_purchase_floors":[2,2,22,22,29,29,48,48,53],"current_hp_per_floor":[63,63,46,46,39,39,39,39,39,27,22,22,16,16,37,13,56,55,55,46,46,46,46,47,47,47,54,58,58,58,60,60,65,72,72,74,74,74,74,74,76,78,78,82,86,86,88,88,88,89,90,90,90,90,47],"gold":44,"neow_bonus":"THREE_ENEMY_KILL","is_daily":false,"chose_seed":false,"campfire_upgraded":4,"win_rate":0.0,"timestamp":1614346043,"path_taken":["M","$","?","?","?","E","R","E","T","E","M","M","?","M","R","BOSS","M","M","M","M","$","R","E","M","T","E","?","$","M","E","R","BOSS","M","M","?","?","M","E","?","E","T","M","?","?","M","$","R","BOSS","R","$","E","BOSS"],"items_purchased_type":["Card","Card","Card","Relic","Card","Relic","Relic","Relic","Potion"],"build_version":"2020-12-22","purchased_purges":3,"victory":true,"max_hp_per_floor":[70,70,70,70,70,70,70,70,70,70,70,70,70,70,70,70,70,70,70,70,70,70,70,70,70,70,72,72,72,72,74,74,74,74,74,76,76,76,76,76,78,80,80,84,88,88,90,90,90,90,90,90,90,90,90],"relic_stats":{"Singing Bowl":20,"Torii":1,"counters":[33,132],"Pen Nib":[30],"Bag of Preparation":[2],"Letter Opener":[295],"Boot":[117],"Smiling Mask":75,"Nunchaku":[19],"Ornamental Fan":[280],"Shuriken":[66],"Sundial":[2],"Gambling Chip":[9],"Prayer Wheel":7,"Turnip":[7],"obtain_stats":[{"Singing Bowl":24,"Torii":48,"Bag of Preparation":26,"Bottled Tornado":54,"Boot":10,"Smiling Mask":42,"Nunchaku":38,"Matryoshka":8,"Ninja Scroll":27,"Sundial":40,"Gambling Chip":48,"Prayer Wheel":28,"InkBottle":9,"Ring of the Snake":0,"Runic Pyramid":34,"NeowsBlessing":0,"Golden Idol":3,"Pen Nib":26,"Letter Opener":9,"Frozen Egg 2":6,"Akabeko":29,"Ornamental Fan":28,"Shuriken":31,"Turnip":41,"Coffee Dripper":17,"Toy Ornithopter":22},{"Singing Bowl":14,"Torii":30,"Bag of Preparation":15,"Bottled Tornado":32,"Boot":4,"Smiling Mask":27,"Nunchaku":23,"Matryoshka":3,"Ninja Scroll":16,"Sundial":25,"Gambling Chip":30,"Prayer Wheel":18,"InkBottle":3,"Ring of the Snake":0,"Runic Pyramid":21,"NeowsBlessing":0,"Golden Idol":1,"Pen Nib":15,"Letter Opener":3,"Frozen Egg 2":2,"Akabeko":18,"Ornamental Fan":18,"Shuriken":20,"Turnip":26,"Coffee Dripper":9,"Toy Ornithopter":13},{"Singing Bowl":61,"Torii":115,"Bag of Preparation":66,"Bottled Tornado":125,"Boot":8,"Smiling Mask":106,"Nunchaku":95,"Matryoshka":4,"Ninja Scroll":71,"Sundial":102,"Gambling Chip":115,"Prayer Wheel":78,"InkBottle":4,"Ring of the Snake":0,"Runic Pyramid":89,"NeowsBlessing":0,"Golden Idol":1,"Pen Nib":66,"Letter Opener":4,"Frozen Egg 2":3,"Akabeko":78,"Ornamental Fan":78,"Shuriken":83,"Turnip":103,"Coffee Dripper":33,"Toy Ornithopter":56}],"InkBottle":[77],"Toy Ornithopter":22,"Ring of the Snake":[66]},"card_choices":[{"not_picked":["Footwork","Outmaneuver"],"picked":"Dagger Spray","floor":1},{"not_picked":["Slice","Night Terror"],"picked":"Dodge and Roll","floor":6},{"not_picked":["Prepared","Deadly Poison"],"picked":"After Image+1","floor":8},{"not_picked":["Cloak And Dagger","Setup"],"picked":"Dagger Throw","floor":10},{"not_picked":["Heel Hook","Tactician"],"picked":"Prepared","floor":11},{"not_picked":["Bane","Outmaneuver","Dagger Throw"],"picked":"SKIP","floor":12},{"not_picked":["Acrobatics","Sucker Punch"],"picked":"Well Laid Plans+1","floor":13},{"not_picked":["Slice","Outmaneuver"],"picked":"Masterful Stab","floor":14},{"not_picked":["Malaise","Bullet Time"],"picked":"Wraith Form v2+1","floor":16},{"not_picked":["Finisher","Backflip"],"picked":"Blade Dance","floor":18},{"not_picked":["Flying Knee","Deflect+1"],"picked":"Quick Slash","floor":19},{"not_picked":["Dagger Throw","Deflect+1"],"picked":"Blade Dance","floor":20},{"not_picked":["Leg Sweep","Footwork+1"],"picked":"Backstab+1","floor":21},{"not_picked":["Distraction+1","Terror+1"],"picked":"Adrenaline","floor":24},{"not_picked":["Flechettes+1","Infinite Blades+1"],"picked":"PiercingWail","floor":25},{"not_picked":["Flying Knee","Outmaneuver+1","Grand Finale"],"picked":"Singing Bowl","floor":27},{"not_picked":["PiercingWail","Footwork+1"],"picked":"Blade Dance","floor":28},{"not_picked":["Bouncing Flask","Backstab"],"picked":"Dodge and Roll+1","floor":30},{"not_picked":["Slice","Dagger Spray+1"],"picked":"Quick Slash+1","floor":30},{"not_picked":["Terror+1","Poisoned Stab","Distraction+1"],"picked":"Singing Bowl","floor":31},{"not_picked":["Night Terror","Corpse Explosion"],"picked":"Tools of the Trade+1","floor":33},{"not_picked":["Dash","Choke"],"picked":"Finisher+1","floor":35},{"not_picked":["Bouncing Flask+1","PiercingWail"],"picked":"Prepared+1","floor":35},{"not_picked":["Sucker Punch","Poisoned Stab","Flying Knee"],"picked":"Singing Bowl","floor":36},{"not_picked":["Dagger Spray+1","Backstab"],"picked":"Calculated Gamble","floor":36},{"not_picked":["Tools of the Trade+1","Outmaneuver"],"picked":"Backflip+1","floor":39},{"not_picked":["Choke+1","Slice+1"],"picked":"Tactician+1","floor":39},{"not_picked":["Deflect","Bane"],"picked":"Acrobatics+1","floor":40},{"not_picked":["Eviscerate","Dagger Throw","Dodge and Roll+1"],"picked":"Singing Bowl","floor":41},{"not_picked":["Well Laid Plans+1","All Out Attack+1","Prepared"],"picked":"Singing Bowl","floor":42},{"not_picked":["Die Die Die","Poisoned Stab+1","Acrobatics+1"],"picked":"Singing Bowl","floor":44},{"not_picked":["Blade Dance","Underhanded Strike","Quick Slash"],"picked":"Singing Bowl","floor":44},{"not_picked":["Flying Knee","Backflip","Terror+1"],"picked":"Singing Bowl","floor":45},{"not_picked":["Acrobatics+1","Riddle With Holes","Concentrate"],"picked":"Singing Bowl","floor":45},{"not_picked":["Flying Knee","Crippling Poison+1","Distraction"],"picked":"Singing Bowl","floor":47},{"not_picked":["Slice","Quick Slash+1"],"picked":"Choke+1","floor":47},{"not_picked":["Tactician","Expertise+1"],"picked":"PiercingWail+1","floor":54}],"player_experience":433364,"relics_obtained":[{"floor":6,"key":"Frozen Egg 2"},{"floor":8,"key":"Matryoshka"},{"floor":9,"key":"Letter Opener"},{"floor":9,"key":"InkBottle"},{"floor":10,"key":"Boot"},{"floor":24,"key":"Singing Bowl"},{"floor":26,"key":"Bag of Preparation"},{"floor":26,"key":"Pen Nib"},{"floor":27,"key":"Ninja Scroll"},{"floor":28,"key":"Prayer Wheel"},{"floor":28,"key":"Ornamental Fan"},{"floor":31,"key":"Shuriken"},{"floor":38,"key":"Nunchaku"},{"floor":40,"key":"Sundial"},{"floor":41,"key":"Turnip"},{"floor":42,"key":"Smiling Mask"},{"floor":54,"key":"Bottled Tornado"}],"event_choices":[{"damage_healed":0,"gold_gain":0,"player_choice":"Take Damage","damage_taken":17,"relics_obtained":["Golden Idol"],"max_hp_gain":0,"max_hp_loss":0,"event_name":"Golden Idol","floor":3,"gold_loss":0},{"damage_healed":0,"gold_gain":0,"player_choice":"Grow","damage_taken":0,"max_hp_gain":0,"max_hp_loss":0,"event_name":"Living Wall","floor":4,"gold_loss":0,"cards_upgraded":["Dagger Spray"]},{"cards_removed":["Strike_G"],"damage_healed":0,"gold_gain":0,"player_choice":"Card Removal","damage_taken":7,"max_hp_gain":0,"max_hp_loss":0,"event_name":"Golden Wing","floor":5,"gold_loss":0},{"damage_healed":0,"gold_gain":0,"player_choice":"Fight","damage_taken":0,"max_hp_gain":0,"max_hp_loss":0,"event_name":"Colosseum","floor":28,"gold_loss":0},{"damage_healed":0,"gold_gain":0,"player_choice":"Fought Nobs","damage_taken":0,"max_hp_gain":0,"max_hp_loss":0,"event_name":"Colosseum","floor":28,"gold_loss":0},{"damage_healed":0,"gold_gain":333,"player_choice":"Gave Idol","damage_taken":0,"max_hp_gain":0,"max_hp_loss":0,"event_name":"The Moai Head","floor":37,"relics_lost":["Golden Idol"],"gold_loss":0},{"damage_healed":0,"gold_gain":0,"player_choice":"Fight","damage_taken":0,"max_hp_gain":0,"max_hp_loss":0,"event_name":"MindBloom","floor":41,"gold_loss":0},{"damage_healed":0,"gold_gain":0,"player_choice":"Bought 3 Potions","damage_taken":0,"max_hp_gain":0,"max_hp_loss":0,"event_name":"The Woman in Blue","floor":46,"gold_loss":0}],"is_beta":false,"boss_relics":[{"not_picked":["Runic Dome","Tiny House"],"picked":"Coffee Dripper"},{"not_picked":["Snecko Eye","Philosopher\u0027s Stone"],"picked":"Runic Pyramid"}],"items_purged_floors":[22,29,48],"is_endless":false,"potions_floor_spawned":[1,8,12,13,21,25,27,28,28,31,35,39,44,47],"ascension_level":11}}