{"host":"vk2xyavtylxbvrfq","time":1614350089,"event":{"mods":["Bard","BaseMod","Bestiary","Better Altar","Better Match","Better Note","Better Sensory Stone","Better Skull","Better Vampires","Block Reminder","Bossed Relics","Colored Map","Curses Come First","Displayed Cursed Tome","Downfall","Extra Virgin Snecko Oil","Fox Events","Hermit","Ironclad Rager","Marked Mod","Minty Spire (QoL Compilation)","Quick Restart","Rare Cards Sparkle","Relic Sorter","Reliquary","Robot Space Explorer","StSLib","The Hayseed","The Runesmith","Unceasing Turn Reminder"],"gold_per_floor":[109,109,127,146,193,193,260,414,491,524,524,537,537,571,571,675,752,764,814,10,10,10,47,47,47,124,201,258,258,258,277,277,401,478,495,495,517,554,554,554,633,673,750,783,783,783,783,868,868,882,882,882,12,45,52,52],"floor_reached":55,"language":"ENG","playtime":2436,"items_purged":[],"score":1093,"play_id":"248b62d3-abfb-49bf-96a5-205586faaf91","local_time":"20210226093449","is_ascension_mode":true,"campfire_choices":[{"data":"hermit:Vantage","floor":6.0,"key":"SMITH"},{"floor":11.0,"key":"REST"},{"data":"hermit:BlackWind","floor":13.0,"key":"SMITH"},{"data":"hermit:Scavenge","floor":15.0,"key":"SMITH"},{"floor":24.0,"key":"REST"},{"floor":29.0,"key":"REST"},{"data":"hermit:BlackWind","floor":32.0,"key":"SMITH"},{"floor":40.0,"key":"RECALL"},{"floor":45.0,"key":"REST"},{"floor":47.0,"key":"REST"},{"floor":49.0,"key":"REST"},{"floor":52.0,"key":"REST"}],"circlet_count":0,"master_deck":["hermit:Strike_Hermit+1","hermit:Strike_Hermit+1","hermit:Strike_Hermit+1","hermit:Strike_Hermit+1","hermit:Defend_Hermit+1","hermit:Defend_Hermit+1","hermit:Defend_Hermit+1","hermit:Defend_Hermit+1","hermit:Snapshot","hermit:Covet","hermit:Vantage+1","Pain","hermit:Coalescence","hermit:Dive","hermit:Snipe","hermit:BlackWind+1","hermit:Scavenge+1","hermit:BlackWind+1","hermit:Gestalt","HandOfGreed","hermit:OverwhelmingPower","hermit:Deadeye","hermit:BigShot+1","Writhe","hermit:EyeOfTheStorm","hermit:Gestalt","hermit:Dive+1","hermit:Scavenge","hermit:Headshot+1","hermit:Reprieve","hermit:GhostlyPresence+1","hermit:EyeOfTheStorm","Metamorphosis","hermit:Brawl+1"],"relics":["hermit:Momento","NeowsBlessing","WarpedTongs","foxEvents:LuckyCharm","Oddly Smooth Stone","reliquary:IridiumChain","Pear","Philosopher\u0027s Stone","reliquary:Sod","Frozen Eye","Juzu Bracelet","reliquary:Firecrackers","InkBottle","Sundial","Toy Ornithopter","Du-Vu Doll","Astrolabe","HornCleat","Gambling Chip","hermit:RedScarf","reliquary:OuijaBoard","reliquary:Spinner","Ice Cream","Sling","Calipers"],"acts_visited":["Exordium","TheCity","TheBeyond","TheEnding"],"potions_floor_usage":[],"damage_taken":[{"damage":0.0,"enemies":"Jaw Worm","floor":1.0,"turns":1.0},{"damage":0.0,"enemies":"Cultist","floor":3.0,"turns":1.0},{"damage":0.0,"enemies":"2 Louse","floor":4.0,"turns":2.0},{"damage":7.0,"enemies":"Colosseum Slavers","floor":5.0,"turns":3.0},{"damage":34.0,"enemies":"3 Sentries","floor":7.0,"turns":12.0},{"damage":0.0,"enemies":"Exordium Wildlife","floor":10.0,"turns":2.0},{"damage":0.0,"enemies":"Large Slime","floor":12.0,"turns":7.0},{"damage":1.0,"enemies":"Exordium Thugs","floor":14.0,"turns":4.0},{"damage":21.0,"enemies":"Slime Boss","floor":16.0,"turns":15.0},{"damage":13.0,"enemies":"2 Thieves","floor":18.0,"turns":4.0},{"damage":54.0,"enemies":"Book of Stabbing","floor":23.0,"turns":6.0},{"damage":23.0,"enemies":"Gremlin Leader","floor":28.0,"turns":8.0},{"damage":16.0,"enemies":"Chosen","floor":31.0,"turns":6.0},{"damage":14.0,"enemies":"Automaton","floor":33.0,"turns":7.0},{"damage":30.0,"enemies":"3 Shapes","floor":35.0,"turns":6.0},{"damage":17.0,"enemies":"3 Darklings","floor":37.0,"turns":5.0},{"damage":43.0,"enemies":"Maw","floor":38.0,"turns":5.0},{"damage":47.0,"enemies":"Jaw Worm Horde","floor":41.0,"turns":6.0},{"damage":20.0,"enemies":"Reptomancer","floor":42.0,"turns":6.0},{"damage":4.0,"enemies":"Nemesis","floor":44.0,"turns":5.0},{"damage":19.0,"enemies":"2 Orb Walkers","floor":48.0,"turns":5.0},{"damage":62.0,"enemies":"Time Eater","floor":50.0,"turns":12.0},{"damage":34.0,"enemies":"Shield and Spear","floor":54.0,"turns":5.0},{"damage":87,"enemies":"The Heart","floor":55,"turns":3}],"seed_played":"7917850746636035709","potions_obtained":[{"floor":3.0,"key":"BlessingOfTheForge"},{"floor":4.0,"key":"sneckomod:MuddlingPotion"},{"floor":28.0,"key":"hermit:Eclipse"},{"floor":31.0,"key":"hexamod:SoulburnPotion"},{"floor":33.0,"key":"GamblersBrew"},{"floor":38.0,"key":"GamblersBrew"},{"floor":41.0,"key":"LiquidMemories"},{"floor":42.0,"key":"sneckomod:MuddlingPotion"},{"floor":54.0,"key":"Ancient Potion"}],"is_trial":false,"path_per_floor":["M","?","M","M","?","R","E","T","T","M","R","M","R","M","R","B",null,"M","?","$","?","?","E","R","?","T","T","E","R","?","M","R","B",null,"M","?","M","M","?","R","M","E","T","E","R","?","R","?","R","B",null,"R","$","E","B"],"character_chosen":"HERMIT","items_purchased":["HandOfGreed","reliquary:Sod","Frozen Eye","hermit:OverwhelmingPower","hermit:Deadeye","reliquary:Spinner","Ice Cream","Sling","hermit:EyeOfTheStorm","Metamorphosis","Energy Potion"],"campfire_rested":7,"item_purchase_floors":[20,20,20,20,20,53,53,53,53,53,53],"current_hp_per_floor":[68,68,68,68,61,61,27,27,37,37,62,62,62,61,61,40,74,61,61,61,61,61,7,32,32,32,32,9,34,95,79,79,70,89,69,69,52,9,83,83,37,22,22,31,55,55,79,60,83,29,70,83,83,49,0,0],"gold":52,"neow_bonus":"THREE_ENEMY_KILL","is_daily":false,"chose_seed":false,"campfire_upgraded":4,"win_rate":0.0,"timestamp":1614350089,"path_taken":["M","?","M","?","?","R","E","?","T","M","R","M","R","M","R","BOSS","M","?","?","?","?","E","R","?","T","?","E","R","?","M","R","BOSS","M","?","M","M","?","R","M","E","T","E","R","?","R","?","R","BOSS","R","$","E","BOSS"],"items_purchased_type":["Card","Relic","Relic","Card","Card","Relic","Relic","Relic","Card","Card","Potion"],"build_version":"2020-12-22","purchased_purges":0,"victory":false,"max_hp_per_floor":[75,75,75,75,75,75,75,75,85,85,85,85,85,85,85,85,85,85,85,85,85,85,85,85,85,85,85,85,85,95,95,95,95,95,95,95,95,95,83,83,83,83,83,83,83,83,83,83,83,83,83,83,83,83,83,83],"card_choices":[{"not_picked":["hermit:TakeAim","hermit:Roulette"],"picked":"hermit:Vantage","floor":1.0},{"not_picked":["hermit:Desperado","hermit:HighCaliber"],"picked":"hermit:Coalescence","floor":3.0},{"not_picked":["hermit:LuckOfTheDraw","hermit:Desperado"],"picked":"hermit:DeadOrAlive","floor":4.0},{"not_picked":["hermit:GhostlyPresence","hermit:Cheat"],"picked":"hermit:Dive","floor":7.0},{"not_picked":["hermit:Misfire","hermit:CalledShot"],"picked":"hermit:Snipe","floor":10.0},{"not_picked":["hermit:Desperado","hermit:LowProfile"],"picked":"hermit:BlackWind","floor":12.0},{"not_picked":["hermit:EyeOfTheStorm","hermit:TrackingShot"],"picked":"hermit:Scavenge","floor":14.0},{"not_picked":["hermit:Magnum","hermit:Roughhouse"],"picked":"hermit:BlackWind","floor":16.0},{"not_picked":["hermit:Snipe","hermit:Horror"],"picked":"hermit:Gestalt","floor":18.0},{"not_picked":["hermit:CursedWeapon","hermit:Malice"],"picked":"hermit:BigShot+1","floor":23.0},{"not_picked":["hermit:Manifest","hermit:Dive"],"picked":"hermit:EyeOfTheStorm","floor":28.0},{"not_picked":["hermit:Snipe","hermit:WideOpen"],"picked":"hermit:Gestalt","floor":31.0},{"not_picked":["hermit:FinalCanter","hermit:DeadOrAlive"],"picked":"hermit:OverwhelmingPower","floor":33.0},{"not_picked":["hermit:ItchyTrigger","hermit:Showdown"],"picked":"hermit:Dive+1","floor":35.0},{"not_picked":["hermit:Misfire+1","hermit:Midnight+1","hermit:Showdown"],"picked":"SKIP","floor":37.0},{"not_picked":["hermit:Ricochet","hermit:HoleUp"],"picked":"hermit:Scavenge","floor":38.0},{"not_picked":["hermit:Grudge","hermit:Misfire+1"],"picked":"hermit:Headshot+1","floor":41.0},{"not_picked":["hermit:ItchyTrigger+1","hermit:HighCaliber+1"],"picked":"hermit:Reprieve","floor":42.0},{"not_picked":["hermit:TakeCover+1","hermit:WideOpen","hermit:Misfire+1"],"picked":"SKIP","floor":44.0},{"not_picked":["hermit:Horror+1","hermit:Vantage"],"picked":"hermit:GhostlyPresence+1","floor":48.0},{"not_picked":["hermit:Shortfuse+1","hermit:Vantage"],"picked":"hermit:Brawl+1","floor":54.0}],"player_experience":1490097,"relics_obtained":[{"floor":5.0,"key":"foxEvents:LuckyCharm"},{"floor":7.0,"key":"Oddly Smooth Stone"},{"floor":8.0,"key":"reliquary:IridiumChain"},{"floor":9.0,"key":"Pear"},{"floor":23.0,"key":"reliquary:Firecrackers"},{"floor":26.0,"key":"Sundial"},{"floor":27.0,"key":"Toy Ornithopter"},{"floor":28.0,"key":"Du-Vu Doll"},{"floor":42.0,"key":"HornCleat"},{"floor":43.0,"key":"Gambling Chip"},{"floor":44.0,"key":"hermit:RedScarf"},{"floor":48.0,"key":"reliquary:OuijaBoard"},{"floor":54.0,"key":"Calipers"}],"event_choices":[{"damage_healed":0.0,"max_hp_gain":0.0,"max_hp_loss":0.0,"gold_gain":0.0,"event_name":"Accursed Blacksmith","player_choice":"Rummage","floor":2.0,"gold_loss":0.0,"damage_taken":0.0,"relics_obtained":["WarpedTongs"],"cards_obtained":["Pain"]},{"damage_healed":0.0,"max_hp_gain":0.0,"max_hp_loss":0.0,"gold_gain":100.0,"event_name":"The Joust","player_choice":"Bet on Murderer","floor":19.0,"gold_loss":50.0,"damage_taken":0.0},{"damage_healed":0.0,"max_hp_gain":0.0,"max_hp_loss":0.0,"gold_gain":0.0,"event_name":"Back to Basics","player_choice":"Simplicity","floor":21.0,"gold_loss":0.0,"damage_taken":0.0,"cards_upgraded":["hermit:Strike_Hermit","hermit:Strike_Hermit","hermit:Strike_Hermit","hermit:Strike_Hermit","hermit:Defend_Hermit","hermit:Defend_Hermit","hermit:Defend_Hermit","hermit:Defend_Hermit"]},{"damage_healed":0.0,"max_hp_gain":0.0,"max_hp_loss":0.0,"gold_gain":0.0,"event_name":"WeMeetAgain","player_choice":"Gave Potion","floor":22.0,"gold_loss":0.0,"damage_taken":0.0,"relics_obtained":["Juzu Bracelet"]},{"damage_healed":0.0,"max_hp_gain":0.0,"max_hp_loss":0.0,"gold_gain":0.0,"event_name":"The Mausoleum","player_choice":"Opened","floor":25.0,"gold_loss":0.0,"damage_taken":0.0,"relics_obtained":["InkBottle"],"cards_obtained":["Writhe"]},{"cards_removed":["hermit:DeadOrAlive"],"damage_healed":51.0,"max_hp_gain":10.0,"max_hp_loss":0.0,"gold_gain":0.0,"event_name":"Bonfire Elementals","player_choice":"Offered Rare","floor":30.0,"gold_loss":0.0,"damage_taken":0.0},{"damage_healed":83.0,"max_hp_gain":0.0,"max_hp_loss":12.0,"gold_gain":0.0,"event_name":"The Moai Head","player_choice":"Heal","floor":39.0,"gold_loss":0.0,"damage_taken":0.0},{"cards_removed":["hermit:OverwhelmingPower"],"damage_healed":0.0,"max_hp_gain":0.0,"max_hp_loss":0.0,"gold_gain":0.0,"event_name":"Falling","player_choice":"Removed Power","floor":46.0,"gold_loss":0.0,"damage_taken":0.0},{"damage_healed":0.0,"max_hp_gain":0.0,"max_hp_loss":0.0,"gold_gain":0.0,"event_name":"Mysterious Sphere","player_choice":"Fight","floor":48.0,"gold_loss":0.0,"damage_taken":0.0}],"is_beta":false,"boss_relics":[{"not_picked":["Coffee Dripper","SacredBark"],"picked":"Philosopher\u0027s Stone"},{"not_picked":["reliquary:Craggleroot","hermit:DentedPlate"],"picked":"Astrolabe"}],"items_purged_floors":[],"is_endless":false,"potions_floor_spawned":[3,4,28,31,33,38,41,42,54],"killed_by":"The Heart","ascension_level":8}}