{"host":"n4fty02wqqi95laq","time":1614319397,"event":{"mods":["BaseMod","Highlight Path","Minty Spire (QoL Compilation)","Quick Restart","Rare Cards Sparkle","StSLib"],"gold_per_floor":[110,35,35,55,55,55,80,80,80,100,114,129,140,171,171,246,246,259,259,259,271,3,39,64,64,87,110,110,110,110],"floor_reached":29,"language":"ZHS","playtime":860,"items_purged":[],"score":560,"play_id":"07bf2604-a054-479f-9fca-8462a516c7dd","local_time":"20210226140317","is_ascension_mode":true,"campfire_choices":[{"data":"Deadly Poison","floor":6.0,"key":"SMITH"},{"data":"Neutralize","floor":8.0,"key":"SMITH"},{"data":"Blade Dance","floor":15.0,"key":"SMITH"},{"floor":25.0,"key":"REST"},{"data":"Wraith Form v2","floor":28.0,"key":"SMITH"}],"circlet_count":0,"master_deck":["AscendersBane","Strike_G","Strike_G","Strike_G","Strike_G","Defend_G","Defend_G","Defend_G","Defend_G","Defend_G","Survivor","Neutralize+1","Backflip","Deadly Poison+1","Decay","Wraith Form v2+1","Blade Dance+1","Doppelganger","Expertise","Phantasmal Killer","Cloak And Dagger","Escape Plan+1","Acrobatics+1","Outmaneuver+1"],"relics":["Ring of the Snake","NeowsBlessing","Gremlin Horn","Kunai","PreservedInsect","Bronze Scales","WristBlade","Toxic Egg 2","CeramicFish","Bag of Marbles"],"acts_visited":["Exordium","TheCity"],"potions_floor_usage":[],"damage_taken":[{"damage":0.0,"enemies":"Cultist","floor":1.0,"turns":1.0},{"damage":0.0,"enemies":"2 Louse","floor":4.0,"turns":1.0},{"damage":0.0,"enemies":"Lagavulin","floor":7.0,"turns":1.0},{"damage":7.0,"enemies":"Small Slimes","floor":10.0,"turns":4.0},{"damage":1.0,"enemies":"2 Fungi Beasts","floor":11.0,"turns":4.0},{"damage":8.0,"enemies":"Red Slaver","floor":12.0,"turns":5.0},{"damage":2.0,"enemies":"Lots of Slimes","floor":13.0,"turns":4.0},{"damage":14.0,"enemies":"3 Sentries","floor":14.0,"turns":6.0},{"damage":2.0,"enemies":"Hexaghost","floor":16.0,"turns":9.0},{"damage":14.0,"enemies":"2 Thieves","floor":18.0,"turns":3.0},{"damage":3.0,"enemies":"Spheric Guardian","floor":21.0,"turns":4.0},{"damage":9.0,"enemies":"Book of Stabbing","floor":23.0,"turns":5.0},{"damage":5.0,"enemies":"Snake Plant","floor":24.0,"turns":5.0},{"damage":0.0,"enemies":"Snecko","floor":27.0,"turns":5.0},{"damage":23,"enemies":"Slavers","floor":29,"turns":2}],"seed_played":"6980638239204201576","potions_obtained":[{"floor":7.0,"key":"Energy Potion"},{"floor":12.0,"key":"PowerPotion"},{"floor":13.0,"key":"SteroidPotion"},{"floor":14.0,"key":"ColorlessPotion"},{"floor":16.0,"key":"Strength Potion"},{"floor":23.0,"key":"EssenceOfSteel"}],"is_trial":false,"path_per_floor":["M","?","?","M","?","R","E","R","T","M","M","M","M","E","R","B",null,"M","?","?","M","$","E","M","R","T","M","R","E"],"character_chosen":"THE_SILENT","items_purchased":["Toxic Egg 2"],"campfire_rested":1,"item_purchase_floors":[22],"current_hp_per_floor":[59,59,48,48,48,48,48,48,48,41,40,32,30,16,16,14,53,39,21,21,18,18,9,4,25,25,25,25,2,2],"gold":110,"neow_bonus":"THREE_ENEMY_KILL","is_daily":false,"chose_seed":false,"campfire_upgraded":4,"win_rate":0.0,"timestamp":1614319397,"path_taken":["M","?","?","M","?","R","E","R","T","?","M","M","M","E","R","BOSS","M","?","?","?","$","E","M","R","T","?","R","E"],"items_purchased_type":["Relic"],"build_version":"2020-12-22","purchased_purges":0,"victory":false,"max_hp_per_floor":[66,66,66,66,66,66,66,66,66,66,66,66,66,66,66,66,66,66,71,71,71,71,71,71,71,71,71,71,71,71],"card_choices":[{"not_picked":["PiercingWail","Dodge and Roll"],"picked":"Backflip","floor":1.0},{"not_picked":["Finisher","All Out Attack"],"picked":"Deadly Poison","floor":4.0},{"not_picked":["Backstab","Masterful Stab"],"picked":"Wraith Form v2","floor":7.0},{"not_picked":["Setup","Backflip","Dagger Throw"],"picked":"SKIP","floor":10.0},{"not_picked":["Expertise","Well Laid Plans"],"picked":"Blade Dance","floor":11.0},{"not_picked":["Underhanded Strike","Deadly Poison","Quick Slash"],"picked":"SKIP","floor":12.0},{"not_picked":["Underhanded Strike","Deflect"],"picked":"Doppelganger","floor":13.0},{"not_picked":["Skewer","Backflip"],"picked":"Expertise","floor":14.0},{"not_picked":["A Thousand Cuts","Storm of Steel"],"picked":"Phantasmal Killer","floor":16.0},{"not_picked":["Sucker Punch+1","Endless Agony","Poisoned Stab"],"picked":"SKIP","floor":18.0},{"not_picked":["Dash","Poisoned Stab"],"picked":"Cloak And Dagger","floor":21.0},{"not_picked":["Eviscerate","Flying Knee"],"picked":"Escape Plan+1","floor":23.0},{"not_picked":["Calculated Gamble+1","Escape Plan+1"],"picked":"Acrobatics+1","floor":24.0},{"not_picked":["Leg Sweep+1","Dash"],"picked":"Outmaneuver+1","floor":27.0}],"player_experience":743790,"relics_obtained":[{"floor":7.0,"key":"Kunai"},{"floor":9.0,"key":"PreservedInsect"},{"floor":14.0,"key":"Bronze Scales"},{"floor":23.0,"key":"CeramicFish"},{"floor":26.0,"key":"Bag of Marbles"}],"event_choices":[{"cards_removed":["Strike_G"],"damage_healed":0.0,"max_hp_gain":0.0,"max_hp_loss":0.0,"gold_gain":0.0,"event_name":"The Cleric","player_choice":"Card Removal","floor":2.0,"gold_loss":75.0,"damage_taken":0.0},{"damage_healed":0.0,"max_hp_gain":0.0,"max_hp_loss":0.0,"gold_gain":0.0,"event_name":"Scrap Ooze","player_choice":"Success","floor":3.0,"gold_loss":0.0,"damage_taken":11.0,"relics_obtained":["Gremlin Horn"]},{"damage_healed":0.0,"max_hp_gain":0.0,"max_hp_loss":0.0,"gold_gain":0.0,"event_name":"Wheel of Change","player_choice":"Cursed","floor":5.0,"gold_loss":0.0,"damage_taken":0.0,"cards_obtained":["Decay"]},{"damage_healed":0.0,"max_hp_gain":5.0,"max_hp_loss":0.0,"gold_gain":0.0,"event_name":"Forgotten Altar","player_choice":"Shed Blood","floor":19.0,"gold_loss":0.0,"damage_taken":23.0},{"damage_healed":0.0,"max_hp_gain":0.0,"max_hp_loss":0.0,"gold_gain":0.0,"event_name":"N\u0027loth","player_choice":"Ignored","floor":20.0,"gold_loss":0.0,"damage_taken":0.0}],"is_beta":false,"boss_relics":[{"not_picked":["HoveringKite","Pandora\u0027s Box"],"picked":"WristBlade"}],"items_purged_floors":[],"is_endless":false,"potions_floor_spawned":[7,12,13,14,16,23],"killed_by":"Slavers","ascension_level":20}}