{"host":"627up2rvtmm0cf0r","time":1614343634,"event":{"mods":["ATMod(°¢èªMod)","Act Like it!","BaseMod","Better Vampires","Bossed Relics","CapriCore","Card Filter","Card Forge","Colored Powertips","DeckTracker","Dota2Spire","Downfall","Energized Spire","Friendly Minions","Highlight Path","Infinite Spire","Jedi Mod","Library of Ruina","Library of Ruina Extra","Minty Spire (QoL Compilation)","MostiFishMod","Permanent Neow","Potionbrewer","Practice Mode","Quick Restart","Relic Stats","Reliquary","RyuuouÁúÍõ","Shop Mod","Spicy Shops","StSLib","SuperFastMode","TestMod","¡¾ÒÅÎï¿¨ÅÆ¡¿REMEMod","óô»ðÖ¸ÄÏ"],"gold_per_floor":[113,113,131,71,84,84,117,117,172,187,187,207,268,299,299,299,299],"floor_reached":16,"language":"ZHS","playtime":2281,"items_purged":[],"score":135,"play_id":"f7234cfd-3950-480a-9c02-c9fe744c8292","local_time":"20210226204714","is_ascension_mode":false,"campfire_choices":[{"data":"infinitespire:Menacing","floor":6,"key":"SMITH"},{"data":"CrackOfDawn","floor":8,"key":"SMITH"},{"data":"UndertakePrescript","floor":15,"key":"SMITH"}],"circlet_count":0,"master_deck":["Dodge","LightDefense","LightAttack","LightAttack","LightAttack","LightDefense","LightDefense","LightDefense","ChargeAndCover","FocusedStrikes","UndertakePrescript+1","AT_Dispersion","MostiFishMod:404NotFound","Unlock1","infinitespire:Menacing+1","Clumsy","CrackOfDawn+1"],"relics":["PageOfLibrarian","DaveBox","testmod-TestBox","REME_ComplimentaryCards","AT_ATBox","SynthV:TestCard","Tiny Chest","reliquary:TuningFork","Slimebound:StickyStick","infinitespire:CursedDice","Centennial Puzzle","Pantograph"],"acts_visited":["Exordium"],"potions_floor_usage":[],"damage_taken":[{"damage":11,"enemies":"Small Slimes","floor":1,"turns":4},{"damage":11,"enemies":"Jaw Worm","floor":3,"turns":3},{"damage":0,"enemies":"2 Louse","floor":5,"turns":2},{"damage":0,"enemies":"Lagavulin","floor":7,"turns":4},{"damage":14,"enemies":"Gremlin Gang","floor":10,"turns":3},{"damage":3,"enemies":"Exordium Wildlife","floor":12,"turns":3},{"damage":0,"enemies":"3 Sentries","floor":13,"turns":5},{"damage":6,"enemies":"3 Sentries","floor":14,"turns":5},{"damage":2,"enemies":"Hexaghost","floor":16,"turns":5}],"seed_played":"1134133014488761171","potions_obtained":[{"floor":3,"key":"FearPotion"},{"floor":5,"key":"Dexterity Potion"},{"floor":7,"key":"potionbrewer:ToxicPotion"}],"is_trial":false,"path_per_floor":["M","?","M","$","M","R","E","R","T","M","?","M","?","E","R","B"],"character_chosen":"Librarian","items_purchased":["Tiny Chest"],"campfire_rested":0,"item_purchase_floors":[4],"current_hp_per_floor":[49,34,23,23,23,23,23,23,23,9,9,6,6,23,23,46,46],"gold":299,"neow_bonus":"THREE_CARDS","is_daily":false,"chose_seed":false,"campfire_upgraded":3,"win_rate":0.0,"timestamp":1614343634,"path_taken":["M","?","M","$","M","R","E","R","T","M","?","M","?","E","R","BOSS"],"items_purchased_type":["Relic"],"build_version":"2020-12-22","purchased_purges":0,"victory":false,"max_hp_per_floor":[63,63,86,86,86,86,78,78,78,63,63,63,63,63,63,63,63],"relic_stats":{"Centennial Puzzle":[6],"counters":[9,34],"Pantograph":25,"Tiny Chest":0,"obtain_stats":[{"PageOfLibrarian":0,"Centennial Puzzle":13,"testmod-TestBox":0,"AT_ATBox":0,"SynthV:TestCard":1,"DaveBox":0,"Slimebound:StickyStick":9,"infinitespire:CursedDice":11,"Pantograph":14,"Tiny Chest":4,"reliquary:TuningFork":7,"REME_ComplimentaryCards":0},{"PageOfLibrarian":0,"Centennial Puzzle":7,"testmod-TestBox":0,"AT_ATBox":0,"SynthV:TestCard":1,"DaveBox":0,"Slimebound:StickyStick":4,"infinitespire:CursedDice":5,"Pantograph":8,"Tiny Chest":2,"reliquary:TuningFork":4,"REME_ComplimentaryCards":0},{"PageOfLibrarian":0,"Centennial Puzzle":24,"testmod-TestBox":0,"AT_ATBox":0,"SynthV:TestCard":4,"DaveBox":0,"Slimebound:StickyStick":13,"infinitespire:CursedDice":16,"Pantograph":29,"Tiny Chest":7,"reliquary:TuningFork":13,"REME_ComplimentaryCards":0}]},"card_choices":[{"not_picked":["Wallop_lor","SnakesPrey"],"picked":"UndertakePrescript","floor":0},{"not_picked":["Rewind","MindPrepared","IllEndYou","SuppressingShot","LoosenUp","PinpointShot","GuardingStance","Outburst"],"picked":"Unlock1","floor":1},{"not_picked":["infinitespire:SevenWalls","infinitespire:Fortify"],"picked":"infinitespire:Menacing","floor":2},{"not_picked":["OminousPower","FierceCharge","DefenseOrder","SerpentineBarrier","Wallop_lor","ElectricShock","Rewind","BlindFaith","Leap_lor","UncannyStrike","DesperateStruggle"],"picked":"SKIP","floor":3},{"not_picked":["Thrust","ViolentFlame","SuppressingShot","Tailoring","TasteMyFlamingBat","DefenseOrder","HighKick","BlindFaith","SnakesPrey","GaleKick","Pound"],"picked":"SKIP","floor":5},{"not_picked":["SunsetBlade","GuidanceOfTheGears","Execute_lor","FlashingStrike","FleetEdge","BayonetCombat","Outburst","RushDown","TendonChords","UnavoidableGaze"],"picked":"CrackOfDawn","floor":7},{"not_picked":["WildCard","PreemptiveStrike","HighSpeedStabbing","WrathOfTorment","EndlessBattle","CumulusWall","Wallop_lor","Execute_lor","Unlock1","Observe","StructuralAnalysis"],"picked":"SKIP","floor":10},{"not_picked":["TraceOfFumes","BurningFlash","EnergyShield","GrazeTheGrass","ClassAndRespect","Zzzzzap","Thrust","BizarreAttack","MultiBlock","GuidanceOfTheGears","Leap_lor"],"picked":"SKIP","floor":12},{"not_picked":["FieryDragonSlash","SummaryJudgment","AsThePrescriptOrders","Faith","MultiBlock","NightInTheBackstreets","QuickSuppression","Overcharge","EnergyStrike","FocusFire","TendonChords"],"picked":"SKIP","floor":14}],"player_experience":181378,"relics_obtained":[{"floor":1,"key":"SynthV:TestCard"},{"floor":7,"key":"reliquary:TuningFork"},{"floor":9,"key":"Slimebound:StickyStick"},{"floor":11,"key":"infinitespire:CursedDice"},{"floor":13,"key":"Centennial Puzzle"},{"floor":14,"key":"Pantograph"}],"event_choices":[{"damage_healed":0,"gold_gain":30,"player_choice":"Searched \u00273\u0027 times","damage_taken":0,"max_hp_gain":0,"max_hp_loss":0,"event_name":"Dead Adventurer","floor":13,"gold_loss":0}],"is_beta":false,"boss_relics":[],"items_purged_floors":[],"is_endless":false,"potions_floor_spawned":[3,5,7,10,12],"killed_by":"Hexaghost","ascension_level":0}}