{"host":"kh6fvhxn285ncg0o","time":1614302858,"event":{"mods":["Act Like it!","BaseMod","Colored Map","Friendly Minions","Keyboard Shortcuts","Minty Spire (QoL Compilation)","Quick Restart","Relic Stats","StSLib","SuperFastMode","UnlockEverythingMod"],"gold_per_floor":[362,385,396,396,406,440,464,492,504,516,528,540,540],"floor_reached":12,"language":"KOR","playtime":223,"items_purged":[],"score":160,"play_id":"daac9e45-1e70-4c63-a2ab-4ab05feb5973","local_time":"20210226102738","is_ascension_mode":true,"campfire_choices":[{"floor":10,"key":"REST"}],"circlet_count":0,"master_deck":["AscendersBane","Strike_R","Strike_R","Strike_R","Strike_R","Strike_R","Defend_R","Defend_R","Defend_R","Defend_R","Bash","Flame Barrier","Fire Breathing","Impervious","Evolve"],"relics":["Burning Blood","Vajra","MawBank","Omamori","Turnip"],"acts_visited":["Exordium"],"potions_floor_usage":[6,8,8],"damage_taken":[{"damage":2,"enemies":"Cultist","floor":1,"turns":4},{"damage":10,"enemies":"Small Slimes","floor":3,"turns":4},{"damage":5,"enemies":"2 Louse","floor":5,"turns":4},{"damage":8,"enemies":"Gremlin Nob","floor":6,"turns":3},{"damage":11,"enemies":"Lots of Slimes","floor":7,"turns":4},{"damage":20,"enemies":"Exordium Thugs","floor":8,"turns":6},{"damage":57,"enemies":"Lagavulin","floor":12,"turns":7}],"seed_played":"158073392627033428","potions_obtained":[{"floor":1,"key":"AttackPotion"},{"floor":3,"key":"DuplicationPotion"},{"floor":6,"key":"FearPotion"}],"is_trial":false,"path_per_floor":["M","T","M","?","M","E","M","M","T","R","?","E"],"character_chosen":"IRONCLAD","items_purchased":[],"campfire_rested":1,"item_purchase_floors":[],"current_hp_per_floor":[54,54,50,50,51,49,44,30,30,52,41,0,0],"gold":540,"neow_bonus":"TWO_FIFTY_GOLD","is_daily":false,"chose_seed":false,"campfire_upgraded":0,"win_rate":0.0,"timestamp":1614302858,"path_taken":["M","?","?","?","?","E","M","M","T","R","?","E"],"items_purchased_type":[],"build_version":"2020-12-22","purchased_purges":0,"victory":false,"max_hp_per_floor":[75,75,75,75,75,75,75,75,75,75,75,75,75],"relic_stats":{"counters":[7,32],"Turnip":[0],"MawBank":72,"obtain_stats":[{"Vajra":2,"Turnip":11,"Omamori":9,"MawBank":6,"Burning Blood":0},{"Vajra":1,"Turnip":6,"Omamori":6,"MawBank":4,"Burning Blood":0},{"Vajra":4,"Turnip":25,"Omamori":25,"MawBank":15,"Burning Blood":0}],"Burning Blood":36},"card_choices":[{"not_picked":["Clash","Thunderclap"],"picked":"Flame Barrier","floor":1},{"not_picked":["Power Through","Shrug It Off"],"picked":"Fire Breathing","floor":3},{"not_picked":["Hemokinesis","Thunderclap","Headbutt"],"picked":"SKIP","floor":5},{"not_picked":["Inflame","Sentinel","Flex"],"picked":"SKIP","floor":6},{"not_picked":["Perfected Strike","Sentinel"],"picked":"Evolve","floor":7}],"player_experience":1545602,"relics_obtained":[{"floor":2,"key":"Vajra"},{"floor":6,"key":"MawBank"},{"floor":9,"key":"Omamori"}],"event_choices":[{"damage_healed":0,"gold_gain":0,"player_choice":"1 cards matched","damage_taken":0,"max_hp_gain":0,"max_hp_loss":0,"event_name":"Match and Keep!","floor":4,"gold_loss":0,"cards_obtained":["Impervious"]},{"damage_healed":0,"gold_gain":0,"player_choice":"Success","damage_taken":11,"relics_obtained":["Turnip"],"max_hp_gain":0,"max_hp_loss":0,"event_name":"Scrap Ooze","floor":11,"gold_loss":0}],"is_beta":false,"boss_relics":[],"items_purged_floors":[],"is_endless":false,"potions_floor_spawned":[1,3,6],"killed_by":"Lagavulin","ascension_level":20}}