{"host":"ugys05tpep779cl6","time":1614337888,"event":{"mods":["AchievementEnabler","Aspiration","BaseMod","Beaked The Cultist","CatGirl Mod","Colored Powertips","HololiveMod","Lobotomy","Minty Spire (QoL Compilation)","Quick Restart","Replay The Spire","Spicy Shops","StSLib","The Druid"],"gold_per_floor":[116,116,136,61,79,105,105,115,161,188,188,200,229,248,248,350,350,367,367,13,27,27,27,52,52,52,86,14,114,130,147,147,250,250,264,274,329,347,347,373,373,402,425,455,455,455,471,230,230,230,230,230,55,90,90,90],"floor_reached":55,"language":"ENG","playtime":2551,"items_purged":["Strike_R","Strike_R","Strike_R"],"score":1116,"play_id":"c4e94bf0-1a4e-45c3-bc5c-5ec0435fed96","local_time":"20210226121128","is_ascension_mode":true,"campfire_choices":[{"data":"Heavy Blade","floor":7.0,"key":"SMITH"},{"floor":15.0,"key":"RECALL"},{"data":"Defend_R","floor":23.0,"key":"SMITH"},{"data":"Defend_R","floor":25.0,"key":"SMITH"},{"data":"Bash","floor":32.0,"key":"SMITH"},{"floor":41.0,"key":"REST"},{"data":"Defend_R","floor":45.0,"key":"SMITH"},{"data":"Defend_R","floor":49.0,"key":"SMITH"}],"circlet_count":0,"master_deck":["Strike_R","Defend_R+1","Defend_R+1","Defend_R+1","Defend_R+1","Bash+1","Heavy Blade+1","Spot Weakness","Anger","Body Slam+1","Shrug It Off+1","Demon Form+1","Iron Wave+1","Disarm+1"],"relics":["Burning Blood","aspiration:Nostalgia","theDruid:CrownOfTheWilds","ReplayTheSpireMod:Ring of Collecting","Divine Protection","Ring of Fury","Toy Ornithopter","Self Forming Clay","Empty Cage","ReplayTheSpireMod:Ring of Challenge","Quantum Egg","aspiration:HummingbirdHeart","Golden Egg","Ring of Peace","beaked:ShinyBauble","Replay:Bottled Steam","Medical Kit","Another Sword","Bronze Scales","Singing Bowl","ReplayTheSpireMod:Ring of Addiction","Replay:Baseball","SacredBark","White Beast Statue","Regal Pillow","Chameleon Ring","Iron Hammer"],"acts_visited":["Exordium","TheCity","TheBeyond","TheEnding"],"potions_floor_usage":[55,55,55],"damage_taken":[{"damage":3.0,"enemies":"Small Slimes","floor":1.0,"turns":3.0},{"damage":2.0,"enemies":"2 Louse","floor":3.0,"turns":3.0},{"damage":1.0,"enemies":"Cultist","floor":5.0,"turns":4.0},{"damage":45.0,"enemies":"3 Sentries","floor":6.0,"turns":10.0},{"damage":5.0,"enemies":"Red Slaver","floor":8.0,"turns":5.0},{"damage":12.0,"enemies":"Lagavulin","floor":10.0,"turns":3.0},{"damage":5.0,"enemies":"Blue Slaver","floor":12.0,"turns":4.0},{"damage":0.0,"enemies":"Gremlin Nob","floor":13.0,"turns":2.0},{"damage":1.0,"enemies":"Exordium Wildlife","floor":14.0,"turns":3.0},{"damage":28.0,"enemies":"The Guardian","floor":16.0,"turns":10.0},{"damage":12.0,"enemies":"3 Byrds","floor":18.0,"turns":5.0},{"damage":0.0,"enemies":"Spheric Guardian","floor":21.0,"turns":3.0},{"damage":18.0,"enemies":"Book of Stabbing","floor":24.0,"turns":4.0},{"damage":35.0,"enemies":"Replay:Snechameleon","floor":27.0,"turns":7.0},{"damage":0.0,"enemies":"Snecko","floor":30.0,"turns":4.0},{"damage":12.0,"enemies":"3 Cultists","floor":31.0,"turns":7.0},{"damage":0.0,"enemies":"Automaton","floor":33.0,"turns":8.0},{"damage":0.0,"enemies":"3 Darklings","floor":35.0,"turns":5.0},{"damage":13.0,"enemies":"3 Shapes","floor":36.0,"turns":6.0},{"damage":15.0,"enemies":"2 Orb Walkers","floor":37.0,"turns":5.0},{"damage":12.0,"enemies":"Jaw Worm Horde","floor":38.0,"turns":5.0},{"damage":61.0,"enemies":"Reptomancer","floor":40.0,"turns":8.0},{"damage":0.0,"enemies":"R_Hoarder","floor":42.0,"turns":7.0},{"damage":26.0,"enemies":"Reptomancer","floor":44.0,"turns":6.0},{"damage":0.0,"enemies":"Transient","floor":47.0,"turns":5.0},{"damage":23.0,"enemies":"Time Eater","floor":50.0,"turns":7.0},{"damage":45.0,"enemies":"Shield and Spear","floor":54.0,"turns":8.0},{"damage":58,"enemies":"The Heart","floor":55,"turns":8}],"seed_played":"-24716077286545162","potions_obtained":[{"floor":3.0,"key":"Fruit Juice"},{"floor":8.0,"key":"FearPotion"},{"floor":10.0,"key":"Weak Potion"},{"floor":11.0,"key":"GamblersBrew"},{"floor":12.0,"key":"BloodPotion"},{"floor":13.0,"key":"Ancient Potion"},{"floor":24.0,"key":"Ancient Potion"},{"floor":27.0,"key":"SteroidPotion"},{"floor":31.0,"key":"EntropicBrew"},{"floor":36.0,"key":"Explosive Potion"},{"floor":37.0,"key":"Regen Potion"},{"floor":42.0,"key":"SkillPotion"},{"floor":43.0,"key":"Block Potion"},{"floor":44.0,"key":"SkillPotion"},{"floor":47.0,"key":"BloodPotion"}],"is_trial":false,"path_per_floor":["M","?","M","$","M","E","R","M","T","E","?","M","E","M","R","B",null,"M","T","$","M","?","R","E","R","T","E","$","?","M","M","R","B",null,"M","M","?","M","?","E","R","E","T","E","R","?","M","$","R","B",null,"R","$","E","B"],"character_chosen":"IRONCLAD","items_purchased":["aspiration:HummingbirdHeart","Medical Kit","Chameleon Ring","Energy Potion"],"campfire_rested":1,"item_purchase_floors":[20,28,48,53],"current_hp_per_floor":[80,80,80,80,80,46,46,47,47,41,41,64,75,80,80,63,85,79,79,79,85,85,85,73,73,73,44,44,44,50,44,44,55,85,85,78,74,68,68,13,37,43,43,78,78,78,85,83,83,66,81,81,81,42,0,0],"gold":90,"neow_bonus":"NOSTALGIA","is_daily":false,"chose_seed":false,"campfire_upgraded":6,"win_rate":0.0,"timestamp":1614337888,"path_taken":["M","?","M","$","M","E","R","M","T","E","?","M","E","?","R","BOSS","M","?","$","M","?","R","E","R","T","E","?","?","?","M","R","BOSS","M","M","?","M","?","E","R","E","T","E","R","?","M","$","R","BOSS","R","$","E","BOSS"],"items_purchased_type":["Relic","Relic","Relic","Potion"],"build_version":"2020-12-22","purchased_purges":3,"victory":false,"max_hp_per_floor":[80,80,80,80,80,85,85,85,85,85,85,85,85,85,85,85,85,85,85,85,85,85,85,85,85,85,85,85,85,85,85,85,85,85,85,85,85,85,81,81,81,81,81,83,83,83,85,83,83,83,81,81,81,81,81,81],"card_choices":[{"not_picked":["Twin Strike","Flex"],"picked":"Heavy Blade","floor":1.0},{"not_picked":["Shockwave","True Grit","Exhume"],"picked":"SKIP","floor":3.0},{"not_picked":["Run Through","Armaments","True Grit"],"picked":"SKIP","floor":5.0},{"not_picked":["Perfected Strike","Cleave","Armaments"],"picked":"SKIP","floor":6.0},{"not_picked":["Flex","Dropkick"],"picked":"Spot Weakness","floor":8.0},{"not_picked":["ReplayTheSpireMod:Stacked","Pummel","Cleave"],"picked":"SKIP","floor":10.0},{"not_picked":["Thunderclap","Shrug It Off"],"picked":"Anger","floor":12.0},{"not_picked":["Replay:Many Hands","Headbutt","Searing Blow"],"picked":"SKIP","floor":13.0},{"not_picked":["Run Through","Reckless Charge","Abandon"],"picked":"SKIP","floor":14.0},{"not_picked":["Evolve+1","Run Through+1"],"picked":"Body Slam+1","floor":18.0},{"not_picked":["Massacre+1","Havoc"],"picked":"Shrug It Off+1","floor":21.0},{"not_picked":["Shrug It Off","Armaments","Sentinel"],"picked":"SKIP","floor":24.0},{"not_picked":["Dark Embrace","Battle Trance+1","Power Through"],"picked":"SKIP","floor":27.0},{"not_picked":["Run Through","Iron Wave","Bludgeon"],"picked":"SKIP","floor":30.0},{"not_picked":["ReplayTheSpireMod:Corrosion Curse","Cleave","Sword Boomerang"],"picked":"SKIP","floor":31.0},{"not_picked":["Brutality","Feed"],"picked":"Demon Form","floor":33.0},{"not_picked":["Twin Strike","Shockwave","Heavy Blade"],"picked":"SKIP","floor":35.0},{"not_picked":["ReplayTheSpireMod:Corrosion Curse+1","Sword Boomerang","Warcry+1"],"picked":"SKIP","floor":36.0},{"not_picked":["ReplayTheSpireMod:Strike From Hell+1","Feel No Pain","Twin Strike+1"],"picked":"SKIP","floor":38.0},{"not_picked":["Abandon","Headbutt"],"picked":"Iron Wave+1","floor":40.0},{"not_picked":["Uppercut","Feed"],"picked":"Disarm+1","floor":42.0},{"not_picked":["Headbutt","Uppercut","Replay:Undeath\u0027s Touch+1"],"picked":"Singing Bowl","floor":44.0},{"not_picked":["Shrug It Off+1","Twin Strike+1","Perfected Strike"],"picked":"Singing Bowl","floor":47.0},{"not_picked":["Iron Wave","Thunderclap","ReplayTheSpireMod:Corrosion Curse+1"],"picked":"Singing Bowl","floor":54.0}],"player_experience":782733,"relics_obtained":[{"floor":2.0,"key":"ReplayTheSpireMod:Ring of Collecting"},{"floor":6.0,"key":"Divine Protection"},{"floor":9.0,"key":"Ring of Fury"},{"floor":10.0,"key":"Toy Ornithopter"},{"floor":13.0,"key":"Self Forming Clay"},{"floor":19.0,"key":"ReplayTheSpireMod:Ring of Challenge"},{"floor":19.0,"key":"Quantum Egg"},{"floor":24.0,"key":"Golden Egg"},{"floor":26.0,"key":"Ring of Peace"},{"floor":26.0,"key":"beaked:ShinyBauble"},{"floor":27.0,"key":"Replay:Bottled Steam"},{"floor":37.0,"key":"Another Sword"},{"floor":40.0,"key":"Bronze Scales"},{"floor":42.0,"key":"Singing Bowl"},{"floor":43.0,"key":"ReplayTheSpireMod:Ring of Addiction"},{"floor":43.0,"key":"Replay:Baseball"},{"floor":43.0,"key":"SacredBark"},{"floor":43.0,"key":"White Beast Statue"},{"floor":44.0,"key":"Regal Pillow"},{"floor":54.0,"key":"Iron Hammer"}],"event_choices":[{"damage_healed":0.0,"max_hp_gain":0.0,"max_hp_loss":0.0,"gold_gain":0.0,"event_name":"Lab","player_choice":"Got Potions","floor":11.0,"gold_loss":0.0,"damage_taken":0.0},{"damage_healed":0.0,"max_hp_gain":0.0,"max_hp_loss":0.0,"gold_gain":100.0,"event_name":"Golden Shrine","player_choice":"Pray","floor":29.0,"gold_loss":0.0,"damage_taken":0.0},{"damage_healed":0.0,"max_hp_gain":0.0,"max_hp_loss":0.0,"gold_gain":0.0,"event_name":"Mysterious Sphere","player_choice":"Fight","floor":37.0,"gold_loss":0.0,"damage_taken":0.0},{"damage_healed":0.0,"max_hp_gain":0.0,"max_hp_loss":4.0,"gold_gain":0.0,"event_name":"Winding Halls","player_choice":"Max HP","floor":39.0,"gold_loss":0.0,"damage_taken":0.0},{"damage_healed":0.0,"max_hp_gain":0.0,"max_hp_loss":0.0,"gold_gain":0.0,"event_name":"Tomb of Lord Red Mask","player_choice":"Ignored","floor":46.0,"gold_loss":0.0,"damage_taken":0.0}],"is_beta":false,"boss_relics":[{"not_picked":["Electric Blood","Fusion Hammer"],"picked":"Empty Cage"},{"not_picked":["aspiration:RunicSpoon","Velvet Choker","Philosopher\u0027s Stone"]}],"items_purged_floors":[4,20,53],"is_endless":false,"potions_floor_spawned":[3,8,10,12,13,24,27,31,36,37,42,44,47,54],"killed_by":"The Heart","ascension_level":4}}