{"host":"ibckqdmmf9y74ymf","time":1614380314,"event":{"mods":["2.2 Compatiblity","Ascension Unlocker","BaseMod","Colored Map","Curses Come First","Highlight Path","Minty Spire (QoL Compilation)","Quick Restart","Rare Cards Sparkle","Relic Stats","StSLib"],"gold_per_floor":[117,117,133,133,144,177,189,201,282,307,352,364,410,432,444,527,539,568,580,636,693,747,759,794,836,875,887,899,943,1001,165,165,269,269,313,313,56,56,73,136,166,166],"floor_reached":41,"language":"ENG","playtime":1441,"items_purged":[],"score":1233,"play_id":"010eabf5-400c-459d-81ad-e8ce7bcdd59b","local_time":"20210226235834","is_ascension_mode":true,"campfire_choices":[],"circlet_count":0,"master_deck":["AscendersBane","Defend_P+1","Defend_P+1","Eruption","Vigilance","CrushJoints","FlurryOfBlows","Tantrum","Conclude+1","SandsOfTime+1","ClearTheMind","Wallop","SashWhip+1","Wish+1","Swivel","MentalFortress+1","SandsOfTime","Blasphemy+1","Wireheading","Wish+1","DeusExMachina","FearNoEvil"],"relics":["PureWater","NeowsBlessing","MawBank","Shuriken","Toy Ornithopter","Omamori","Snecko Eye","GoldenEye","Nunchaku","Orichalcum","Bottled Flame","DollysMirror","Potion Belt","Coffee Dripper","OrangePellets","Vajra"],"acts_visited":["Exordium","TheCity","TheBeyond"],"potions_floor_usage":[],"damage_taken":[],"seed_played":"4112302894019282722","potions_obtained":[],"is_trial":false,"path_per_floor":[],"character_chosen":"WATCHER","items_purchased":[],"campfire_rested":0,"item_purchase_floors":[],"current_hp_per_floor":[],"gold":166,"neow_bonus":"THREE_ENEMY_KILL","is_daily":false,"chose_seed":false,"campfire_upgraded":5,"win_rate":0.0,"timestamp":1614380314,"path_taken":[],"items_purchased_type":["Relic","Relic","Relic","Potion","Potion","Relic"],"build_version":"2020-12-22","purchased_purges":2,"victory":false,"max_hp_per_floor":[],"relic_stats":{"OrangePellets":[3],"Nunchaku":[4],"counters":[21,61],"Shuriken":[21],"Snecko Eye":[56,50,56,66],"Orichalcum":[30],"MawBank":300,"GoldenEye":[6],"obtain_stats":[{"Potion Belt":31,"NeowsBlessing":0,"Vajra":40,"Omamori":13,"Orichalcum":29,"MawBank":6,"GoldenEye":25,"OrangePellets":37,"Nunchaku":26,"Bottled Flame":31,"Shuriken":9,"DollysMirror":31,"Snecko Eye":17,"Coffee Dripper":34,"PureWater":0,"Toy Ornithopter":11},{"Potion Belt":16,"NeowsBlessing":0,"Vajra":20,"Omamori":7,"Orichalcum":15,"MawBank":4,"GoldenEye":14,"OrangePellets":18,"Nunchaku":14,"Bottled Flame":16,"Shuriken":4,"DollysMirror":16,"Snecko Eye":9,"Coffee Dripper":17,"PureWater":0,"Toy Ornithopter":6},{"Potion Belt":44,"NeowsBlessing":0,"Vajra":59,"Omamori":13,"Orichalcum":40,"MawBank":7,"GoldenEye":37,"OrangePellets":52,"Nunchaku":37,"Bottled Flame":44,"Shuriken":7,"DollysMirror":44,"Snecko Eye":21,"Coffee Dripper":49,"PureWater":0,"Toy Ornithopter":11}],"Toy Ornithopter":25},"card_choices":[],"player_experience":575421,"relics_obtained":[],"event_choices":[],"is_beta":false,"boss_relics":[],"items_purged_floors":[],"is_endless":false,"potions_floor_spawned":[],"killed_by":"Sphere and 2 Shapes","ascension_level":20}}