{"host":"1vy6j31128f61x2z","time":1614383393,"event":{"mods":["AchievementEnabler","BaseMod","Colored Powertips","Curses Come First","Minty Spire (QoL Compilation)","Permanent Neow","Random Character Button","Relic Stats","StSLib"],"gold_per_floor":[116,116,116,135,148,148,181,27,27,40,40,40,40],"floor_reached":12,"language":"ENG","playtime":418,"items_purged":[],"score":121,"play_id":"acd56e79-b03f-40cd-bff6-a98a9ff438ce","local_time":"20210226184953","is_ascension_mode":true,"campfire_choices":[{"data":"Defend_G","floor":6,"key":"PURGE"},{"data":"Endless Agony","floor":11,"key":"SMITH"}],"circlet_count":0,"master_deck":["AscendersBane","Strike_G","Strike_G","Strike_G","Strike_G","Strike_G","Defend_G","Defend_G","Defend_G","Defend_G","Survivor","Neutralize","Trip","Endless Agony+1","PiercingWail","Poisoned Stab","Unload","Finisher"],"relics":["Ring of the Snake","Peace Pipe","Golden Idol","Kunai","TwistedFunnel","Matryoshka"],"acts_visited":["Exordium"],"potions_floor_usage":[7],"damage_taken":[{"damage":0,"enemies":"Cultist","floor":1,"turns":5},{"damage":2,"enemies":"2 Louse","floor":4,"turns":2},{"damage":10,"enemies":"Jaw Worm","floor":5,"turns":4},{"damage":24,"enemies":"3 Sentries","floor":7,"turns":8},{"damage":0,"enemies":"2 Fungi Beasts","floor":10,"turns":2},{"damage":3,"enemies":"Lagavulin","floor":12,"turns":3}],"seed_played":"7040911479041912323","potions_obtained":[{"floor":4,"key":"CunningPotion"}],"is_trial":false,"path_per_floor":["M","?","?","M","M","R","E","$","T","M","R","E"],"character_chosen":"THE_SILENT","items_purchased":["TwistedFunnel"],"campfire_rested":0,"item_purchase_floors":[8],"current_hp_per_floor":[63,38,38,36,26,26,2,2,2,2,2,0,0],"gold":40,"neow_bonus":"RANDOM_COLORLESS","is_daily":false,"chose_seed":false,"campfire_upgraded":1,"win_rate":0.0,"timestamp":1614383393,"path_taken":["M","?","?","M","M","R","E","$","T","M","R","E"],"items_purchased_type":["Relic"],"build_version":"2020-12-22","purchased_purges":0,"victory":false,"max_hp_per_floor":[70,70,65,65,65,65,65,65,65,65,65,65,65],"relic_stats":{"Peace Pipe":1,"counters":[6,24],"Golden Idol":17,"Kunai":[2],"obtain_stats":[{"Peace Pipe":2,"TwistedFunnel":8,"Matryoshka":9,"Golden Idol":3,"Kunai":7,"Ring of the Snake":0},{"Peace Pipe":1,"TwistedFunnel":4,"Matryoshka":4,"Golden Idol":1,"Kunai":4,"Ring of the Snake":0},{"Peace Pipe":5,"TwistedFunnel":19,"Matryoshka":19,"Golden Idol":5,"Kunai":19,"Ring of the Snake":0}],"Ring of the Snake":[13]},"card_choices":[{"not_picked":["Good Instincts","Jack Of All Trades"],"picked":"Trip","floor":0},{"not_picked":["Deflect","Slice"],"picked":"Endless Agony","floor":1},{"not_picked":["Expertise","Outmaneuver"],"picked":"PiercingWail","floor":4},{"not_picked":["Cloak And Dagger","Calculated Gamble"],"picked":"Poisoned Stab","floor":5},{"not_picked":["Outmaneuver","Prepared"],"picked":"Unload","floor":7},{"not_picked":["Sucker Punch","Footwork"],"picked":"Finisher","floor":10}],"player_experience":154509,"relics_obtained":[{"floor":7,"key":"Kunai"},{"floor":9,"key":"Matryoshka"}],"event_choices":[{"damage_healed":0,"gold_gain":0,"player_choice":"Success","damage_taken":25,"relics_obtained":["Peace Pipe"],"max_hp_gain":0,"max_hp_loss":0,"event_name":"Scrap Ooze","floor":2,"gold_loss":0},{"damage_healed":0,"gold_gain":0,"player_choice":"Lose Max HP","damage_taken":0,"relics_obtained":["Golden Idol"],"max_hp_gain":0,"max_hp_loss":5,"event_name":"Golden Idol","floor":3,"gold_loss":0}],"is_beta":false,"boss_relics":[],"items_purged_floors":[],"is_endless":false,"potions_floor_spawned":[4],"killed_by":"Lagavulin","ascension_level":11}}