{"host":"k6u7q08ihsmpx7o5","time":1614348312,"event":{"mods":["BaseMod","Bestiary","Filter the Spire","Minty Spire (QoL Compilation)","Permanent Neow","Relic Stats","StSLib"],"gold_per_floor":[13,13,33,33,57,57,57,57],"floor_reached":7,"language":"ENG","playtime":195,"items_purged":[],"score":82,"play_id":"2291e1c0-9bdf-4e11-918f-0d487cc1b666","local_time":"20210226150512","is_ascension_mode":true,"campfire_choices":[{"data":"Electrodynamics","floor":6,"key":"SMITH"}],"circlet_count":0,"master_deck":["AscendersBane","Strike_B","Strike_B","Strike_B","Strike_B","Defend_B","Defend_B","Defend_B","Defend_B","Zap","Dualcast","Electrodynamics+1","Leap","Genetic Algorithm"],"relics":["Cracked Core","Golden Idol","NlothsMask"],"acts_visited":["Exordium"],"potions_floor_usage":[7],"damage_taken":[{"damage":4,"enemies":"2 Louse","floor":1,"turns":3},{"damage":7,"enemies":"Jaw Worm","floor":3,"turns":3},{"damage":0,"enemies":"Cultist","floor":5,"turns":3},{"damage":66,"enemies":"Gremlin Nob","floor":7,"turns":4}],"seed_played":"-5294905689474366176","potions_obtained":[{"floor":1,"key":"SpeedPotion"}],"is_trial":false,"path_per_floor":["M","?","M","?","M","R","E"],"character_chosen":"DEFECT","items_purchased":[],"campfire_rested":0,"item_purchase_floors":[],"current_hp_per_floor":[60,60,53,53,53,53,0,0],"gold":57,"neow_bonus":"THREE_RARE_CARDS","is_daily":false,"chose_seed":false,"campfire_upgraded":1,"win_rate":0.0,"timestamp":1614348312,"path_taken":["M","?","M","?","M","R","E"],"items_purchased_type":[],"build_version":"2020-12-22","purchased_purges":0,"victory":false,"max_hp_per_floor":[71,64,64,64,64,64,64,64],"relic_stats":{"counters":[4,13],"Golden Idol":9,"obtain_stats":[{"Golden Idol":2,"Cracked Core":0,"NlothsMask":4},{"Golden Idol":1,"Cracked Core":0,"NlothsMask":2},{"Golden Idol":3,"Cracked Core":0,"NlothsMask":6}]},"card_choices":[{"not_picked":["Machine Learning","Amplify"],"picked":"Electrodynamics","floor":0},{"not_picked":["White Noise","Gash"],"picked":"Leap","floor":1},{"not_picked":["Storm","Auto Shields"],"picked":"Genetic Algorithm","floor":3},{"not_picked":["Go for the Eyes","Undo","Stack"],"picked":"SKIP","floor":5}],"player_experience":1993640,"relics_obtained":[],"event_choices":[{"damage_healed":0,"gold_gain":0,"player_choice":"Lose Max HP","damage_taken":0,"relics_obtained":["Golden Idol"],"max_hp_gain":0,"max_hp_loss":7,"event_name":"Golden Idol","floor":2,"gold_loss":0},{"damage_healed":0,"gold_gain":0,"player_choice":"Trade","damage_taken":0,"relics_obtained":["NlothsMask"],"max_hp_gain":0,"max_hp_loss":0,"event_name":"FaceTrader","floor":4,"gold_loss":0}],"is_beta":false,"boss_relics":[],"items_purged_floors":[],"is_endless":false,"potions_floor_spawned":[1],"killed_by":"Gremlin Nob","ascension_level":20}}