{"host":"08xvxt5w1s7zc7e5","time":1614345662,"event":{"mods":["AchievementEnabler","BaseMod","DeckTracker","Minty Spire (QoL Compilation)","Quick Restart","StSLib","SuperFastMode"],"gold_per_floor":[114,114,127,27,27,27,52,76,103,117,42,42,42,71,71,197,197,212,26,46,46,59,102,52,52,52,52,52,72,13,37,37,168,168,184,200,36,51,67,67,110,131,131,149,184,184,200,200,200,200],"floor_reached":51,"language":"KOR","playtime":1468,"items_purged":["Strike_G"],"score":1319,"play_id":"7e5d21da-b0a8-462b-9306-528f8acde1df","local_time":"20210226222102","is_ascension_mode":true,"campfire_choices":[{"data":"Neutralize","floor":6.0,"key":"SMITH"},{"data":"Noxious Fumes","floor":13.0,"key":"SMITH"},{"data":"Footwork","floor":15.0,"key":"SMITH"},{"data":"Footwork","floor":25.0,"key":"SMITH"},{"floor":27.0,"key":"REST"},{"data":"Dodge and Roll","floor":32.0,"key":"SMITH"},{"data":"Catalyst","floor":40.0,"key":"SMITH"},{"data":"Burst","floor":46.0,"key":"SMITH"},{"data":"Crippling Poison","floor":49,"key":"SMITH"}],"circlet_count":0,"master_deck":["AscendersBane","Strike_G","Strike_G+1","Strike_G","Defend_G","Defend_G","Defend_G+1","Defend_G+1","Defend_G","Survivor+1","Neutralize+1","Noxious Fumes+1","Poisoned Stab","Footwork+1","Crippling Poison+1","Dodge and Roll+1","Finisher","Adrenaline+1","Footwork+1","Calculated Gamble+1","Predator","Deadly Poison+1","Parasite","Blur+1","Burst+1","Footwork+1","Escape Plan+1","Burst+1","Catalyst+1","Backflip+1","Noxious Fumes+1"],"relics":["Ring of the Snake","NeowsBlessing","Golden Idol","Oddly Smooth Stone","Odd Mushroom","Cursed Key","Strange Spoon","War Paint","Bag of Preparation","Happy Flower","SlaversCollar","InkBottle","Singing Bowl"],"acts_visited":["Exordium","TheCity","TheBeyond"],"potions_floor_usage":[50],"damage_taken":[{"damage":0.0,"enemies":"Cultist","floor":1.0,"turns":1.0},{"damage":0.0,"enemies":"2 Louse","floor":3.0,"turns":1.0},{"damage":0.0,"enemies":"Small Slimes","floor":7.0,"turns":1.0},{"damage":1.0,"enemies":"2 Fungi Beasts","floor":8.0,"turns":4.0},{"damage":2.0,"enemies":"Looter","floor":10.0,"turns":5.0},{"damage":30.0,"enemies":"The Mushroom Lair","floor":14.0,"turns":5.0},{"damage":8.0,"enemies":"Hexaghost","floor":16.0,"turns":10.0},{"damage":5.0,"enemies":"Spheric Guardian","floor":18.0,"turns":6.0},{"damage":0.0,"enemies":"3 Byrds","floor":20.0,"turns":5.0},{"damage":10.0,"enemies":"3 Cultists","floor":22.0,"turns":6.0},{"damage":14.0,"enemies":"Slavers","floor":23.0,"turns":6.0},{"damage":0.0,"enemies":"Centurion and Healer","floor":29.0,"turns":6.0},{"damage":10.0,"enemies":"Chosen and Byrds","floor":31.0,"turns":7.0},{"damage":0.0,"enemies":"Collector","floor":33.0,"turns":9.0},{"damage":4.0,"enemies":"3 Darklings","floor":35.0,"turns":6.0},{"damage":0.0,"enemies":"Orb Walker","floor":36.0,"turns":6.0},{"damage":0.0,"enemies":"Maw","floor":38.0,"turns":10.0},{"damage":7.0,"enemies":"Spire Growth","floor":39.0,"turns":8.0},{"damage":3.0,"enemies":"Nemesis","floor":41.0,"turns":7.0},{"damage":0.0,"enemies":"Transient","floor":42.0,"turns":5.0},{"damage":0.0,"enemies":"Writhing Mass","floor":44.0,"turns":5.0},{"damage":0.0,"enemies":"Giant Head","floor":45.0,"turns":7.0},{"damage":0,"enemies":"Sphere and 2 Shapes","floor":47,"turns":6},{"damage":0,"enemies":"Time Eater","floor":50,"turns":14}],"seed_played":"2238069856410238687","potions_obtained":[{"floor":3.0,"key":"Poison Potion"},{"floor":18.0,"key":"Energy Potion"},{"floor":23.0,"key":"SteroidPotion"},{"floor":36.0,"key":"CunningPotion"},{"floor":44.0,"key":"Ancient Potion"},{"floor":47,"key":"DistilledChaos"}],"is_trial":false,"path_per_floor":["M","?","M","$","?","R","M","M","T","M","$","?","R","?","R","B",null,"M","$","M","?","M","E","$","R","T","R","$","M","?","M","R","B",null,"M","M","$","M","M","R","E","M","T","M","E","R","M","?","R","B",null],"character_chosen":"THE_SILENT","items_purchased":["GhostInAJar","Strange Spoon","Footwork","PowerPotion","Burst"],"campfire_rested":1,"item_purchase_floors":[4,19,19,24,37],"current_hp_per_floor":[63,63,63,63,50,50,50,49,49,47,47,47,47,17,17,9,51,46,46,46,46,36,22,22,22,22,41,41,41,41,31,31,31,57,53,53,53,53,46,46,43,43,43,43,45,45,47,47,47,47],"gold":200,"neow_bonus":"THREE_ENEMY_KILL","is_daily":false,"chose_seed":false,"campfire_upgraded":8,"win_rate":0.0,"timestamp":1614345662,"path_taken":["M","?","M","$","?","R","M","M","T","M","$","?","R","?","R","BOSS","M","$","M","?","?","E","$","R","T","R","$","M","?","M","R","BOSS","M","M","$","M","M","R","E","M","T","?","E","R","M","?","R","BOSS"],"items_purchased_type":["Potion","Relic","Card","Potion","Card"],"build_version":"2020-12-22","purchased_purges":1,"victory":true,"max_hp_per_floor":[70,65,65,65,65,65,65,65,65,65,65,65,65,65,65,65,65,65,65,65,65,65,65,65,65,65,65,65,65,65,65,65,65,65,65,65,65,65,65,65,65,65,65,65,67,67,69,69,69,69],"card_choices":[{"not_picked":["Deadly Poison","Reflex"],"picked":"Noxious Fumes","floor":1.0},{"not_picked":["Heel Hook","Sucker Punch"],"picked":"Poisoned Stab","floor":3.0},{"not_picked":["Quick Slash","Deflect"],"picked":"Footwork","floor":7.0},{"not_picked":["Cloak And Dagger","Outmaneuver"],"picked":"Crippling Poison","floor":8.0},{"not_picked":["Blur","Deflect"],"picked":"Dodge and Roll","floor":10.0},{"not_picked":["Venomology","After Image"],"picked":"Adrenaline","floor":16.0},{"not_picked":["Sucker Punch+1","Outmaneuver","Cloak And Dagger"],"picked":"SKIP","floor":18.0},{"not_picked":["Poisoned Stab+1","Choke+1"],"picked":"Calculated Gamble+1","floor":20.0},{"not_picked":["Dagger Spray","Deflect"],"picked":"Predator","floor":22.0},{"not_picked":["Choke","A Thousand Cuts"],"picked":"Deadly Poison+1","floor":23.0},{"not_picked":["Quick Slash","Dagger Throw","Terror"],"picked":"SKIP","floor":29.0},{"not_picked":["Backflip","Setup"],"picked":"Blur+1","floor":31.0},{"not_picked":["Venomology","Doppelganger"],"picked":"Burst","floor":33.0},{"not_picked":["Quick Slash+1","Poisoned Stab"],"picked":"Footwork+1","floor":35.0},{"not_picked":["Acrobatics+1","Dagger Spray"],"picked":"Escape Plan+1","floor":36.0},{"not_picked":["Deflect+1","Heel Hook"],"picked":"Catalyst","floor":38.0},{"not_picked":["Deflect+1","Prepared"],"picked":"Backflip+1","floor":39.0},{"not_picked":["Terror","Flying Knee"],"picked":"Noxious Fumes+1","floor":41.0},{"not_picked":["Catalyst","All Out Attack","Bane"],"picked":"SKIP","floor":42.0},{"not_picked":["Blade Dance+1","Crippling Poison+1","Caltrops+1"],"picked":"SKIP","floor":44.0},{"not_picked":["Poisoned Stab","Blade Dance","Grand Finale"],"picked":"Singing Bowl","floor":45.0},{"not_picked":["PiercingWail","Terror","Blade Dance"],"picked":"Singing Bowl","floor":47}],"player_experience":432328,"relics_obtained":[{"floor":9.0,"key":"Oddly Smooth Stone"},{"floor":14.0,"key":"Odd Mushroom"},{"floor":23.0,"key":"War Paint"},{"floor":26.0,"key":"Bag of Preparation"},{"floor":41.0,"key":"InkBottle"},{"floor":45.0,"key":"Singing Bowl"}],"event_choices":[{"damage_healed":0.0,"max_hp_gain":0.0,"max_hp_loss":5.0,"gold_gain":0.0,"event_name":"Golden Idol","player_choice":"Lose Max HP","floor":2.0,"gold_loss":0.0,"damage_taken":0.0,"relics_obtained":["Golden Idol"]},{"damage_healed":0.0,"max_hp_gain":0.0,"max_hp_loss":0.0,"gold_gain":0.0,"event_name":"Shining Light","player_choice":"Entered Light","floor":5.0,"gold_loss":0.0,"damage_taken":13.0,"cards_upgraded":["Strike_G","Survivor"]},{"damage_healed":0.0,"max_hp_gain":0.0,"max_hp_loss":0.0,"gold_gain":0.0,"cards_transformed":["Strike_G"],"event_name":"Living Wall","player_choice":"Change","floor":12.0,"gold_loss":0.0,"damage_taken":0.0,"cards_obtained":["Finisher"]},{"damage_healed":0.0,"max_hp_gain":0.0,"max_hp_loss":0.0,"gold_gain":0.0,"event_name":"Mushrooms","player_choice":"Fought Mushrooms","floor":14.0,"gold_loss":0.0,"damage_taken":0.0},{"damage_healed":0.0,"max_hp_gain":0.0,"max_hp_loss":0.0,"gold_gain":0.0,"event_name":"Upgrade Shrine","player_choice":"Upgraded","floor":21.0,"gold_loss":0.0,"damage_taken":0.0,"cards_upgraded":["Adrenaline"]},{"damage_healed":0.0,"max_hp_gain":0.0,"max_hp_loss":0.0,"gold_gain":0.0,"event_name":"WeMeetAgain","player_choice":"Paid Gold","floor":30.0,"gold_loss":59.0,"damage_taken":0.0,"relics_obtained":["Happy Flower"]},{"damage_healed":0,"gold_gain":0,"player_choice":"Forge","damage_taken":0,"max_hp_gain":0,"max_hp_loss":0,"event_name":"Accursed Blacksmith","floor":48,"gold_loss":0,"cards_upgraded":["Burst"]}],"is_beta":false,"boss_relics":[{"not_picked":["Ring of the Serpent","Fusion Hammer"],"picked":"Cursed Key"},{"not_picked":["WristBlade","Black Star"],"picked":"SlaversCollar"}],"items_purged_floors":[11],"is_endless":false,"potions_floor_spawned":[3,14,18,22,23,31,36,44,47],"ascension_level":11}}