{"host":"qgrlfjrqk9z96gfi","time":1614358955,"event":{"mods":["BaseMod","Block Reminder","Colored Map","Custom Start","DeckTracker","Minty Spire (QoL Compilation)"],"gold_per_floor":[112,112,125,139,40,40,71,91,91,111,111,91,91,118,118,195,195,211,227,246,246,246],"floor_reached":21,"language":"ENG","playtime":605,"items_purged":["Strike_G"],"score":382,"play_id":"97a3190b-1318-44b7-a137-c3a2452e78e8","local_time":"20210226070235","is_ascension_mode":true,"campfire_choices":[{"floor":6,"key":"REST"},{"floor":11,"key":"REST"},{"floor":13,"key":"REST"},{"data":"Bouncing Flask","floor":15,"key":"SMITH"}],"circlet_count":0,"master_deck":["AscendersBane","Strike_G","Defend_G","Defend_G","Defend_G","Defend_G","Defend_G","Survivor","Neutralize+1","Corpse Explosion+1","Flying Knee","Skewer","Predator","Blade Dance","Bouncing Flask+1","Adrenaline","Caltrops+1","Unload+1","Heel Hook+1","Backflip","Acrobatics+1","Bane+1"],"relics":["Ring of the Snake","Darkstone Periapt","Dead Branch","Ice Cream","Astrolabe"],"acts_visited":["Exordium","TheCity"],"potions_floor_usage":[7,8,14],"damage_taken":[{"damage":6,"enemies":"Small Slimes","floor":1,"turns":5},{"damage":0,"enemies":"2 Louse","floor":3,"turns":2},{"damage":0,"enemies":"Cultist","floor":4,"turns":3},{"damage":34,"enemies":"Lagavulin","floor":7,"turns":8},{"damage":0,"enemies":"2 Fungi Beasts","floor":8,"turns":2},{"damage":0,"enemies":"Lots of Slimes","floor":10,"turns":1},{"damage":8,"enemies":"Gremlin Nob","floor":14,"turns":3},{"damage":22,"enemies":"The Guardian","floor":16,"turns":10},{"damage":27,"enemies":"2 Thieves","floor":18,"turns":3},{"damage":10,"enemies":"Shell Parasite","floor":19,"turns":5},{"damage":7,"enemies":"Chosen and Byrds","floor":20,"turns":5},{"damage":8,"enemies":"Centurion and Healer","floor":21,"turns":1}],"seed_played":"8256081844764624492","potions_obtained":[{"floor":4,"key":"SpeedPotion"},{"floor":7,"key":"Fire Potion"},{"floor":8,"key":"SteroidPotion"},{"floor":12,"key":"Fire Potion"},{"floor":14,"key":"DuplicationPotion"}],"is_trial":false,"path_per_floor":["M","?","M","M","$","R","E","M","T","M","R","?","R","E","R","B",null,"M","M","M","M"],"character_chosen":"THE_SILENT","items_purchased":["Blade Dance"],"campfire_rested":3,"item_purchase_floors":[5],"current_hp_per_floor":[38,18,18,18,18,37,3,3,3,3,22,22,41,33,33,11,52,25,15,8,0,0],"gold":246,"neow_bonus":"THREE_RARE_CARDS","is_daily":false,"chose_seed":false,"campfire_upgraded":1,"win_rate":0.0,"timestamp":1614358955,"path_taken":["M","?","M","M","$","R","E","M","T","M","R","?","R","E","R","BOSS","M","M","?","M"],"items_purchased_type":["Card"],"build_version":"2020-12-22","purchased_purges":1,"victory":false,"max_hp_per_floor":[66,66,66,66,66,66,66,66,66,66,66,66,66,66,66,66,66,66,66,66,66,66],"card_choices":[{"not_picked":["Malaise","Grand Finale"],"picked":"Corpse Explosion","floor":0},{"not_picked":["Heel Hook","Reflex"],"picked":"Flying Knee","floor":1},{"not_picked":["Dodge and Roll","Infinite Blades"],"picked":"Skewer","floor":3},{"not_picked":["Acrobatics","Underhanded Strike"],"picked":"Predator","floor":4},{"not_picked":["Escape Plan","Caltrops"],"picked":"Bouncing Flask","floor":7},{"not_picked":["Bane","Quick Slash","Outmaneuver"],"picked":"SKIP","floor":8},{"not_picked":["All Out Attack","Choke","Escape Plan"],"picked":"SKIP","floor":10},{"not_picked":["Setup","Sucker Punch","Dagger Throw"],"picked":"SKIP","floor":14},{"not_picked":["Malaise","Glass Knife"],"picked":"Adrenaline","floor":16},{"not_picked":["Dagger Spray","Flying Knee"],"picked":"Backflip","floor":18},{"not_picked":["Deflect","Quick Slash"],"picked":"Acrobatics+1","floor":19},{"not_picked":["Deadly Poison","Skewer"],"picked":"Bane+1","floor":20}],"player_experience":1197927,"relics_obtained":[{"floor":7,"key":"Darkstone Periapt"},{"floor":9,"key":"Dead Branch"},{"floor":14,"key":"Ice Cream"}],"event_choices":[{"damage_healed":0,"gold_gain":0,"player_choice":"Entered Light","damage_taken":20,"max_hp_gain":0,"max_hp_loss":0,"event_name":"Shining Light","floor":2,"gold_loss":0,"cards_upgraded":["Neutralize","Corpse Explosion"]},{"damage_healed":0,"gold_gain":0,"player_choice":"Bought 1 Potion","damage_taken":0,"max_hp_gain":0,"max_hp_loss":0,"event_name":"The Woman in Blue","floor":12,"gold_loss":0}],"is_beta":false,"boss_relics":[{"not_picked":["Empty Cage","HoveringKite"],"picked":"Astrolabe"}],"items_purged_floors":[5],"is_endless":false,"potions_floor_spawned":[4,7,8,14,18,19],"killed_by":"Centurion and Healer","ascension_level":20}}