{"host":"w1c1mid85rg66fk9","time":1614371172,"event":{"mods":["2.2 Compatiblity","AchievementEnabler","Act Like it!","Arknights","Aspiration","BaseMod","BetterRewards","Colored Map","Colored Powertips","Conspire","DeckTracker","Downfall","Halation","Hallownest","Highlight Path","Hubris","Infinite Spire","Jorbs\u0027s Wanderer Trilogy","Magitek Elite","Marisa????????","Minty Spire (QoL Compilation)","Permanent Neow","Quick Restart","Reliquary","Replay The Spire","Ruina","StSLib","The Death Knight","The Jungle","The Necromancer","Yuri Mod"],"gold_per_floor":[116,157,54,54,65,65,95,95,118,128,146,146,71,71,71,173,173,187,207,207,225,225,225,259,278,301,114,142,142,142,152,152,254,254,269,269,269,281,10,45,45,45,45,45,59,59,90,105,105,207,207,210,214,214,214,214,214,231,249,249,279,279,298,293,293,293,384,384,382,382,382,378,388,414,414,448,448,448,448,446,446,460,460,561,561,557,537,241,66,71,91,91,91,91,91,97,97,124,137,137,237,237,253,264,275,289,87,70,70],"floor_reached":108,"language":"ENG","playtime":6823,"items_purged":["Glass Knife","Strike_W","Defend_W","ReplayTheSpireMod:Tripwire","Strike_W","Bone_Bullets","Negative_Energy_Javelin","Chill_Blood+1","Summon_Death_Knight+1","Slice"],"score":2142,"play_id":"bf4dae03-8672-499c-b8b3-9baa2983cc98","local_time":"20210226212612","is_ascension_mode":false,"campfire_choices":[{"data":"Death_March_Dance","floor":6.0,"key":"SMITH"},{"data":"Summon_Undead_Army","floor":8.0,"key":"SMITH"},{"data":"Blood_Curse","floor":12.0,"key":"SMITH"},{"data":"Death_Coil","floor":15.0,"key":"SMITH"},{"data":"hubris:InfiniteBlow+91","floor":23.0,"key":"SMITH"},{"data":"infinitespire:NeuralNetwork","floor":30.0,"key":"SMITH"},{"data":"Pot Of Greed","floor":32.0,"key":"SMITH"},{"data":"Pot Of Greed","floor":41.0,"key":"SMITH"},{"data":"Negative_Energy_Shield","floor":44.0,"key":"SMITH"},{"data":"Pot Of Greed","floor":57.0,"key":"SMITH"},{"data":"infinitespire:Punishment","floor":62.0,"key":"SMITH"},{"data":"Defend_W","floor":66.0,"key":"PURGE"},{"data":"hubris:InfiniteBlow+368","floor":75.0,"key":"SMITH"},{"data":"hubris:InfiniteBlow+369","floor":79.0,"key":"SMITH"},{"data":"hubris:InfiniteBlow+370","floor":79.0,"key":"SMITH"},{"data":"Pot Of Greed","floor":83,"key":"SMITH"},{"data":"Hallownest:curseDreamersLament","floor":83,"key":"SMITH"},{"data":"hubris:InfiniteBlow+742","floor":92,"key":"SMITH"},{"data":"hubris:InfiniteBlow+743","floor":92,"key":"SMITH"},{"data":"hubris:InfiniteBlow+744","floor":93,"key":"SMITH"},{"data":"hubris:InfiniteBlow+745","floor":93,"key":"SMITH"},{"data":"hubris:InfiniteBlow+746","floor":95,"key":"SMITH"},{"data":"hubris:InfiniteBlow+747","floor":95,"key":"SMITH"},{"data":"hubris:InfiniteBlow+748","floor":100,"key":"SMITH"},{"data":"hubris:InfiniteBlow+749","floor":100,"key":"SMITH"}],"circlet_count":0,"master_deck":["Negative_Energy_Arrows","Scare+1","Pot Of Greed+1","Pot Of Greed+1","Negative_Energy_Shield+1","Blood_Curse+1","Death_Coil+1","hubris:InfiniteBlow+750","infinitespire:NeuralNetwork+1","Purity","Life_Tap","Pot Of Greed+1","Replay:Fractal Strike+1","infinitespire:Punishment+1","Pot Of Greed+1"],"relics":["Vampire_Amulet","NeowsBlessing","Durian","hubris:CrystalStatue","Grinning Jar","hubris:Towel","hubris:RunicObelisk","reliquary:Bookmark","Bottled Lightning","aspiration:TomeofQuesting","infinitespire:Satchel","Blue Candle","Sozu","halation:PrussianBluePaint","Calipers","reliquary:RosewoodLute","reliquary:Spinner","reliquary:Craggleroot","reliquary:Aerogel","Frozen Egg 2","infinitespire:Lucky Rock","FossilizedHelix","halation:PinkSoulGem","Kintsugi","halation:QuantumPhysicsTextbook","hubris:MysteriousPyramids","halation:Trompette","Replay:Arrowhead","theJungle:SneckoAutograph","Empty Cage","Mercury Hourglass","reliquary:BrokenClock","Smiling Mask","Bottled Flame","halation:PapillonHeart","Oddly Smooth Stone","aspiration:PoetsPen_weak","hubris:SlimyHat"],"acts_visited":["Hallownest:Greenpath","TheCity","Hallownest:KingdomsEdge","Exordium","Exordium","TheBeyond","Exordium"],"potions_floor_usage":[],"damage_taken":[{"damage":0.0,"enemies":"2_ Uuma","floor":1.0,"turns":1.0},{"damage":0.0,"enemies":"Hallownest:monsterHuskWarrior","floor":5.0,"turns":2.0},{"damage":0.0,"enemies":"Hallownest:eliteVengeflyKing","floor":7.0,"turns":1.0},{"damage":5.0,"enemies":"Hallownest:2_Tiktiks_and_1_Crawlid","floor":10.0,"turns":4.0},{"damage":0.0,"enemies":"Hallownest:monsterFoolEater","floor":11.0,"turns":4.0},{"damage":35.0,"enemies":"Hallownest:BossHornet","floor":16.0,"turns":10.0},{"damage":11.0,"enemies":"Spheric Guardian","floor":18.0,"turns":6.0},{"damage":13.0,"enemies":"3 Byrds","floor":19.0,"turns":3.0},{"damage":0.0,"enemies":"Centurion and Healer","floor":21.0,"turns":5.0},{"damage":15.0,"enemies":"Book of Stabbing","floor":24.0,"turns":4.0},{"damage":0.0,"enemies":"Cultist and Chosen","floor":25.0,"turns":3.0},{"damage":21.0,"enemies":"Nightmare","floor":28.0,"turns":4.0},{"damage":0.0,"enemies":"Snake Plant","floor":31.0,"turns":1.0},{"damage":2.0,"enemies":"Champ","floor":33.0,"turns":2.0},{"damage":0.0,"enemies":"Hallownest:3_Siblings","floor":35.0,"turns":5.0},{"damage":23.0,"enemies":"Hallownest:Shield_Heavy","floor":38.0,"turns":4.0},{"damage":0.0,"enemies":"Nightmare","floor":40.0,"turns":1.0},{"damage":4.0,"enemies":"Hallownest:2_Great","floor":45.0,"turns":3.0},{"damage":18.0,"enemies":"Hallownest:eliteHiveKnight","floor":47.0,"turns":2.0},{"damage":7.0,"enemies":"Hallownest:2_Wandering_and_1_Horned","floor":48.0,"turns":6.0},{"damage":0.0,"enemies":"Hallownest:Radiance","floor":50.0,"turns":1.0},{"damage":0.0,"enemies":"Cultist","floor":52.0,"turns":2.0},{"damage":14.0,"enemies":"Jaw Worm","floor":53.0,"turns":2.0},{"damage":2.0,"enemies":"ats:Genji","floor":55.0,"turns":3.0},{"damage":0.0,"enemies":"Nightmare","floor":58.0,"turns":3.0},{"damage":0.0,"enemies":"Gremlin Gang","floor":59.0,"turns":1.0},{"damage":0.0,"enemies":"Lagavulin","floor":61.0,"turns":1.0},{"damage":9.0,"enemies":"Replay:BlueRogue","floor":63.0,"turns":2.0},{"damage":0.0,"enemies":"Large Slime","floor":64.0,"turns":3.0},{"damage":0.0,"enemies":"Hexaghost","floor":67.0,"turns":2.0},{"damage":1.0,"enemies":"theJungle:MUSHROOMGANG","floor":69.0,"turns":3.0},{"damage":2.0,"enemies":"theJungle:GiantWrat","floor":72.0,"turns":3.0},{"damage":0.0,"enemies":"theJungle:Snecko_Cultist_And_Trap","floor":73.0,"turns":1.0},{"damage":0.0,"enemies":"theJungle:Cassacara","floor":74.0,"turns":1.0},{"damage":0.0,"enemies":"theJungle:MamaSnecko","floor":76.0,"turns":1.0},{"damage":10.0,"enemies":"theJungle:JungleHuntersEncounter","floor":80.0,"turns":3.0},{"damage":0,"enemies":"theJungle:SlimyTreeVines","floor":82,"turns":1},{"damage":0,"enemies":"theJungle:FunGuy","floor":84,"turns":1},{"damage":17,"enemies":"3 Shapes","floor":86,"turns":2},{"damage":0,"enemies":"Orb Walker","floor":90,"turns":2},{"damage":0,"enemies":"R_Hoarder","floor":91,"turns":2},{"damage":0,"enemies":"Jaw Worm Horde","floor":96,"turns":2},{"damage":0,"enemies":"Nightmare","floor":98,"turns":1},{"damage":0,"enemies":"Spire Growth","floor":99,"turns":1},{"damage":0,"enemies":"conspire:OrnateMirror","floor":101,"turns":1},{"damage":0,"enemies":"2 Louse","floor":103,"turns":1},{"damage":0,"enemies":"infinitespire:Voidling","floor":104,"turns":1},{"damage":0,"enemies":"ats:Genji","floor":105,"turns":1},{"damage":0,"enemies":"Lots of Slimes","floor":106,"turns":1},{"damage":102,"enemies":"Nightmare_Alpha","floor":108,"turns":2}],"seed_played":"-5293657396793040192","potions_obtained":[{"floor":5.0,"key":"Regen Potion"},{"floor":7.0,"key":"Reflective Coating"},{"floor":18.0,"key":"ColorlessPotion"},{"floor":31.0,"key":"Milkshake"},{"floor":33.0,"key":"bronze:BurnAndBuffPotion"}],"is_trial":false,"path_per_floor":["M","?","$","?","M","R","E","R","T","M","M","R","$","?","R","B",null,"M","M","AVR","M","?","R","E","M","T","$","NM","?","R","M","R","B",null,"M","?","?","M","$","NM","R","$","T","R","M","AVR","E","M","R_BF","B",null,"M","M","?","M","AVR","R","NM","M","T","E","R","E","M","?","R_BF","B",null,"M","AVR","?","M","M","E","R","E","T","?","R","M","?","M","R_BF","B",null,"M","?","$","$","M","E","R","R","T","R","M","?","NM","M","R","B",null,"M","M","M","M","$","NM"],"character_chosen":"NECROMANCER","items_purchased":["Scare","Summon_Undead_Army","Purity","halation:PrussianBluePaint","reliquary:BrokenClock","hubris:SlimyHat"],"campfire_rested":0,"item_purchase_floors":[3,3,27,39,88,107],"current_hp_per_floor":[75,80,80,80,80,80,80,80,80,80,80,80,80,80,80,61,80,72,65,65,69,77,77,64,68,68,68,55,50,50,52,52,52,80,80,60,68,58,58,60,60,60,60,60,56,56,40,45,69,71,80,80,68,68,68,68,68,76,76,76,78,78,71,75,75,75,77,80,80,80,80,80,80,80,80,80,80,80,80,72,72,80,80,80,80,67,67,67,67,69,71,71,71,71,71,77,76,76,76,76,76,76,76,76,76,76,76,0,0],"gold":70,"neow_bonus":"THREE_ENEMY_KILL","is_daily":false,"chose_seed":false,"campfire_upgraded":24,"win_rate":0.0,"timestamp":1614371172,"path_taken":["M","?","?","?","?","R","E","R","T","M","M","R","$","?","R","BOSS","M","M","AVR","M","?","R","E","M","T","?","NM","?","R","?","R","BOSS","M","?","?","M","$","NM","R","$","T","R","M","AVR","E","M","R_BF","BOSS","M","M","?","M","AVR","R","NM","?","T","E","R","E","?","?","R_BF","BOSS","M","AVR","?","?","M","E","R","E","T","?","R","M","?","M","R_BF","BOSS","M","?","$","$","?","E","R","R","T","R","M","?","NM","M","R","BOSS","M","M","M","M","$","NM"],"items_purchased_type":["Card","Card","Card","Relic","Relic","Relic"],"build_version":"2020-12-22","purchased_purges":10,"victory":false,"max_hp_per_floor":[75,80,80,80,80,80,80,80,80,80,80,80,80,80,80,80,80,80,80,80,80,80,80,80,80,80,80,80,80,80,80,80,80,80,80,80,80,80,80,80,80,80,80,80,80,80,80,80,80,80,80,80,80,80,80,80,80,80,80,80,80,80,80,80,80,80,80,80,80,80,80,80,80,80,80,80,80,80,80,80,80,80,80,80,80,80,80,80,80,80,80,80,80,80,80,80,76,76,76,76,76,76,76,76,76,76,76,76,76],"card_choices":[{"not_picked":["Epidemic","Whirlwind_of_Bones","Strike_from_Beyond"],"picked":"SKIP","floor":1.0},{"not_picked":["Bone_Prison","Bone_Spikes"],"picked":"Death_March_Dance","floor":2.0},{"not_picked":["Flesh_Made_Foul","Shackles_Of_Pain"],"picked":"Death_Coil","floor":5.0},{"not_picked":["Life_Tap","Death_March_Dance"],"picked":"Bone_Bullets","floor":7.0},{"not_picked":["Bones_to_Steel","Pandemic"],"picked":"Negative_Energy_Shield","floor":10.0},{"not_picked":["Flesh_Made_Foul","Bone_Spikes"],"picked":"Blood_Curse","floor":11.0},{"not_picked":["Requiem","Skeleton_Dragon"],"picked":"Summon_Vampire_Lady","floor":16.0},{"not_picked":["Death_Coil","Summon_Undead_Army"],"picked":"Summon_Lich","floor":18.0},{"not_picked":["Bone_Armor","Bone_Bullets"],"picked":"Death_Coil+1","floor":19.0},{"not_picked":["Necrotic_Claws","Finger_Of_Death","Life_Drain"],"picked":"SKIP","floor":21.0},{"not_picked":["Toxic_Smoke_Screen","Necromantic_Selection","Bone_Shift"],"picked":"SKIP","floor":24.0},{"not_picked":["Death_Coil","Negative_Energy_Mist","Finger_Of_Death"],"picked":"SKIP","floor":25.0},{"not_picked":["Finger_Of_Death","Exploit","Death_Coil"],"picked":"SKIP","floor":28.0},{"not_picked":["Bone_Armory","Deaths_Shadow"],"picked":"Life_Tap","floor":31.0},{"not_picked":["Death_March_Dance","Summon_Lich","Flesh_Made_Foul+1"],"picked":"SKIP","floor":35.0},{"not_picked":["infinitespire:FinalStrike","infinitespire:Execution"],"picked":"Replay:Fractal Strike","floor":36.0},{"not_picked":["Death_March_Dance+1","Negative_Energy_Sphere+1","Bones_to_Steel"],"picked":"SKIP","floor":38.0},{"not_picked":["Death_March_Dance+1","Negative_Energy_Sphere+1","Bones_to_Steel"],"picked":"SKIP","floor":38.0},{"not_picked":["Death_March_Dance","Bones_to_Steel"],"picked":"Chill_Blood+1","floor":40.0},{"not_picked":["Death_Coil+1","Summon_Lich","Negative_Energy_Bomb"],"picked":"SKIP","floor":45.0},{"not_picked":["Blood_Curse+1","Corrupt","Slay_Living"],"picked":"SKIP","floor":47.0},{"not_picked":["Negative_Energy_Javelin+1","Strike_from_Beyond+1","Spectral_Walk"],"picked":"SKIP","floor":48.0},{"not_picked":["Death_Coil","Bone_Prison","Violent_Necrosis"],"picked":"SKIP","floor":52.0},{"not_picked":["Life_Drain","Spectral_Armor","Vampiric_Strike"],"picked":"SKIP","floor":53.0},{"not_picked":["Blood_for_Blood","Blood_Curse","Finger_Of_Death"],"picked":"SKIP","floor":55.0},{"not_picked":["ReplayTheSpireMod:Echoes of Time","ReplayTheSpireMod:Black Plague"],"picked":"infinitespire:Punishment","floor":58.0},{"not_picked":["Exploit","Scare","Negative_Energy_Javelin"],"picked":"SKIP","floor":58.0},{"not_picked":["Exploit","Negative_Energy_Mist","Finger_Of_Death"],"picked":"SKIP","floor":59.0},{"not_picked":["Deaths_Shadow","Bones_to_Steel","Blood_Whip"],"picked":"SKIP","floor":61.0},{"not_picked":["Necromantic_Selection","Pandemic","Plague_Bolt"],"picked":"SKIP","floor":63.0},{"not_picked":["Summon_Undead_Army+1","Summon_Lich+1","Negative_Energy_Sphere"],"picked":"SKIP","floor":64.0},{"not_picked":["Cloudkill","Blood_Magic+1"],"picked":"Summon_Death_Knight+1","floor":67.0},{"not_picked":["Bone_Bullets","Bone_Armor+1","Whirlwind_of_Bones"],"picked":"SKIP","floor":69.0},{"not_picked":["Negative_Energy_Javelin","Plague_Bolt","Siphon_Strength"],"picked":"SKIP","floor":72.0},{"not_picked":["ReplayTheSpireMod:Haul","infinitespire:Menacing"],"picked":"infinitespire:SealOfDarkness+","floor":72.0},{"not_picked":["Negative_Energy_Javelin","Plague_Bolt","Siphon_Strength"],"picked":"SKIP","floor":72.0},{"not_picked":["Negative_Energy_Javelin","Plague_Bolt","Siphon_Strength"],"picked":"SKIP","floor":72.0},{"not_picked":["Scare+1","Toxic_Smoke_Screen+1","Consume_Illness"],"picked":"SKIP","floor":73.0},{"not_picked":["Siphon_Strength","Pandemic","Summon_Lich+1"],"picked":"SKIP","floor":74.0},{"not_picked":["Necrotic_Claws","Bones_to_Steel","Blood_Is_Power+1"],"picked":"SKIP","floor":76.0},{"not_picked":["Summon_Lich+1","Negative_Energy_Sphere+1","Blood_Whip"],"picked":"SKIP","floor":80},{"not_picked":["Negative_Energy_Mist+1","Vampiric_Strike","Bone_Spikes"],"picked":"SKIP","floor":82},{"not_picked":["Toxic_Smoke_Screen","Blood_for_Blood+1","Spectral_Armor"],"picked":"SKIP","floor":86},{"not_picked":["Death_Coil+1","Toxic_Smoke_Screen","Chill_Blood"],"picked":"SKIP","floor":90},{"not_picked":["Bone_Spikes","Pandemic","Blood_Is_Power+1"],"picked":"SKIP","floor":91},{"not_picked":["Negative_Energy_Sphere","Finger_Of_Death+1","Blood_Curse"],"picked":"SKIP","floor":96},{"not_picked":["Bones_to_Steel","Strike_from_Beyond","Life_Drain"],"picked":"SKIP","floor":98},{"not_picked":["Bone_Bullets","Epidemic","Spectral_Armor+1"],"picked":"SKIP","floor":99},{"not_picked":["Negative_Energy_Sphere","Bones_to_Steel","Violent_Necrosis"],"picked":"SKIP","floor":103},{"not_picked":["Negative_Energy_Burst","Spectral_Armor","Acid_Javelin"],"picked":"SKIP","floor":104},{"not_picked":["Shade_Step","Bone_Bullets","Blood_Whip"],"picked":"SKIP","floor":105},{"not_picked":["Negative_Energy_Sphere","Blood_Curse","Violent_Necrosis"],"picked":"SKIP","floor":106}],"player_experience":39122,"relics_obtained":[{"floor":2.0,"key":"Durian"},{"floor":7.0,"key":"hubris:CrystalStatue"},{"floor":9.0,"key":"Grinning Jar"},{"floor":24.0,"key":"Bottled Lightning"},{"floor":26.0,"key":"aspiration:TomeofQuesting"},{"floor":28.0,"key":"infinitespire:Satchel"},{"floor":40.0,"key":"Calipers"},{"floor":43.0,"key":"reliquary:RosewoodLute"},{"floor":47.0,"key":"reliquary:Spinner"},{"floor":58.0,"key":"reliquary:Aerogel"},{"floor":60.0,"key":"Frozen Egg 2"},{"floor":61.0,"key":"infinitespire:Lucky Rock"},{"floor":63.0,"key":"FossilizedHelix"},{"floor":74.0,"key":"hubris:MysteriousPyramids"},{"floor":76.0,"key":"halation:Trompette"},{"floor":77.0,"key":"Replay:Arrowhead"},{"floor":91,"key":"Smiling Mask"},{"floor":94,"key":"Bottled Flame"},{"floor":98,"key":"Oddly Smooth Stone"}],"event_choices":[{"damage_healed":0.0,"max_hp_gain":0.0,"max_hp_loss":0.0,"gold_gain":0.0,"cards_transformed":["Death_March_Dance"],"event_name":"Transmorgrifier","player_choice":"Transformed","floor":54.0,"gold_loss":0.0,"damage_taken":0.0,"cards_obtained":["Negative_Energy_Javelin"]},{"cards_removed":["downfall:Icky"],"damage_healed":0.0,"max_hp_gain":0.0,"max_hp_loss":0.0,"gold_gain":0.0,"event_name":"Purifier","player_choice":"Purged","floor":71.0,"gold_loss":0.0,"damage_taken":0.0},{"damage_healed":0,"gold_gain":0,"player_choice":"Upgraded","damage_taken":0,"max_hp_gain":0,"max_hp_loss":0,"event_name":"Upgrade Shrine","floor":81,"gold_loss":0,"cards_upgraded":["Shame"]},{"damage_healed":0,"gold_gain":0,"player_choice":"Bought 1 Potion","damage_taken":0,"max_hp_gain":0,"max_hp_loss":0,"event_name":"The Woman in Blue","floor":87,"gold_loss":0}],"is_beta":false,"boss_relics":[{"not_picked":["halation:CatFaceCupcake","hubris:Stopwatch"],"picked":"hubris:RunicObelisk"},{"not_picked":["hubris:TerracottaHorce","hubris:VirtuousBlindfold"],"picked":"Sozu"},{"not_picked":["Replay:Bronze Core","infinitespire:Cupcake"],"picked":"reliquary:Craggleroot"},{"not_picked":["ChewingGum","hubris:TerracottaHorce"],"picked":"Kintsugi"},{"not_picked":["conspire:RunicOctahedron","conspire:SpecialSausage"],"picked":"Empty Cage"},{"not_picked":["halation:CatFaceCupcake","infinitespire:Cupcake"],"picked":"aspiration:PoetsPen_weak"}],"items_purged_floors":[13,20,27,39,46,56,70,88,89,107],"is_endless":true,"potions_floor_spawned":[5,7,18,31,33,35,38,50,52,58,64,73,76,80,84,86,96,101,103,106],"killed_by":"Nightmare_Alpha","ascension_level":0}}