{"host":"l6t8kvs6xu8ynp71","time":1614321733,"event":{"mods":["BaseMod","Curses Come First","Highlight Path","Minty Spire (QoL Compilation)","Permanent Neow","Relic Stats","StSLib"],"gold_per_floor":[17,35,81,99,113,113,147,147,202,217,217,217,85,97,97,171,171,188,30,280,296,296,296],"floor_reached":22,"language":"ENG","playtime":1203,"items_purged":["Strike_G","Strike_G"],"score":372,"play_id":"93e34681-3d0a-4eb1-a543-6c5c69101f9d","local_time":"20210225234213","is_ascension_mode":true,"campfire_choices":[{"data":"Wraith Form v2","floor":6.0,"key":"SMITH"},{"data":"Predator","floor":8.0,"key":"SMITH"},{"floor":15.0,"key":"REST"}],"circlet_count":0,"master_deck":["AscendersBane","Strike_G","Strike_G","Strike_G","Defend_G","Defend_G","Defend_G","Defend_G","Defend_G","Survivor","Neutralize","Wraith Form v2+1","Quick Slash","Dodge and Roll","Predator+1","PiercingWail","After Image","Cloak And Dagger","Blade Dance","Footwork","Malaise","Deflect","Backflip","Accuracy","Cloak And Dagger+1"],"relics":["Ring of the Snake","Toy Ornithopter","Pear","Centennial Puzzle","Happy Flower","SsserpentHead","WristBlade"],"acts_visited":["Exordium","TheCity"],"potions_floor_usage":[16],"damage_taken":[{"damage":2.0,"enemies":"Cultist","floor":1.0,"turns":6.0},{"damage":2.0,"enemies":"Small Slimes","floor":2.0,"turns":6.0},{"damage":4.0,"enemies":"2 Louse","floor":4.0,"turns":4.0},{"damage":26.0,"enemies":"Lots of Slimes","floor":5.0,"turns":7.0},{"damage":12.0,"enemies":"Lagavulin","floor":7.0,"turns":9.0},{"damage":0.0,"enemies":"3 Louse","floor":10.0,"turns":4.0},{"damage":1.0,"enemies":"Exordium Wildlife","floor":14.0,"turns":3.0},{"damage":27,"enemies":"Slime Boss","floor":16,"turns":10},{"damage":16,"enemies":"Chosen","floor":18,"turns":6},{"damage":20,"enemies":"Spheric Guardian","floor":21,"turns":4},{"damage":33,"enemies":"Cultist and Chosen","floor":22,"turns":5}],"seed_played":"-3050510142550826613","potions_obtained":[{"floor":1.0,"key":"Swift Potion"},{"floor":5.0,"key":"CultistPotion"},{"floor":7.0,"key":"Explosive Potion"},{"floor":10.0,"key":"Strength Potion"},{"floor":16,"key":"Weak Potion"}],"is_trial":false,"path_per_floor":["M","M","T","M","M","R","E","R","T","M","?","?","$","M","R","B",null,"M","$","?","M","M"],"character_chosen":"THE_SILENT","items_purchased":["Blade Dance","Backflip","Accuracy"],"campfire_rested":1,"item_purchase_floors":[13,19,19],"current_hp_per_floor":[57,55,55,51,25,25,33,33,33,33,28,28,28,27,49,27,64,48,48,48,28,0,0],"gold":296,"neow_bonus":"THREE_RARE_CARDS","is_daily":false,"chose_seed":false,"campfire_upgraded":2,"win_rate":0.0,"timestamp":1614321733,"path_taken":["M","?","?","M","M","R","E","R","T","M","?","?","$","M","R","BOSS","M","?","?","M","M"],"items_purchased_type":["Card","Card","Card"],"build_version":"2020-12-22","purchased_purges":2,"victory":false,"max_hp_per_floor":[66,66,66,66,66,66,76,76,76,76,76,76,76,76,76,76,76,76,76,76,76,76,76],"relic_stats":{"SsserpentHead":100,"Centennial Puzzle":[15],"Happy Flower":[9],"counters":[11,64],"obtain_stats":[{"SsserpentHead":12,"Centennial Puzzle":9,"Pear":7,"Happy Flower":11,"WristBlade":17,"Toy Ornithopter":3,"Ring of the Snake":0},{"SsserpentHead":6,"Centennial Puzzle":5,"Pear":5,"Happy Flower":6,"WristBlade":8,"Toy Ornithopter":2,"Ring of the Snake":0},{"SsserpentHead":36,"Centennial Puzzle":32,"Pear":32,"Happy Flower":36,"WristBlade":49,"Toy Ornithopter":12,"Ring of the Snake":0}],"Toy Ornithopter":15,"Ring of the Snake":[22]},"card_choices":[{"not_picked":["Doppelganger","Envenom"],"picked":"Wraith Form v2","floor":0.0},{"not_picked":["Dodge and Roll","Acrobatics"],"picked":"Quick Slash","floor":1.0},{"not_picked":["Underhanded Strike","Quick Slash"],"picked":"Dodge and Roll","floor":2.0},{"not_picked":["All Out Attack","Outmaneuver"],"picked":"Predator","floor":4.0},{"not_picked":["Calculated Gamble","Expertise"],"picked":"PiercingWail","floor":5.0},{"not_picked":["Quick Slash","Predator"],"picked":"After Image","floor":7.0},{"not_picked":["Bane","Noxious Fumes"],"picked":"Cloak And Dagger","floor":10.0},{"not_picked":["Cloak And Dagger","Acrobatics"],"picked":"Footwork","floor":14.0},{"not_picked":["Phantasmal Killer","Corpse Explosion"],"picked":"Malaise","floor":16},{"not_picked":["Dagger Throw","PiercingWail"],"picked":"Deflect","floor":18},{"not_picked":["Deflect","Dodge and Roll"],"picked":"Cloak And Dagger+1","floor":21}],"player_experience":1541074,"relics_obtained":[{"floor":3.0,"key":"Toy Ornithopter"},{"floor":7.0,"key":"Pear"},{"floor":9.0,"key":"Centennial Puzzle"}],"event_choices":[{"damage_healed":0.0,"max_hp_gain":0.0,"max_hp_loss":0.0,"gold_gain":0.0,"event_name":"Scrap Ooze","player_choice":"Success","floor":11.0,"gold_loss":0.0,"damage_taken":5.0,"relics_obtained":["Happy Flower"]},{"damage_healed":0.0,"max_hp_gain":0.0,"max_hp_loss":0.0,"gold_gain":0.0,"event_name":"FaceTrader","player_choice":"Trade","floor":12.0,"gold_loss":0.0,"damage_taken":0.0,"relics_obtained":["SsserpentHead"]},{"damage_healed":0,"gold_gain":250,"player_choice":"Bet on Owner","damage_taken":0,"max_hp_gain":0,"max_hp_loss":0,"event_name":"The Joust","floor":20,"gold_loss":50}],"is_beta":false,"boss_relics":[{"not_picked":["Tiny House","Fusion Hammer"],"picked":"WristBlade"}],"items_purged_floors":[13,19],"is_endless":false,"potions_floor_spawned":[1,5,7,10,16,18],"killed_by":"Cultist and Chosen","ascension_level":20}}