{"host":"dbkc9h3etq50r1dq","time":1614299398,"event":{"mods":["100% Spire Juice","AchievementEnabler","BaseMod","Block Reminder","Colored Powertips","Curses Come First","Dark Map","Minty Spire (QoL Compilation)","Permanent Neow","Potion Indicator Mod","Random Character Button","Rare Cards Sparkle","StSLib","Weighted Paths"],"gold_per_floor":[112,128,128,128,128,128,147,147,195,224,241,254,264,298,298,403,403,417,427,427,441,441,466,466,0,0,12,12,0,0,17,17,17,17],"floor_reached":33,"language":"ZHS","playtime":1247,"items_purged":["Decay"],"score":347,"play_id":"986a57bb-89d4-4d0e-bffb-ea58e8abd914","local_time":"20210226082958","is_ascension_mode":true,"campfire_choices":[{"floor":6.0,"key":"REST"},{"data":"Moonworks:ForcedRevival","floor":8.0,"key":"SMITH"},{"floor":15.0,"key":"REST"},{"floor":24.0,"key":"REST"},{"data":"Moonworks:StarBlastingFuse","floor":28,"key":"SMITH"},{"data":"Moonworks:ForcedRevival","floor":32,"key":"SMITH"}],"circlet_count":0,"master_deck":["Moonworks:Strike+1","Moonworks:Strike","Moonworks:Strike","Moonworks:Strike+1","Moonworks:Defend","Moonworks:Defend","Moonworks:Defend","Moonworks:Defend","Moonworks:Ambush","Moonworks:LongDistanceShot","Moonworks:UnpaidWork","Moonworks:ForcedRevival+1","Moonworks:ReproductionOfRecords","Moonworks:ShieldCounter","Moonworks:NicePresent","Moonworks:IndiscriminateFireSupport","Moonworks:StarBlastingFuse+1","Moonworks:HolyNight","Moonworks:ScrambledEve","Moonworks:NicePresent","Moonworks:ScrambledEve","Moonworks:ForcedRevival+1","Moonworks:SakisCookie+1"],"relics":["Moonworks:BrokenBomb","Moonworks:Homemark","Regal Pillow","Potion Belt","Bronze Scales","MealTicket","Mummified Hand","Runic Pyramid","WingedGreaves","Letter Opener"],"acts_visited":["Exordium","TheCity"],"potions_floor_usage":[33,33],"damage_taken":[{"damage":0.0,"enemies":"Small Slimes","floor":1.0,"turns":3.0},{"damage":8.0,"enemies":"Jaw Worm","floor":2.0,"turns":4.0},{"damage":0.0,"enemies":"Cultist","floor":7.0,"turns":3.0},{"damage":45.0,"enemies":"Lagavulin","floor":10.0,"turns":6.0},{"damage":10.0,"enemies":"Exordium Thugs","floor":11.0,"turns":3.0},{"damage":3.0,"enemies":"Exordium Wildlife","floor":12.0,"turns":5.0},{"damage":0.0,"enemies":"2 Fungi Beasts","floor":13.0,"turns":2.0},{"damage":5.0,"enemies":"3 Sentries","floor":14.0,"turns":2.0},{"damage":41.0,"enemies":"The Guardian","floor":16.0,"turns":8.0},{"damage":16.0,"enemies":"Spheric Guardian","floor":18.0,"turns":3.0},{"damage":29.0,"enemies":"Shell Parasite","floor":19.0,"turns":4.0},{"damage":9.0,"enemies":"Cultist and Chosen","floor":21.0,"turns":4.0},{"damage":0.0,"enemies":"Gremlin Leader","floor":23.0,"turns":3.0},{"damage":19,"enemies":"Snake Plant","floor":27,"turns":3},{"damage":4,"enemies":"Chosen and Byrds","floor":31,"turns":3},{"damage":22,"enemies":"Champ","floor":33,"turns":6}],"seed_played":"-2028516448531687310","potions_obtained":[{"floor":7.0,"key":"Explosive Potion"},{"floor":12.0,"key":"Fire Potion"},{"floor":14.0,"key":"Strength Potion"},{"floor":16.0,"key":"Explosive Potion"},{"floor":18.0,"key":"SteroidPotion"},{"floor":19.0,"key":"CultistPotion"},{"floor":31,"key":"Swift Potion"}],"is_trial":false,"path_per_floor":["M","M","?","?","?","R","M","R","T","E","M","M","M","E","R","B",null,"M","M","?","M","?","E","R","$","T","M","R","?","?","M","R","B"],"character_chosen":"THE_STARBREAKER","items_purchased":["Moonworks:NicePresent"],"campfire_rested":3,"item_purchase_floors":[25],"current_hp_per_floor":[60,52,57,44,32,65,65,65,65,20,18,23,31,34,65,32,65,49,28,28,27,27,35,65,65,65,54,54,54,54,58,58,43,43],"gold":17,"neow_bonus":"RANDOM_COMMON_RELIC","is_daily":false,"chose_seed":false,"campfire_upgraded":3,"win_rate":0.0,"timestamp":1614299398,"path_taken":["M","M","?","?","?","R","?","R","T","E","M","?","M","E","R","BOSS","M","M","?","M","?","E","R","$","T","M","R","?","?","M","R","BOSS"],"items_purchased_type":["Card"],"build_version":"2020-12-22","purchased_purges":1,"victory":false,"max_hp_per_floor":[60,60,65,65,65,65,65,65,65,65,65,65,65,65,65,65,65,65,65,65,65,65,65,65,65,65,65,65,65,65,65,65,65,65],"card_choices":[{"not_picked":["Moonworks:IndiscriminateFireSupport","Moonworks:NicePresent"],"picked":"Moonworks:UnpaidWork","floor":1.0},{"not_picked":["Moonworks:SakisCookie","Moonworks:TreasureThief"],"picked":"Moonworks:ForcedRevival","floor":2.0},{"not_picked":["Moonworks:LulusLuckyEgg","Moonworks:BigMagnum"],"picked":"Moonworks:ReproductionOfRecords","floor":7.0},{"not_picked":["Moonworks:ImOnFire","Moonworks:Assault"],"picked":"Moonworks:ShieldCounter","floor":10.0},{"not_picked":["Moonworks:LuckyCharm","Moonworks:ExtendedPhotonRifle"],"picked":"Moonworks:NicePresent","floor":11.0},{"not_picked":["Moonworks:MiracleWalker","Moonworks:SakisCookie"],"picked":"Moonworks:IndiscriminateFireSupport","floor":12.0},{"not_picked":["Moonworks:DeployBits","Moonworks:ImOnFire","Moonworks:JonathanRush"],"picked":"SKIP","floor":13.0},{"not_picked":["Moonworks:EvilSpyWorkPreparation","Moonworks:DeployBits"],"picked":"Moonworks:StarBlastingFuse","floor":14.0},{"not_picked":["Moonworks:CrystalBarrier","Moonworks:Blazing"],"picked":"Moonworks:HolyNight","floor":16.0},{"not_picked":["Moonworks:JonathanRush","Moonworks:Assault"],"picked":"Moonworks:ScrambledEve","floor":18.0},{"not_picked":["Moonworks:ExtendedPhotonRifle+1","Moonworks:IndiscriminateFireSupport","Moonworks:DevilHand"],"picked":"SKIP","floor":19.0},{"not_picked":["Moonworks:LuckyCharm","Moonworks:CloudOfSeagulls+1","Moonworks:Assault"],"picked":"SKIP","floor":21.0},{"not_picked":["Moonworks:CloudOfSeagulls","Moonworks:ImOnFire+1","Moonworks:Assault"],"picked":"SKIP","floor":23.0},{"not_picked":["Moonworks:NicePresent","Moonworks:SakisCookie+1"],"picked":"Moonworks:ScrambledEve","floor":27},{"not_picked":["Moonworks:NicePresent","Moonworks:LulusLuckyEgg+1"],"picked":"Moonworks:SakisCookie+1","floor":31}],"player_experience":182469,"relics_obtained":[{"floor":9.0,"key":"Bronze Scales"},{"floor":10.0,"key":"MealTicket"},{"floor":14.0,"key":"Mummified Hand"},{"floor":23.0,"key":"WingedGreaves"},{"floor":26,"key":"Letter Opener"}],"event_choices":[{"damage_healed":0.0,"max_hp_gain":5.0,"max_hp_loss":0.0,"gold_gain":0.0,"event_name":"Big Fish","player_choice":"Donut","floor":3.0,"gold_loss":0.0,"damage_taken":0.0},{"damage_healed":0.0,"max_hp_gain":0.0,"max_hp_loss":0.0,"gold_gain":0.0,"event_name":"Shining Light","player_choice":"Entered Light","floor":4.0,"gold_loss":0.0,"damage_taken":13.0,"cards_upgraded":["Moonworks:Strike","Moonworks:Strike"]},{"damage_healed":0.0,"max_hp_gain":0.0,"max_hp_loss":0.0,"gold_gain":0.0,"event_name":"Scrap Ooze","player_choice":"Success","floor":5.0,"gold_loss":0.0,"damage_taken":12.0,"relics_obtained":["Potion Belt"]},{"damage_healed":0.0,"max_hp_gain":0.0,"max_hp_loss":0.0,"gold_gain":0.0,"event_name":"Forgotten Altar","player_choice":"Smashed Altar","floor":20.0,"gold_loss":0.0,"damage_taken":0.0,"cards_obtained":["Decay"]},{"damage_healed":0.0,"max_hp_gain":0.0,"max_hp_loss":0.0,"gold_gain":0.0,"event_name":"Cursed Tome","player_choice":"Ignored","floor":22.0,"gold_loss":0.0,"damage_taken":0.0},{"damage_healed":0,"gold_gain":0,"player_choice":"Paid Fearfully","damage_taken":0,"max_hp_gain":0,"max_hp_loss":0,"event_name":"Masked Bandits","floor":29,"gold_loss":12},{"damage_healed":0,"gold_gain":0,"player_choice":"Read","damage_taken":0,"max_hp_gain":0,"max_hp_loss":0,"event_name":"The Library","floor":30,"gold_loss":0,"cards_obtained":["Moonworks:ForcedRevival"]}],"is_beta":false,"boss_relics":[{"not_picked":["Cursed Key","Ectoplasm"],"picked":"Runic Pyramid"}],"items_purged_floors":[25],"is_endless":false,"potions_floor_spawned":[7,12,14,16,18,19,31],"killed_by":"Champ","ascension_level":3}}