{"host":"76n1didplu2laqh4","time":1614343436,"event":{"mods":["BaseMod","Downfall","Good Game Mod","Marisa£®ÏF”Í°°ƒß¿Ì…≥£©","Minty Spire (QoL Compilation)","Prisma Mod","Quick Restart","READ ME - Guardian Mod","Replay The Spire","Shop Mod","StSLib","The Hierophant","The Senshi","The Servant 0.9.4","UnlockEverythingMod","Youmu£®ªÍ∆«—˝√Œ£©","Yuri Mod"],"gold_per_floor":[114,133,133,151,169,169,203,232,310,369,444,460,4,14,14,110,110,129,148,148,162,172,207,207,227,250,281,281,281,310,310,310,310,310],"floor_reached":33,"language":"ZHS","playtime":1636,"items_purged":["PrismaMod:ChloeCommonAttack"],"score":287,"play_id":"96a14969-2d8c-415c-9de6-055531f0f30a","local_time":"20210226204356","is_ascension_mode":false,"campfire_choices":[{"floor":6,"key":"RECALL"},{"floor":15,"key":"REST"},{"data":"PrismaMod:ChloeDevil","floor":24,"key":"SMITH"},{"data":"PrismaMod:ChloeDoubleRelicSpeed","floor":29,"key":"SMITH"},{"floor":32,"key":"REST"}],"circlet_count":0,"master_deck":["PrismaMod:ChloeCommonDefend","PrismaMod:ChloeCommonDefend","PrismaMod:ChloeCommonDefend","PrismaMod:ChloeCommonDefend","PrismaMod:ChloeCommonDefend","PrismaMod:ChloeCheapAttack","PrismaMod:ChloeCheapDefend","PrismaMod:ChloeCarnivalAOEAttack+1","PrismaMod:ChloeCheapAttackTwo","PrismaMod:ChloeExhaustOne","PrismaMod:ChloeCaladbolg","PrismaMod:ChloeChristmas","PrismaMod:ChloeMordred","PrismaMod:ChloeCaladbolg","PrismaMod:ChloeEyeOfTheEuryale","PrismaMod:ChloeDevil+","PrismaMod:ChloeDoubleRelicSpeed+1","PrismaMod:ChloeCarnivalAOEAttack","PrismaMod:ChloeExhaustOne","PrismaMod:ChloeUnlimitedBladeWorks","PrismaMod:ChloeCommonAOEAttack+1","PrismaMod:ChloeGaeBolg+1","RitualDagger","PrismaMod:ChloeCheapDefend","PrismaMod:ChloeRhongomyniad+1","PrismaMod:ChloeDiscardRecovery+1","PrismaMod:ChloeCheapAttackTwo+1","PrismaMod:ChloeGreatTracePools","Slimebound:Tackle+1","Slimebound:Tackle+1","Slimebound:Tackle+1","PrismaMod:ChloeCheapDefendTwo+1","PrismaMod:ChloeExcalibur","PrismaMod:ChloeMordred+1"],"relics":["PrismaMod:PrismaTraceOn","REME:ComplimentaryCards","Thread and Needle","Odd Mushroom","Vajra","Sling","Black Star","Orichalcum","Bag of Preparation","Bronze Scales","Red Mask","Dream Catcher","Garlic"],"acts_visited":["Exordium","TheCity"],"potions_floor_usage":[10,16,16,21,33,33],"damage_taken":[{"damage":0,"enemies":"2 Louse","floor":1,"turns":1},{"damage":0,"enemies":"Cultist","floor":2,"turns":3},{"damage":0,"enemies":"Small Slimes","floor":4,"turns":2},{"damage":0,"enemies":"2 Fungi Beasts","floor":5,"turns":2},{"damage":24,"enemies":"Lagavulin","floor":7,"turns":5},{"damage":3,"enemies":"The Mushroom Lair","floor":8,"turns":2},{"damage":17,"enemies":"Lagavulin Event","floor":10,"turns":4},{"damage":0,"enemies":"Large Slime","floor":12,"turns":4},{"damage":0,"enemies":"3 Louse","floor":14,"turns":1},{"damage":22,"enemies":"Slime Boss","floor":16,"turns":4},{"damage":6,"enemies":"Spheric Guardian","floor":18,"turns":3},{"damage":0,"enemies":"Chosen","floor":19,"turns":5},{"damage":10,"enemies":"Snake Plant","floor":21,"turns":4},{"damage":6,"enemies":"Cultist and Chosen","floor":22,"turns":3},{"damage":12,"enemies":"Gremlin Leader","floor":23,"turns":3},{"damage":0,"enemies":"Sentry and Sphere","floor":25,"turns":3},{"damage":0,"enemies":"Masked Bandits","floor":27,"turns":2},{"damage":3,"enemies":"Slavers","floor":30,"turns":3},{"damage":74,"enemies":"Collector","floor":33,"turns":6}],"seed_played":"6194437117148536679","potions_obtained":[{"floor":4,"key":"champ:CounterPotion"},{"floor":7,"key":"SpeedPotion"},{"floor":8,"key":"Regen Potion"},{"floor":12,"key":"Dexterity Potion"},{"floor":18,"key":"Fire Potion"},{"floor":30,"key":"AttackPotion"}],"is_trial":false,"path_per_floor":["M","M","?","M","M","R","E","?","T","?","?","M","$","M","R","B",null,"M","M","?","M","M","E","R","M","T","?","?","R","E","?","R","B"],"character_chosen":"CHLOE","items_purchased":["PrismaMod:ChloeDoubleRelicSpeed","PrismaMod:ChloeCarnivalAOEAttack","Sling"],"campfire_rested":2,"item_purchase_floors":[13,13,13],"current_hp_per_floor":[75,75,75,75,75,75,51,48,48,40,29,29,29,29,51,29,75,69,71,65,57,53,43,43,47,47,47,47,47,44,44,66,0,0],"gold":310,"neow_bonus":"ONE_RANDOM_RARE_CARD","is_daily":false,"chose_seed":false,"campfire_upgraded":2,"win_rate":0.0,"timestamp":1614343436,"path_taken":["M","M","?","M","?","R","E","?","T","?","?","M","$","M","R","BOSS","M","M","?","M","M","E","R","M","T","?","?","R","E","?","R","BOSS"],"items_purchased_type":["Card","Card","Relic"],"build_version":"2020-12-22","purchased_purges":1,"victory":false,"max_hp_per_floor":[75,75,75,75,75,75,75,75,75,75,75,75,75,75,75,75,75,75,75,75,75,75,75,75,75,75,75,75,75,75,75,75,75,75],"card_choices":[{"not_picked":["PrismaMod:ChloeCheapDefendTwo","PrismaMod:ChloeCheapDefend"],"picked":"PrismaMod:ChloeCheapAttackTwo","floor":1},{"not_picked":["PrismaMod:ChloeCheapDefendTwo","PrismaMod:ChloeCommonAOEAttack"],"picked":"PrismaMod:ChloeExhaustOne","floor":2},{"not_picked":["PrismaMod:ChloeCheapAttack","PrismaMod:ChloeMaid"],"picked":"PrismaMod:ChloeCaladbolg","floor":4},{"not_picked":["PrismaMod:ChloeUncommonDefend","PrismaMod:ChloeExhaustTwo"],"picked":"PrismaMod:ChloeChristmas","floor":5},{"not_picked":["PrismaMod:ChloeUncommonDefend","PrismaMod:ChloeCheapDefend"],"picked":"PrismaMod:ChloeMordred","floor":7},{"not_picked":["PrismaMod:ChloeDiscardRecovery","PrismaMod:ChloeExhaustOne"],"picked":"PrismaMod:ChloeCaladbolg","floor":8},{"not_picked":["PrismaMod:ChloeCheapDefend","PrismaMod:ChloeCheapAttack"],"picked":"PrismaMod:ChloeEyeOfTheEuryale","floor":10},{"not_picked":["PrismaMod:ChloeCheapAttackTwo","PrismaMod:ChloeBetterTracePools"],"picked":"PrismaMod:ChloeDevil","floor":12},{"not_picked":["PrismaMod:ChloeDiscardRecovery","PrismaMod:ChloeCommonAOEAttack"],"picked":"PrismaMod:ChloeExhaustOne","floor":14},{"not_picked":["PrismaMod:ChloeExhaustThree","PrismaMod:ChloeReshuffleDiscard"],"picked":"PrismaMod:ChloeUnlimitedBladeWorks","floor":16},{"not_picked":["PrismaMod:ChloeDiscardRecovery","PrismaMod:ChloeChristmas"],"picked":"PrismaMod:ChloeCommonAOEAttack+1","floor":18},{"not_picked":["PrismaMod:ChloeCheapDefend+1","PrismaMod:ChloeUncommonAOEAttack+1"],"picked":"PrismaMod:ChloeGaeBolg+1","floor":19},{"not_picked":["PrismaMod:ChloeCheapAttack","PrismaMod:ChloeCheapAttackTwo"],"picked":"PrismaMod:ChloeCheapDefend","floor":21},{"not_picked":["PrismaMod:ChloeExhaustTwo","PrismaMod:ChloeCommonAOEAttack"],"picked":"PrismaMod:ChloeRhongomyniad+1","floor":22},{"not_picked":["PrismaMod:ChloeRuleBreaker","PrismaMod:ChloeCaladbolg"],"picked":"PrismaMod:ChloeDiscardRecovery+1","floor":23},{"not_picked":["PrismaMod:ChloeCheapDefendTwo","PrismaMod:ChloeMordred"],"picked":"PrismaMod:ChloeCheapAttackTwo+1","floor":25},{"not_picked":["PrismaMod:ChloeCheapAttackTwo","PrismaMod:ChloeCommonAOEAttack"],"picked":"PrismaMod:ChloeGreatTracePools","floor":27},{"not_picked":["PrismaMod:ChloeUncommonAttack","PrismaMod:ChloeDemonicTutor+1"],"picked":"PrismaMod:ChloeCheapDefendTwo+1","floor":30},{"not_picked":["PrismaMod:ChloeCheapDefend+1","PrismaMod:ChloeCheapAttack"],"picked":"PrismaMod:ChloeMordred+1","floor":32}],"player_experience":263346,"relics_obtained":[{"floor":7,"key":"Thread and Needle"},{"floor":8,"key":"Odd Mushroom"},{"floor":23,"key":"Orichalcum"},{"floor":23,"key":"Bag of Preparation"},{"floor":26,"key":"Bronze Scales"},{"floor":27,"key":"Red Mask"},{"floor":30,"key":"Dream Catcher"},{"floor":30,"key":"Garlic"}],"event_choices":[{"damage_healed":0,"gold_gain":0,"player_choice":"Upgraded","damage_taken":0,"max_hp_gain":0,"max_hp_loss":0,"event_name":"Upgrade Shrine","floor":3,"gold_loss":0,"cards_upgraded":["PrismaMod:ChloeCarnivalAOEAttack"]},{"damage_healed":0,"gold_gain":0,"player_choice":"Fought Mushrooms","damage_taken":0,"max_hp_gain":0,"max_hp_loss":0,"event_name":"Mushrooms","floor":8,"gold_loss":0},{"damage_healed":0,"gold_gain":0,"player_choice":"Searched \u00273\u0027 times","damage_taken":0,"relics_obtained":["Vajra"],"max_hp_gain":0,"max_hp_loss":0,"event_name":"Dead Adventurer","floor":10,"gold_loss":0},{"damage_healed":0,"gold_gain":75,"player_choice":"Gather Gold","damage_taken":11,"max_hp_gain":0,"max_hp_loss":0,"event_name":"World of Goop","floor":11,"gold_loss":0},{"damage_healed":0,"gold_gain":0,"player_choice":"Joined the Cult","damage_taken":6,"max_hp_gain":0,"max_hp_loss":0,"event_name":"Nest","floor":20,"gold_loss":0,"cards_obtained":["RitualDagger"]},{"damage_healed":0,"gold_gain":0,"player_choice":"Fought Bandits","damage_taken":0,"max_hp_gain":0,"max_hp_loss":0,"event_name":"Masked Bandits","floor":27,"gold_loss":0},{"damage_healed":0,"gold_gain":0,"player_choice":"Read","damage_taken":0,"max_hp_gain":0,"max_hp_loss":0,"event_name":"The Library","floor":31,"gold_loss":0,"cards_obtained":["PrismaMod:ChloeExcalibur"]}],"is_beta":false,"boss_relics":[{"not_picked":["Astrolabe","Snecko Eye"],"picked":"Black Star"}],"items_purged_floors":[13],"is_endless":false,"potions_floor_spawned":[4,7,8,12,18,30],"killed_by":"Collector","ascension_level":0}}