{"host":"mc5v85iuptizxtr7","time":1614337721,"event":{"mods":["2.2 Compatiblity","Aspiration","Bard","BaseMod","Bestiary","Colored Map","Colored Powertips","Conspire","Curses Come First","Downfall","Duelist Mod","Hermit","Highlight Path","Hubris","Infinite Spire","Jorbs\u0027s Wanderer Trilogy","LagranYue(???·?)","Mad Scientist","Marisa????????","Minty Spire (QoL Compilation)","Permanent Neow","Random Character Button","Relic Stats","Remilia??????","Replay The Spire","StSLib","The Bladedancer","The Bug Knight","The Cursed","The Disciple","The Druid","The Forsaken","The Hierophant","The IronCluck","The Jungle","The Mystic","The Necromancer","The Runesmith","The Servant 0.9.4","The Valiant","The Wild Card","TheBandit","Wandering Minibosses"],"gold_per_floor":[99,118,118,130,130,165,165,165,165,195,207,207,221,241,252,349,349,349,365,378,378,378,396,475,489,489,506,456,456,456,456,456,491,502,604,604,604,624,676,676,776,795,795,777,795,808,487,487,487,501,511,511],"floor_reached":53,"language":"DEU","playtime":4144,"items_purged":[],"score":731,"play_id":"2002c8e5-cd71-4477-b877-69fd1935705c","local_time":"20210226120841","is_ascension_mode":false,"campfire_choices":[{"data":"Slimebound:Split","floor":1,"key":"SMITH"},{"data":"1","floor":9,"key":"LIFT"},{"data":"2","floor":12,"key":"LIFT"},{"data":"3","floor":18,"key":"LIFT"},{"data":"Slimebound:CheckThePlaybook","floor":26,"key":"SMITH"},{"data":"Slimebound:Prepare","floor":29,"key":"SMITH"},{"data":"Slimebound:Nibble","floor":37,"key":"SMITH"},{"floor":49,"key":"RECALL"}],"circlet_count":0,"master_deck":["Slimebound:Strike_Slimebound","Slimebound:Strike_Slimebound","Slimebound:Strike_Slimebound","Slimebound:Tackle","Slimebound:Defend_Slimebound","Slimebound:Defend_Slimebound","Slimebound:Defend_Slimebound","Slimebound:Defend_Slimebound","Slimebound:Split+1","Slimebound:CorrosiveSpit","Slimebound:RollThrough","Slimebound:MegaLick","Slimebound:Equalize","Slimebound:SlimeBrawl+1","Slimebound:OneTwoCombo","Slimebound:Nibble+1","Slimebound:SplitMire","Slimebound:WasteNot+1","Slimebound:SamplingLick","Slimebound:Schlurp","Slimebound:CheckThePlaybook+1","Slimebound:OneTwoCombo","Slimebound:Prepare+1","Slimebound:SplitAcid","Slimebound:MegaLick","Slimebound:Nibble","Slimebound:OozeBath","AbeCurse","Slimebound:GrowthPunch","Slimebound:LeadByExample+1","Slimebound:SplitMire+1","Slimebound:MinionMaster","Slimebound:BestDefense","Slimebound:Schlurp+1","Slimebound:SamplingLick","Slimebound:SelfFormingGoo","Slimebound:SlimeBarrage","Slimebound:GoopSpray","Slimebound:SplitAcid+1"],"relics":["Slimebound:AbsorbEndCombat","LagranYue:RandomDrawCardRelic","aspiration:Lifesprig","Huge Egg","hubris:Icosahedron","aspiration:HummingbirdHeart","Girya","Odd Mushroom","conspire:RunicOctahedron","conspire:DeflatedDodgeball","Membership Card","Black Star","Counterbalance","ReplayTheSpireMod:Ninjato","Abe\u0027s Treasure","CatCart","Garlic","Centennial Puzzle","Replay:Lucky Slots","ReplayTheSpireMod:Lightbulb","Unceasing Top"],"acts_visited":["Exordium","TheCity","TheBeyond"],"potions_floor_usage":[16,23,25,33,39,45,50,51,52],"damage_taken":[{"damage":0,"enemies":"Cultist","floor":2,"turns":3},{"damage":2,"enemies":"2 Louse","floor":4,"turns":2},{"damage":0,"enemies":"Replay:BlueRogue","floor":6,"turns":6},{"damage":15,"enemies":"The Mushroom Lair","floor":10,"turns":3},{"damage":0,"enemies":"conspire:RoseBush","floor":11,"turns":2},{"damage":0,"enemies":"2 Fungi Beasts","floor":13,"turns":2},{"damage":0,"enemies":"Blue Slaver","floor":14,"turns":3},{"damage":3,"enemies":"Large Slime","floor":15,"turns":3},{"damage":6,"enemies":"SI_SHIV_ARCHETYPE","floor":16,"turns":7},{"damage":0,"enemies":"Spheric Guardian","floor":19,"turns":3},{"damage":4,"enemies":"3 Cultists","floor":20,"turns":3},{"damage":6,"enemies":"Snake Plant","floor":23,"turns":2},{"damage":5,"enemies":"Sentry and Sphere","floor":25,"turns":3},{"damage":2,"enemies":"Chosen and Byrds","floor":27,"turns":3},{"damage":15,"enemies":"Replay:Snechameleon","floor":33,"turns":5},{"damage":15,"enemies":"Snake Plant","floor":34,"turns":2},{"damage":23,"enemies":"IC_MUSHROOM_ARCHETYPE","floor":35,"turns":4},{"damage":0,"enemies":"3 Darklings","floor":38,"turns":2},{"damage":1,"enemies":"Orin","floor":39,"turns":4},{"damage":0,"enemies":"Orb Walker","floor":42,"turns":3},{"damage":15,"enemies":"downfall:FleeingMerchant","floor":44,"turns":4},{"damage":1,"enemies":"Sphere and 2 Shapes","floor":45,"turns":3},{"damage":5,"enemies":"3 Darklings","floor":46,"turns":3},{"damage":0,"enemies":"Maw","floor":50,"turns":5},{"damage":5,"enemies":"Transient","floor":51,"turns":5},{"damage":64,"enemies":"DF_ARCHETYPE_ORBS","floor":52,"turns":4}],"seed_played":"-2511602027684306009","potions_obtained":[{"floor":2,"key":"Energy Potion"},{"floor":4,"key":"Weak Potion"},{"floor":13,"key":"champ:CounterPotion"},{"floor":15,"key":"ColorlessPotion"},{"floor":20,"key":"champ:CounterPotion"},{"floor":33,"key":"sneckomod:MuddlingPotion"},{"floor":34,"key":"Weak Potion"},{"floor":38,"key":"AttackPotion"},{"floor":42,"key":"Languid Potion"},{"floor":50,"key":"Weak Potion"}],"is_trial":false,"path_per_floor":["R","M","T","M","?","E","T","?","R","?","M","R","M","M","M","B",null,"R_BF","M","M","?","?","M","T","M","R","M","?","R","PTL","PTL","AVR","E","M","B",null,"R","M","?","?","?","M","T","$","M","M","$","?","R","M","M","B",null],"character_chosen":"SLIMEBOUND","items_purchased":["Garlic","Centennial Puzzle","Slimebound:BestDefense","Replay:Lucky Slots","ReplayTheSpireMod:Lightbulb","Unceasing Top","Slimebound:SelfFormingGoo","Slimebound:SlimeBarrage"],"campfire_rested":0,"item_purchase_floors":[44,44,44,44,47,47,47,47],"current_hp_per_floor":[65,65,65,65,65,65,65,65,65,62,65,65,65,65,64,65,65,65,65,61,39,39,47,47,50,50,56,65,65,65,65,65,60,51,44,65,65,65,65,65,65,65,65,58,65,65,65,65,65,65,60,12],"gold":511,"neow_bonus":"RANDOM_COMMON_RELIC","is_daily":false,"chose_seed":false,"campfire_upgraded":4,"win_rate":0.0,"timestamp":1614337721,"path_taken":["R","M","?","M","?","E","T","?","R","?","M","R","M","M","M","BOSS","R_BF","M","M","?","?","M","T","M","R","M","?","R","PTL","PTL","AVR","E","M","BOSS","R","M","?","?","?","?","T","$","M","M","$","?","R","M","M","BOSS"],"items_purchased_type":["Relic","Relic","Card","Relic","Relic","Relic","Card","Card"],"build_version":"2020-12-22","purchased_purges":0,"victory":true,"max_hp_per_floor":[65,65,65,65,65,65,65,65,65,65,65,65,65,65,65,65,65,65,65,65,65,65,65,65,65,65,65,65,65,65,65,65,65,65,65,65,65,65,65,65,65,65,65,65,65,65,65,65,65,65,65,65],"relic_stats":{"Centennial Puzzle":[12],"counters":[26,88],"Black Star":1,"obtain_stats":[{"Girya":7,"aspiration:Lifesprig":0,"ReplayTheSpireMod:Ninjato":33,"LagranYue:RandomDrawCardRelic":0,"Counterbalance":33,"conspire:RunicOctahedron":17,"aspiration:HummingbirdHeart":6,"Odd Mushroom":10,"Centennial Puzzle":44,"hubris:Icosahedron":5,"Replay:Lucky Slots":44,"Slimebound:AbsorbEndCombat":0,"Black Star":32,"Garlic":44,"Membership Card":32,"conspire:DeflatedDodgeball":24,"CatCart":39,"ReplayTheSpireMod:Lightbulb":47,"Abe\u0027s Treasure":36,"Unceasing Top":47,"Huge Egg":3},{"Girya":3,"aspiration:Lifesprig":0,"ReplayTheSpireMod:Ninjato":15,"LagranYue:RandomDrawCardRelic":0,"Counterbalance":15,"conspire:RunicOctahedron":9,"aspiration:HummingbirdHeart":3,"Odd Mushroom":4,"Centennial Puzzle":21,"hubris:Icosahedron":2,"Replay:Lucky Slots":21,"Slimebound:AbsorbEndCombat":0,"Black Star":14,"Garlic":21,"Membership Card":14,"conspire:DeflatedDodgeball":12,"CatCart":19,"ReplayTheSpireMod:Lightbulb":23,"Abe\u0027s Treasure":17,"Unceasing Top":23,"Huge Egg":1},{"Girya":11,"aspiration:Lifesprig":0,"ReplayTheSpireMod:Ninjato":50,"LagranYue:RandomDrawCardRelic":0,"Counterbalance":50,"conspire:RunicOctahedron":31,"aspiration:HummingbirdHeart":11,"Odd Mushroom":14,"Centennial Puzzle":68,"hubris:Icosahedron":5,"Replay:Lucky Slots":68,"Slimebound:AbsorbEndCombat":0,"Black Star":45,"Garlic":68,"Membership Card":45,"conspire:DeflatedDodgeball":39,"CatCart":61,"ReplayTheSpireMod:Lightbulb":74,"Abe\u0027s Treasure":56,"Unceasing Top":74,"Huge Egg":3}],"Unceasing Top":[0]},"card_choices":[{"not_picked":["Slimebound:GoopTackle","Slimebound:Repurpose"],"picked":"Slimebound:RollThrough","floor":2},{"not_picked":["Slimebound:SlimeBarrage","Slimebound:LivingWall"],"picked":"Slimebound:MegaLick","floor":4},{"not_picked":["Slimebound:FinishingTackle","Slimebound:DisruptingSlam"],"picked":"Slimebound:Equalize","floor":6},{"not_picked":["Slimebound:GoopTackle","Slimebound:GoopSpray"],"picked":"Slimebound:SlimeBrawl","floor":10},{"not_picked":["Slimebound:Equalize","Slimebound:ProtectTheBoss"],"picked":"Slimebound:OneTwoCombo","floor":11},{"not_picked":["Slimebound:LevelUp","Slimebound:FinishingTackle"],"picked":"Slimebound:TongueLash","floor":13},{"not_picked":["Slimebound:LeechEnergy","Slimebound:RainOfGoop"],"picked":"Slimebound:Nibble","floor":14},{"not_picked":["Slimebound:DivideAndConquer","Slimebound:ItLooksTasty"],"picked":"Slimebound:SplitMire","floor":15},{"not_picked":["Slimebound:Overexert","Slimebound:OozeBath"],"picked":"Slimebound:WasteNot","floor":16},{"not_picked":["Slimebound:ViciousTackle","Slimebound:SplitBruiser"],"picked":"Slimebound:SamplingLick","floor":19},{"not_picked":["Slimebound:SplitLeeching","Slimebound:ItLooksTasty+1"],"picked":"Slimebound:Schlurp","floor":20},{"not_picked":["Slimebound:ComboTackle+1","Slimebound:SlimeSpikes"],"picked":"Slimebound:OneTwoCombo","floor":23},{"not_picked":["Slimebound:PressTheAttack","Slimebound:SplitMire"],"picked":"Slimebound:Prepare","floor":25},{"not_picked":["Slimebound:Equalize","Slimebound:ForwardTackle"],"picked":"Slimebound:SplitAcid","floor":27},{"not_picked":["Slimebound:GoopTackle","Slimebound:BestDefense"],"picked":"Slimebound:MegaLick","floor":33},{"not_picked":["Slimebound:LeechingTouch","Slimebound:RejuvenatingLick"],"picked":"Slimebound:Nibble","floor":34},{"not_picked":["Slimebound:RallyTheTroops","Slimebound:DouseInSlime"],"picked":"Slimebound:OozeBath","floor":35},{"not_picked":["Slimebound:FinishingTackle+1","Slimebound:PressTheAttack+1"],"picked":"Slimebound:GrowthPunch","floor":38},{"not_picked":["Slimebound:SpikyOuterGoop+1","Slimebound:SlimeSpikes+1"],"picked":"Slimebound:LeadByExample+1","floor":39},{"not_picked":["Slimebound:RainOfGoop","Slimebound:Grow+1"],"picked":"Slimebound:SplitMire+1","floor":42},{"not_picked":["Slimebound:RollThrough+1","Slimebound:GrowthPunch+1"],"picked":"Slimebound:MinionMaster","floor":44},{"not_picked":["Slimebound:HauntingLick+1","Slimebound:FinishingTackle+1"],"picked":"Slimebound:Schlurp+1","floor":45},{"not_picked":["Slimebound:SlimeSpikes","Slimebound:Equalize"],"picked":"Slimebound:SamplingLick","floor":46},{"not_picked":["Slimebound:ForwardTackle","Slimebound:SplitMire"],"picked":"Slimebound:GoopSpray","floor":50},{"not_picked":["Slimebound:TongueLash","Slimebound:ItLooksTasty"],"picked":"Slimebound:SplitAcid+1","floor":51}],"player_experience":228445,"relics_obtained":[{"floor":3,"key":"Huge Egg"},{"floor":6,"key":"aspiration:HummingbirdHeart"},{"floor":7,"key":"Girya"},{"floor":10,"key":"Odd Mushroom"},{"floor":24,"key":"conspire:DeflatedDodgeball"},{"floor":33,"key":"Counterbalance"},{"floor":33,"key":"ReplayTheSpireMod:Ninjato"},{"floor":39,"key":"CatCart"}],"event_choices":[{"damage_healed":0,"gold_gain":0,"player_choice":"Fought Mushrooms","damage_taken":0,"max_hp_gain":0,"max_hp_loss":0,"event_name":"Mushrooms","floor":10,"gold_loss":0},{"damage_healed":0,"gold_gain":0,"player_choice":"Fight","damage_taken":0,"max_hp_gain":0,"max_hp_loss":0,"event_name":"OrinTheCat","floor":39,"gold_loss":0},{"cards_removed":["Slimebound:TongueLash"],"damage_healed":0,"gold_gain":0,"player_choice":"Removed Attack","damage_taken":0,"max_hp_gain":0,"max_hp_loss":0,"event_name":"Falling","floor":48,"gold_loss":0}],"is_beta":false,"boss_relics":[{"not_picked":["Sozu","Slimebound:TarBlob"],"picked":"conspire:RunicOctahedron"},{"not_picked":["Kintsugi","Replay:Grab Bag"],"picked":"Abe\u0027s Treasure"}],"items_purged_floors":[],"is_endless":false,"potions_floor_spawned":[2,4,13,15,20,33,34,38,42,50],"ascension_level":0}}