{"host":"v3hbt5jhbzetcupb","time":1614359680,"event":{"mods":["Act Like it!","BaseMod","Downfall","Duelist Mod","Hermit","Hubris","Infinite Spire","Marisa????????","Mimic Mod","Minty Spire (QoL Compilation)","Quick Restart","Rare Cards Sparkle","Reliquary","Ruina","StSLib","The Bug Knight","The Construct","The Disciple","The Mystic","The Necromancer","The Servant 0.9.4"],"gold_per_floor":[112,112,112,129,149,165,165,20,20,35,35,35,45,60,60,162,162,178,16,16,31,31,31],"floor_reached":22,"language":"ENG","playtime":817,"items_purged":[],"score":178,"play_id":"e8a399a4-7830-4f6f-82d3-c24cda8ef772","local_time":"20210226171440","is_ascension_mode":false,"campfire_choices":[{"floor":7,"key":"REST"},{"floor":15,"key":"REST"}],"circlet_count":0,"master_deck":["Strike_W","Strike_W","Strike_W","Strike_W","Defend_W","Defend_W","Defend_W","Defend_W","Negative_Energy_Arrows","Bone_Wall","Summon_Lich","infinitespire:Oblivion+1","Flesh_Made_Foul","Necrotic_Claws","Exploit","Scare","Pain","Spectral_Armor","Pandemic","Skeleton_Dragon","Bones_to_Steel","ruina:FadedMemories","Vampiric_Strike"],"relics":["Vampire_Amulet","NeowsBlessing","Juzu Bracelet","Mummified Hand","hubris:FruitBowl","WarpedTongs","hubris:HollowSoul","ruina:Prescript"],"acts_visited":["Exordium","ruina:Briah"],"potions_floor_usage":[16,18,18,22],"damage_taken":[{"damage":0,"enemies":"2 Louse","floor":1,"turns":1},{"damage":0,"enemies":"Jaw Worm","floor":4,"turns":1},{"damage":0,"enemies":"Cultist","floor":5,"turns":1},{"damage":18,"enemies":"Lots of Slimes","floor":6,"turns":3},{"damage":2,"enemies":"Exordium Wildlife","floor":10,"turns":2},{"damage":17,"enemies":"Exordium Thugs","floor":13,"turns":4},{"damage":3,"enemies":"Red Slaver","floor":14,"turns":2},{"damage":56,"enemies":"The Guardian","floor":16,"turns":9},{"damage":43,"enemies":"ruina:3_Bats","floor":18,"turns":5},{"damage":35,"enemies":"ruina:Nosferatu","floor":21,"turns":5},{"damage":6,"enemies":"ruina:Woodsman","floor":22,"turns":3}],"seed_played":"-3933167046747053231","potions_obtained":[{"floor":6,"key":"EssenceOfSteel"},{"floor":10,"key":"Ancient Potion"},{"floor":13,"key":"AttackPotion"},{"floor":16,"key":"Energy Potion"},{"floor":18,"key":"SteroidPotion"}],"is_trial":false,"path_per_floor":["M","?","?","M","M","M","R","$","T","M","$","?","M","M","R","B",null,"M","$","?","M","M"],"character_chosen":"NECROMANCER","items_purchased":["Juzu Bracelet","hubris:FruitBowl","ruina:FadedMemories"],"campfire_rested":2,"item_purchase_floors":[8,11,19],"current_hp_per_floor":[75,58,58,60,62,54,75,75,75,75,56,56,43,42,64,10,75,38,38,38,5,2,2],"gold":31,"neow_bonus":"THREE_ENEMY_KILL","is_daily":false,"chose_seed":false,"campfire_upgraded":0,"win_rate":0.0,"timestamp":1614359680,"path_taken":["M","?","?","M","M","M","R","$","T","M","?","?","M","M","R","BOSS","M","?","?","M","M"],"items_purchased_type":["Relic","Relic","Card"],"build_version":"2020-12-22","purchased_purges":0,"victory":false,"max_hp_per_floor":[75,75,75,75,75,75,75,75,75,75,75,75,75,75,75,75,75,75,75,75,75,75,75],"card_choices":[{"not_picked":["Toxic_Smoke_Screen","Death_Coil"],"picked":"Summon_Lich","floor":1},{"not_picked":["hubris:Rewind","infinitespire:TheBestDefense"],"picked":"infinitespire:Oblivion","floor":2},{"not_picked":["Negative_Energy_Javelin","Bone_Spikes"],"picked":"Flesh_Made_Foul","floor":4},{"not_picked":["Bone_Armor","Blood_Whip"],"picked":"Necrotic_Claws","floor":5},{"not_picked":["Death_Coil","Scare"],"picked":"Exploit","floor":6},{"not_picked":["Death_Coil","Shade_Step"],"picked":"Scare","floor":10},{"not_picked":["Consume_Illness","Whirlwind_of_Bones"],"picked":"Spectral_Armor","floor":13},{"not_picked":["Blood_Curse","Blood_Wake"],"picked":"Pandemic","floor":14},{"not_picked":["Grasp_Heart","Hellfire"],"picked":"Skeleton_Dragon","floor":16},{"not_picked":["Consume_Illness","Negative_Energy_Shield"],"picked":"Bones_to_Steel","floor":18},{"not_picked":["Bone_Bullets","Shade_Step"],"picked":"Vampiric_Strike","floor":21}],"player_experience":771,"relics_obtained":[{"floor":9,"key":"Mummified Hand"}],"event_choices":[{"damage_healed":0,"gold_gain":0,"player_choice":"Grow","damage_taken":0,"max_hp_gain":0,"max_hp_loss":0,"event_name":"Living Wall","floor":3,"gold_loss":0,"cards_upgraded":["infinitespire:Oblivion"]},{"damage_healed":0,"gold_gain":0,"player_choice":"Rummage","damage_taken":0,"relics_obtained":["WarpedTongs"],"max_hp_gain":0,"max_hp_loss":0,"event_name":"Accursed Blacksmith","floor":12,"gold_loss":0,"cards_obtained":["Pain"]}],"is_beta":false,"boss_relics":[{"not_picked":["Empty Cage","Runic Pyramid"],"picked":"hubris:HollowSoul"}],"items_purged_floors":[],"is_endless":false,"potions_floor_spawned":[6,10,13,16,18],"killed_by":"ruina:Woodsman","ascension_level":0}}