{"host":"1vqon1dbpr5c1qll","time":1614325950,"event":{"mods":["2.2 Compatiblity","AchievementEnabler","BaseMod","BetterRewards","Colored Map","Hermit","Highlight Path","Lobotomy","Minty Spire (QoL Compilation)","Permanent Neow","Quick Restart","Random Character Button","Replay The Spire","StSLib","SuperFastMode","The Cursed","The Servant 0.9.4","everything is the same but u backflip on backflip"],"gold_per_floor":[114,133,151,226,226,255,26,26,52,79,79,111,111,123,123,226,226,243,271,284,333,353,378,378,406,406,406,406,437,447,461,461,565,565,584,1583,709,709,26,38,68,290,317,342,356,356,374,392,392,392],"floor_reached":51,"language":"KOR","playtime":2634,"items_purged":["Normality","Normality"],"score":1536,"play_id":"a6608f2a-1aac-44f6-b637-112a610b308b","local_time":"20210226165230","is_ascension_mode":true,"campfire_choices":[{"data":"TheCursedMod:ManaBullet","floor":8.0,"key":"SMITH"},{"floor":11.0,"key":"REST"},{"floor":13.0,"key":"REST"},{"data":"Pot Of Greed","floor":15.0,"key":"SMITH"},{"data":"TheCursedMod:DarkBarrier","floor":24.0,"key":"SMITH"},{"data":"TheCursedMod:WearCloak","floor":28.0,"key":"SMITH"},{"data":"TheCursedMod:WearCloak","floor":32.0,"key":"SMITH"},{"floor":49,"key":"DIG"}],"circlet_count":0,"master_deck":["TheCursedMod:Defend_TheCursed","TheCursedMod:Defend_TheCursed","TheCursedMod:Defend_TheCursed","TheCursedMod:Defend_TheCursed","TheCursedMod:CursedWand","TheCursedMod:CleanUpWorkshop+1","TheCursedMod:Dregs","TheCursedMod:SoulReap","TheCursedMod:ManaBullet+1","TheCursedMod:TacticalStrike","TheCursedMod:CursedShiv+1","TheCursedMod:CursedShiv+1","TheCursedMod:ReleasedStrength","TheCursedMod:FuryStrike","Pot Of Greed","Pot Of Greed+1","TheCursedMod:CursedShiv+1","TheCursedMod:CursedShiv+1","TheCursedMod:DarkBarrier+1","TheCursedMod:StingEye+1","TheCursedMod:SpitefulStrike+1","TheCursedMod:WearCloak+1","Pot Of Greed","ReplayTheSpireMod:Splinters","TheCursedMod:CursedMace+1","TheCursedMod:StingEye+1","TheCursedMod:CursedStaff+1","TheCursedMod:RapidMovement","TheCursedMod:Evocation+1","TheCursedMod:WearCloak+1","TheCursedMod:SpitefulStrike+1","TheCursedMod:NeowsMight","TheCursedMod:AbyssShockwave+1","TheCursedMod:StingEye+1","TheCursedMod:Stigma+1","Pot Of Greed","TheCursedMod:CursedBlade+1","TheCursedMod:SpitefulPlan","Madness","Madness","TheCursedMod:Hemoplague","TheCursedMod:SpitefulStrike+1","TheCursedMod:StingEye+1","TheCursedMod:WearCloak+1","TheCursedMod:SpitefulPlan","TheCursedMod:LuckyCharm+1","Pot Of Greed","TheCursedMod:Hemoplague","TheCursedMod:Wield+1","TheCursedMod:HellsGateOpen+1"],"relics":["TheCursedMod:BlackMagic101","Orichalcum","Oddly Smooth Stone","Bag of Preparation","Toy Ornithopter","Pen Nib","Grinning Jar","SlaversCollar","Red Mask","Molten Egg 2","Meat on the Bone","Gambling Chip","Mummified Hand","Boot","Astrolabe","Replay:Bottled Eggs","Mango","Lee\u0027s Waffle","Kunai","Vajra","Omamori","Regal Pillow","TheCursedMod:Tack","Replay:Baseball","TheCursedMod:CrystalBall"],"acts_visited":["Exordium","TheCity","TheBeyond"],"potions_floor_usage":[50,50,50,50,50],"damage_taken":[{"damage":0.0,"enemies":"2 Louse","floor":1.0,"turns":2.0},{"damage":0.0,"enemies":"Jaw Worm","floor":2.0,"turns":3.0},{"damage":0.0,"enemies":"Small Slimes","floor":3.0,"turns":3.0},{"damage":17.0,"enemies":"3 Sentries","floor":6.0,"turns":11.0},{"damage":32.0,"enemies":"Lagavulin","floor":10.0,"turns":4.0},{"damage":14.0,"enemies":"Gremlin Nob","floor":12.0,"turns":4.0},{"damage":0.0,"enemies":"Exordium Wildlife","floor":14.0,"turns":2.0},{"damage":6.0,"enemies":"Slime Boss","floor":16.0,"turns":5.0},{"damage":1.0,"enemies":"3 Byrds","floor":18.0,"turns":5.0},{"damage":6.0,"enemies":"Masked Bandits","floor":19.0,"turns":4.0},{"damage":0.0,"enemies":"Spheric Guardian","floor":20.0,"turns":3.0},{"damage":6.0,"enemies":"Snake Plant","floor":22.0,"turns":2.0},{"damage":9.0,"enemies":"Gremlin Leader","floor":23.0,"turns":6.0},{"damage":6.0,"enemies":"Replay:Snechameleon","floor":25.0,"turns":4.0},{"damage":0.0,"enemies":"Slavers","floor":29.0,"turns":5.0},{"damage":4.0,"enemies":"3 Cultists","floor":30.0,"turns":4.0},{"damage":5.0,"enemies":"Shelled Parasite and Fungi","floor":31.0,"turns":2.0},{"damage":36.0,"enemies":"Champ","floor":33.0,"turns":6.0},{"damage":0.0,"enemies":"3 Darklings","floor":35.0,"turns":4.0},{"damage":0.0,"enemies":"Orb Walker","floor":40.0,"turns":1.0},{"damage":0.0,"enemies":"Reptomancer","floor":41.0,"turns":4.0},{"damage":0.0,"enemies":"Giant Head","floor":44.0,"turns":4.0},{"damage":0.0,"enemies":"Jaw Worm Horde","floor":45.0,"turns":2.0},{"damage":0.0,"enemies":"3 Darklings","floor":47.0,"turns":3.0},{"damage":9.0,"enemies":"Sphere and 2 Shapes","floor":48.0,"turns":3.0},{"damage":0,"enemies":"Time Eater","floor":50,"turns":7}],"seed_played":"-3317061571034995998","potions_obtained":[{"floor":2.0,"key":"Block Potion"},{"floor":3.0,"key":"Elixir"},{"floor":12.0,"key":"Fruit Juice"},{"floor":21.0,"key":"Block Potion"},{"floor":22.0,"key":"Fire Potion"},{"floor":23.0,"key":"AttackPotion"},{"floor":25.0,"key":"SmokeBomb"},{"floor":30.0,"key":"FearPotion"},{"floor":33.0,"key":"Explosive Potion"},{"floor":40.0,"key":"Regen Potion"},{"floor":48.0,"key":"EntropicBrew"}],"is_trial":false,"path_per_floor":["M","M","M","?","?","E","$","R","T","E","R","E","R","M","R_BF","B",null,"M","?","M","?","M","E","R","E","T","?","R","E","M","M","R","B",null,"M","?","$","?","$","M","E","?","T","E","M","?","M","M","R_BF","B",null],"character_chosen":"THE_CURSED","items_purchased":["Bag of Preparation","TheCursedMod:CursedShiv","TheCursedMod:ReleasedStrength","Replay:Bottled Eggs","Mango","Lee\u0027s Waffle","TheCursedMod:SpitefulPlan","Kunai","Vajra","TheCursedMod:Hemoplague","TheCursedMod:SpitefulStrike+1","TheCursedMod:StingEye+1"],"campfire_rested":2,"item_purchase_floors":[7,7,7,37,37,37,37,39,39,39,39,39],"current_hp_per_floor":[68,73,75,64,64,52,52,52,52,28,50,51,75,80,80,74,79,80,74,77,77,74,71,71,73,73,73,73,73,77,75,75,56,74,80,80,101,88,88,88,101,101,101,101,101,101,101,92,92,101],"gold":392,"neow_bonus":"RANDOM_COMMON_RELIC","is_daily":false,"chose_seed":false,"campfire_upgraded":5,"win_rate":0.0,"timestamp":1614325950,"path_taken":["M","M","M","?","?","E","?","R","T","E","R","E","R","M","R_BF","BOSS","M","?","M","?","M","E","R","E","T","?","R","E","?","M","R","BOSS","M","?","$","?","$","M","E","?","T","E","M","?","M","?","R_BF","BOSS"],"items_purchased_type":["Relic","Card","Card","Relic","Relic","Relic","Card","Relic","Relic","Card","Card","Card"],"build_version":"2020-12-22","purchased_purges":2,"victory":true,"max_hp_per_floor":[75,75,75,75,75,75,75,75,75,75,75,80,80,80,80,80,80,80,80,80,80,80,80,80,80,80,80,80,80,80,80,80,80,80,80,80,101,101,101,101,101,101,101,101,101,101,101,101,101,101],"card_choices":[{"not_picked":["TheCursedMod:CircleOfCorruption","TheCursedMod:Obscuration"],"picked":"TheCursedMod:SoulReap","floor":1.0},{"not_picked":["TheCursedMod:VitalStrike","TheCursedMod:Grudge"],"picked":"TheCursedMod:ManaBullet","floor":2.0},{"not_picked":["TheCursedMod:Wield","TheCursedMod:Stretching"],"picked":"TheCursedMod:TacticalStrike","floor":3.0},{"not_picked":["TheCursedMod:Wield","TheCursedMod:CircleOfCorruption"],"picked":"TheCursedMod:CursedShiv","floor":6.0},{"not_picked":["TheCursedMod:ParallelWorld","TheCursedMod:SurpriseAttack"],"picked":"TheCursedMod:FuryStrike","floor":10.0},{"not_picked":["TheCursedMod:AshesToAshes","TheCursedMod:Obscuration"],"picked":"TheCursedMod:CursedShiv","floor":12.0},{"not_picked":["TheCursedMod:SurpriseAttack","TheCursedMod:BlessingInDisguise"],"picked":"TheCursedMod:CursedShiv","floor":14.0},{"not_picked":["TheCursedMod:CircleOfAbyss","TheCursedMod:VoidForm"],"picked":"TheCursedMod:DarkBarrier","floor":16.0},{"not_picked":["TheCursedMod:CursedShiv","TheCursedMod:SpreadPlague+1"],"picked":"TheCursedMod:StingEye+1","floor":18.0},{"not_picked":["TheCursedMod:Stigma","TheCursedMod:CursedMace"],"picked":"TheCursedMod:SpitefulStrike+1","floor":19.0},{"not_picked":["TheCursedMod:CursedMace","TheCursedMod:StingEye+1"],"picked":"TheCursedMod:WearCloak","floor":20.0},{"not_picked":["TheCursedMod:CursedSpellbook","TheCursedMod:RavingStaff+1"],"picked":"TheCursedMod:CursedMace+1","floor":21.0},{"not_picked":["TheCursedMod:Grudge+1","TheCursedMod:RavingStaff+1"],"picked":"TheCursedMod:StingEye+1","floor":22.0},{"not_picked":["TheCursedMod:VoidForm","TheCursedMod:TacticalStrike+1"],"picked":"TheCursedMod:CursedStaff+1","floor":23.0},{"not_picked":["TheCursedMod:CursedShiv+1","TheCursedMod:CursedMace+1"],"picked":"TheCursedMod:RapidMovement","floor":25.0},{"not_picked":["TheCursedMod:CircleOfAmplification","TheCursedMod:CursedShiv+1"],"picked":"TheCursedMod:Evocation+1","floor":29.0},{"not_picked":["TheCursedMod:CircleOfWindfury","TheCursedMod:RapidMovement"],"picked":"TheCursedMod:WearCloak","floor":30.0},{"not_picked":["TheCursedMod:Grudge","TheCursedMod:SurpriseAttack+1"],"picked":"TheCursedMod:SpitefulStrike+1","floor":31.0},{"not_picked":["TheCursedMod:ManaCirculation","TheCursedMod:StunningStrike+1"],"picked":"TheCursedMod:NeowsMight","floor":33.0},{"not_picked":["TheCursedMod:CursedSpellbook+1","TheCursedMod:CursedArmor+1"],"picked":"TheCursedMod:CursedBlade+1","floor":35.0},{"not_picked":["TheCursedMod:CursedBlade+1","TheCursedMod:Stretching+1"],"picked":"TheCursedMod:WearCloak+1","floor":40.0},{"not_picked":["TheCursedMod:FleshFromBone+1","TheCursedMod:Evocation"],"picked":"TheCursedMod:SpitefulPlan","floor":41.0},{"not_picked":["TheCursedMod:Neurasthenia","TheCursedMod:CursedRelics+1"],"picked":"TheCursedMod:LuckyCharm+1","floor":44.0},{"not_picked":["TheCursedMod:BloodBarrier+1","TheCursedMod:EmpowerCircles+1"],"picked":"TheCursedMod:Hemoplague","floor":45.0},{"not_picked":["TheCursedMod:Mangle+1","TheCursedMod:CircleOfCorruption"],"picked":"TheCursedMod:Wield+1","floor":47.0},{"not_picked":["TheCursedMod:Torture+1","TheCursedMod:Stretching"],"picked":"TheCursedMod:HellsGateOpen+1","floor":48.0}],"player_experience":1026302,"relics_obtained":[{"floor":6.0,"key":"Oddly Smooth Stone"},{"floor":9.0,"key":"Toy Ornithopter"},{"floor":10.0,"key":"Pen Nib"},{"floor":12.0,"key":"Grinning Jar"},{"floor":19.0,"key":"Red Mask"},{"floor":21.0,"key":"Molten Egg 2"},{"floor":23.0,"key":"Meat on the Bone"},{"floor":25.0,"key":"Gambling Chip"},{"floor":26.0,"key":"Mummified Hand"},{"floor":29.0,"key":"Boot"},{"floor":41.0,"key":"Omamori"},{"floor":43.0,"key":"Regal Pillow"},{"floor":44.0,"key":"TheCursedMod:Tack"},{"floor":49,"key":"TheCursedMod:CrystalBall"}],"event_choices":[{"damage_healed":0.0,"max_hp_gain":0.0,"max_hp_loss":0.0,"gold_gain":75.0,"event_name":"World of Goop","player_choice":"Gather Gold","floor":4.0,"gold_loss":0.0,"damage_taken":11.0},{"damage_healed":0.0,"max_hp_gain":0.0,"max_hp_loss":0.0,"gold_gain":0.0,"event_name":"Masked Bandits","player_choice":"Fought Bandits","floor":19.0,"gold_loss":0.0,"damage_taken":0.0},{"cards_removed":["TheCursedMod:Strike_TheCursed"],"damage_healed":0.0,"max_hp_gain":0.0,"max_hp_loss":0.0,"gold_gain":0.0,"event_name":"Bonfire Elementals","player_choice":"Offered Basic","floor":27.0,"gold_loss":0.0,"damage_taken":0.0},{"damage_healed":0.0,"max_hp_gain":0.0,"max_hp_loss":0.0,"gold_gain":999.0,"event_name":"MindBloom","player_choice":"Gold","floor":36.0,"gold_loss":0.0,"damage_taken":0.0,"cards_obtained":["Normality","Normality"]},{"damage_healed":0.0,"max_hp_gain":0.0,"max_hp_loss":0.0,"gold_gain":0.0,"event_name":"Winding Halls","player_choice":"Embrace Madness","floor":38.0,"gold_loss":0.0,"damage_taken":13.0,"cards_obtained":["Madness","Madness"]},{"damage_healed":0.0,"max_hp_gain":0.0,"max_hp_loss":0.0,"gold_gain":222.0,"event_name":"Tomb of Lord Red Mask","player_choice":"Wore Mask","floor":42.0,"gold_loss":0.0,"damage_taken":0.0},{"damage_healed":0.0,"max_hp_gain":0.0,"max_hp_loss":0.0,"gold_gain":0.0,"event_name":"WeMeetAgain","player_choice":"Gave Potion","floor":46.0,"gold_loss":0.0,"damage_taken":0.0,"relics_obtained":["Replay:Baseball"]}],"is_beta":false,"boss_relics":[{"not_picked":["Velvet Choker","TheCursedMod:BlackMagicAdvanced"],"picked":"SlaversCollar"},{"not_picked":["Runic Dome","TheCursedMod:FourLeafCloverCharm"],"picked":"Astrolabe"}],"items_purged_floors":[37,39],"is_endless":false,"potions_floor_spawned":[2,3,12,22,23,25,30,33,40,48],"ascension_level":8}}