{"host":"b7qo4gia7dvxrdtr","time":1614379510,"event":{"mods":["BaseMod","Highlight Path","Minty Spire (QoL Compilation)","StSLib","The Animator"],"gold_per_floor":[117,117,132,144,154,154,192,67,94,107,136,9,20,49,49,159,159,172,183,98,98,22,22,56,101,101,115,115,148,160,197,197,292,292,315,330,193,208,208,208],"floor_reached":39,"language":"ENG","playtime":4254,"items_purged":["Regret"],"score":649,"play_id":"f3990e97-a19a-492c-98ec-7d896effb6e3","local_time":"20210227064510","is_ascension_mode":true,"campfire_choices":[{"data":"animator:Evileye","floor":6.0,"key":"SMITH"},{"floor":15.0,"key":"REST"},{"floor":23.0,"key":"RECALL"},{"data":"animator:Sora","floor":28.0,"key":"SMITH"},{"data":"animator:MetalKnight","floor":32.0,"key":"SMITH"}],"circlet_count":0,"master_deck":["animator:Defend_Konosuba+1","animator:Defend+1","animator:Kazuma","animator:Aqua","animator:Sora+1","animator:Tatsumaki","animator:Tatsumaki","animator:Evileye+1","animator:Melzalgald","animator:Megumin+13","animator:Vesta","animator:Saitama","animator:Melzalgald","animator:Vanir","animator:Shiro","animator:SakuraMatou+1","animator:Tatsumaki+1","animator:DolaStephanie+1","animator:MumenRider","animator:Jibril","Bite","Bite","Bite","Bite","Bite","animator:RinTohsaka","animator:MetalKnight+1","animator:NarberalGamma","animator:Vesta","animator:Arpeggio+1","animator:YunYun","animator:Wiz","animator:DolaSchwi+1","animator:IzunaHatsuse","animator:Kaijin","animator:IchigoKurosaki","animator:Kaijin"],"relics":["animator:LivingPicture","animator:TheMissingPiece","animator:PurgingStone","Art of War","animator:WornHelmet","Boot","Anchor","White Beast Statue","Astrolabe","WingedGreaves","Meat on the Bone","CloakClasp","Happy Flower","Nunchaku","Black Star"],"acts_visited":["Exordium","TheCity","TheBeyond"],"potions_floor_usage":[39,39,39],"damage_taken":[{"damage":4.0,"enemies":"Small Slimes","floor":1.0,"turns":4.0},{"damage":4.0,"enemies":"Jaw Worm","floor":3.0,"turns":4.0},{"damage":0.0,"enemies":"2 Louse","floor":4.0,"turns":3.0},{"damage":18.0,"enemies":"2 Fungi Beasts","floor":5.0,"turns":4.0},{"damage":32.0,"enemies":"Lagavulin","floor":7.0,"turns":6.0},{"damage":2.0,"enemies":"3 Louse","floor":10.0,"turns":2.0},{"damage":14.0,"enemies":"Gremlin Nob","floor":11.0,"turns":4.0},{"damage":6.0,"enemies":"Looter","floor":13.0,"turns":3.0},{"damage":8.0,"enemies":"Lagavulin","floor":14.0,"turns":5.0},{"damage":19.0,"enemies":"The Guardian","floor":16.0,"turns":9.0},{"damage":12.0,"enemies":"Chosen","floor":18.0,"turns":4.0},{"damage":20.0,"enemies":"Spheric Guardian","floor":19.0,"turns":4.0},{"damage":21.0,"enemies":"Gremlin Leader","floor":24.0,"turns":5.0},{"damage":1.0,"enemies":"Cultist and Chosen","floor":27.0,"turns":6.0},{"damage":13.0,"enemies":"Slavers","floor":29.0,"turns":4.0},{"damage":12.0,"enemies":"Chosen and Byrds","floor":30.0,"turns":5.0},{"damage":7.0,"enemies":"Gremlin Leader","floor":31.0,"turns":6.0},{"damage":22.0,"enemies":"Champ","floor":33.0,"turns":7.0},{"damage":0.0,"enemies":"3 Shapes","floor":35.0,"turns":4.0},{"damage":0.0,"enemies":"3 Darklings","floor":36.0,"turns":4.0},{"damage":6.0,"enemies":"Jaw Worm Horde","floor":38.0,"turns":2.0},{"damage":51,"enemies":"Transient","floor":39,"turns":5}],"seed_played":"6011701353732249301","potions_obtained":[{"floor":3.0,"key":"GamblersBrew"},{"floor":4.0,"key":"SteroidPotion"},{"floor":5.0,"key":"SpeedPotion"},{"floor":14.0,"key":"EntropicBrew"},{"floor":16.0,"key":"SteroidPotion"},{"floor":18.0,"key":"PowerPotion"},{"floor":19.0,"key":"Weak Potion"},{"floor":24.0,"key":"GamblersBrew"},{"floor":27.0,"key":"GamblersBrew"},{"floor":29.0,"key":"Ancient Potion"},{"floor":30.0,"key":"Block Potion"},{"floor":31.0,"key":"DuplicationPotion"},{"floor":33.0,"key":"ColorlessPotion"},{"floor":35.0,"key":"ColorlessPotion"},{"floor":36.0,"key":"Strength Potion"},{"floor":38.0,"key":"ColorlessPotion"}],"is_trial":false,"path_per_floor":["M","?","M","M","M","R","E","$","T","M","E","$","M","E","R","B",null,"M","M","?","?","$","R","E","T","T","M","R","E","M","E","R","B",null,"M","M","$","M","M"],"character_chosen":"THE_ANIMATOR","items_purchased":["Fire Potion","animator:Megumin","Strength Potion","animator:RinTohsaka","animator:Kaijin","animator:IchigoKurosaki"],"campfire_rested":1,"item_purchase_floors":[8,12,12,22,37,37],"current_hp_per_floor":[58,58,57,60,47,47,20,20,20,21,10,10,9,4,22,5,47,37,20,20,20,20,20,7,7,7,24,24,27,27,26,26,23,39,41,45,45,39,0,0],"gold":208,"neow_bonus":"TRANSFORM_TWO_CARDS","is_daily":false,"chose_seed":false,"campfire_upgraded":3,"win_rate":0.0,"timestamp":1614379510,"path_taken":["M","?","M","M","M","R","E","$","T","M","E","$","M","E","R","BOSS","M","M","?","?","?","R","E","?","T","M","R","E","M","E","R","BOSS","M","M","$","M","M"],"items_purchased_type":["Potion","Card","Potion","Card","Card","Card"],"build_version":"2020-12-22","purchased_purges":1,"victory":false,"max_hp_per_floor":[60,60,60,60,60,60,60,60,60,60,60,60,60,61,61,61,61,61,62,62,43,43,43,43,43,43,43,43,43,43,43,43,44,44,44,45,45,45,45,45],"card_choices":[{"not_picked":["animator:Entoma","animator:NagisaMomoe"],"picked":"animator:Tatsumaki","floor":1.0},{"not_picked":["animator:DolaCouronne","animator:Assassin"],"picked":"animator:Tatsumaki","floor":3.0},{"not_picked":["animator:Chung","animator:FielNirvalen"],"picked":"animator:Evileye","floor":4.0},{"not_picked":["animator:SilverFang","animator:Geryuganshoop"],"picked":"animator:Melzalgald","floor":5.0},{"not_picked":["animator:Saber","animator:Kazuma"],"picked":"animator:Megumin","floor":7.0},{"not_picked":["animator:DolaSchwi","animator:RoryMercury"],"picked":"animator:Vesta","floor":10.0},{"not_picked":["animator:NagisaMomoe","animator:GazelDwargon"],"picked":"animator:Saitama","floor":11.0},{"not_picked":["animator:Sonic","animator:SilverFang"],"picked":"animator:Melzalgald","floor":13.0},{"not_picked":["animator:Berserker","animator:Alexander"],"picked":"animator:Vanir","floor":14.0},{"not_picked":["animator:MadokaKaname","animator:Ainz"],"picked":"animator:Shiro","floor":16.0},{"not_picked":["animator:SilverFang","animator:Shuna"],"picked":"animator:MumenRider","floor":18.0},{"not_picked":["animator:Ciel","animator:Demiurge"],"picked":"animator:Jibril","floor":19.0},{"not_picked":["animator:Sonic","animator:Melzalgald"],"picked":"animator:MetalKnight","floor":24.0},{"not_picked":["animator:MumenRider","animator:DolaStephanie"],"picked":"animator:NarberalGamma","floor":27.0},{"not_picked":["animator:Verdia","animator:Chung+1"],"picked":"animator:Vesta","floor":29.0},{"not_picked":["animator:Cocytus+1","animator:Aisha"],"picked":"animator:Arpeggio+1","floor":30.0},{"not_picked":["animator:Kazuma","animator:Megumin"],"picked":"animator:YunYun","floor":31.0},{"not_picked":["animator:HomuraAkemi","animator:Saber"],"picked":"animator:Wiz","floor":33.0},{"not_picked":["animator:RinTohsaka","animator:Lancer"],"picked":"animator:DolaSchwi+1","floor":35.0},{"not_picked":["animator:DolaRiku","animator:Vanir+1"],"picked":"animator:IzunaHatsuse","floor":36.0},{"not_picked":["animator:Tatsumaki","animator:SilverFang"],"picked":"animator:Kaijin","floor":38.0}],"player_experience":797647,"relics_obtained":[{"floor":7.0,"key":"animator:WornHelmet"},{"floor":9.0,"key":"Boot"},{"floor":11.0,"key":"Anchor"},{"floor":14.0,"key":"White Beast Statue"},{"floor":24.0,"key":"Meat on the Bone"},{"floor":26.0,"key":"CloakClasp"},{"floor":29.0,"key":"Happy Flower"},{"floor":31.0,"key":"Nunchaku"}],"event_choices":[{"damage_healed":0.0,"max_hp_gain":0.0,"max_hp_loss":0.0,"gold_gain":0.0,"event_name":"Big Fish","player_choice":"Box","floor":2.0,"gold_loss":0.0,"damage_taken":0.0,"relics_obtained":["Art of War"],"cards_obtained":["Regret"]},{"damage_healed":0.0,"max_hp_gain":0.0,"max_hp_loss":0.0,"gold_gain":0.0,"event_name":"Addict","player_choice":"Obtained Relic","floor":20.0,"gold_loss":85.0,"damage_taken":0.0,"relics_obtained":["WingedGreaves"]},{"damage_healed":0.0,"max_hp_gain":0.0,"max_hp_loss":19.0,"gold_gain":0.0,"event_name":"Vampires","player_choice":"Became a vampire","floor":21.0,"gold_loss":0.0,"damage_taken":0.0,"cards_obtained":["Bite","Bite","Bite","Bite","Bite"]}],"is_beta":false,"boss_relics":[{"not_picked":["Runic Dome","Empty Cage"],"picked":"Astrolabe"},{"not_picked":["SacredBark","Sozu"],"picked":"Black Star"}],"items_purged_floors":[8],"is_endless":false,"potions_floor_spawned":[3,4,5,14,16,18,19,24,27,29,30,31,33,35,36,38],"killed_by":"Transient","ascension_level":6}}