{"host":"oyzno85dy6ca94bi","time":1614306209,"event":{"mods":["AchievementEnabler","BaseMod","Colored Map","DeckTracker","Keyboard Shortcuts","Minty Spire (QoL Compilation)","Permanent Neow","SuperFastMode","everything is the same but u backflip on backflip"],"gold_per_floor":[119,134,153,164,184,218,231,231,231,243,243,243,257,11,11,107,107,119,119,137,137,137,137,156,156,156,166,166,180,14,24,24,122,122,135,185,185,237,237,237,237],"floor_reached":40,"language":"KOR","playtime":3588,"items_purged":["Strike_G"],"score":527,"play_id":"0e4f4980-39a3-47f7-9d96-5b5062c78fb6","local_time":"20210226112329","is_ascension_mode":true,"campfire_choices":[{"floor":8.0,"key":"REST"},{"data":"Blade Dance","floor":11.0,"key":"SMITH"},{"data":"Cloak And Dagger","floor":15.0,"key":"SMITH"},{"data":"Envenom","floor":23.0,"key":"SMITH"},{"floor":25.0,"key":"REST"},{"floor":32.0,"key":"REST"}],"circlet_count":0,"master_deck":["Strike_G","Strike_G","Strike_G","Strike_G","Defend_G","Defend_G","Defend_G","Defend_G","Defend_G","Survivor","Neutralize","Quick Slash","Leg Sweep","Backflip","Blade Dance+1","Finisher+1","Well Laid Plans","Cloak And Dagger+1","Cloak And Dagger","Envenom+1","Prepared+1","Dodge and Roll","Cloak And Dagger+1","Terror","Finisher+1","Infinite Blades","Flash of Steel+1","Acrobatics+1","Prepared+1","Writhe","Thinking Ahead"],"relics":["Ring of the Serpent","Omamori","Smiling Mask","Happy Flower","Tiny Chest","Cursed Key","Question Card","Mango","Bird Faced Urn","Whetstone"],"acts_visited":["Exordium","TheCity","TheBeyond"],"potions_floor_usage":[40,40],"damage_taken":[{"damage":7.0,"enemies":"Small Slimes","floor":1.0,"turns":3.0},{"damage":0.0,"enemies":"Cultist","floor":2.0,"turns":4.0},{"damage":0.0,"enemies":"Jaw Worm","floor":3.0,"turns":4.0},{"damage":0.0,"enemies":"Looter","floor":4.0,"turns":5.0},{"damage":6.0,"enemies":"3 Louse","floor":5.0,"turns":4.0},{"damage":25.0,"enemies":"3 Sentries","floor":6.0,"turns":9.0},{"damage":3.0,"enemies":"Large Slime","floor":7.0,"turns":7.0},{"damage":5.0,"enemies":"Gremlin Gang","floor":10.0,"turns":3.0},{"damage":8.0,"enemies":"Exordium Wildlife","floor":13.0,"turns":4.0},{"damage":13.0,"enemies":"Hexaghost","floor":16.0,"turns":11.0},{"damage":0.0,"enemies":"Chosen","floor":18.0,"turns":3.0},{"damage":12.0,"enemies":"2 Thieves","floor":20.0,"turns":4.0},{"damage":25.0,"enemies":"Cultist and Chosen","floor":24.0,"turns":10.0},{"damage":28.0,"enemies":"Snake Plant","floor":27.0,"turns":5.0},{"damage":25.0,"enemies":"Shelled Parasite and Fungi","floor":29.0,"turns":5.0},{"damage":2.0,"enemies":"3 Cultists","floor":31.0,"turns":5.0},{"damage":26.0,"enemies":"Automaton","floor":33.0,"turns":9.0},{"damage":10.0,"enemies":"3 Darklings","floor":35.0,"turns":6.0},{"damage":2.0,"enemies":"Mind Bloom Boss Battle","floor":36.0,"turns":5.0},{"damage":79,"enemies":"Reptomancer","floor":40,"turns":5}],"seed_played":"3908733321554011555","potions_obtained":[{"floor":5.0,"key":"PowerPotion"},{"floor":6.0,"key":"SkillPotion"},{"floor":7.0,"key":"Regen Potion"},{"floor":10.0,"key":"FearPotion"},{"floor":16.0,"key":"Ancient Potion"},{"floor":24.0,"key":"Poison Potion"},{"floor":29.0,"key":"SteroidPotion"},{"floor":36.0,"key":"LiquidMemories"}],"is_trial":false,"path_per_floor":["M","M","M","M","M","E","M","R","T","M","R","?","M","$","R","B",null,"M","?","M","?","?","R","M","R","T","M","T","M","$","M","R","B",null,"M","?","?","T","?","E"],"character_chosen":"THE_SILENT","items_purchased":["Cloak And Dagger","Tiny Chest","Infinite Blades","Flash of Steel"],"campfire_rested":3,"item_purchase_floors":[14,14,30,30],"current_hp_per_floor":[56,56,56,56,50,25,22,43,43,47,47,47,39,39,39,26,59,59,59,47,47,47,47,22,43,43,15,29,4,4,2,27,1,63,53,51,51,51,51,0,0],"gold":237,"neow_bonus":"RANDOM_COMMON_RELIC","is_daily":false,"chose_seed":false,"campfire_upgraded":3,"win_rate":0.0,"timestamp":1614306209,"path_taken":["M","M","M","M","M","E","M","R","T","M","R","?","M","$","R","BOSS","M","?","M","?","?","R","M","R","T","M","?","M","$","?","R","BOSS","M","?","?","?","?","E"],"items_purchased_type":["Card","Relic","Card","Card"],"build_version":"2020-12-22","purchased_purges":1,"victory":false,"max_hp_per_floor":[70,70,70,70,70,70,70,70,70,70,70,70,70,70,70,70,70,70,70,70,70,70,70,70,70,70,70,84,84,84,84,84,84,84,84,84,84,84,84,84,84],"card_choices":[{"not_picked":["Backflip","Deadly Poison"],"picked":"Quick Slash","floor":1.0},{"not_picked":["Underhanded Strike","Sucker Punch"],"picked":"Leg Sweep","floor":2.0},{"not_picked":["Prepared","Outmaneuver"],"picked":"Backflip","floor":3.0},{"not_picked":["Backstab","PiercingWail"],"picked":"Blade Dance","floor":4.0},{"not_picked":["Reflex","Leg Sweep"],"picked":"Slice","floor":5.0},{"not_picked":["Eviscerate","Riddle With Holes","Quick Slash"],"picked":"SKIP","floor":6.0},{"not_picked":["Dagger Throw","Flying Knee"],"picked":"Finisher","floor":7.0},{"not_picked":["Flechettes","Backflip"],"picked":"Well Laid Plans","floor":10.0},{"not_picked":["Bane","Expertise"],"picked":"Cloak And Dagger","floor":13.0},{"not_picked":["After Image","Burst"],"picked":"Envenom","floor":16.0},{"not_picked":["Underhanded Strike","Outmaneuver"],"picked":"Prepared","floor":18.0},{"not_picked":["Leg Sweep","Outmaneuver"],"picked":"Dodge and Roll","floor":20.0},{"not_picked":["Dagger Throw","Masterful Stab"],"picked":"Cloak And Dagger+1","floor":24.0},{"not_picked":["Backflip","Malaise","Deadly Poison"],"picked":"Terror","floor":27.0},{"not_picked":["Slice","Outmaneuver+1","Caltrops"],"picked":"Finisher+1","floor":29.0},{"not_picked":["Quick Slash+1","Unload","Outmaneuver"],"picked":"Acrobatics+1","floor":31.0},{"not_picked":["Underhanded Strike+1","Bouncing Flask","Crippling Poison+1","Acrobatics"],"picked":"SKIP","floor":35.0},{"not_picked":["Deflect+1","Bane+1","Finisher"],"picked":"Prepared+1","floor":36.0},{"not_picked":["Finesse","Swift Strike","Transmutation"],"picked":"Thinking Ahead","floor":39}],"player_experience":527843,"relics_obtained":[{"floor":6.0,"key":"Smiling Mask"},{"floor":9.0,"key":"Happy Flower"},{"floor":26.0,"key":"Question Card"},{"floor":28.0,"key":"Mango"},{"floor":36.0,"key":"Bird Faced Urn"},{"floor":38.0,"key":"Whetstone"}],"event_choices":[{"damage_healed":0.0,"max_hp_gain":0.0,"max_hp_loss":0.0,"gold_gain":0.0,"event_name":"Scrap Ooze","player_choice":"Fled","floor":12.0,"gold_loss":0.0,"damage_taken":0.0},{"damage_healed":0.0,"max_hp_gain":0.0,"max_hp_loss":0.0,"gold_gain":0.0,"event_name":"Cursed Tome","player_choice":"Ignored","floor":19.0,"gold_loss":0.0,"damage_taken":0.0},{"damage_healed":0.0,"max_hp_gain":0.0,"max_hp_loss":0.0,"gold_gain":0.0,"event_name":"Vampires","player_choice":"Ignored","floor":21.0,"gold_loss":0.0,"damage_taken":0.0},{"damage_healed":0.0,"max_hp_gain":0.0,"max_hp_loss":0.0,"gold_gain":0.0,"event_name":"Accursed Blacksmith","player_choice":"Forge","floor":22.0,"gold_loss":0.0,"damage_taken":0.0,"cards_upgraded":["Prepared"]},{"damage_healed":0.0,"max_hp_gain":0.0,"max_hp_loss":0.0,"gold_gain":0.0,"event_name":"MindBloom","player_choice":"Fight","floor":36.0,"gold_loss":0.0,"damage_taken":0.0},{"cards_removed":["Slice"],"damage_healed":0.0,"max_hp_gain":0.0,"max_hp_loss":0.0,"gold_gain":0.0,"event_name":"Falling","player_choice":"Removed Attack","floor":37.0,"gold_loss":0.0,"damage_taken":0.0},{"damage_healed":0,"gold_gain":0,"player_choice":"Memory 1","damage_taken":0,"max_hp_gain":0,"max_hp_loss":0,"event_name":"SensoryStone","floor":39,"gold_loss":0}],"is_beta":false,"boss_relics":[{"not_picked":["Black Star","Sozu"],"picked":"Cursed Key"},{"not_picked":["Pandora\u0027s Box","SacredBark"],"picked":"Ring of the Serpent"}],"items_purged_floors":[14],"is_endless":false,"potions_floor_spawned":[5,6,7,10,16,24,29,36],"killed_by":"Reptomancer","ascension_level":7}}