{"host":"1xuz12m1f9cb1gcf","time":1614359997,"event":{"mods":["BaseMod","Decade(王小明)","Downfall","KinomotoSakuraMod(木之本樱)","LagranYue(拉格朗・月)","Lobotomy","Minty Spire (QoL Compilation)","Nova Terra(诺娃・泰拉)","Replay The Spire","StSLib","The Bug Knight","The Exalted","The Hierophant","The Senshi","Waifu the Spire","Warlord Emblem","[IsaacMod]以撒尖塔"],"gold_per_floor":[122,135,142,153,170,217,270,277,277],"floor_reached":8,"language":"ZHS","playtime":1025,"items_purged":[],"score":60,"play_id":"8dcdbcbd-8331-4621-b0f4-0a932392f013","local_time":"20210227011957","is_ascension_mode":false,"campfire_choices":[],"circlet_count":0,"master_deck":["Decade_Attack","Decade_Attack","Decade_Attack","KamenRide","Decade_SpecialSkill","Decade_Defend","Decade_Defend","Decade_Defend","Decade_Defend","BettingIsNotGood","ShyLook","GreedKing","Kabuto_ClockUp","RideBooker","Bloodbath","UnarmedAttack5","Decade_Dash2","Scorched","DecadeViolentEmotion","VoidDream","Blade_Metal","WhitesApple"],"relics":["Decadriver","TOEIDeficitBill","HushsDoor","LagranYue:RandomDrawCardRelic","SalivaCoin","CogitoBucket","Thread and Needle","FleshIdol"],"acts_visited":["Exordium"],"potions_floor_usage":[8],"damage_taken":[{"damage":1,"enemies":"Jaw Worm","floor":1,"turns":3},{"damage":0,"enemies":"Small Slimes","floor":2,"turns":2},{"damage":0,"enemies":"Cultist","floor":4,"turns":2},{"damage":0,"enemies":"2 Fungi Beasts","floor":5,"turns":2},{"damage":13,"enemies":"Gremlin Nob","floor":6,"turns":3},{"damage":34,"enemies":"Gremlin Gang","floor":7,"turns":3},{"damage":18,"enemies":"Replay:BlueRogue","floor":8,"turns":1}],"seed_played":"3637933810649878904","potions_obtained":[{"floor":1,"key":"Ancient Potion"},{"floor":4,"key":"Guardian:BlockOnCardUsePotion"},{"floor":5,"key":"LiquidBronze"}],"is_trial":false,"path_per_floor":["M","M","?","M","M","E","M","E"],"character_chosen":"Decade","items_purchased":[],"campfire_rested":0,"item_purchase_floors":[],"current_hp_per_floor":[70,70,63,63,63,50,16,0,0],"gold":277,"neow_bonus":"","is_daily":false,"chose_seed":false,"campfire_upgraded":0,"win_rate":0.0,"timestamp":1614359997,"path_taken":["M","M","?","M","M","E","M","E"],"items_purchased_type":[],"build_version":"2020-12-22","purchased_purges":0,"victory":false,"max_hp_per_floor":[70,70,70,70,70,70,70,70,70],"card_choices":[{"not_picked":[],"picked":"BettingIsNotGood","floor":0},{"not_picked":["Mercenary","PunishingBird"],"picked":"ShyLook","floor":1},{"not_picked":["CrumblingArmor","SpiderBud"],"picked":"GreedKing","floor":2},{"not_picked":["FormRideJack","FormRideStorm"],"picked":"Kabuto_ClockUp","floor":2},{"not_picked":["FormRideFlame","KamenRideKabuto"],"picked":"RideBooker","floor":2},{"not_picked":["SpiderBud","CrumblingArmor"],"picked":"Bloodbath","floor":4},{"not_picked":["KamenRideRyuki","Blade_Beat"],"picked":"UnarmedAttack5","floor":4},{"not_picked":["Decade_Defend2","FormRideTitan"],"picked":"Decade_Dash2","floor":5},{"not_picked":["MeatLantern","Murderer"],"picked":"Scorched","floor":5},{"not_picked":["FormRideDragon","Blade_Slash"],"picked":"DecadeViolentEmotion","floor":6},{"not_picked":["BlackSwan","BeautyBeast"],"picked":"VoidDream","floor":6},{"not_picked":["KamenRideHibiki","DragShield"],"picked":"Blade_Metal","floor":7},{"not_picked":["MeatLantern","SpiderBud"],"picked":"WhitesApple","floor":7}],"player_experience":10574,"relics_obtained":[{"floor":6,"key":"Thread and Needle"}],"event_choices":[{"cards_removed":["Decade_Attack"],"damage_healed":0,"gold_gain":0,"player_choice":"Card Removal","damage_taken":7,"max_hp_gain":0,"max_hp_loss":0,"event_name":"Golden Wing","floor":3,"gold_loss":0}],"is_beta":false,"boss_relics":[],"items_purged_floors":[],"is_endless":false,"potions_floor_spawned":[1,4,5,7],"killed_by":"Replay:BlueRogue","ascension_level":0}}