{"host":"za9ilm1uiwmpmin1","time":1614317182,"event":{"mods":["AchievementEnabler","Act Like it!","BaseMod","Friendly Minions","Gensokyo","KomeijiMod","Library of Ruina","Library of Ruina Extra","Minty Spire (QoL Compilation)","MostiFishMod","StSLib","TestMod","Waifu the Spire"],"gold_per_floor":[10,10,10,22,39,65,83,110,183,183,209,228,55,78,78,152,152,164,89,489,512,523,1357,1357,1237,1237,1237,919,929,1254,1277,1277,1349,1349,1368,1112,1121,1140,1156,1156,1191,1191,1216,1248,1263,1263,1295,1312,1312,1312,1312,1312,1312,1187,1220,1220],"floor_reached":57,"language":"ZHS","playtime":3094,"items_purged":["LightAttack","Dodge+1","LightAttack+1"],"score":2790,"play_id":"c21be755-8f9f-4305-8a39-5adca61e1f11","local_time":"20210226132622","is_ascension_mode":true,"campfire_choices":[{"data":"UnforgettableMelody","floor":10.0,"key":"SMITH"},{"data":"ExtractFuel","floor":15.0,"key":"SMITH"},{"floor":24,"key":"RECALL"},{"data":"AutomatedMovement","floor":27,"key":"SMITH"},{"floor":32,"key":"REST"},{"floor":40,"key":"REST"},{"floor":42,"key":"REST"},{"floor":46,"key":"REST"},{"floor":49,"key":"REST"},{"floor":53,"key":"REST"}],"circlet_count":0,"master_deck":["AscendersBane","LightDefense+1","LightAttack+1","LightDefense+1","LightDefense+1","LightDefense+1","ChargeAndCover+1","FocusedStrikes+1","AutomatedMovement+1","ForTheFamily+1","Faith+1","Quickness+1","UnforgettableMelody+1","SenseQuarry+1","ExtractFuel+1","Fence+1","WaitUp+1","TheWillOfTheCity+1","DriedUp+1","Gensokyo:LifeSpringInfinity+1","CoordinatedAssault+1"],"relics":["PageOfLibrarian","testmod-TestBox","testmod-FatalChain","DSteel32","SentryEyes","SynthV:TestCard","Gensokyo:NagashiBinaDoll","PageOfPunishingBird","KyoryuNoHagoromo","PageOfNosferatu","Boot","testmod-Prudence","CeramicFish","Old Coin","Gensokyo:FoxMask","testmod-HeartOfStrike","BirthdayGift-Tetrahedron","testmod-IndustrialRevolution","PageOfSnowWhitesApple","testmod-Antiphasic","PageOfRedShoes","HereWithMe","Civilization","Nunchaku","Potion Belt","Juzu Bracelet","Darkstone Periapt","ThornShield"],"acts_visited":["Exordium","Gensokyo:Gensokyo","Gensokyo:Gensokyoer","TheEnding"],"potions_floor_usage":[56,56,56],"damage_taken":[{"damage":0.0,"enemies":"Gensokyo:3_Fairies","floor":1.0,"turns":2.0},{"damage":0.0,"enemies":"Gensokyo:Gryphon","floor":4.0,"turns":2.0},{"damage":0.0,"enemies":"Gensokyo:2_Kodama","floor":5.0,"turns":2.0},{"damage":0.0,"enemies":"Gensokyo:Mamizou","floor":6.0,"turns":5.0},{"damage":0.0,"enemies":"Gensokyo:Kitsune","floor":7.0,"turns":1.0},{"damage":0.0,"enemies":"Gensokyo:Cirno","floor":8.0,"turns":4.0},{"damage":4.0,"enemies":"Gensokyo:Mamizou","floor":11.0,"turns":7.0},{"damage":0.0,"enemies":"Gensokyo:LivingMonolith","floor":12.0,"turns":2.0},{"damage":4.0,"enemies":"Gensokyo:Yukari","floor":16.0,"turns":8.0},{"damage":13.0,"enemies":"Gensokyo:3_Dogs","floor":18.0,"turns":4.0},{"damage":6.0,"enemies":"Gensokyo:Chomper","floor":22.0,"turns":6.0},{"damage":38,"enemies":"Gensokyo:Koishi","floor":23,"turns":5},{"damage":4,"enemies":"Gensokyo:Swordslinger","floor":29,"turns":3},{"damage":4,"enemies":"Gensokyo:Reisen","floor":30,"turns":3},{"damage":2,"enemies":"Gensokyo:Wraith","floor":31,"turns":2},{"damage":0,"enemies":"Gensokyo:Kaguya","floor":33,"turns":1},{"damage":0,"enemies":"Gensokyo:AncientGuardian","floor":35,"turns":1},{"damage":12,"enemies":"Gensokyo:AncientGuardian","floor":37,"turns":4},{"damage":0,"enemies":"Gensokyo:3_Bats","floor":38,"turns":1},{"damage":0,"enemies":"Gensokyo:SeedOfUnknown","floor":39,"turns":1},{"damage":4,"enemies":"Gensokyo:Doremy","floor":41,"turns":3},{"damage":2,"enemies":"Gensokyo:Kasen","floor":44,"turns":2},{"damage":0,"enemies":"Gensokyo:AtlasGolem","floor":45,"turns":1},{"damage":0,"enemies":"Gensokyo:Marisa","floor":47,"turns":1},{"damage":0,"enemies":"Gensokyo:Dusk_and_Dawn","floor":48,"turns":1},{"damage":4,"enemies":"Gensokyo:Scarlet_Devils","floor":50,"turns":3},{"damage":4,"enemies":"Gensokyo:Scarlet_Devils","floor":51,"turns":3},{"damage":0,"enemies":"Shield and Spear","floor":55,"turns":1},{"damage":4,"enemies":"The Heart","floor":56,"turns":3}],"seed_played":"-6451618043089856544","potions_obtained":[{"floor":5.0,"key":"BlessingOfTheForge"},{"floor":8.0,"key":"Ancient Potion"},{"floor":11.0,"key":"SteroidPotion"},{"floor":16.0,"key":"testmod-TimePotion"},{"floor":18.0,"key":"Swift Potion"},{"floor":47,"key":"ColorlessPotion"}],"is_trial":false,"path_per_floor":["M","?","?","M","M","E","M","E","T","R","E","M","COS","T","R","B",null,"M","$","?","T","M","E","R","?","T","R","COS","M","E","M","R","B",null,"M","$","?","M","M","R","E","R","T","E","M","R","E","M","R","B",null,null,"R","$","E","B",null],"character_chosen":"Librarian","items_purchased":["Civilization"],"campfire_rested":6,"item_purchase_floors":[36],"current_hp_per_floor":[54,54,54,54,54,54,54,56,11,11,15,17,17,17,17,15,84,71,71,71,71,69,33,33,33,33,33,33,33,31,33,72,84,113,122,122,122,126,131,131,136,136,136,141,146,146,151,156,156,161,166,166,166,166,171,176],"gold":1220,"neow_bonus":"ONE_RARE_RELIC","is_daily":false,"chose_seed":false,"campfire_upgraded":3,"win_rate":0.0,"timestamp":1614317182,"path_taken":["M","?","?","M","M","E","?","E","T","R","E","M","COS","?","R","BOSS","M","$","?","?","M","E","R","?","T","R","COS","?","E","M","R","BOSS","M","$","?","M","M","R","E","R","T","E","M","R","E","M","R","BOSS","R","$","E","BOSS"],"items_purchased_type":["Relic"],"build_version":"2020-12-22","purchased_purges":3,"victory":true,"max_hp_per_floor":[63,63,63,63,63,63,63,63,107,107,107,107,107,107,107,107,107,107,107,107,107,107,108,108,108,108,108,108,108,108,130,130,122,122,122,122,122,126,131,131,136,136,136,141,146,146,151,156,156,161,166,166,166,166,171,176],"card_choices":[{"not_picked":["DimensionalRift","SturdyDefense","FleetEdge","ShockRound","FierceCharge","HighKick","NightInTheBackstreets","MultiBlock"],"picked":"AutomatedMovement","floor":1.0},{"not_picked":["Reload","StructuralAnalysis","DefenseOrder","SturdyDefense","Deflect_lor","Overpower","BiAn","GuidanceOfTheGears","GrazeTheGrass","Guardian_lor"],"picked":"ForTheFamily","floor":2.0},{"not_picked":["NightInTheBackstreets","Collision","HandleRequest","HandlingWork","DestructiveImpact","WillProduceFineSilk","Parry","RatsGuideToSurvival","UnavoidableGaze","FleetFootsteps"],"picked":"Faith","floor":2.0},{"not_picked":["WildCard","SetFire","SmokingPipe","CumulusWall","StructuralAnalysis","FaintMemories","PreemptiveStrike","FierceCharge","WillOfThePrescript","DesperateStruggle"],"picked":"Quickness","floor":4.0},{"not_picked":["GrazeTheGrass","CombatPreparation","Unlock1","QuickAttack","FleetFootsteps","RapidGashes","EnergyStrike","EndlessBattle","RushDown","ElectricShock"],"picked":"UnforgettableMelody","floor":5.0},{"not_picked":["FlashingStrike","GreatSerpentsImpact","UpbeatPerformance","TheWillOfTheCity","SmokingPipe","Struggle","SerpentineBarrier","FendThisOffIfYouCan","HighKick","Faith"],"picked":"SenseQuarry","floor":6.0},{"not_picked":["Pound","WillOfThePrescript","Ripple","BiXi","TasteMyFlamingBat","Overpower","BulkyImpact","FleetFootsteps","HighKick","BizarreAttack"],"picked":"ExtractFuel","floor":7.0},{"not_picked":["FleetFootsteps","UnavoidableGaze","EnergyBeam","SnakesPrey","Diversion","Crush","BlowItUp","StructuralAnalysis","QuickAttack","SharpSwipe"],"picked":"Fence","floor":8.0},{"not_picked":["FormingStorm","DaringDecision","EndlessBattle","Multislash","UncannyStrike","GrazeTheGrass","DefenseOrder","MultiBlock","RulesOfTheBackstreets","ElectricShock","DarkCloud"],"picked":"SKIP","floor":11.0},{"not_picked":["LawAndOrder","DarkCloud","GreatSerpentsImpact","ScratchThat","Leap_lor","Clone","FleetFootsteps","DriedUp","ChiWen","GuardingStance","SunsetBlade"],"picked":"SKIP","floor":12.0},{"not_picked":["SpearedSweep+1","Bvapour","Outburst","Retaliate","Diversion","CumulusWall","TraceOfFumes","Decapitation","FieryWaltz","UpbeatPerformance"],"picked":"WaitUp+1","floor":18.0},{"not_picked":["StructuralAnalysis","EndlessBattle+1","GuidanceOfTheGears","BurningFlash","DevastatingThrash","SerpentSwordTechnique","TraceOfFumes","ShrineToMusic","UncannyStrike","HeavyPeaks","BlindFaith"],"picked":"SKIP","floor":22.0},{"not_picked":["AssaultOrder","CoordinatedAssault","SwordOfVolition","WillOfThePrescript","SnakeSlit","YouOnlyLiveOnce","AGoldenOpportunity","Wallop_lor","BackAttack","FierceCharge"],"picked":"TheWillOfTheCity+1","floor":23},{"not_picked":["DarkCloud","SuppressingShot","SnakesPrey","MultiHit","JiaoTu","DesperateStruggle","Quickness","Wallop_lor","YoureTooSlow","ChopItOff","MindPrepared"],"picked":"SKIP","floor":29},{"not_picked":["SmokingPipe","SerpentSwordTechnique","Diversion","Suppress","Track","EndlessBattle","SuppressingShot","CookingPrep","DarkCloud","SunsetBlade+1","NightInTheBackstreets"],"picked":"SKIP","floor":30},{"not_picked":["RushDown","BattleCommand","HandlingWork","Riposte","ConcentratedFire","Multislash","Quickness","MultiHit","QuickAttack","FleetFootsteps"],"picked":"DriedUp+1","floor":31},{"not_picked":["Pound+1","ClassAndRespect+1","EnergyStrike","DefenseOrder+1","JiaoTu+1","EmotionalTurbulence","Standoff","CumulusWall","BlindFaith","ViolentFlame+1","FleetEdge+1"],"picked":"SKIP","floor":35},{"not_picked":["Gensokyo:MorningStar+1","Gensokyo:DreamlikeParadise+1"],"picked":"Gensokyo:LifeSpringInfinity+1","floor":37},{"not_picked":["YoureTooSlow","Mutilate+1","Crush+1","AsThePrescriptOrders+1","SuppressingShot","GuidanceOfTheGears","FlashOfSunup+1","BulkyImpact+1","ShockingBlow","FrontalAssault"],"picked":"CoordinatedAssault+1","floor":38},{"not_picked":["BackstreetsDash","CoordinatedAssault","AbsorbImpact","Laceration","BayonetCombat","Eject","TrimTheIngredients","PinpointShot+1","DefenseOrder","BlazingStrike","FleetEdge"],"picked":"SKIP","floor":39},{"not_picked":["MultiBlock","RapidGashes","WillBeTasty","Rewind+1","EnergyStrike","Unlock1+1","PinpointShot","NightInTheBackstreets","DirtyBlow+1","BoundaryOfDeath","GatherIntel"],"picked":"SKIP","floor":41},{"not_picked":["Retaliate","FleetFootsteps+1","TimeForALittleTest+1","Ripple+1","TasteMyFlamingBat","Parry","SetFire","Thirst","GrazeTheGrass","Cruelty","Quickness"],"picked":"SKIP","floor":44},{"not_picked":["StrikeDown","GrazeTheGrass+1","DestructiveImpact","BayonetCombat","EnergyStrike","Retaliate+1","StructuralAnalysis+1","AutonomousRush","SenseQuarry","ViolentFlame","GreatSerpentsImpact"],"picked":"SKIP","floor":45},{"not_picked":["UpbeatPerformance","TasteMyFlamingBat","TraceOfFumes","RagingStormLove","QuickAttack","FlashingStrike","Crush","EnergyShield","Reload","DevastatingThrash","StrikeDown+1"],"picked":"SKIP","floor":47},{"not_picked":["FlashingStrike","SetFire","Suppress","WrathOfTorment","HandleRequest","EnergyShield","WillOfThePrescript","ToWhereThePrescriptPoints","SmokingPipe","VioletBlade","GuardingStance"],"picked":"SKIP","floor":48},{"not_picked":["Wallop_lor+1","QuickSuppression","PinpointShot","MultiBlock","Duel_lor","SpearedSweep","DriedUp","Unlock1","GroundSmash","Diversion","Reload"],"picked":"SKIP","floor":55}],"player_experience":783007,"relics_obtained":[{"floor":1.0,"key":"SynthV:TestCard"},{"floor":6.0,"key":"PageOfPunishingBird"},{"floor":8.0,"key":"KyoryuNoHagoromo"},{"floor":9.0,"key":"PageOfNosferatu"},{"floor":11.0,"key":"Boot"},{"floor":21.0,"key":"CeramicFish"},{"floor":26,"key":"testmod-HeartOfStrike"},{"floor":30,"key":"testmod-Antiphasic"},{"floor":41,"key":"Nunchaku"},{"floor":43,"key":"Potion Belt"},{"floor":44,"key":"Juzu Bracelet"},{"floor":47,"key":"Darkstone Periapt"},{"floor":55,"key":"ThornShield"}],"event_choices":[{"damage_healed":0.0,"max_hp_gain":0.0,"max_hp_loss":0.0,"gold_gain":400.0,"event_name":"¶÷ÂåË¹µÄÅÌ×Ó","player_choice":"Sell","floor":20.0,"relics_lost":["DaveBox"],"gold_loss":0.0,"damage_taken":0.0}],"is_beta":false,"boss_relics":[{"not_picked":["NightmareShop","Fusion Hammer"],"picked":"testmod-Prudence"},{"not_picked":["testmod-SaigiyounoYou","testmod-NegativeEmotionEnhancer"],"picked":"HereWithMe"}],"items_purged_floors":[19,36,54],"is_endless":false,"potions_floor_spawned":[5,8,11,16,18,23,31,35,38,47,48],"ascension_level":14}}