{"host":"61y0z9o9vf3ujftj","time":1614318766,"event":{"mods":["BaseMod","Colored Map","Colored Powertips","GifTheSpireLib","HexUI Lib","Highlight Path","Minty Spire (QoL Compilation)","Permanent Neow","Relic Stats","StSLib","ojb\u0027s Info Mod"],"gold_per_floor":[116,135,146,160,235,268,193,24,72,106,106,106,124,156,156,231,231,251,268,5,5,5,32,32,4,4,4,39,51,63,63],"floor_reached":30,"language":"ENG","playtime":1817,"items_purged":["Strike_R"],"score":554,"play_id":"f66558cc-a203-4e8c-95dc-efbb96aea264","local_time":"20210225235246","is_ascension_mode":true,"campfire_choices":[{"data":"Hemokinesis","floor":12.0,"key":"SMITH"},{"floor":15,"key":"REST"},{"data":"Flame Barrier","floor":24,"key":"SMITH"}],"circlet_count":0,"master_deck":["AscendersBane","Bash","Hemokinesis+1","Twin Strike","Thunderclap","Rupture","Pommel Strike","Shrug It Off","Seeing Red","Uppercut","Bloodletting","Shockwave","Limit Break","Twin Strike","Pummel","Rupture","Limit Break","Fiend Fire","Bloodletting","Burning Pact","Flame Barrier+1","Power Through","Pommel Strike","RitualDagger","Shrug It Off"],"relics":["Burning Blood","MealTicket","Paper Frog","Pen Nib","Bronze Scales","Sundial","Pandora\u0027s Box","Mummified Hand","Gambling Chip","Ginger","MawBank"],"acts_visited":["Exordium","TheCity"],"potions_floor_usage":[14,23,28],"damage_taken":[{"damage":11.0,"enemies":"Jaw Worm","floor":1.0,"turns":6.0},{"damage":2.0,"enemies":"2 Louse","floor":2.0,"turns":3.0},{"damage":3.0,"enemies":"Cultist","floor":3.0,"turns":3.0},{"damage":9.0,"enemies":"Exordium Wildlife","floor":4.0,"turns":3.0},{"damage":27.0,"enemies":"Lagavulin","floor":6.0,"turns":7.0},{"damage":30.0,"enemies":"Gremlin Nob","floor":10.0,"turns":4.0},{"damage":6,"enemies":"Large Slime","floor":13,"turns":4},{"damage":17,"enemies":"Lagavulin","floor":14,"turns":4},{"damage":42,"enemies":"Slime Boss","floor":16,"turns":8},{"damage":14,"enemies":"2 Thieves","floor":18,"turns":3},{"damage":13,"enemies":"3 Byrds","floor":19,"turns":3},{"damage":44,"enemies":"Gremlin Leader","floor":23,"turns":4},{"damage":41,"enemies":"Slavers","floor":28,"turns":5},{"damage":11,"enemies":"Shelled Parasite and Fungi","floor":30,"turns":1}],"seed_played":"2241474344438200454","potions_obtained":[{"floor":2.0,"key":"SkillPotion"},{"floor":3.0,"key":"Regen Potion"},{"floor":4.0,"key":"LiquidMemories"},{"floor":16,"key":"SkillPotion"},{"floor":23,"key":"SteroidPotion"}],"is_trial":false,"path_per_floor":["M","M","M","M","?","E","?","$","T","E","?","R","M","E","R","B",null,"M","M","$","?","$","E","R","$","T","?","E","?","M"],"character_chosen":"IRONCLAD","items_purchased":["Shrug It Off","Seeing Red","Mummified Hand","Pommel Strike"],"campfire_rested":1,"item_purchase_floors":[8,8,20,25],"current_hp_per_floor":[63,67,70,67,56,35,35,50,50,26,26,26,26,27,49,13,60,52,45,60,60,75,37,37,52,52,46,11,11,0,0],"gold":63,"neow_bonus":"RANDOM_COMMON_RELIC","is_daily":false,"chose_seed":false,"campfire_upgraded":2,"win_rate":0.0,"timestamp":1614318766,"path_taken":["M","M","M","M","?","E","?","$","T","E","?","R","?","E","R","BOSS","M","M","$","?","$","E","R","$","T","?","E","?","M"],"items_purchased_type":["Card","Card","Relic","Card"],"build_version":"2020-12-22","purchased_purges":1,"victory":false,"max_hp_per_floor":[75,75,75,75,75,75,75,75,75,75,75,75,75,75,75,75,75,75,75,75,75,75,75,75,75,75,75,75,75,75,75],"relic_stats":{"counters":[14,58],"Sundial":[2],"Mummified Hand":[2],"Bronze Scales":[122],"Gambling Chip":[1],"MealTicket":60,"Pandora\u0027s Box":["Twin Strike","Pummel","Rupture","Limit Break","Fiend Fire","Bloodletting"],"Pen Nib":[6],"Ginger":[0],"MawBank":24,"obtain_stats":[{"Sundial":14,"Mummified Hand":20,"Bronze Scales":10,"Gambling Chip":23,"MealTicket":0,"Pandora\u0027s Box":17,"Pen Nib":9,"Ginger":26,"MawBank":28,"Burning Blood":0,"Paper Frog":6},{"Sundial":8,"Mummified Hand":11,"Bronze Scales":6,"Gambling Chip":12,"MealTicket":0,"Pandora\u0027s Box":9,"Pen Nib":5,"Ginger":12,"MawBank":13,"Burning Blood":0,"Paper Frog":5},{"Sundial":34,"Mummified Hand":48,"Bronze Scales":26,"Gambling Chip":52,"MealTicket":0,"Pandora\u0027s Box":42,"Pen Nib":22,"Ginger":52,"MawBank":57,"Burning Blood":0,"Paper Frog":22}],"Burning Blood":78},"card_choices":[{"not_picked":["Twin Strike","Armaments"],"picked":"Hemokinesis","floor":1.0},{"not_picked":["Entrench","Havoc"],"picked":"Twin Strike","floor":2.0},{"not_picked":["Blood for Blood","Flex"],"picked":"Thunderclap","floor":3.0},{"not_picked":["Wild Strike","Clothesline"],"picked":"Rupture","floor":4.0},{"not_picked":["Exhume","Sever Soul"],"picked":"Pommel Strike","floor":6.0},{"not_picked":["Fire Breathing","Pommel Strike"],"picked":"Uppercut","floor":10.0},{"not_picked":["Sword Boomerang","Warcry"],"picked":"Bloodletting","floor":13},{"not_picked":["Fire Breathing","Body Slam"],"picked":"Shockwave","floor":14},{"not_picked":["Juggernaut","Berserk"],"picked":"Limit Break","floor":16},{"not_picked":["Hemokinesis","Twin Strike"],"picked":"Burning Pact","floor":18},{"not_picked":["Perfected Strike","Warcry"],"picked":"Flame Barrier","floor":19},{"not_picked":["Rupture","Flex","Clash"],"picked":"SKIP","floor":23},{"not_picked":["Havoc","Inflame"],"picked":"Shrug It Off","floor":28}],"player_experience":569321,"relics_obtained":[{"floor":6.0,"key":"Paper Frog"},{"floor":9.0,"key":"Pen Nib"},{"floor":10.0,"key":"Bronze Scales"},{"floor":14,"key":"Sundial"},{"floor":23,"key":"Gambling Chip"},{"floor":26,"key":"Ginger"},{"floor":28,"key":"MawBank"}],"event_choices":[{"damage_healed":0.0,"max_hp_gain":0.0,"max_hp_loss":0.0,"gold_gain":75.0,"event_name":"World of Goop","player_choice":"Gather Gold","floor":5.0,"gold_loss":0.0,"damage_taken":11.0},{"cards_removed":["Strike_R"],"damage_healed":0.0,"max_hp_gain":0.0,"max_hp_loss":0.0,"gold_gain":0.0,"event_name":"The Cleric","player_choice":"Card Removal","floor":7.0,"gold_loss":75.0,"damage_taken":0.0},{"cards_removed":["Strike_R"],"damage_healed":0.0,"max_hp_gain":0.0,"max_hp_loss":0.0,"gold_gain":0.0,"event_name":"Purifier","player_choice":"Purged","floor":11.0,"gold_loss":0.0,"damage_taken":0.0},{"damage_healed":0,"gold_gain":0,"player_choice":"Read","damage_taken":0,"max_hp_gain":0,"max_hp_loss":0,"event_name":"The Library","floor":21,"gold_loss":0,"cards_obtained":["Power Through"]},{"damage_healed":0,"gold_gain":0,"player_choice":"Joined the Cult","damage_taken":6,"max_hp_gain":0,"max_hp_loss":0,"event_name":"Nest","floor":27,"gold_loss":0,"cards_obtained":["RitualDagger"]}],"is_beta":false,"boss_relics":[{"not_picked":["Philosopher\u0027s Stone","Tiny House"],"picked":"Pandora\u0027s Box"}],"items_purged_floors":[8],"is_endless":false,"potions_floor_spawned":[2,3,4,16,23],"killed_by":"Shelled Parasite and Fungi","ascension_level":19}}