{"host":"r9n4bwsh0iioe8bo","time":1614350650,"event":{"mods":["2.2 Compatiblity","BaseMod","Bestiary","Colored Map","Colored Powertips","Curses Come First","Highlight Path","Minty Spire (QoL Compilation)","Relic Stats","StSLib","SuperFastMode"],"gold_per_floor":[114,114,129,129,129,129,142,142,142,160,160,160,160,176,176,271,271,283,294,219,229,244,244,256,256,256],"floor_reached":25,"language":"ENG","playtime":2267,"items_purged":[],"score":195,"play_id":"76db6405-dc2d-4f7e-ba06-ba8745c95887","local_time":"20210226144410","is_ascension_mode":false,"campfire_choices":[{"data":"Footwork","floor":6,"key":"SMITH"},{"data":"Outmaneuver","floor":8,"key":"SMITH"},{"data":"Slice","floor":11,"key":"SMITH"},{"data":"Caltrops","floor":15,"key":"SMITH"},{"data":"Blade Dance","floor":23,"key":"SMITH"}],"circlet_count":0,"master_deck":["Strike_G","Strike_G","Strike_G","Strike_G","Defend_G","Defend_G","Defend_G","Defend_G","Survivor","Neutralize","Footwork+1","Slice+1","Outmaneuver+1","Backstab","Caltrops+1","Blade Dance+1","Slice","Skewer+1","Poisoned Stab"],"relics":["Ring of the Snake","Bag of Marbles","HoveringKite"],"acts_visited":["Exordium","TheCity"],"potions_floor_usage":[16,16,16,25],"damage_taken":[{"damage":0,"enemies":"2 Louse","floor":1,"turns":4},{"damage":0,"enemies":"Small Slimes","floor":3,"turns":3},{"damage":0,"enemies":"Cultist","floor":7,"turns":4},{"damage":16,"enemies":"Exordium Thugs","floor":10,"turns":7},{"damage":1,"enemies":"2 Fungi Beasts","floor":14,"turns":3},{"damage":6,"enemies":"The Guardian","floor":16,"turns":15},{"damage":5,"enemies":"Shell Parasite","floor":18,"turns":5},{"damage":16,"enemies":"Spheric Guardian","floor":19,"turns":6},{"damage":15,"enemies":"3 Cultists","floor":21,"turns":6},{"damage":4,"enemies":"Snecko","floor":22,"turns":4},{"damage":24,"enemies":"Shelled Parasite and Fungi","floor":24,"turns":5},{"damage":11,"enemies":"3 Cultists","floor":25,"turns":4}],"seed_played":"-3592387829593974623","potions_obtained":[{"floor":3,"key":"Regen Potion"},{"floor":13,"key":"Weak Potion"},{"floor":13,"key":"DistilledChaos"},{"floor":24,"key":"LiquidMemories"}],"is_trial":false,"path_per_floor":["M","$","M","?","?","R","M","R","T","M","R","$","?","M","R","B",null,"M","M","?","M","M","R","M","M"],"character_chosen":"THE_SILENT","items_purchased":[],"campfire_rested":0,"item_purchase_floors":[],"current_hp_per_floor":[70,70,70,75,75,75,75,75,75,59,59,59,59,58,58,66,75,70,54,54,39,35,35,11,0,0],"gold":256,"neow_bonus":"TRANSFORM_CARD","is_daily":false,"chose_seed":false,"campfire_upgraded":5,"win_rate":0.0,"timestamp":1614350650,"path_taken":["M","$","M","?","?","R","?","R","T","M","R","?","?","M","R","BOSS","M","M","?","M","M","R","M","M"],"items_purchased_type":[],"build_version":"2020-12-22","purchased_purges":0,"victory":false,"max_hp_per_floor":[70,70,70,75,75,75,75,75,75,75,75,75,75,75,75,75,75,75,75,75,75,75,75,75,75,75],"relic_stats":{"counters":[12,66],"HoveringKite":[6],"obtain_stats":[{"HoveringKite":17,"Bag of Marbles":9,"Ring of the Snake":0},{"HoveringKite":6,"Bag of Marbles":3,"Ring of the Snake":0},{"HoveringKite":36,"Bag of Marbles":11,"Ring of the Snake":0}],"Ring of the Snake":[24]},"card_choices":[{"not_picked":["Catalyst","Poisoned Stab"],"picked":"Slice","floor":1},{"not_picked":["Calculated Gamble","Predator","Dagger Throw"],"picked":"SKIP","floor":3},{"not_picked":["Underhanded Strike","Blade Dance"],"picked":"Outmaneuver","floor":7},{"not_picked":["Flying Knee","Dagger Throw"],"picked":"Backstab","floor":10},{"not_picked":["Acrobatics","Backstab"],"picked":"Caltrops","floor":14},{"not_picked":["Acrobatics+1","Deflect"],"picked":"Blade Dance","floor":18},{"not_picked":["Distraction","PiercingWail"],"picked":"Slice","floor":19},{"not_picked":["Dagger Throw+1","Dodge and Roll"],"picked":"Skewer+1","floor":21},{"not_picked":["Dagger Throw","Slice"],"picked":"Poisoned Stab","floor":22},{"not_picked":["Eviscerate","Quick Slash","Underhanded Strike"],"picked":"SKIP","floor":24}],"player_experience":68287,"relics_obtained":[{"floor":9,"key":"Bag of Marbles"}],"event_choices":[{"damage_healed":0,"gold_gain":0,"player_choice":"Donut","damage_taken":0,"max_hp_gain":5,"max_hp_loss":0,"event_name":"Big Fish","floor":4,"gold_loss":0},{"damage_healed":0,"gold_gain":0,"player_choice":"Ignored","damage_taken":0,"max_hp_gain":0,"max_hp_loss":0,"event_name":"NoteForYourself","floor":5,"gold_loss":0},{"damage_healed":0,"gold_gain":0,"player_choice":"Got Potions","damage_taken":0,"max_hp_gain":0,"max_hp_loss":0,"event_name":"Lab","floor":13,"gold_loss":0},{"cards_removed":["Defend_G"],"damage_healed":0,"gold_gain":0,"player_choice":"Gave Gold","damage_taken":0,"max_hp_gain":0,"max_hp_loss":0,"event_name":"Beggar","floor":20,"gold_loss":75}],"is_beta":false,"boss_relics":[{"not_picked":["Runic Dome","Astrolabe"],"picked":"HoveringKite"}],"items_purged_floors":[],"is_endless":false,"potions_floor_spawned":[3,24],"killed_by":"3 Cultists","ascension_level":0}}