{"host":"ao8ok4k25npyixk7","time":1614365426,"event":{"mods":["BaseMod","Colored Map","Minty Spire (QoL Compilation)"],"gold_per_floor":[111,111,125,144,157,188,188,232,232,258,281,301,351,97,97,182,182,200,228,64,102,124,155,194,206,218,230,255,276,213,249,261,358,370,410,447,486,519,531,543,555,555],"floor_reached":41,"language":"ENG","playtime":2447,"items_purged":["Strike_G","Strike_G"],"score":878,"play_id":"707551f5-e507-48ae-aa88-a23d838b2ff4","local_time":"20210226195026","is_ascension_mode":true,"campfire_choices":[{"floor":7,"key":"REST"},{"floor":15,"key":"REST"},{"floor":25,"key":"REST"},{"floor":32,"key":"REST"},{"floor":40,"key":"REST"}],"circlet_count":0,"master_deck":["AscendersBane","Strike_G","Strike_G","Defend_G","Defend_G","Defend_G","Defend_G","Defend_G","Survivor","Neutralize","Apotheosis+1","Predator","Dagger Spray","Cloak And Dagger","Die Die Die","Calculated Gamble","Leg Sweep","Dagger Throw","Dagger Throw","Panacea","Venomology","Backflip","Terror","Well Laid Plans","Skewer","Acrobatics","Finisher+1","RitualDagger","Noxious Fumes","Phantasmal Killer","Blade Dance","Accuracy","Deflect","Backflip"],"relics":["Ring of the Serpent","Smiling Mask","CeramicFish","The Courier","Lizard Tail","Bronze Scales","Fusion Hammer","Red Mask","MawBank","Singing Bowl"],"acts_visited":["Exordium","TheCity","TheBeyond"],"potions_floor_usage":[6,8,18,21,23,23,23,24,27,31,31,31,33,33,33,35,36,36,38,41],"damage_taken":[{"damage":1,"enemies":"Small Slimes","floor":1,"turns":4},{"damage":0,"enemies":"Cultist","floor":3,"turns":3},{"damage":1,"enemies":"Jaw Worm","floor":4,"turns":3},{"damage":1,"enemies":"Large Slime","floor":5,"turns":5},{"damage":13,"enemies":"Lagavulin","floor":6,"turns":7},{"damage":28,"enemies":"Gremlin Nob","floor":8,"turns":4},{"damage":13,"enemies":"Lagavulin","floor":10,"turns":10},{"damage":8,"enemies":"Gremlin Gang","floor":11,"turns":2},{"damage":7,"enemies":"Red Slaver","floor":12,"turns":4},{"damage":22,"enemies":"Hexaghost","floor":16,"turns":11},{"damage":0,"enemies":"3 Byrds","floor":18,"turns":3},{"damage":3,"enemies":"Spheric Guardian","floor":19,"turns":3},{"damage":0,"enemies":"Masked Bandits","floor":21,"turns":2},{"damage":11,"enemies":"Snake Plant","floor":22,"turns":4},{"damage":30,"enemies":"Slavers","floor":23,"turns":4},{"damage":7,"enemies":"3 Cultists","floor":24,"turns":3},{"damage":0,"enemies":"Centurion and Healer","floor":27,"turns":1},{"damage":6,"enemies":"Sentry and Sphere","floor":28,"turns":5},{"damage":0,"enemies":"Cultist and Chosen","floor":31,"turns":5},{"damage":17,"enemies":"Automaton","floor":33,"turns":8},{"damage":3,"enemies":"3 Shapes","floor":35,"turns":5},{"damage":40,"enemies":"3 Darklings","floor":36,"turns":7},{"damage":3,"enemies":"Sphere and 2 Shapes","floor":37,"turns":3},{"damage":26,"enemies":"Spire Growth","floor":38,"turns":4},{"damage":31,"enemies":"Writhing Mass","floor":41,"turns":4}],"seed_played":"-4547945906528418225","potions_obtained":[{"floor":1,"key":"DuplicationPotion"},{"floor":4,"key":"EssenceOfSteel"},{"floor":5,"key":"Explosive Potion"},{"floor":12,"key":"Ancient Potion"},{"floor":16,"key":"DuplicationPotion"},{"floor":18,"key":"AttackPotion"},{"floor":24,"key":"SmokeBomb"},{"floor":31,"key":"Fruit Juice"},{"floor":33,"key":"Swift Potion"},{"floor":35,"key":"FearPotion"},{"floor":36,"key":"Dexterity Potion"}],"is_trial":false,"path_per_floor":["M","?","M","M","M","E","R","E","T","E","M","M","?","$","R","B",null,"M","M","$","?","M","E","M","R","T","M","M","?","?","M","R","B",null,"M","M","M","M","?","R","M"],"character_chosen":"THE_SILENT","items_purchased":["Bronze Scales","Panacea","Terror","Well Laid Plans"],"campfire_rested":5,"item_purchase_floors":[14,14,20,20],"current_hp_per_floor":[43,43,43,42,41,28,47,19,19,6,33,26,20,20,39,17,54,54,51,51,51,40,10,3,22,22,22,18,12,12,26,46,34,63,60,35,32,6,6,27,0,0],"gold":555,"neow_bonus":"RANDOM_COLORLESS_2","is_daily":false,"chose_seed":false,"campfire_upgraded":0,"win_rate":0.0,"timestamp":1614365426,"path_taken":["M","?","M","M","M","E","R","E","T","E","M","M","?","$","R","BOSS","M","M","$","?","M","E","M","R","T","M","M","?","?","M","R","BOSS","M","M","M","M","?","R","M"],"items_purchased_type":["Relic","Card","Card","Card"],"build_version":"2020-12-22","purchased_purges":2,"victory":false,"max_hp_per_floor":[66,66,66,66,66,66,66,66,66,66,66,66,66,66,66,66,66,66,66,66,66,66,66,66,66,66,66,68,68,68,68,68,73,73,73,73,73,73,73,73,73,73],"card_choices":[{"not_picked":["Metamorphosis","The Bomb"],"picked":"Apotheosis","floor":0},{"not_picked":["Acrobatics","Well Laid Plans"],"picked":"Predator","floor":1},{"not_picked":["Quick Slash","Deflect"],"picked":"Dagger Spray","floor":3},{"not_picked":["Tactician","All Out Attack"],"picked":"Cloak And Dagger","floor":4},{"not_picked":["Deflect","Poisoned Stab"],"picked":"Die Die Die","floor":5},{"not_picked":["Endless Agony","Heel Hook"],"picked":"Calculated Gamble","floor":6},{"not_picked":["Dodge and Roll","Crippling Poison"],"picked":"Leg Sweep","floor":8},{"not_picked":["Underhanded Strike","Flechettes","Blur"],"picked":"SKIP","floor":10},{"not_picked":["Dagger Spray","Dash"],"picked":"Dagger Throw","floor":11},{"not_picked":["Reflex","Dagger Spray"],"picked":"Dagger Throw","floor":12},{"not_picked":["Die Die Die","Night Terror"],"picked":"Venomology","floor":16},{"not_picked":["Prepared","Sucker Punch","Bane"],"picked":"SKIP","floor":18},{"not_picked":["Cloak And Dagger","Poisoned Stab"],"picked":"Backflip","floor":19},{"not_picked":["Noxious Fumes","Dagger Throw"],"picked":"Skewer","floor":21},{"not_picked":["Setup","Blade Dance"],"picked":"Acrobatics","floor":22},{"not_picked":["All Out Attack+1","Acrobatics","Deadly Poison"],"picked":"SKIP","floor":23},{"not_picked":["Crippling Poison","Cloak And Dagger"],"picked":"Finisher+1","floor":24},{"not_picked":["Storm of Steel","Sucker Punch","Quick Slash"],"picked":"Singing Bowl","floor":28},{"not_picked":["Flying Knee","Underhanded Strike"],"picked":"Noxious Fumes","floor":31},{"not_picked":["Bullet Time","Adrenaline"],"picked":"Phantasmal Killer","floor":33},{"not_picked":["Expertise","Bouncing Flask+1"],"picked":"Blade Dance","floor":35},{"not_picked":["Predator","Masterful Stab"],"picked":"Accuracy","floor":36},{"not_picked":["Sucker Punch","Quick Slash"],"picked":"Deflect","floor":37},{"not_picked":["Slice","Caltrops+1"],"picked":"Backflip","floor":38}],"player_experience":281679,"relics_obtained":[{"floor":6,"key":"Smiling Mask"},{"floor":8,"key":"CeramicFish"},{"floor":9,"key":"The Courier"},{"floor":10,"key":"Lizard Tail"},{"floor":21,"key":"Red Mask"},{"floor":23,"key":"MawBank"},{"floor":26,"key":"Singing Bowl"}],"event_choices":[{"damage_healed":0,"gold_gain":0,"player_choice":"Grow","damage_taken":0,"max_hp_gain":0,"max_hp_loss":0,"event_name":"Living Wall","floor":2,"gold_loss":0,"cards_upgraded":["Apotheosis"]},{"damage_healed":0,"gold_gain":50,"player_choice":"Touch","damage_taken":6,"max_hp_gain":0,"max_hp_loss":0,"event_name":"FaceTrader","floor":13,"gold_loss":0},{"damage_healed":0,"gold_gain":0,"player_choice":"Fought Bandits","damage_taken":0,"max_hp_gain":0,"max_hp_loss":0,"event_name":"Masked Bandits","floor":21,"gold_loss":0},{"damage_healed":0,"gold_gain":0,"player_choice":"Joined the Cult","damage_taken":6,"max_hp_gain":0,"max_hp_loss":0,"event_name":"Nest","floor":29,"gold_loss":0,"cards_obtained":["RitualDagger"]},{"cards_removed":["Strike_G"],"damage_healed":0,"gold_gain":0,"player_choice":"Gave Gold","damage_taken":0,"max_hp_gain":0,"max_hp_loss":0,"event_name":"Beggar","floor":30,"gold_loss":75},{"damage_healed":0,"gold_gain":0,"player_choice":"Ignored","damage_taken":0,"max_hp_gain":0,"max_hp_loss":0,"event_name":"SecretPortal","floor":39,"gold_loss":0}],"is_beta":false,"boss_relics":[{"not_picked":["Astrolabe","Runic Pyramid"],"picked":"Fusion Hammer"},{"not_picked":["Cursed Key","Tiny House"],"picked":"Ring of the Serpent"}],"items_purged_floors":[14,20],"is_endless":false,"potions_floor_spawned":[1,4,5,12,16,18,21,24,31,33,35,36],"killed_by":"Writhing Mass","ascension_level":20}}