{"host":"gzz35fplm60aw28t","time":1614379138,"event":{"mods":["AchievementEnabler","BaseMod","Colored Powertips","Dark Map","DeckTracker","Minty Spire (QoL Compilation)","SuperFastMode"],"gold_per_floor":[114,130,142,142,160,191,191,191,191,191,191],"floor_reached":10,"language":"ENG","playtime":606,"items_purged":[],"score":95,"play_id":"82986823-93d3-449a-956a-9e24941c398e","local_time":"20210226233858","is_ascension_mode":true,"campfire_choices":[{"data":"Neutralize","floor":7.0,"key":"SMITH"}],"circlet_count":0,"master_deck":["Strike_G","Strike_G","Strike_G","Strike_G","Strike_G","Defend_G","Defend_G","Defend_G","Defend_G","Defend_G","Survivor","Neutralize+1","Flying Knee","Noxious Fumes","Quick Slash","Dagger Spray","Endless Agony"],"relics":["Ring of the Snake","Paper Crane","Mummified Hand","White Beast Statue"],"acts_visited":["Exordium"],"potions_floor_usage":[],"damage_taken":[{"damage":10.0,"enemies":"Jaw Worm","floor":1.0,"turns":7.0},{"damage":0.0,"enemies":"Small Slimes","floor":2.0,"turns":4.0},{"damage":0.0,"enemies":"2 Louse","floor":3.0,"turns":3.0},{"damage":16.0,"enemies":"Large Slime","floor":5.0,"turns":8.0},{"damage":27.0,"enemies":"3 Sentries","floor":6.0,"turns":8.0},{"damage":0,"enemies":"Gremlin Nob","floor":10,"turns":2}],"seed_played":"-2032795409129719710","potions_obtained":[{"floor":1.0,"key":"Strength Potion"}],"is_trial":false,"path_per_floor":["M","M","M","?","M","E","R","?","T","E"],"character_chosen":"THE_SILENT","items_purchased":[],"campfire_rested":0,"item_purchase_floors":[],"current_hp_per_floor":[53,53,53,53,37,10,10,3,3,3,3],"gold":191,"neow_bonus":"RANDOM_COLORLESS","is_daily":false,"chose_seed":false,"campfire_upgraded":1,"win_rate":0.0,"timestamp":1614379138,"path_taken":["M","M","M","?","M","E","R","?","T","E"],"items_purchased_type":[],"build_version":"2020-12-22","purchased_purges":0,"victory":false,"max_hp_per_floor":[70,70,70,70,70,70,70,70,70,70,70],"card_choices":[{"not_picked":["Bandage Up","Madness"],"picked":"Panacea","floor":0.0},{"not_picked":["Poisoned Stab","Prepared"],"picked":"Flying Knee","floor":1.0},{"not_picked":["Storm of Steel","Blade Dance"],"picked":"Noxious Fumes","floor":2.0},{"not_picked":["Acrobatics","Underhanded Strike"],"picked":"Quick Slash","floor":3.0},{"not_picked":["Concentrate","Dagger Throw"],"picked":"Dagger Spray","floor":5.0},{"not_picked":["Noxious Fumes","Backstab"],"picked":"Endless Agony","floor":6.0}],"player_experience":86158,"relics_obtained":[{"floor":6.0,"key":"Mummified Hand"},{"floor":9.0,"key":"White Beast Statue"}],"event_choices":[{"damage_healed":0.0,"max_hp_gain":0.0,"max_hp_loss":0.0,"gold_gain":0.0,"event_name":"Big Fish","player_choice":"Box","floor":4.0,"gold_loss":0.0,"damage_taken":0.0,"relics_obtained":["Paper Crane"],"cards_obtained":["Regret"]},{"cards_removed":["Regret"],"damage_healed":0.0,"max_hp_gain":0.0,"max_hp_loss":0.0,"gold_gain":0.0,"event_name":"Golden Wing","player_choice":"Card Removal","floor":8.0,"gold_loss":0.0,"damage_taken":7.0}],"is_beta":false,"boss_relics":[],"items_purged_floors":[],"is_endless":false,"potions_floor_spawned":[1],"killed_by":"Gremlin Nob","ascension_level":8}}