{"host":"eydwxg59205c3vtl","time":1614301911,"event":{"mods":["2.2 Compatiblity","BaseMod","Colored Map","Colored Powertips","Hubris","Minty Spire (QoL Compilation)","StSLib","The Jungle","The Necromancer"],"gold_per_floor":[118,7,7,19,29,29,61,61,87,13,88,106,106,121,121,197,247,266,266,18,28,28,28,42,42,42],"floor_reached":25,"language":"ENG","playtime":1147,"items_purged":["Strike_W"],"score":392,"play_id":"fd88112a-ccc1-4de3-962f-176f412d4baa","local_time":"20210225201151","is_ascension_mode":true,"campfire_choices":[{"data":"Defend_W","floor":6.0,"key":"SMITH"},{"data":"Whirlwind_of_Bones","floor":8.0,"key":"SMITH"},{"data":"Bone_Armor","floor":15,"key":"SMITH"},{"data":"Cloudkill","floor":23,"key":"SMITH"}],"circlet_count":0,"master_deck":["AscendersBane","Strike_W","Strike_W","Strike_W","Defend_W","Defend_W","Defend_W","Defend_W+1","Negative_Energy_Arrows","Bone_Wall","Bone_Armor+1","Whirlwind_of_Bones+1","Spectral_Armor+1","Bone_Prison","Bone_Shift","Uncharnel","Life_Drain","Bone_Shift","Cloudkill+1","Bones_to_Steel","Negative_Energy_Shield","Malaise","Strike_from_Beyond","Exploit","Acid_Javelin"],"relics":["Vampire_Amulet","NeowsBlessing","hubris:PeanutButter","Tiny House","ClockworkSouvenir","Nloth\u0027s Gift"],"acts_visited":["Exordium","TheCity"],"potions_floor_usage":[18,18,25],"damage_taken":[{"damage":0.0,"enemies":"Cultist","floor":1.0,"turns":1.0},{"damage":0.0,"enemies":"Small Slimes","floor":4.0,"turns":2.0},{"damage":0.0,"enemies":"2 Louse","floor":5.0,"turns":3.0},{"damage":36.0,"enemies":"3 Sentries","floor":7.0,"turns":18.0},{"damage":0.0,"enemies":"Exordium Wildlife","floor":12.0,"turns":6.0},{"damage":0,"enemies":"Looter","floor":14,"turns":5},{"damage":48,"enemies":"Hexaghost","floor":16,"turns":21},{"damage":24,"enemies":"Chosen","floor":18,"turns":13},{"damage":7,"enemies":"Spheric Guardian","floor":21,"turns":6},{"damage":18,"enemies":"Chosen and Byrds","floor":24,"turns":8},{"damage":63,"enemies":"Slavers","floor":25,"turns":3}],"seed_played":"-6209820453643032744","potions_obtained":[{"floor":4.0,"key":"SpeedPotion"},{"floor":12.0,"key":"Ancient Potion"},{"floor":17,"key":"AntidotePotion"},{"floor":18,"key":"Strength Potion"}],"is_trial":false,"path_per_floor":["M","$","?","M","M","R","E","R","T","$","?","M","?","M","R","B",null,"M","?","$","M","?","R","M","E"],"character_chosen":"NECROMANCER","items_purchased":["Whirlwind_of_Bones","Uncharnel","ClockworkSouvenir","Strike_from_Beyond"],"campfire_rested":0,"item_purchase_floors":[2,10,20,20],"current_hp_per_floor":[66,66,66,70,71,71,41,41,41,41,30,34,34,46,46,12,61,53,53,53,58,58,58,54,0,0],"gold":42,"neow_bonus":"THREE_ENEMY_KILL","is_daily":false,"chose_seed":false,"campfire_upgraded":4,"win_rate":0.0,"timestamp":1614301911,"path_taken":["M","$","?","M","?","R","E","R","T","$","?","M","?","M","R","BOSS","M","?","$","M","?","R","?","E"],"items_purchased_type":["Card","Card","Relic","Card"],"build_version":"2020-12-22","purchased_purges":1,"victory":false,"max_hp_per_floor":[71,71,71,71,71,71,71,71,71,71,71,71,71,71,71,71,76,76,76,76,76,76,76,76,76,76],"card_choices":[{"not_picked":["Scare","Negative_Energy_Mist"],"picked":"Bone_Armor","floor":1.0},{"not_picked":["Negative_Energy_Javelin","Whirlwind_of_Bones"],"picked":"Bone_Prison","floor":4.0},{"not_picked":["Blood_Curse","Death_March_Dance","Negative_Energy_Mist"],"picked":"SKIP","floor":5.0},{"not_picked":["Requiem","Consume_Illness"],"picked":"Bone_Shift","floor":7.0},{"not_picked":["Death_March_Dance","Negative_Energy_Mist"],"picked":"Life_Drain","floor":12.0},{"not_picked":["Spectral_Armor","Shade_Step"],"picked":"Bone_Shift","floor":14},{"not_picked":["Summon_Death_Knight","Blood_Magic"],"picked":"Cloudkill","floor":16},{"not_picked":["Uncharnel","Bone_Armor"],"picked":"Bones_to_Steel","floor":17},{"not_picked":["Death_Coil","Negative_Energy_Sphere"],"picked":"Negative_Energy_Shield","floor":18},{"not_picked":["Scare","Negative_Energy_Shield"],"picked":"Exploit","floor":21},{"not_picked":["Scare+1","Shackles_Of_Pain"],"picked":"Acid_Javelin","floor":24}],"player_experience":638184,"relics_obtained":[{"floor":7.0,"key":"hubris:PeanutButter"},{"floor":9.0,"key":"hubris:SlimyHat"}],"event_choices":[{"damage_healed":0.0,"max_hp_gain":0.0,"max_hp_loss":0.0,"gold_gain":0.0,"event_name":"Match and Keep!","player_choice":"1 cards matched","floor":3.0,"gold_loss":0.0,"damage_taken":0.0,"cards_obtained":["Spectral_Armor"]},{"damage_healed":0.0,"max_hp_gain":0.0,"max_hp_loss":0.0,"gold_gain":75.0,"event_name":"World of Goop","player_choice":"Gather Gold","floor":11.0,"gold_loss":0.0,"damage_taken":11.0},{"damage_healed":0,"gold_gain":0,"player_choice":"Fled","damage_taken":0,"max_hp_gain":0,"max_hp_loss":0,"event_name":"Scrap Ooze","floor":13,"gold_loss":0},{"damage_healed":0,"gold_gain":0,"player_choice":"Read","damage_taken":0,"max_hp_gain":0,"max_hp_loss":0,"event_name":"The Library","floor":19,"gold_loss":0,"cards_obtained":["Malaise"]},{"damage_healed":0,"gold_gain":0,"player_choice":"Traded Relic","damage_taken":0,"relics_obtained":["Nloth\u0027s Gift"],"max_hp_gain":0,"max_hp_loss":0,"event_name":"N\u0027loth","floor":22,"relics_lost":["hubris:SlimyHat"],"gold_loss":0}],"is_beta":false,"boss_relics":[{"not_picked":["Snecko Eye","Fusion Hammer"],"picked":"Tiny House"}],"items_purged_floors":[2],"is_endless":false,"potions_floor_spawned":[4,12,14,18],"killed_by":"Slavers","ascension_level":19}}