{"host":"xrdu44lqyrrw1kvr","time":1614302492,"event":{"mods":["Aspiration","BaseMod","Colored Powertips","Minty Spire (QoL Compilation)","Relic Stats","Reliquary","Replay The Spire","StSLib"],"gold_per_floor":[118,129,129,150,168,182,182,222,295,295,333,357,357,357,357,483,483,507,520,520,535,535,535,49,82,150,150,150,150,170,209,209,332,332,353,416,441,5,5,5,36,36,36,57,57,57,57,57,57,57,57,57,5,40,40],"floor_reached":56,"language":"RUS","playtime":4053,"items_purged":["Defend_G","Strike_G"],"score":1430,"play_id":"75efe751-7567-41b0-b8f3-c0a64b3e40be","local_time":"20210226042132","is_ascension_mode":true,"campfire_choices":[{"data":"Deadly Poison","floor":7.0,"key":"SMITH"},{"data":"Blur","floor":10.0,"key":"SMITH"},{"floor":13.0,"key":"REST"},{"floor":15.0,"key":"REST"},{"floor":23.0,"key":"REST"},{"data":"Backflip","floor":28,"key":"SMITH"},{"data":"Corpse Explosion","floor":32,"key":"SMITH"},{"floor":40,"key":"RECALL"},{"data":"Neutralize","floor":46,"key":"SMITH"},{"data":"Shame","floor":49,"key":"PURGE"},{"data":"Adrenaline","floor":52,"key":"SMITH"}],"circlet_count":0,"master_deck":["Strike_G","Strike_G","Defend_G","Defend_G","Defend_G","Defend_G","Survivor","Neutralize+1","PiercingWail","Deadly Poison+1","Blur+1","After Image","Crippling Poison","Corpse Explosion+1","Backflip+1","Blade Dance","Necronomicurse","Ghostly","Ghostly","Ghostly","Ghostly","Ghostly","ReplayTheSpireMod:Speed Training","Adrenaline+1","PiercingWail+1","ReplayTheSpireMod:Speed Training+1","Deadly Poison","Backflip","ReplayTheSpireMod:IOU","Dodge and Roll+1"],"relics":["Ring of the Snake","aspiration:Nostalgia","Cracked Core","Golden Idol","Juzu Bracelet","Ninja Scroll","Potion Belt","reliquary:WritOfMandamus","Necronomicon","Replay:WaspNest","Toolbox","Eternal Feather","Iron Hammer","Centennial Puzzle","Mercury Hourglass","Cursed Key","Basket Of Snakes","aspiration:HummingbirdHeart","Paper Crane","aspiration:SeaSaltIceCream","Honey Jar","Durian"],"acts_visited":["Exordium","TheCity","TheBeyond","TheEnding"],"potions_floor_usage":[25,30,31,45,55,55,55,55,55,55],"damage_taken":[{"damage":0.0,"enemies":"Small Slimes","floor":1.0,"turns":4.0},{"damage":0.0,"enemies":"Jaw Worm","floor":2.0,"turns":4.0},{"damage":0.0,"enemies":"2 Louse","floor":4.0,"turns":3.0},{"damage":4.0,"enemies":"Blue Slaver","floor":5.0,"turns":5.0},{"damage":5.0,"enemies":"Looter","floor":6.0,"turns":4.0},{"damage":7.0,"enemies":"3 Sentries","floor":8.0,"turns":9.0},{"damage":16.0,"enemies":"Gremlin Nob","floor":11.0,"turns":4.0},{"damage":9.0,"enemies":"Large Slime","floor":12.0,"turns":6.0},{"damage":44.0,"enemies":"Slime Boss","floor":16.0,"turns":20.0},{"damage":20.0,"enemies":"2 Thieves","floor":18.0,"turns":3.0},{"damage":6.0,"enemies":"Spheric Guardian","floor":19.0,"turns":7.0},{"damage":0.0,"enemies":"3 Cultists","floor":21.0,"turns":3.0},{"damage":0,"enemies":"Replay:Snechameleon","floor":25,"turns":10},{"damage":17,"enemies":"Cultist and Chosen","floor":30,"turns":7},{"damage":0,"enemies":"Gremlin Leader","floor":31,"turns":10},{"damage":10,"enemies":"Automaton","floor":33,"turns":11},{"damage":0,"enemies":"3 Shapes","floor":35,"turns":1},{"damage":1,"enemies":"Mind Bloom Boss Battle","floor":36,"turns":8},{"damage":1,"enemies":"3 Darklings","floor":37,"turns":2},{"damage":0,"enemies":"R_Hoarder","floor":41,"turns":8},{"damage":1,"enemies":"Maw","floor":44,"turns":8},{"damage":0,"enemies":"Giant Head","floor":45,"turns":3},{"damage":3,"enemies":"Time Eater","floor":50,"turns":12},{"damage":4,"enemies":"Shield and Spear","floor":54,"turns":4},{"damage":0,"enemies":"The Heart","floor":55,"turns":11}],"seed_played":"2423171002727889851","potions_obtained":[{"floor":5.0,"key":"EntropicBrew"},{"floor":6.0,"key":"Ancient Potion"},{"floor":8.0,"key":"Elixir"},{"floor":11.0,"key":"FearPotion"},{"floor":16.0,"key":"BlessingOfTheForge"},{"floor":21.0,"key":"Adrenaline Potion"},{"floor":25,"key":"SpeedPotion"},{"floor":30,"key":"PowerPotion"},{"floor":33,"key":"SmokeBomb"},{"floor":35,"key":"SkillPotion"},{"floor":41,"key":"Cursed Concoction"},{"floor":44,"key":"Cursed Concoction"},{"floor":54,"key":"Ancient Potion"}],"is_trial":false,"path_per_floor":["M","M","?","M","M","M","R","E","T","R","E","M","R","?","R","B",null,"M","M","?","M","?","R","$","E","T","?","R","T","M","E","R","B",null,"M","?","M","$","?","R","E","$","T","M","E","R","T","?","R","B",null,"R","$","E","B",null],"character_chosen":"THE_SILENT","items_purchased":["Replay:WaspNest","Toolbox","aspiration:HummingbirdHeart","Deadly Poison","Backflip","Fire Potion"],"campfire_rested":3,"item_purchase_floors":[24,24,38,38,38,53],"current_hp_per_floor":[70,70,65,65,61,56,56,49,49,49,33,24,43,36,55,11,65,45,39,23,23,23,42,42,42,42,32,32,32,15,15,30,20,32,32,31,30,30,30,32,32,32,32,31,31,32,32,32,32,29,32,32,32,33,33],"gold":40,"neow_bonus":"NOSTALGIA","is_daily":false,"chose_seed":false,"campfire_upgraded":6,"win_rate":0.0,"timestamp":1614302492,"path_taken":["M","M","?","M","M","M","R","E","T","R","E","M","R","?","R","BOSS","M","M","?","M","?","R","$","E","T","?","R","?","M","E","R","BOSS","M","?","M","$","?","R","E","?","T","M","E","R","?","?","R","BOSS","R","$","E","BOSS"],"items_purchased_type":["Relic","Relic","Relic","Card","Card","Potion"],"build_version":"2020-12-22","purchased_purges":2,"victory":true,"max_hp_per_floor":[70,70,65,65,65,65,65,65,65,65,65,65,65,65,65,65,65,65,65,65,65,65,65,65,65,65,32,32,32,32,32,32,32,32,32,32,32,32,32,32,32,32,32,32,32,32,32,32,32,32,32,32,32,37,37],"relic_stats":{"Centennial Puzzle":[21],"counters":[25,167],"Golden Idol":210,"Eternal Feather":18,"Juzu Bracelet":0,"Necronomicon":[9],"Cursed Key":2,"obtain_stats":[{"Potion Belt":11,"aspiration:Nostalgia":0,"Golden Idol":3,"Basket Of Snakes":36,"Eternal Feather":25,"Replay:WaspNest":24,"Juzu Bracelet":8,"aspiration:HummingbirdHeart":38,"aspiration:SeaSaltIceCream":47,"Paper Crane":41,"Cursed Key":34,"Mercury Hourglass":31,"Centennial Puzzle":29,"Ninja Scroll":9,"Toolbox":24,"Honey Jar":47,"Iron Hammer":26,"Necronomicon":20,"Durian":54,"reliquary:WritOfMandamus":17,"Cracked Core":0,"Ring of the Snake":0},{"Potion Belt":7,"aspiration:Nostalgia":0,"Golden Idol":2,"Basket Of Snakes":18,"Eternal Feather":13,"Replay:WaspNest":12,"Juzu Bracelet":6,"aspiration:HummingbirdHeart":19,"aspiration:SeaSaltIceCream":22,"Paper Crane":20,"Cursed Key":16,"Mercury Hourglass":15,"Centennial Puzzle":13,"Ninja Scroll":6,"Toolbox":12,"Honey Jar":22,"Iron Hammer":13,"Necronomicon":11,"Durian":24,"reliquary:WritOfMandamus":9,"Cracked Core":0,"Ring of the Snake":0},{"Potion Belt":33,"aspiration:Nostalgia":0,"Golden Idol":8,"Basket Of Snakes":119,"Eternal Feather":82,"Replay:WaspNest":72,"Juzu Bracelet":29,"aspiration:HummingbirdHeart":121,"aspiration:SeaSaltIceCream":140,"Paper Crane":129,"Cursed Key":110,"Mercury Hourglass":99,"Centennial Puzzle":82,"Ninja Scroll":29,"Toolbox":72,"Honey Jar":140,"Iron Hammer":82,"Necronomicon":69,"Durian":156,"reliquary:WritOfMandamus":59,"Cracked Core":0,"Ring of the Snake":0}],"Ring of the Snake":[34],"Mercury Hourglass":[218]},"card_choices":[{"not_picked":["Underhanded Strike","Prepared","Slice"],"picked":"SKIP","floor":1.0},{"not_picked":["Reflex","Outmaneuver"],"picked":"PiercingWail","floor":2.0},{"not_picked":["Heel Hook","Slice"],"picked":"Deadly Poison","floor":4.0},{"not_picked":["Acrobatics","Poisoned Stab"],"picked":"Blur","floor":5.0},{"not_picked":["Flying Knee","Choke","Blade Dance"],"picked":"SKIP","floor":6.0},{"not_picked":["Crippling Poison","Heel Hook"],"picked":"After Image","floor":8.0},{"not_picked":["Underhanded Strike","Expertise"],"picked":"Crippling Poison","floor":11.0},{"not_picked":["Distraction","Sucker Punch","ReplayTheSpireMod:Speed Training"],"picked":"SKIP","floor":12.0},{"not_picked":["Atom Bomb","Burst"],"picked":"Corpse Explosion","floor":16.0},{"not_picked":["Terror","Deflect"],"picked":"Backflip","floor":18.0},{"not_picked":["Hidden Blade","Dodge and Roll+1"],"picked":"Blade Dance","floor":19.0},{"not_picked":["Quick Slash","Hidden Blade","Cloak And Dagger"],"picked":"SKIP","floor":21.0},{"not_picked":["Hidden Blade+1","Flechettes","Flying Knee"],"picked":"SKIP","floor":25},{"not_picked":["Dodge and Roll","Acrobatics","Flying Knee+1"],"picked":"SKIP","floor":30},{"not_picked":["Quick Slash","Outmaneuver+1"],"picked":"ReplayTheSpireMod:Speed Training","floor":31},{"not_picked":["Die Die Die","Replay:Bag of Tricks"],"picked":"Adrenaline","floor":33},{"not_picked":["Cloak And Dagger+1","Deflect+1"],"picked":"PiercingWail+1","floor":35},{"not_picked":["Cloak And Dagger","Heel Hook+1"],"picked":"ReplayTheSpireMod:Speed Training+1","floor":37},{"not_picked":["ReplayTheSpireMod:From All Sides","Hidden Blade","Distraction"],"picked":"SKIP","floor":41},{"not_picked":["Underhanded Strike","Toxin Wave+1","Riddle With Holes+1"],"picked":"SKIP","floor":44},{"not_picked":["Prepared","Flechettes+1","Choke+1"],"picked":"Dodge and Roll+1","floor":54}],"player_experience":1983074,"relics_obtained":[{"floor":8.0,"key":"Juzu Bracelet"},{"floor":9.0,"key":"Ninja Scroll"},{"floor":11.0,"key":"Potion Belt"},{"floor":20.0,"key":"Necronomicon"},{"floor":25,"key":"Eternal Feather"},{"floor":26,"key":"Iron Hammer"},{"floor":29,"key":"Centennial Puzzle"},{"floor":31,"key":"Mercury Hourglass"},{"floor":36,"key":"Basket Of Snakes"},{"floor":41,"key":"Paper Crane"},{"floor":47,"key":"aspiration:SeaSaltIceCream"},{"floor":54,"key":"Durian"}],"event_choices":[{"damage_healed":0.0,"max_hp_gain":0.0,"max_hp_loss":5.0,"gold_gain":0.0,"event_name":"Golden Idol","player_choice":"Lose Max HP","floor":3.0,"gold_loss":0.0,"damage_taken":0.0,"relics_obtained":["Golden Idol"]},{"cards_removed":["Strike_G"],"damage_healed":0.0,"max_hp_gain":0.0,"max_hp_loss":0.0,"gold_gain":0.0,"event_name":"Golden Wing","player_choice":"Card Removal","floor":14.0,"gold_loss":0.0,"damage_taken":7.0},{"damage_healed":0.0,"max_hp_gain":0.0,"max_hp_loss":0.0,"gold_gain":0.0,"event_name":"Cursed Tome","player_choice":"Obtained Book","floor":20.0,"gold_loss":0.0,"damage_taken":16.0},{"damage_healed":0.0,"max_hp_gain":0.0,"max_hp_loss":0.0,"gold_gain":0.0,"event_name":"Vampires","player_choice":"Ignored","floor":22.0,"gold_loss":0.0,"damage_taken":0.0},{"damage_healed":0,"gold_gain":0,"player_choice":"Became a Ghost","damage_taken":0,"max_hp_gain":0,"max_hp_loss":33,"event_name":"Ghosts","floor":27,"gold_loss":0,"cards_obtained":["Ghostly","Ghostly","Ghostly","Ghostly","Ghostly"]},{"damage_healed":0,"gold_gain":0,"player_choice":"Fight","damage_taken":0,"max_hp_gain":0,"max_hp_loss":0,"event_name":"MindBloom","floor":36,"gold_loss":0},{"cards_removed":["Strike_G"],"damage_healed":0,"gold_gain":0,"player_choice":"Removed Attack","damage_taken":0,"max_hp_gain":0,"max_hp_loss":0,"event_name":"Falling","floor":48,"gold_loss":0}],"is_beta":false,"boss_relics":[{"not_picked":["ReplayTheSpireMod:DimensionalGlitch","aspiration:BursterCore"],"picked":"reliquary:WritOfMandamus"},{"not_picked":["Velvet Choker","reliquary:Craggleroot"],"picked":"Cursed Key"}],"items_purged_floors":[24,38],"is_endless":false,"potions_floor_spawned":[5,6,8,11,16,21,25,30,33,35,41,44,45,54],"ascension_level":1}}