{"host":"8k64rvi83ijr822k","time":1614368845,"event":{"mods":["Bard","BaseMod","Dio Mod","Hermit","Hubris","Magitek Elite","Minty Spire (QoL Compilation)","Quick Restart","Railgun Mod","Replay The Spire","Shop Mod","Small Relic Pack","StSLib","Td1madao Mod","The Administrix","The Animator","The Bladedancer","The Bug Knight","The Construct","The Cursed","The Disciple","The Gatherer","The Judge","The Jungle","The Mystic","The Necromancer","The Poker Player","The Problem Sleuth","The Runesmith","The Senshi","The Wild Card","TheHero"],"gold_per_floor":[116,5,20,20,35,35,48,78,104,114,114,194,205,13,13,13,13],"floor_reached":16,"language":"ENG","playtime":1329,"items_purged":[],"score":92,"play_id":"d41793e6-57de-444b-8d0d-267116530d7b","local_time":"20210226144725","is_ascension_mode":false,"campfire_choices":[{"floor":6,"key":"REST"},{"floor":11,"key":"REST"},{"floor":15,"key":"REST"}],"circlet_count":0,"master_deck":["Strike_W","Strike_W","Strike_W","Strike_W","Defend_W","Defend_W","Defend_W","Defend_W","Negative_Energy_Arrows","Bone_Wall","Summon_Undead","Bone_Armor","Blood_for_Blood","Blood_for_Blood","Bone_Shift","Consume_Illness","Finger_Of_Death","Blood_Whip","Bone_Armory","Bone_Spikes","Shade_Step","Finger_Of_Death","Death_Coil","Bone_Shift"],"relics":["Vampire_Amulet","NeowsBlessing","Odd Mushroom","Omamori"],"acts_visited":["Exordium"],"potions_floor_usage":[],"damage_taken":[{"damage":0,"enemies":"Cultist","floor":1,"turns":1},{"damage":0,"enemies":"Small Slimes","floor":3,"turns":2},{"damage":0,"enemies":"2 Louse","floor":5,"turns":1},{"damage":29,"enemies":"3 Louse","floor":7,"turns":5},{"damage":33,"enemies":"The Mushroom Lair","floor":8,"turns":5},{"damage":8,"enemies":"Looter","floor":10,"turns":3},{"damage":24,"enemies":"Large Slime","floor":13,"turns":8},{"damage":76,"enemies":"Slime Boss","floor":16,"turns":11}],"seed_played":"2809963660893605981","potions_obtained":[{"floor":1,"key":"EssenceOfSteel"},{"floor":8,"key":"Strength Potion"},{"floor":10,"key":"Explosive Potion"},{"floor":13,"key":"Adrenaline Potion"}],"is_trial":false,"path_per_floor":["M","$","M","?","M","R","M","?","T","M","R","?","M","$","R","B"],"character_chosen":"NECROMANCER","items_purchased":["Bone_Armor","Blood_for_Blood","Shade_Step","Finger_Of_Death","Death_Coil","Bone_Shift"],"campfire_rested":3,"item_purchase_floors":[2,2,14,14,14,14],"current_hp_per_floor":[75,75,75,75,75,75,55,31,31,25,47,47,42,42,64,0,0],"gold":13,"neow_bonus":"THREE_ENEMY_KILL","is_daily":false,"chose_seed":false,"campfire_upgraded":0,"win_rate":0.0,"timestamp":1614368845,"path_taken":["M","$","M","?","M","R","?","?","T","M","R","?","M","$","R","BOSS"],"items_purchased_type":["Card","Card","Card","Card","Card","Card"],"build_version":"2020-12-22","purchased_purges":0,"victory":false,"max_hp_per_floor":[75,75,75,75,75,75,75,75,75,75,75,75,75,75,75,75,75],"card_choices":[{"not_picked":["Thousand_Bone_Knives","Necromantic_Selection"],"picked":"Summon_Undead","floor":1},{"not_picked":["Scare","Chill_Blood"],"picked":"Bone_Shift","floor":3},{"not_picked":["Bones_to_Steel","Bone_Shift"],"picked":"Consume_Illness","floor":5},{"not_picked":["Plague_Bolt","Spectral_Walk"],"picked":"Finger_Of_Death","floor":7},{"not_picked":["Blood_Curse","Bone_Shift"],"picked":"Blood_Whip","floor":8},{"not_picked":["Consume_Illness","Death_March_Dance"],"picked":"Bone_Armory","floor":10},{"not_picked":["Bone_Shift","Negative_Energy_Sphere"],"picked":"Bone_Spikes","floor":13}],"player_experience":122959,"relics_obtained":[{"floor":8,"key":"Odd Mushroom"},{"floor":9,"key":"Omamori"}],"event_choices":[{"damage_healed":0,"gold_gain":0,"player_choice":"Ignored","damage_taken":0,"max_hp_gain":0,"max_hp_loss":0,"event_name":"NoteForYourself","floor":4,"gold_loss":0},{"damage_healed":0,"gold_gain":0,"player_choice":"Fought Mushrooms","damage_taken":0,"max_hp_gain":0,"max_hp_loss":0,"event_name":"Mushrooms","floor":8,"gold_loss":0}],"is_beta":false,"boss_relics":[],"items_purged_floors":[],"is_endless":false,"potions_floor_spawned":[1,8,10,13],"killed_by":"Slime Boss","ascension_level":0}}