{"host":"t4313i2190y6fz3q","time":1614367400,"event":{"mods":["2.2 Compatiblity","AchievementEnabler","Act Like it!","BaseMod","Colored Powertips","Minty Spire (QoL Compilation)","Permanent Neow","Quick Restart","Rare Cards Sparkle","StSLib"],"gold_per_floor":[114,114,114,125,144,144,171,171,171,171,171,201,52,62,62,138,138,150,163,163,163,182,211,211,227,298,325,325,325,250,268,268,268,268],"floor_reached":33,"language":"ENG","playtime":959,"items_purged":[],"score":571,"play_id":"eb9f5f54-c1e8-45c8-9b5c-35a2648d4b86","local_time":"20210226112320","is_ascension_mode":true,"campfire_choices":[{"data":"Sunder","floor":6.0,"key":"SMITH"},{"data":"Scrape","floor":8.0,"key":"SMITH"},{"data":"Zap","floor":11.0,"key":"SMITH"},{"data":"Dualcast","floor":15.0,"key":"SMITH"},{"floor":24.0,"key":"REST"},{"floor":32.0,"key":"REST"}],"circlet_count":0,"master_deck":["AscendersBane","Strike_B","Strike_B","Strike_B","Defend_B+1","Defend_B","Defend_B+1","Defend_B","Zap+1","Dualcast+1","Streamline+1","Sunder+1","Hologram","Scrape+1","Auto Shields","All For One","Cold Snap","Machine Learning","Steam","Steam Power","Thunder Strike","Leap","Beam Cell","Reprogram"],"relics":["Cracked Core","Bag of Marbles","Eternal Feather","Bottled Flame","Ancient Tea Set","Fusion Hammer","Nloth\u0027s Gift","Turnip","White Beast Statue","InkBottle","Bottled Tornado"],"acts_visited":["Exordium","TheCity"],"potions_floor_usage":[33,33],"damage_taken":[{"damage":7.0,"enemies":"Jaw Worm","floor":1.0,"turns":2.0},{"damage":2.0,"enemies":"2 Louse","floor":4.0,"turns":2.0},{"damage":0.0,"enemies":"Cultist","floor":5.0,"turns":2.0},{"damage":35.0,"enemies":"3 Sentries","floor":7.0,"turns":6.0},{"damage":22.0,"enemies":"Lagavulin","floor":12.0,"turns":4.0},{"damage":2.0,"enemies":"3 Louse","floor":14.0,"turns":2.0},{"damage":22.0,"enemies":"Hexaghost","floor":16.0,"turns":6.0},{"damage":0.0,"enemies":"Chosen","floor":18.0,"turns":3.0},{"damage":0.0,"enemies":"Spheric Guardian","floor":19.0,"turns":3.0},{"damage":10.0,"enemies":"3 Cultists","floor":22.0,"turns":5.0},{"damage":30.0,"enemies":"Gremlin Leader","floor":23.0,"turns":6.0},{"damage":0.0,"enemies":"Snecko","floor":25.0,"turns":2.0},{"damage":4.0,"enemies":"Slavers","floor":27.0,"turns":4.0},{"damage":0.0,"enemies":"Centurion and Healer","floor":31.0,"turns":3.0},{"damage":77,"enemies":"Collector","floor":33,"turns":9}],"seed_played":"-3239780437157319537","potions_obtained":[{"floor":4.0,"key":"EssenceOfSteel"},{"floor":7.0,"key":"SteroidPotion"},{"floor":14.0,"key":"DistilledChaos"},{"floor":16.0,"key":"BlessingOfTheForge"},{"floor":22.0,"key":"LiquidMemories"},{"floor":27.0,"key":"PowerPotion"}],"is_trial":false,"path_per_floor":["M","?","T","M","M","R","E","R","T","$","R","E","$","M","R","B",null,"M","M","?","?","M","E","R","M","T","E","?","T","?","M","R","B"],"character_chosen":"DEFECT","items_purchased":["All For One"],"campfire_rested":2,"item_purchase_floors":[13],"current_hp_per_floor":[57,57,57,55,55,61,26,35,35,35,44,22,22,20,29,7,55,55,55,55,55,45,15,48,48,48,44,44,44,44,44,71,0,0],"gold":268,"neow_bonus":"RANDOM_COMMON_RELIC","is_daily":false,"chose_seed":false,"campfire_upgraded":4,"win_rate":0.0,"timestamp":1614367400,"path_taken":["M","?","?","M","M","R","E","R","T","$","R","E","?","M","R","BOSS","M","M","?","?","M","E","R","?","T","E","?","?","?","M","R","BOSS"],"items_purchased_type":["Card"],"build_version":"2020-12-22","purchased_purges":0,"victory":false,"max_hp_per_floor":[71,71,71,71,71,71,71,71,71,71,71,71,71,71,71,71,71,71,71,71,71,71,71,71,71,71,71,71,71,71,71,71,71,71],"card_choices":[{"not_picked":["Stack","Sweeping Beam"],"picked":"Streamline","floor":1.0},{"not_picked":["Stack","Aggregate"],"picked":"Sunder","floor":4.0},{"not_picked":["Steam","Conserve Battery"],"picked":"Hologram","floor":5.0},{"not_picked":["Storm","Steam"],"picked":"Scrape","floor":7.0},{"not_picked":["Self Repair","Undo"],"picked":"Auto Shields","floor":12.0},{"not_picked":["Heatsinks","Storm"],"picked":"Cold Snap","floor":14.0},{"not_picked":["Meteor Strike","All For One"],"picked":"Machine Learning","floor":16.0},{"not_picked":["Redo","Cold Snap"],"picked":"Steam","floor":18.0},{"not_picked":["Redo","Leap"],"picked":"Steam Power","floor":19.0},{"not_picked":["Doom and Gloom","Cold Snap"],"picked":"Thunder Strike","floor":22.0},{"not_picked":["Rebound","Genetic Algorithm","Scrape"],"picked":"SKIP","floor":23.0},{"not_picked":["Hologram","Scrape","Storm"],"picked":"SKIP","floor":25.0},{"not_picked":["Streamline+1","Force Field"],"picked":"Leap","floor":27.0},{"not_picked":["Sweeping Beam","Reinforced Body"],"picked":"Reprogram","floor":31.0}],"player_experience":182213,"relics_obtained":[{"floor":3.0,"key":"Eternal Feather"},{"floor":7.0,"key":"War Paint"},{"floor":9.0,"key":"Bottled Flame"},{"floor":12.0,"key":"Ancient Tea Set"},{"floor":23.0,"key":"Turnip"},{"floor":26.0,"key":"White Beast Statue"},{"floor":27.0,"key":"InkBottle"},{"floor":29.0,"key":"Bottled Tornado"}],"event_choices":[{"damage_healed":0.0,"max_hp_gain":0.0,"max_hp_loss":0.0,"gold_gain":0.0,"event_name":"Living Wall","player_choice":"Grow","floor":2.0,"gold_loss":0.0,"damage_taken":0.0,"cards_upgraded":["Streamline"]},{"damage_healed":0.0,"max_hp_gain":0.0,"max_hp_loss":0.0,"gold_gain":0.0,"event_name":"Vampires","player_choice":"Ignored","floor":20.0,"gold_loss":0.0,"damage_taken":0.0},{"damage_healed":0.0,"max_hp_gain":0.0,"max_hp_loss":0.0,"gold_gain":0.0,"event_name":"N\u0027loth","player_choice":"Traded Relic","floor":21.0,"relics_lost":["War Paint"],"gold_loss":0.0,"damage_taken":0.0,"relics_obtained":["Nloth\u0027s Gift"]},{"damage_healed":0.0,"max_hp_gain":0.0,"max_hp_loss":0.0,"gold_gain":0.0,"event_name":"The Library","player_choice":"Read","floor":28.0,"gold_loss":0.0,"damage_taken":0.0,"cards_obtained":["Beam Cell"]},{"cards_removed":["Strike_B"],"damage_healed":0.0,"max_hp_gain":0.0,"max_hp_loss":0.0,"gold_gain":0.0,"event_name":"Beggar","player_choice":"Gave Gold","floor":30.0,"gold_loss":75.0,"damage_taken":0.0}],"is_beta":false,"boss_relics":[{"not_picked":["Astrolabe","Pandora\u0027s Box"],"picked":"Fusion Hammer"}],"items_purged_floors":[],"is_endless":false,"potions_floor_spawned":[4,7,14,16,18,22,27,31],"killed_by":"Collector","ascension_level":19}}