{"host":"lwys0gbp6t40j7jh","time":1614356458,"event":{"mods":["BaseMod","Minty Spire (QoL Compilation)","StSLib","SuperFastMode"],"gold_per_floor":[113,126,51,66,40,40,58,58,58,71,85,101,101,176,176,281,331,346,101,301,281,281,281],"floor_reached":22,"language":"ENG","playtime":314,"items_purged":["Strike_B","Strike_B"],"score":267,"play_id":"f568a609-b459-40e7-b3f2-38fe883a6d12","local_time":"20210226172058","is_ascension_mode":true,"campfire_choices":[{"data":"Gash","floor":6,"key":"SMITH"},{"floor":8,"key":"REST"},{"floor":13,"key":"REST"},{"data":"Redo","floor":15,"key":"SMITH"}],"circlet_count":0,"master_deck":["AscendersBane","Strike_B","Defend_B","Defend_B+1","Defend_B","Defend_B","Zap","Dualcast+1","Redo+1","Gash+1","Coolheaded","Ball Lightning+1","Steam","Gash"],"relics":["Cracked Core","Ornamental Fan","Tiny House","War Paint"],"acts_visited":["Exordium","TheCity"],"potions_floor_usage":[16,18,18,22],"damage_taken":[{"damage":4,"enemies":"Small Slimes","floor":1,"turns":3},{"damage":1,"enemies":"Cultist","floor":2,"turns":3},{"damage":8,"enemies":"2 Louse","floor":4,"turns":2},{"damage":18,"enemies":"Lots of Slimes","floor":7,"turns":4},{"damage":4,"enemies":"2 Fungi Beasts","floor":10,"turns":3},{"damage":9,"enemies":"Looter","floor":11,"turns":3},{"damage":9,"enemies":"3 Louse","floor":12,"turns":4},{"damage":35,"enemies":"The Guardian","floor":16,"turns":11},{"damage":0,"enemies":"Spheric Guardian","floor":18,"turns":1},{"damage":18,"enemies":"2 Thieves","floor":21,"turns":4},{"damage":55,"enemies":"3 Cultists","floor":22,"turns":5}],"seed_played":"-2451283701671109435","potions_obtained":[{"floor":4,"key":"AttackPotion"},{"floor":10,"key":"BlessingOfTheForge"},{"floor":12,"key":"Weak Potion"},{"floor":16,"key":"Fire Potion"},{"floor":21,"key":"Dexterity Potion"}],"is_trial":false,"path_per_floor":["M","M","$","M","$","R","M","R","T","M","M","M","R","?","R","B",null,"M","$","?","M","M"],"character_chosen":"DEFECT","items_purchased":["Gash","War Paint"],"campfire_rested":2,"item_purchase_floors":[5,19],"current_hp_per_floor":[64,63,63,55,55,55,37,59,59,55,46,37,59,48,48,13,65,65,65,65,47,0,0],"gold":281,"neow_bonus":"REMOVE_CARD","is_daily":false,"chose_seed":false,"campfire_upgraded":2,"win_rate":0.0,"timestamp":1614356458,"path_taken":["M","M","$","M","$","R","M","R","T","M","M","M","R","?","R","BOSS","M","$","?","?","M"],"items_purchased_type":["Card","Relic"],"build_version":"2020-12-22","purchased_purges":2,"victory":false,"max_hp_per_floor":[75,75,75,75,75,75,75,75,75,75,75,75,75,75,75,75,80,80,80,80,80,80,80],"card_choices":[{"not_picked":["Rip and Tear","Sweeping Beam"],"picked":"Redo","floor":1},{"not_picked":["Turbo","Beam Cell","Self Repair"],"picked":"SKIP","floor":2},{"not_picked":["Steam","Streamline","Creative AI"],"picked":"SKIP","floor":4},{"not_picked":["Rip and Tear","Beam Cell","Reinforced Body"],"picked":"SKIP","floor":7},{"not_picked":["Static Discharge","Cold Snap"],"picked":"Coolheaded","floor":10},{"not_picked":["Tempest","Beam Cell","Streamline"],"picked":"SKIP","floor":11},{"not_picked":["Streamline","Steam Power"],"picked":"Ball Lightning","floor":12},{"not_picked":["Compile Driver","Aggregate"],"picked":"Steam","floor":17},{"not_picked":["Turbo","Rebound+1","Heatsinks+1"],"picked":"SKIP","floor":18},{"not_picked":["Leap","Coolheaded"],"picked":"Gash","floor":21}],"player_experience":1230014,"relics_obtained":[{"floor":9,"key":"Ornamental Fan"}],"event_choices":[{"damage_healed":0,"gold_gain":75,"player_choice":"Gather Gold","damage_taken":11,"max_hp_gain":0,"max_hp_loss":0,"event_name":"World of Goop","floor":14,"gold_loss":0},{"damage_healed":0,"gold_gain":200,"player_choice":"Gold","damage_taken":0,"max_hp_gain":0,"max_hp_loss":0,"event_name":"Wheel of Change","floor":20,"gold_loss":0}],"is_beta":false,"boss_relics":[{"not_picked":["Philosopher\u0027s Stone","Snecko Eye"],"picked":"Tiny House"}],"items_purged_floors":[3,19],"is_endless":false,"potions_floor_spawned":[4,10,12,16,21],"killed_by":"3 Cultists","ascension_level":10}}