{"host":"w14xfy17z3c5mpoi","time":1614318472,"event":{"mods":["AchievementEnabler","BaseMod","Minty Spire (QoL Compilation)","Relic Stats"],"gold_per_floor":[118,138,150,168,188,188,215,215,251,263,303,280,292,330,342,354,354],"floor_reached":16,"language":"ENG","playtime":1038,"items_purged":[],"score":222,"play_id":"5e211fe8-62ba-43a7-8b50-e4c4653a1f05","local_time":"20210226004752","is_ascension_mode":true,"campfire_choices":[{"data":"Blade Dance","floor":6,"key":"SMITH"},{"floor":10,"key":"REST"},{"data":"Malaise","floor":13,"key":"SMITH"},{"floor":15,"key":"REST"}],"circlet_count":0,"master_deck":["AscendersBane","Strike_G","Strike_G","Strike_G","Strike_G","Strike_G","Defend_G","Defend_G","Defend_G","Defend_G","Defend_G","Survivor","Neutralize","Blade Dance+1","All Out Attack","Leg Sweep","Malaise+1","Crippling Poison","Poisoned Stab","Terror","Poisoned Stab"],"relics":["Ring of the Snake","NeowsBlessing","Akabeko","MawBank","Centennial Puzzle","Oddly Smooth Stone","WingedGreaves"],"acts_visited":["Exordium"],"potions_floor_usage":[],"damage_taken":[{"damage":0,"enemies":"Jaw Worm","floor":1,"turns":1},{"damage":0,"enemies":"Small Slimes","floor":2,"turns":1},{"damage":0,"enemies":"2 Louse","floor":3,"turns":1},{"damage":13,"enemies":"Exordium Thugs","floor":4,"turns":5},{"damage":6,"enemies":"Red Slaver","floor":5,"turns":5},{"damage":24,"enemies":"3 Sentries","floor":7,"turns":10},{"damage":22,"enemies":"Gremlin Nob","floor":11,"turns":4},{"damage":10,"enemies":"3 Sentries","floor":14,"turns":5},{"damage":47,"enemies":"Slime Boss","floor":16,"turns":6}],"seed_played":"3100901087406804981","potions_obtained":[{"floor":3,"key":"Weak Potion"},{"floor":4,"key":"SpeedPotion"}],"is_trial":false,"path_per_floor":["M","M","M","M","M","R","E","?","T","R","E","?","R","E","R","B"],"character_chosen":"THE_SILENT","items_purchased":[],"campfire_rested":2,"item_purchase_floors":[],"current_hp_per_floor":[59,59,59,46,40,40,16,16,16,35,13,29,29,19,38,0,0],"gold":354,"neow_bonus":"THREE_ENEMY_KILL","is_daily":false,"chose_seed":false,"campfire_upgraded":2,"win_rate":0.0,"timestamp":1614318472,"path_taken":["M","M","M","M","M","R","E","?","T","R","E","?","R","E","R","BOSS"],"items_purchased_type":[],"build_version":"2020-12-22","purchased_purges":0,"victory":false,"max_hp_per_floor":[66,66,66,66,66,66,66,66,66,66,66,66,66,66,66,66,66],"relic_stats":{"Centennial Puzzle":[9],"counters":[9,38],"MawBank":96,"obtain_stats":[{"Centennial Puzzle":9,"NeowsBlessing":0,"Oddly Smooth Stone":11,"WingedGreaves":14,"MawBank":8,"Akabeko":7,"Ring of the Snake":0},{"Centennial Puzzle":6,"NeowsBlessing":0,"Oddly Smooth Stone":7,"WingedGreaves":8,"MawBank":6,"Akabeko":6,"Ring of the Snake":0},{"Centennial Puzzle":23,"NeowsBlessing":0,"Oddly Smooth Stone":27,"WingedGreaves":32,"MawBank":23,"Akabeko":23,"Ring of the Snake":0}],"Ring of the Snake":[18]},"card_choices":[{"not_picked":["Underhanded Strike","Cloak And Dagger"],"picked":"Blade Dance","floor":1},{"not_picked":["Bane","Deflect"],"picked":"All Out Attack","floor":2},{"not_picked":["Backflip","Concentrate"],"picked":"Leg Sweep","floor":3},{"not_picked":["Dodge and Roll","PiercingWail"],"picked":"Malaise","floor":4},{"not_picked":["Well Laid Plans","Acrobatics"],"picked":"Crippling Poison","floor":5},{"not_picked":["Cloak And Dagger","Deadly Poison"],"picked":"Poisoned Stab","floor":7},{"not_picked":["Storm of Steel","Slice"],"picked":"Terror","floor":11},{"not_picked":["Underhanded Strike","Skewer"],"picked":"Poisoned Stab","floor":14}],"player_experience":821808,"relics_obtained":[{"floor":7,"key":"Akabeko"},{"floor":9,"key":"Centennial Puzzle"},{"floor":11,"key":"Oddly Smooth Stone"},{"floor":14,"key":"WingedGreaves"}],"event_choices":[{"damage_healed":0,"gold_gain":0,"player_choice":"Searched \u00271\u0027 times","damage_taken":0,"relics_obtained":["MawBank"],"max_hp_gain":0,"max_hp_loss":0,"event_name":"Dead Adventurer","floor":8,"gold_loss":0},{"damage_healed":16,"gold_gain":0,"player_choice":"Healed","damage_taken":0,"max_hp_gain":0,"max_hp_loss":0,"event_name":"The Cleric","floor":12,"gold_loss":35}],"is_beta":false,"boss_relics":[],"items_purged_floors":[],"is_endless":false,"potions_floor_spawned":[3,4,11],"killed_by":"Slime Boss","ascension_level":17}}