{"host":"rjfefv2ruvigm2gb","time":1614377468,"event":{"mods":["Act Like it!","AlwaysNeverKeys","BaseMod","Better Note","Better Third Choice","BetterRewards","Block Reminder","Bossed Relics","Colored Map","Colored Powertips","Conspire","Curses Come First","Displayed Cursed Tome","Downfall","Elementarium","Fox Events","GifTheSpireLib","Gold Saver","Googly Eyes","HexUI Lib","Highlight Path","Hubris","Infinite Spire","Minty Spire (QoL Compilation)","Monster B Gone","Permanent Neow","Poor People Problems","Quick Restart","Relic Filter","Relic Stats","Reliquary","Replay The Spire","Ruina","Shop Mod","Small Relic Pack","Spire Arcade","StS++","StSLib","Stuff the Spire","SuperFastMode","The Blue Laboratory","Transform Curses","Uncapped","Virulent Crown"],"gold_per_floor":[702,714,714,714,714,725,748,760,789,789,822,835,854,864,878,980,980,1007,1017,1030,748,761,781,781,781,798,816,826,826,826,826,842,947,947,947,963,963,963,974,1007,1007,1025,1056,1070,1096,1096,1109,1361,1375,1375,1375,1408,909,909,909,909],"floor_reached":57,"language":"ENG","playtime":3762,"items_purged":["Guardian:Strike_Guardian","Guardian:Strike_Guardian","Guardian:Defend_Guardian+1"],"score":1631,"play_id":"31b69429-cde7-4787-b62d-765218bc365e","local_time":"20210226161108","is_ascension_mode":true,"campfire_choices":[{"data":"Guardian:TwinSlam","floor":1.0,"key":"SMITH"},{"data":"Guardian:Orbwalk","floor":10.0,"key":"SMITH"},{"data":"Guardian:WalkerClaw","floor":30.0,"key":"SMITH"},{"data":"Guardian:TimeSifter","floor":35.0,"key":"SMITH"},{"data":"Guardian:ChargeUp","floor":46,"key":"SMITH"},{"data":"Replay:SS_forest_2","floor":54,"key":"SMITH"}],"circlet_count":0,"master_deck":["Guardian:Defend_Guardian+1","Guardian:Defend_Guardian+1","Guardian:Defend_Guardian+1","Guardian:CurlUp+1","Guardian:TwinSlam+1","Guardian:Orbwalk+1","Guardian:VentSteam","Guardian:TemporalShield","Guardian:Suspension","Guardian:ShieldSpikes","Guardian:PiercingHide","Guardian:WalkerClaw+1","Guardian:Orbwalk+1","Guardian:CrystalBeam","Guardian:TimeCapacitor+1","Guardian:ChargeCore","Guardian:Suspension","Guardian:Suspension","Guardian:TimeSifter+1","CurseOfTheBell","Guardian:PolyBeam","Guardian:VentSteam+1","Guardian:Planning+1","Guardian:TemporalStrike+1","Guardian:ChargeUp+1","Guardian:TimeBomb+1","Guardian:TemporalStrike","Guardian:FuturePlans","Guardian:ShieldCharger","Replay:SS_forest_2+1","Pride","Pride"],"relics":["Guardian:ModeShifter","downfall:HeartBlessingGreen","downfall:HeartBlessingRed","downfall:HeartBlessingBlue","Ginger","sneckomod:BlankCard","Quantum Egg","Bag of Marbles","Honey Jar","infinitespire:Lychee Nut","DollysMirror","reliquary:RosewoodLute","ReplayTheSpireMod:Ninjato","Calling Bell","Slimebound:StickyStick","Kunai","StSpp:BoiledEgg","reliquary:ThirdArm","Strange Spoon","StSpp:SailingBoat","infinitespire:EmpoweringShard","reliquary:SharkskinSheath","Replay:Bottled Eggs","BargainBundle","StuffTheSpire:Barrel","ReplayFunnel","Oddly Smooth Stone","reliquary:Sod","conspire:Dentures"],"acts_visited":["Exordium","ruina:Briah","TheBeyond","TheEnding"],"potions_floor_usage":[45,56,56,56,56,56,56,56,56],"damage_taken":[{"damage":1.0,"enemies":"Jaw Worm","floor":2.0,"turns":4.0},{"damage":0.0,"enemies":"2 Louse","floor":6.0,"turns":2.0},{"damage":8.0,"enemies":"infinitespire:Voidling","floor":8.0,"turns":4.0},{"damage":6.0,"enemies":"Replay:BlueRogue","floor":9.0,"turns":5.0},{"damage":14.0,"enemies":"Gremlin Nob","floor":11.0,"turns":4.0},{"damage":6.0,"enemies":"Lots of Slimes","floor":12.0,"turns":4.0},{"damage":7.0,"enemies":"Exordium Thugs","floor":13.0,"turns":7.0},{"damage":5.0,"enemies":"downfall:LooterAlt","floor":14.0,"turns":3.0},{"damage":10.0,"enemies":"Lots of Slimes","floor":15.0,"turns":4.0},{"damage":0.0,"enemies":"SI_SHIV_ARCHETYPE","floor":16.0,"turns":7.0},{"damage":5.0,"enemies":"ruina:3_Bats","floor":19.0,"turns":4.0},{"damage":0.0,"enemies":"ruina:BadWolf","floor":20.0,"turns":4.0},{"damage":0.0,"enemies":"downfall:FleeingMerchant","floor":21.0,"turns":4.0},{"damage":4.0,"enemies":"ruina:Woodsman","floor":22.0,"turns":3.0},{"damage":7.0,"enemies":"ruina:KingOfGreed","floor":23.0,"turns":3.0},{"damage":3.0,"enemies":"ruina:KnightOfDespair","floor":26.0,"turns":3.0},{"damage":1.0,"enemies":"ruina:Woodsman","floor":27.0,"turns":3.0},{"damage":0.0,"enemies":"ruina:QueenOfHate","floor":28.0,"turns":3.0},{"damage":0.0,"enemies":"ruina:3_Scarecrows","floor":32.0,"turns":3.0},{"damage":0.0,"enemies":"IC_MUSHROOM_ARCHETYPE","floor":33.0,"turns":5.0},{"damage":8.0,"enemies":"3 Shapes","floor":36.0,"turns":3.0},{"damage":0.0,"enemies":"Orb Walker","floor":39.0,"turns":3.0},{"damage":1.0,"enemies":"Giant Head","floor":40.0,"turns":4.0},{"damage":6.0,"enemies":"Spire Growth","floor":42.0,"turns":3.0},{"damage":14.0,"enemies":"Nemesis","floor":43.0,"turns":3.0},{"damage":5,"enemies":"4 Shapes","floor":44,"turns":3},{"damage":6,"enemies":"R_Hoarder","floor":45,"turns":5},{"damage":18,"enemies":"3 Darklings","floor":47,"turns":4},{"damage":0,"enemies":"downfall:FleeingMerchant","floor":48,"turns":4},{"damage":1,"enemies":"Sphere and 2 Shapes","floor":49,"turns":3},{"damage":0,"enemies":"WA_ARCHETYPE_DIVINITY","floor":50,"turns":5},{"damage":0,"enemies":"downfall:CharBossMerchant","floor":52,"turns":4},{"damage":0,"enemies":"downfall:NeowBoss","floor":55,"turns":7},{"damage":27,"enemies":"downfall:NeowBossFinal","floor":56,"turns":5}],"seed_played":"-7709867954314541328","potions_obtained":[{"floor":8.0,"key":"Dexterity Potion"},{"floor":9.0,"key":"AttackPotion"},{"floor":14.0,"key":"ColorlessPotion"},{"floor":16.0,"key":"Strength Potion"},{"floor":19.0,"key":"Ancient Potion"},{"floor":22.0,"key":"LiquidMemories"},{"floor":28.0,"key":"Adrenaline Potion"},{"floor":32.0,"key":"GamblersBrew"},{"floor":36.0,"key":"Guardian:AcceleratePotion"},{"floor":40.0,"key":"blueLaboratory:BottleOfVodka"},{"floor":44,"key":"StSpp:ScatteredWeakPotion"}],"is_trial":false,"path_per_floor":["R","M","?","T","?","M","T","M","E","R","E","M","M","M","M","B",null,"R_BF","M","M","$","M","M","T","?","M","M","M","?","R","T","M","B",null,"R","M","AVR","?","M","E","T","M","E","M","E","R","M","$","M","B",null,"E","$","R","B","B",null],"character_chosen":"GUARDIAN","items_purchased":["DollysMirror","Guardian:CrystalBeam","BargainBundle","StuffTheSpire:Barrel","ReplayFunnel","Strength Potion","blueLaboratory:ExaltedPotion","Guardian:FuturePlans","Guardian:ShieldCharger","Replay:SS_forest_2","reliquary:Sod","conspire:Dentures"],"campfire_rested":0,"item_purchase_floors":[21,21,48,48,48,48,48,48,48,48,53,53],"current_hp_per_floor":[90,89,89,89,89,89,89,88,82,82,68,62,55,50,40,40,90,54,55,61,67,65,60,60,68,71,75,75,75,75,75,75,75,75,75,69,69,69,74,75,75,69,60,60,60,60,48,54,58,64,75,75,75,75,75,51],"gold":909,"neow_bonus":"UPGRADE_CARD","is_daily":false,"chose_seed":false,"campfire_upgraded":6,"win_rate":0.0,"timestamp":1614377468,"path_taken":["R","M","?","?","?","?","T","M","E","R","E","M","M","?","M","BOSS","R_BF","M","M","$","?","?","T","?","M","M","M","?","R","?","M","BOSS","R","M","AVR","?","M","E","T","?","E","M","E","R","M","$","M","BOSS","E","$","R","BOSS","BOSS"],"items_purchased_type":["Relic","Card","Relic","Relic","Relic","Potion","Potion","Card","Card","Card","Relic","Relic"],"build_version":"2020-12-22","purchased_purges":3,"victory":true,"max_hp_per_floor":[90,90,90,90,90,90,90,90,90,90,90,90,90,90,90,90,90,67,67,67,67,67,67,67,75,75,75,75,75,75,75,75,75,75,75,75,75,75,75,75,75,75,75,75,75,75,75,75,75,75,75,75,75,75,75,75],"relic_stats":{"Strange Spoon":[13],"counters":[34,135],"Ginger":[28],"Kunai":[18],"obtain_stats":[{"ReplayFunnel":48,"StuffTheSpire:Barrel":48,"sneckomod:BlankCard":7,"downfall:HeartBlessingGreen":1,"StSpp:BoiledEgg":34,"Ginger":4,"reliquary:ThirdArm":37,"Frozen Eye":32,"downfall:HeartBlessingBlue":1,"DollysMirror":21,"Slimebound:StickyStick":34,"Honey Jar":17,"Kunai":34,"Replay:Bottled Eggs":45,"reliquary:SharkskinSheath":43,"conspire:Dentures":53,"BargainBundle":48,"ReplayTheSpireMod:Ninjato":31,"downfall:HeartBlessingRed":1,"Quantum Egg":9,"Guardian:ModeShifter":0,"Oddly Smooth Stone":52,"StSpp:SailingBoat":40,"reliquary:RosewoodLute":24,"Calling Bell":34,"reliquary:Sod":53,"Strange Spoon":37,"infinitespire:Lychee Nut":18,"Bag of Marbles":11,"infinitespire:EmpoweringShard":41},{"ReplayFunnel":29,"StuffTheSpire:Barrel":29,"sneckomod:BlankCard":2,"downfall:HeartBlessingGreen":0,"StSpp:BoiledEgg":20,"Ginger":1,"reliquary:ThirdArm":21,"Frozen Eye":18,"downfall:HeartBlessingBlue":0,"DollysMirror":13,"Slimebound:StickyStick":20,"Honey Jar":10,"Kunai":20,"Replay:Bottled Eggs":27,"reliquary:SharkskinSheath":25,"conspire:Dentures":32,"BargainBundle":29,"ReplayTheSpireMod:Ninjato":18,"downfall:HeartBlessingRed":0,"Quantum Egg":4,"Guardian:ModeShifter":0,"Oddly Smooth Stone":32,"StSpp:SailingBoat":23,"reliquary:RosewoodLute":15,"Calling Bell":20,"reliquary:Sod":32,"Strange Spoon":21,"infinitespire:Lychee Nut":10,"Bag of Marbles":5,"infinitespire:EmpoweringShard":23},{"ReplayFunnel":111,"StuffTheSpire:Barrel":111,"sneckomod:BlankCard":6,"downfall:HeartBlessingGreen":0,"StSpp:BoiledEgg":79,"Ginger":4,"reliquary:ThirdArm":82,"Frozen Eye":71,"downfall:HeartBlessingBlue":0,"DollysMirror":56,"Slimebound:StickyStick":79,"Honey Jar":44,"Kunai":79,"Replay:Bottled Eggs":103,"reliquary:SharkskinSheath":95,"conspire:Dentures":123,"BargainBundle":111,"ReplayTheSpireMod:Ninjato":71,"downfall:HeartBlessingRed":0,"Quantum Egg":15,"Guardian:ModeShifter":0,"Oddly Smooth Stone":123,"StSpp:SailingBoat":89,"reliquary:RosewoodLute":62,"Calling Bell":79,"reliquary:Sod":123,"Strange Spoon":82,"infinitespire:Lychee Nut":44,"Bag of Marbles":19,"infinitespire:EmpoweringShard":89}]},"card_choices":[{"not_picked":["Guardian:DonusPower","Guardian:FloatingOrbs"],"picked":"Guardian:Orbwalk","floor":2.0},{"not_picked":["Guardian:EvasiveProtocol","Guardian:WalkerClaw"],"picked":"Guardian:VentSteam","floor":6.0},{"not_picked":["Guardian:TemporalStrike","Guardian:Clone"],"picked":"Guardian:TemporalShield","floor":8.0},{"not_picked":["Guardian:CompilePackage","Guardian:DecasProtection"],"picked":"Guardian:Suspension","floor":9.0},{"not_picked":["Guardian:BodySlam","Guardian:Repulse"],"picked":"Guardian:ShieldSpikes","floor":11.0},{"not_picked":["Guardian:FuturePlans","Guardian:Gem_White"],"picked":"Guardian:Gem_Red","floor":12.0},{"not_picked":["Guardian:TemporalShield","Guardian:PrimingBeam"],"picked":"Guardian:Gem_Blue","floor":13.0},{"not_picked":["Guardian:PrismaticBeam","Guardian:CrystalBeam"],"picked":"Guardian:Gem_Crimson","floor":14.0},{"not_picked":["Guardian:ShieldSpikes","Guardian:TemporalShield","Guardian:PrismaticBeam"],"picked":"SKIP","floor":15.0},{"not_picked":["Guardian:FierceBash","Guardian:ConstructionForm"],"picked":"Guardian:Gem_Orange","floor":16.0},{"not_picked":["Guardian:ShieldCharger","Guardian:VentSteam","Guardian:Planning"],"picked":"Guardian:PiercingHide","floor":18.0},{"not_picked":["Guardian:PrimingBeam+1","Guardian:Recover","Guardian:VentSteam"],"picked":"Guardian:Gem_Crimson","floor":19.0},{"not_picked":["Guardian:PolyBeam","Guardian:Gem_Lightblue","Guardian:CompilePackage"],"picked":"Guardian:WalkerClaw","floor":20.0},{"not_picked":["Guardian:Incinerate","Guardian:Recover","Guardian:VentSteam"],"picked":"Guardian:Gem_Lightblue","floor":21.0},{"not_picked":["Guardian:Planning","Guardian:VentSteam","Guardian:Gem_Blue"],"picked":"Guardian:Gem_Yellow","floor":22.0},{"not_picked":["Guardian:MultiBeam","Guardian:EvasiveProtocol+1","Guardian:WalkerClaw"],"picked":"Guardian:Gem_Green","floor":23.0},{"not_picked":["Guardian:Planning","Guardian:CrystalBeam","Guardian:PrimingBeam+1"],"picked":"Guardian:TimeCapacitor","floor":26.0},{"not_picked":["Guardian:BodySlam","Guardian:Recover","Guardian:BronzeArmor"],"picked":"Guardian:ChargeCore","floor":27.0},{"not_picked":["Guardian:Repulse","Guardian:Gem_Purple","Guardian:Emergency"],"picked":"Guardian:Suspension","floor":28.0},{"not_picked":["Guardian:PolyBeam","Guardian:Recover","Guardian:Planning"],"picked":"Guardian:Suspension","floor":32.0},{"not_picked":["Guardian:HyperBeam_Guardian","Guardian:GemFire","Guardian:RevengeProtocol"],"picked":"Guardian:TimeSifter","floor":33.0},{"not_picked":["Guardian:BronzeArmor","Guardian:RefractedBeam","Guardian:PrimingBeam"],"picked":"Guardian:PolyBeam","floor":36.0},{"not_picked":["Guardian:PiercingHide","Guardian:Planning","Guardian:TemporalStrike+1"],"picked":"Guardian:Gem_Red","floor":39.0},{"not_picked":["Guardian:Gem_White","Guardian:CompilePackage","Guardian:RollAttack"],"picked":"Guardian:VentSteam+1","floor":40.0},{"not_picked":["Guardian:Gem_Fragmented","Guardian:Incinerate","Guardian:PrismaticBarrier+1"],"picked":"Guardian:Gem_Crimson","floor":42.0},{"not_picked":["Guardian:Repulse","Guardian:Emergency+1","Guardian:PrimingBeam+1"],"picked":"Guardian:Planning+1","floor":43.0},{"not_picked":["Guardian:Incinerate+1","Guardian:Recover+1","Guardian:Reroute+1"],"picked":"Guardian:TemporalStrike+1","floor":44},{"not_picked":["Guardian:Recover","Guardian:ChargeUp","Guardian:PrimingBeam","Guardian:Gem_Cyan"],"picked":"SKIP","floor":45},{"not_picked":["Guardian:Recover","Guardian:PrimingBeam","Guardian:Gem_Cyan"],"picked":"Guardian:ChargeUp","floor":45},{"not_picked":["Guardian:RefractedBeam+1","Guardian:CompilePackage","Guardian:Gem_Green"],"picked":"Guardian:TimeBomb+1","floor":47},{"not_picked":["Guardian:TimeBomb","Guardian:Gem_Lightblue","Guardian:Gem_Red"],"picked":"Guardian:TemporalStrike","floor":48},{"not_picked":["Guardian:ShieldSpikes+1","Guardian:WalkerClaw+1","Guardian:PrimingBeam","Guardian:Harden"],"picked":"SKIP","floor":49},{"not_picked":["Guardian:Reroute+1","Guardian:Clone","Guardian:TimeBomb"],"picked":"Guardian:Gem_Green","floor":52}],"player_experience":1172569,"relics_obtained":[{"floor":4.0,"key":"Ginger"},{"floor":7.0,"key":"sneckomod:BlankCard"},{"floor":9.0,"key":"Quantum Egg"},{"floor":11.0,"key":"Bag of Marbles"},{"floor":18.0,"key":"infinitespire:Lychee Nut"},{"floor":24.0,"key":"reliquary:RosewoodLute"},{"floor":31.0,"key":"ReplayTheSpireMod:Ninjato"},{"floor":34.0,"key":"Slimebound:StickyStick"},{"floor":34.0,"key":"Kunai"},{"floor":34.0,"key":"StSpp:BoiledEgg"},{"floor":40.0,"key":"StSpp:SailingBoat"},{"floor":41.0,"key":"infinitespire:EmpoweringShard"},{"floor":43.0,"key":"reliquary:SharkskinSheath"},{"floor":45,"key":"Replay:Bottled Eggs"},{"floor":52,"key":"Oddly Smooth Stone"}],"event_choices":[{"cards_removed":["Guardian:Strike_Guardian"],"damage_healed":0.0,"max_hp_gain":0.0,"max_hp_loss":0.0,"gold_gain":0.0,"event_name":"Wheel of Change","player_choice":"Card Removal","floor":5.0,"gold_loss":0.0,"damage_taken":0.0}],"is_beta":false,"boss_relics":[{"not_picked":["hubris:BlackHole","Guardian:StasisSlotReductionRelic"],"picked":"Honey Jar"},{"not_picked":["reliquary:Ember","Runic Pyramid"],"picked":"Calling Bell"}],"items_purged_floors":[21,37,48],"is_endless":false,"potions_floor_spawned":[8,9,11,14,16,19,22,28,32,36,40,44,49,52],"ascension_level":2}}