{"host":"zsnmfqgcm92hlreo","time":1614321222,"event":{"mods":["AchievementEnabler","BaseMod","Bestiary","Block Reminder","Colored Map","Colored Powertips","Filter the Spire","Minty Spire (QoL Compilation)","Permanent Neow","Quick Restart","Relic Stats","StSLib","Weighted Paths"],"gold_per_floor":[119,119,133,149,167,167,200,217,217,247,257,257,287,58,58,133,133,144,144,178,128,128,453,453,467,467,478,478,491,453,466,466,540,540,558,583,583,347,367,394,394,426,426,648,648,666,681,706,706,706,706,706,706,304,333,333,333],"floor_reached":56,"language":"ENG","playtime":3544,"items_purged":["Strike_P","Strike_P","Defend_P"],"score":2100,"play_id":"199e11db-b793-4f3a-8a34-03af444c92bb","local_time":"20210226003342","is_ascension_mode":true,"campfire_choices":[{"data":"Vigilance","floor":6.0,"key":"SMITH"},{"data":"BowlingBash","floor":12.0,"key":"SMITH"},{"data":"MentalFortress","floor":15.0,"key":"SMITH"},{"data":"Ragnarok","floor":24.0,"key":"SMITH"},{"floor":28.0,"key":"REST"},{"floor":32.0,"key":"REST"},{"floor":41.0,"key":"REST"},{"floor":45.0,"key":"RECALL"},{"floor":49.0,"key":"REST"},{"floor":53.0,"key":"REST"}],"circlet_count":0,"master_deck":["AscendersBane","Strike_P+1","Strike_P+1","Defend_P","Defend_P+1","Eruption","Vigilance+1","EmptyBody","Swivel","Protect","Protect","EmptyFist","Worship","BowlingBash+1","Sanctity+1","MentalFortress+1","Swivel","Ragnarok+1","Ragnarok+1","LessonLearned","Wireheading","BowlingBash","SashWhip+1","Swivel","Scrawl","Adaptation","EmptyMind","Wallop","DevaForm","Wallop+1","Transmutation"],"relics":["Snecko Eye","TeardropLocket","White Beast Statue","Mummified Hand","Gremlin Horn","Membership Card","SlaversCollar","Red Mask","Old Coin","Mango","Calling Bell","Akabeko","Question Card","Ginger","CloakClasp","War Paint","Strawberry","Orichalcum","Ornamental Fan","Bag of Marbles","Vajra","Toy Ornithopter","InkBottle"],"acts_visited":["Exordium","TheCity","TheBeyond","TheEnding"],"potions_floor_usage":[56,56],"damage_taken":[{"damage":4.0,"enemies":"Jaw Worm","floor":1.0,"turns":3.0},{"damage":0.0,"enemies":"Cultist","floor":3.0,"turns":3.0},{"damage":0.0,"enemies":"2 Louse","floor":4.0,"turns":3.0},{"damage":4.0,"enemies":"Exordium Thugs","floor":5.0,"turns":5.0},{"damage":5.0,"enemies":"Lagavulin","floor":7.0,"turns":7.0},{"damage":0.0,"enemies":"Large Slime","floor":8.0,"turns":4.0},{"damage":0.0,"enemies":"3 Sentries","floor":10.0,"turns":4.0},{"damage":0.0,"enemies":"3 Louse","floor":11.0,"turns":2.0},{"damage":0.0,"enemies":"Gremlin Nob","floor":13.0,"turns":3.0},{"damage":5.0,"enemies":"Hexaghost","floor":16.0,"turns":12.0},{"damage":0.0,"enemies":"Shell Parasite","floor":18.0,"turns":4.0},{"damage":13.0,"enemies":"Masked Bandits","floor":20.0,"turns":3.0},{"damage":9.0,"enemies":"Gremlin Leader","floor":23.0,"turns":4.0},{"damage":0.0,"enemies":"Spheric Guardian","floor":25.0,"turns":1.0},{"damage":18.0,"enemies":"Chosen and Byrds","floor":27.0,"turns":7.0},{"damage":11.0,"enemies":"Snake Plant","floor":29.0,"turns":3.0},{"damage":0.0,"enemies":"Centurion and Healer","floor":31.0,"turns":5.0},{"damage":4.0,"enemies":"Automaton","floor":33.0,"turns":6.0},{"damage":0.0,"enemies":"Orb Walker","floor":35.0,"turns":2.0},{"damage":22.0,"enemies":"Mind Bloom Boss Battle","floor":36.0,"turns":6.0},{"damage":9.0,"enemies":"3 Darklings","floor":39.0,"turns":3.0},{"damage":16.0,"enemies":"Giant Head","floor":40.0,"turns":8.0},{"damage":8.0,"enemies":"Reptomancer","floor":42.0,"turns":6.0},{"damage":0.0,"enemies":"Maw","floor":46.0,"turns":4.0},{"damage":25.0,"enemies":"4 Shapes","floor":47.0,"turns":3.0},{"damage":0.0,"enemies":"Giant Head","floor":48.0,"turns":6.0},{"damage":66.0,"enemies":"Time Eater","floor":50.0,"turns":14.0},{"damage":16.0,"enemies":"Awakened One","floor":51.0,"turns":15.0},{"damage":42.0,"enemies":"Shield and Spear","floor":55.0,"turns":6.0},{"damage":64,"enemies":"The Heart","floor":56,"turns":2}],"seed_played":"-9210159045075132086","potions_obtained":[{"floor":1.0,"key":"Explosive Potion"},{"floor":8.0,"key":"EntropicBrew"},{"floor":13.0,"key":"DuplicationPotion"},{"floor":16.0,"key":"SneckoOil"},{"floor":20.0,"key":"PowerPotion"},{"floor":27.0,"key":"FairyPotion"},{"floor":39.0,"key":"Regen Potion"},{"floor":40.0,"key":"SpeedPotion"},{"floor":48.0,"key":"GamblersBrew"}],"is_trial":false,"path_per_floor":["M","?","M","M","M","R","E","M","T","E","M","R","E","$","R","B",null,"M","?","?","?","$","E","R","M","T","M","R","M","$","M","R","B",null,"M","?","T","$","M","E","R","E","T","?","R","M","M","E","R","B","B",null,"R","$","E","B"],"character_chosen":"WATCHER","items_purchased":["Membership Card","MentalFortress","Swivel","Adaptation","War Paint","Fruit Juice","Vajra","Toy Ornithopter","GamblersBrew","ColorlessPotion","Transmutation"],"campfire_rested":5,"item_purchase_floors":[14,14,14,38,38,38,54,54,54,54,54],"current_hp_per_floor":[57,57,57,57,53,53,48,48,48,48,48,48,48,48,48,43,62,62,62,49,49,49,40,40,40,54,36,60,49,49,49,73,69,79,79,57,57,62,53,59,87,79,79,79,79,79,54,54,82,16,28,78,94,94,52,0,0],"gold":333,"neow_bonus":"BOSS_RELIC","is_daily":false,"chose_seed":false,"campfire_upgraded":4,"win_rate":0.0,"timestamp":1614321222,"path_taken":["M","?","M","M","M","R","E","M","T","E","?","R","E","?","R","BOSS","M","?","?","?","$","E","R","M","T","M","R","?","$","M","R","BOSS","M","?","?","$","M","E","R","E","T","?","R","?","M","E","R","BOSS","BOSS","R","$","E","BOSS"],"items_purchased_type":["Relic","Card","Card","Card","Relic","Potion","Relic","Relic","Potion","Potion","Card"],"build_version":"2020-12-22","purchased_purges":3,"victory":false,"max_hp_per_floor":[68,68,68,68,68,68,68,68,68,68,68,68,68,68,68,68,68,68,68,68,68,68,68,68,68,82,82,82,82,82,82,82,82,82,82,82,82,87,87,94,94,94,94,94,94,94,94,94,94,94,94,94,94,94,94,94,94],"relic_stats":{"Gremlin Horn":[24,24],"counters":[30,154],"CloakClasp":[207],"Ginger":[16],"War Paint":["Defend_P","Sanctity"],"Orichalcum":[6],"Question Card":9,"Mummified Hand":[91],"Ornamental Fan":[116],"Snecko Eye":[264,323,285,299],"obtain_stats":[{"Gremlin Horn":13,"Vajra":54,"Mango":26,"CloakClasp":36,"TeardropLocket":7,"Ginger":34,"War Paint":38,"Orichalcum":42,"Question Card":34,"White Beast Statue":9,"Akabeko":34,"Old Coin":23,"Calling Bell":34,"SlaversCollar":17,"Mummified Hand":10,"Ornamental Fan":43,"Strawberry":40,"Snecko Eye":0,"Red Mask":20,"Bag of Marbles":48,"Membership Card":14,"PureWater":0,"Toy Ornithopter":54,"InkBottle":55},{"Gremlin Horn":9,"Vajra":28,"Mango":14,"CloakClasp":20,"TeardropLocket":5,"Ginger":18,"War Paint":20,"Orichalcum":23,"Question Card":18,"White Beast Statue":6,"Akabeko":18,"Old Coin":13,"Calling Bell":18,"SlaversCollar":10,"Mummified Hand":7,"Ornamental Fan":23,"Strawberry":22,"Snecko Eye":0,"Red Mask":12,"Bag of Marbles":26,"Membership Card":9,"PureWater":0,"Toy Ornithopter":28,"InkBottle":29},{"Gremlin Horn":34,"Vajra":146,"Mango":58,"CloakClasp":87,"TeardropLocket":21,"Ginger":79,"War Paint":87,"Orichalcum":104,"Question Card":79,"White Beast Statue":25,"Akabeko":79,"Old Coin":57,"Calling Bell":79,"SlaversCollar":46,"Mummified Hand":29,"Ornamental Fan":104,"Strawberry":98,"Snecko Eye":0,"Red Mask":53,"Bag of Marbles":117,"Membership Card":34,"PureWater":0,"Toy Ornithopter":146,"InkBottle":152}],"Toy Ornithopter":10,"InkBottle":[1]},"card_choices":[{"not_picked":["ForeignInfluence","Prostrate","Crescendo"],"picked":"SKIP","floor":1.0},{"not_picked":["Fasting2","JustLucky"],"picked":"EmptyBody","floor":3.0},{"not_picked":["Indignation","Vengeance"],"picked":"Swivel","floor":4.0},{"not_picked":["WreathOfFlame","FollowUp"],"picked":"Protect","floor":5.0},{"not_picked":["ForeignInfluence","Halt"],"picked":"Protect","floor":7.0},{"not_picked":["Evaluate","Halt"],"picked":"EmptyFist","floor":8.0},{"not_picked":["Vengeance","Blasphemy"],"picked":"Worship","floor":10.0},{"not_picked":["FlurryOfBlows","BowlingBash","EmptyFist"],"picked":"SKIP","floor":11.0},{"not_picked":["FlurryOfBlows","EmptyFist"],"picked":"BowlingBash","floor":11.0},{"not_picked":["CutThroughFate","Alpha"],"picked":"Sanctity","floor":13.0},{"not_picked":["SpiritShield","Vault"],"picked":"Ragnarok","floor":16.0},{"not_picked":["ThirdEye","EmptyFist","Consecrate"],"picked":"SKIP","floor":18.0},{"not_picked":["WaveOfTheHand","Consecrate"],"picked":"LessonLearned","floor":23.0},{"not_picked":["Halt","Sanctity"],"picked":"Wireheading","floor":25.0},{"not_picked":["EmptyMind","JustLucky"],"picked":"BowlingBash","floor":27.0},{"not_picked":["WaveOfTheHand","BattleHymn"],"picked":"SashWhip+1","floor":29.0},{"not_picked":["Perseverance","Sanctity"],"picked":"Swivel","floor":31.0},{"not_picked":["Wireheading","WreathOfFlame+1","SashWhip","PathToVictory+1"],"picked":"SKIP","floor":35.0},{"not_picked":["CutThroughFate","PathToVictory","Perseverance+1"],"picked":"Scrawl","floor":36.0},{"not_picked":["Crescendo+1","PathToVictory","CutThroughFate"],"picked":"EmptyMind","floor":39.0},{"not_picked":["Evaluate","CutThroughFate+1","Consecrate"],"picked":"Wallop","floor":40.0},{"not_picked":["BowlingBash","Crescendo","SashWhip"],"picked":"DevaForm","floor":42.0},{"not_picked":["SashWhip","Conclude","ReachHeaven","PathToVictory"],"picked":"SKIP","floor":46.0},{"not_picked":["SashWhip","Conclude","ReachHeaven","PathToVictory"],"picked":"SKIP","floor":46.0},{"not_picked":["CutThroughFate","CrushJoints+1","SignatureMove","Consecrate"],"picked":"SKIP","floor":47.0},{"not_picked":["ConjureBlade","Crescendo+1","JustLucky"],"picked":"Wallop+1","floor":48.0},{"not_picked":["CrushJoints","FlyingSleeves+1","SignatureMove","Halt"],"picked":"SKIP","floor":55.0}],"player_experience":1285344,"relics_obtained":[{"floor":7.0,"key":"TeardropLocket"},{"floor":9.0,"key":"White Beast Statue"},{"floor":10.0,"key":"Mummified Hand"},{"floor":13.0,"key":"Gremlin Horn"},{"floor":20.0,"key":"Red Mask"},{"floor":23.0,"key":"Old Coin"},{"floor":26.0,"key":"Mango"},{"floor":34.0,"key":"Akabeko"},{"floor":34.0,"key":"Question Card"},{"floor":34.0,"key":"Ginger"},{"floor":36.0,"key":"CloakClasp"},{"floor":40.0,"key":"Strawberry"},{"floor":42.0,"key":"Orichalcum"},{"floor":43.0,"key":"Ornamental Fan"},{"floor":48.0,"key":"Bag of Marbles"},{"floor":55.0,"key":"InkBottle"}],"event_choices":[{"cards_removed":["Defend_P"],"damage_healed":0.0,"max_hp_gain":0.0,"max_hp_loss":0.0,"gold_gain":0.0,"event_name":"Purifier","player_choice":"Purged","floor":2.0,"gold_loss":0.0,"damage_taken":0.0},{"damage_healed":0.0,"max_hp_gain":0.0,"max_hp_loss":0.0,"gold_gain":0.0,"event_name":"The Library","player_choice":"Read","floor":19.0,"gold_loss":0.0,"damage_taken":0.0,"cards_obtained":["Ragnarok"]},{"damage_healed":0.0,"max_hp_gain":0.0,"max_hp_loss":0.0,"gold_gain":0.0,"event_name":"Masked Bandits","player_choice":"Fought Bandits","floor":20.0,"gold_loss":0.0,"damage_taken":0.0},{"damage_healed":0.0,"max_hp_gain":0.0,"max_hp_loss":0.0,"gold_gain":0.0,"event_name":"Designer","player_choice":"Upgraded Two","floor":21.0,"gold_loss":50.0,"damage_taken":0.0,"cards_upgraded":["Strike_P","Strike_P"]},{"damage_healed":0.0,"max_hp_gain":0.0,"max_hp_loss":0.0,"gold_gain":0.0,"event_name":"MindBloom","player_choice":"Fight","floor":36.0,"gold_loss":0.0,"damage_taken":0.0},{"damage_healed":0.0,"max_hp_gain":0.0,"max_hp_loss":0.0,"gold_gain":222.0,"event_name":"Tomb of Lord Red Mask","player_choice":"Wore Mask","floor":44.0,"gold_loss":0.0,"damage_taken":0.0}],"is_beta":false,"boss_relics":[{"not_picked":["Busted Crown","Empty Cage"],"picked":"SlaversCollar"},{"not_picked":["Runic Dome","Runic Pyramid"],"picked":"Calling Bell"}],"items_purged_floors":[30,38,54],"is_endless":false,"potions_floor_spawned":[1,8,10,11,13,16,18,20,23,25,27,29,31,33,35,36,39,40,42,46,47,48,55],"killed_by":"The Heart","ascension_level":20}}