{"host":"h2977v3ax51ohsow","time":1614344740,"event":{"mods":["Act Like it!","BaseMod","Colored Powertips","Library of Ruina","Library of Ruina Extra","Marisa£®ÏF”Í°°ƒß¿Ì…≥£©","Minty Spire (QoL Compilation)","Quick Restart","StSLib","noobMod"],"gold_per_floor":[117,117,132,147,165,191,191,211,280,305,317,352,58,68,68,168,168,184,198,198,123,143,143,172,172,241,275,275,290,136,96,96,193,193,207,221,221,235,288,315,315,343,394,409,409,425,425,425,425,425,425,425,425,20,48,48],"floor_reached":57,"language":"ZHS","playtime":2329,"items_purged":["CombatPreparation"],"score":2028,"play_id":"c863fc17-1c98-4094-8495-f8e1e67bb8b0","local_time":"20210226210540","is_ascension_mode":true,"campfire_choices":[{"data":"DegradedPillar","floor":7.0,"key":"SMITH"},{"data":"DegradedPillar","floor":15.0,"key":"SMITH"},{"data":"ToWhereThePrescriptPoints","floor":23.0,"key":"SMITH"},{"floor":25.0,"key":"RECALL"},{"data":"DegradedShockwave","floor":28.0,"key":"SMITH"},{"data":"DegradedLock","floor":32.0,"key":"SMITH"},{"data":"Faith","floor":41.0,"key":"SMITH"},{"data":"MirageStorm","floor":45.0,"key":"SMITH"},{"data":"UnforgettableMelody","floor":47,"key":"SMITH"},{"data":"Apotheosis","floor":49,"key":"SMITH"},{"data":"EnergyBeam","floor":53,"key":"SMITH"}],"circlet_count":0,"master_deck":["DegradedFairy","DegradedFairy","DegradedFairy","DegradedChain","DegradedChain","DegradedLock+1","DegradedPillar+1","DegradedPillar+1","DegradedShockwave+1","WillOfThePrescript","ToWhereThePrescriptPoints+1","GrazeTheGrass","FrontalAssault","Unlock1","UnforgettableMelody+1","UnavoidableGaze+1","SomberProcuration","Tttonst+1","HardRehearsal+1","Faith+1","MirageStorm+1","Outburst+1","EnergyBeam+1","TheWillOfTheCity+1","Apotheosis+1","GroundSmash"],"relics":["PageOfLibrarian","ice","Omamori","Bronze Scales","Prayer Wheel","Matryoshka","Nunchaku","PageOfThreeBirds","PageOfTheKnightOfDespair","SlaversCollar","PageOfTheQueenOfHatred","PageOfGreed","PageOfWrath","PageOfNihil","Lantern","Snecko Eye","CatCart","Lizard Tail","PageOfSpiderBud","Anchor","Dream Catcher","Pen Nib","Sundial","Toy Ornithopter"],"acts_visited":["Exordium","TheCity","TheBeyond","TheEnding"],"potions_floor_usage":[51,51,51],"damage_taken":[{"damage":0.0,"enemies":"Small Slimes","floor":1.0,"turns":1.0},{"damage":0.0,"enemies":"Cultist","floor":3.0,"turns":1.0},{"damage":0.0,"enemies":"Jaw Worm","floor":4.0,"turns":1.0},{"damage":0.0,"enemies":"Red Slaver","floor":5.0,"turns":1.0},{"damage":0.0,"enemies":"Lagavulin","floor":6.0,"turns":2.0},{"damage":0.0,"enemies":"2 Fungi Beasts","floor":8.0,"turns":1.0},{"damage":0.0,"enemies":"Gremlin Nob","floor":10.0,"turns":2.0},{"damage":0.0,"enemies":"Lots of Slimes","floor":11.0,"turns":2.0},{"damage":0.0,"enemies":"3 Sentries","floor":12.0,"turns":1.0},{"damage":0.0,"enemies":"Exordium Wildlife","floor":14.0,"turns":1.0},{"damage":10.0,"enemies":"The Guardian","floor":16.0,"turns":1.0},{"damage":0.0,"enemies":"Spheric Guardian","floor":18.0,"turns":1.0},{"damage":2.0,"enemies":"Shell Parasite","floor":19.0,"turns":1.0},{"damage":1.0,"enemies":"Shelled Parasite and Fungi","floor":22.0,"turns":1.0},{"damage":5.0,"enemies":"Book of Stabbing","floor":24.0,"turns":1.0},{"damage":1.0,"enemies":"Slavers","floor":27.0,"turns":2.0},{"damage":24.0,"enemies":"Gremlin Leader","floor":29.0,"turns":4.0},{"damage":4.0,"enemies":"Champ","floor":33.0,"turns":2.0},{"damage":0.0,"enemies":"3 Shapes","floor":35.0,"turns":1.0},{"damage":0.0,"enemies":"Orb Walker","floor":36.0,"turns":1.0},{"damage":1.0,"enemies":"Transient","floor":38.0,"turns":2.0},{"damage":0.0,"enemies":"Orin","floor":39.0,"turns":2.0},{"damage":0.0,"enemies":"Giant Head","floor":40.0,"turns":2.0},{"damage":0.0,"enemies":"Nemesis","floor":42.0,"turns":1.0},{"damage":0.0,"enemies":"Jaw Worm Horde","floor":44.0,"turns":1.0},{"damage":0,"enemies":"Spire Growth","floor":46,"turns":1},{"damage":0,"enemies":"Awakened One","floor":50,"turns":3},{"damage":16,"enemies":"Awakened One","floor":51,"turns":2},{"damage":0,"enemies":"Shield and Spear","floor":55,"turns":1},{"damage":16,"enemies":"The Heart","floor":56,"turns":3}],"seed_played":"-7293871037451999106","potions_obtained":[{"floor":3.0,"key":"FearPotion"},{"floor":4.0,"key":"GamblersBrew"},{"floor":6.0,"key":"Strength Potion"},{"floor":8.0,"key":"LiquidMemories"},{"floor":22.0,"key":"ColorlessPotion"},{"floor":29.0,"key":"Block Potion"},{"floor":36.0,"key":"Energy Potion"},{"floor":39.0,"key":"Swift Potion"}],"is_trial":false,"path_per_floor":["M","?","M","M","M","E","R","M","T","E","M","E","$","M","R","B",null,"M","M","?","$","M","R","E","R","T","E","R","E","$","?","R","B",null,"M","M","?","M","?","E","R","E","T","M","R","M","R","?","R","B",null,null,"R","$","E","B",null],"character_chosen":"Librarian","items_purchased":["PageOfTheKnightOfDespair","Lantern","Pen Nib","Sundial"],"campfire_rested":0,"item_purchase_floors":[13,30,54,54],"current_hp_per_floor":[60,60,60,60,60,60,60,60,60,60,60,60,60,60,60,50,90,90,88,88,88,87,87,82,82,82,81,81,57,57,57,57,53,90,90,90,90,89,89,89,89,89,89,89,89,89,89,89,89,89,75,90,90,90,90,74],"gold":48,"neow_bonus":"RANDOM_COMMON_RELIC","is_daily":false,"chose_seed":false,"campfire_upgraded":10,"win_rate":0.0,"timestamp":1614344740,"path_taken":["M","?","?","M","?","E","R","M","T","E","?","E","$","M","R","BOSS","M","M","?","$","?","R","E","R","T","E","R","E","?","?","R","BOSS","M","?","?","M","?","E","R","E","T","M","R","M","R","?","R","BOSS","R","$","E","BOSS"],"items_purchased_type":["Relic","Relic","Relic","Relic"],"build_version":"2020-12-22","purchased_purges":1,"victory":true,"max_hp_per_floor":[90,90,90,90,90,90,90,90,90,90,90,90,90,90,90,90,90,90,90,90,90,90,90,90,90,90,90,90,90,90,90,90,90,90,90,90,90,90,90,90,90,90,90,90,90,90,90,90,90,90,90,90,90,90,90,90],"card_choices":[{"not_picked":["GuidanceOfTheGears","UncannyStrike","FaintMemories","Wallop_lor","Outburst","BindingChains","Quickness","CoordinatedAssault"],"picked":"WillOfThePrescript","floor":1.0},{"not_picked":["StructuralAnalysis","SunsetBlade","SinglePointStab","BiAn","Riposte","Faith","HighKick","QuickSuppression","Eradication"],"picked":"SKIP","floor":3.0},{"not_picked":["Quickness","TendonChords","GrazeTheGrass","Wallop_lor","AbsorbImpact","BiAn","ShockingBlow","BiteOff"],"picked":"Faith","floor":4.0},{"not_picked":["GuardingStance","DesperateStruggle","TendonChords","MirageStorm","MultiHit","FierceCharge","StructuralAnalysis","HiddenBlade"],"picked":"ToWhereThePrescriptPoints","floor":5.0},{"not_picked":["FlyingSword","Outburst","SerpentSwordTechnique","SavageMode","HighKick","MultiHit","PreemptiveStrike","BladeWhirl","Standoff"],"picked":"SKIP","floor":6.0},{"not_picked":["Reload","HighSpeedStabbing","BiAn","SharpSwipe","FierceCharge","Faith","WillOfThePrescript","ElectricShock"],"picked":"GrazeTheGrass","floor":8.0},{"not_picked":["MultiBlock","ExtractFuel","BlowItUp","Creak","WillProduceFineSilk","SkyClearingCut","Standoff","GuardingStance","EnergyShield"],"picked":"SKIP","floor":8.0},{"not_picked":["Outburst","Bvapour","DefenseOrder","Eradication","VioletBlade","YouOnlyLiveOnce","BiteOff","Leap_lor"],"picked":"FrontalAssault","floor":10.0},{"not_picked":["FlyingSword","HandleRequest","TraceOfFumes","TheArtOfRapidSteps","HighKick","Thrust","MultiHit","FierceCharge","GuidanceOfTheGears"],"picked":"SKIP","floor":11.0},{"not_picked":["MindWhip","BiAn","WildCard","GuidanceOfTheGears","Standoff","Marionette","MultiBlock","AsThePrescriptOrders","Rewind"],"picked":"SKIP","floor":11.0},{"not_picked":["SharpSwipe","SerpentSwordTechnique","QuickAttack","RagingStormLove","SinglePointStab","SmokingPipe","Rewind","YoureAHindrance"],"picked":"Unlock1","floor":12.0},{"not_picked":["SturdyDefense","Pound","Rewind","Outburst","EnergyStrike","DarkCloud","PreemptiveStrike","Overpower","StructuralAnalysis"],"picked":"SKIP","floor":14.0},{"not_picked":["DesperateStruggle","WillBeTasty","Quickness","SparkingSpear","Overpower","FlyingSword","MirageStorm","CookingPrep","Unlock1"],"picked":"SKIP","floor":14.0},{"not_picked":["CrackOfDawn","SuanNi"],"picked":"UnforgettableMelody","floor":16.0},{"not_picked":["AGoldenOpportunity","BiAn","SinglePointStab","FeatherShield","FierceCharge+1","SturdyDefense+1","Pound","SpearedSweep+1"],"picked":"UnavoidableGaze+1","floor":18.0},{"not_picked":["HighKick+1","Wallop_lor","QuickAttack","Eliminate","Thrust+1","GuidanceOfTheGears+1","ShockRound","Duel_lor","SilentMist+1"],"picked":"SKIP","floor":18.0},{"not_picked":["BindingChains","Concentration+1","SnakesPrey","Eradication","AsThePrescriptOrders","StayCalm+1","EnergyStrike+1","SetFire","SerpentSwordTechnique"],"picked":"SKIP","floor":19.0},{"not_picked":["Disposal","SpearedSweep","Diversion","ShockRound","UnavoidableGaze","WillOfThePrescript","CoordinatedAssault+1","YoureAHindrance+1","HiddenBlade+1"],"picked":"SKIP","floor":19.0},{"not_picked":["AsThePrescriptOrders","Unlock1","Diversion","ForTheFamily","VioletBlade","GrazeTheGrass","LawAndOrder+1","SuppressingShot"],"picked":"SomberProcuration","floor":22.0},{"not_picked":["FormingStorm","HandlingWork","SharpSwipe","FlashOfSunup","DevastatingThrash","MultiHit+1","AutomatedMovement","Reload+1","BurningFlash"],"picked":"SKIP","floor":22.0},{"not_picked":["DevastatingThrash","CoordinatedAssault+1","TasteMyFlamingBat","TheArtOfRapidSteps","RagingStormLove","SerpentSwordTechnique","MultiBlock","VenomousFangs","BayonetCombat"],"picked":"SKIP","floor":24.0},{"not_picked":["StrongStrike","ScatteringSlash","Parry2","Parry+1","ExtractFuel","UnavoidableGaze+1","BindingArms","MindCrush","StayCalm"],"picked":"SKIP","floor":27.0},{"not_picked":["HighKick+1","Outburst","Tailoring+1","SinglePointStab","Slice_lor+1","CoordinatedAssault","ExtremeEdge+1","GrazeTheGrass"],"picked":"Tttonst","floor":29.0},{"not_picked":["MultiBlock","SparkingSpear+1","ClassAndRespect","DeepDrag+1","UpbeatPerformance","FrontalAssault","SnakesPrey","WillOfThePrescript","Unlock1"],"picked":"SKIP","floor":29.0},{"not_picked":["GuardingStance","HandleRequest","EnergyStrike+1","AlloutWar+1","Pound+1","SearingSword","Reload","SnakesPrey+1","SerpentineBarrier+1"],"picked":"SKIP","floor":35.0},{"not_picked":["RapidGashes+1","KeepItFresh+1","Wallop_lor","TendonChords+1","FrontalAssault+1","SummaryJudgment","Multislash","SmokingPipe+1","ExtremeEdge+1"],"picked":"SKIP","floor":35.0},{"not_picked":["DesperateStruggle+1","Eliminate","BladeWhirl+1","EnergyStrike+1","AutonomousRush","Deflect_lor","SerpentineBarrier","GreatSerpentsImpact+1"],"picked":"HardRehearsal+1","floor":36.0},{"not_picked":["NightInTheBackstreets+1","UnavoidableGaze","BayonetCombat+1","SuppressingShot","Parry2","HiddenBlade","Rewind+1","TendonChords","SturdyDefense"],"picked":"SKIP","floor":36.0},{"not_picked":["SearingSword","CoordinatedAssault+1","SunsetBlade","BackAttack","Multislash","KeepItFresh+1","Pound+1","HighKick+1"],"picked":"Faith","floor":38.0},{"not_picked":["IllEndYou+1","SunsetBlade","FleetFootsteps","CleanUp","Parry2","Zzzzzap+1","DefenseOrder+1","SuppressingShot","ViolentFlame+1"],"picked":"SKIP","floor":38.0},{"not_picked":["DesperateStruggle","ChiWen","BindingChains","Pound+1","BackAttack+1","WillOfThePrescript","Quickness+1","RapidGashes"],"picked":"MirageStorm","floor":40.0},{"not_picked":["GuardingStance","SnakesPrey","Zzzzzap+1","AsThePrescriptOrders","SuanNi","Fence+1","ScatteringSlash+1","BizarreAttack"],"picked":"Outburst+1","floor":42.0},{"not_picked":["HiddenBlade","Standoff","StrongStrike","DesperateStruggle","ViolentFlame","CombatPreparation","EnergyStrike","DefenseOrder","QuickSuppression+1"],"picked":"SKIP","floor":44.0},{"not_picked":["RapidGashes+1","CutIn+1","DefenseOrder","SinglePointStab","ClassAndRespect+1","KeepItFresh","EnergyStrike+1","QuickSuppression","Rewind"],"picked":"SKIP","floor":44.0},{"not_picked":["SerpentSwordTechnique","TimeForALittleTest+1","GaleKick+1","Outburst+1","ClassAndRespect+1","Thrust+1","SuppressingShot+1","SearingSword+1"],"picked":"EnergyBeam","floor":46},{"not_picked":["HighKick","Standoff","Leap_lor+1","BlindFaith","TendonChords+1","WillOfThePrescript+1","TheRedNotes+1","SmokingPipe+1"],"picked":"TheWillOfTheCity+1","floor":46},{"not_picked":["Purity","Mind Blast","PanicButton","Good Instincts","Violence","Metamorphosis","Panache","Blind"],"picked":"Apotheosis","floor":48},{"not_picked":["AsThePrescriptOrders","UpbeatPerformance","MultiHit+1","Leap_lor+1","EnergyStrike","LawAndOrder","FeatherShield+1","FleetFootsteps"],"picked":"GroundSmash","floor":55}],"player_experience":131288,"relics_obtained":[{"floor":2.0,"key":"Bronze Scales"},{"floor":6.0,"key":"Prayer Wheel"},{"floor":9.0,"key":"Matryoshka"},{"floor":10.0,"key":"Nunchaku"},{"floor":12.0,"key":"PageOfThreeBirds"},{"floor":24.0,"key":"PageOfTheQueenOfHatred"},{"floor":26.0,"key":"PageOfGreed"},{"floor":27.0,"key":"PageOfWrath"},{"floor":29.0,"key":"PageOfNihil"},{"floor":39.0,"key":"CatCart"},{"floor":40.0,"key":"Lizard Tail"},{"floor":42.0,"key":"PageOfSpiderBud"},{"floor":43.0,"key":"Anchor"},{"floor":43.0,"key":"Dream Catcher"},{"floor":55,"key":"Toy Ornithopter"}],"event_choices":[{"damage_healed":0.0,"max_hp_gain":0.0,"max_hp_loss":0.0,"gold_gain":0.0,"event_name":"Wheel of Change","player_choice":"Relic","floor":2.0,"gold_loss":0.0,"damage_taken":0.0},{"damage_healed":0.0,"max_hp_gain":0.0,"max_hp_loss":0.0,"gold_gain":0.0,"cards_transformed":["Faith"],"event_name":"Transmorgrifier","player_choice":"Transformed","floor":20.0,"gold_loss":0.0,"damage_taken":0.0,"cards_obtained":["CombatPreparation"]},{"damage_healed":0.0,"max_hp_gain":0.0,"max_hp_loss":0.0,"gold_gain":0.0,"event_name":"Designer","player_choice":"Upgrade","floor":31.0,"gold_loss":40.0,"damage_taken":0.0,"cards_upgraded":["Tttonst"]},{"damage_healed":0.0,"max_hp_gain":0.0,"max_hp_loss":0.0,"gold_gain":0.0,"event_name":"Tomb of Lord Red Mask","player_choice":"Ignored","floor":37.0,"gold_loss":0.0,"damage_taken":0.0},{"damage_healed":0.0,"max_hp_gain":0.0,"max_hp_loss":0.0,"gold_gain":0.0,"event_name":"OrinTheCat","player_choice":"Fight","floor":39.0,"gold_loss":0.0,"damage_taken":0.0},{"damage_healed":0,"gold_gain":0,"player_choice":"Memory 1","damage_taken":0,"max_hp_gain":0,"max_hp_loss":0,"event_name":"SensoryStone","floor":48,"gold_loss":0}],"is_beta":false,"boss_relics":[{"not_picked":["SacredBark","Sozu"],"picked":"SlaversCollar"},{"not_picked":["Runic Dome","Fusion Hammer"],"picked":"Snecko Eye"}],"items_purged_floors":[21],"is_endless":false,"potions_floor_spawned":[3,4,6,8,11,22,29,36,38,39,44],"ascension_level":3}}