{"host":"3n5xmnb54n2y5mb4","time":1614297703,"event":{"mods":["BaseMod","Colored Map","Colored Powertips","Minty Spire (QoL Compilation)","Permanent Neow","StSLib","Unceasing Turn Reminder","everything is the same but u backflip on backflip"],"gold_per_floor":[112,112,112,127,147,173,19,50,50,50,78,78,92,125,125,199,199,212,230,83,83,101,135,152,168,238,248,248,248,278,296,296,367,367,385,400,420,433,78,78,78],"floor_reached":40,"language":"ENG","playtime":1943,"items_purged":["Strike_R"],"score":784,"play_id":"b4c2f5b6-948b-48db-9fc6-16367c88504c","local_time":"20210225190143","is_ascension_mode":true,"campfire_choices":[{"floor":10,"key":"REST"},{"floor":12,"key":"REST"},{"floor":15,"key":"REST"},{"floor":29,"key":"REST"},{"floor":32,"key":"REST"}],"circlet_count":0,"master_deck":["AscendersBane","Strike_R","Strike_R","Strike_R","Defend_R","Defend_R","Defend_R","Defend_R","Bash","Flash of Steel","Anger+1","Flame Barrier","Battle Trance","Battle Trance+1","Evolve+1","Rage+1","Uppercut","Uppercut","Immolate","Barricade+1","CurseOfTheBell","Anger","Entrench+1","Writhe","Dropkick","Shrug It Off+1","Flame Barrier+1","Seeing Red+1","Armaments+1","Fire Breathing+1","Reckless Charge","Thunderclap","Double Tap+1","Wild Strike+1","Reaper","Power Through+1","Madness+1"],"relics":["Burning Blood","Frozen Egg 2","Toxic Egg 2","Champion Belt","Paper Frog","White Beast Statue","Letter Opener","Calling Bell","Blood Vial","HornCleat","CaptainsWheel","HandDrill","Lantern","Pen Nib","Eternal Feather","Prayer Wheel","Cursed Key","Meat on the Bone"],"acts_visited":["Exordium","TheCity","TheBeyond"],"potions_floor_usage":[8,16,19,23,25,35,40],"damage_taken":[{"damage":13,"enemies":"Jaw Worm","floor":1,"turns":4},{"damage":0,"enemies":"Cultist","floor":4,"turns":3},{"damage":4,"enemies":"Small Slimes","floor":5,"turns":3},{"damage":25,"enemies":"3 Sentries","floor":6,"turns":9},{"damage":28,"enemies":"Gremlin Nob","floor":8,"turns":5},{"damage":15,"enemies":"3 Sentries","floor":11,"turns":7},{"damage":6,"enemies":"Gremlin Gang","floor":13,"turns":5},{"damage":20,"enemies":"Gremlin Nob","floor":14,"turns":5},{"damage":18,"enemies":"Slime Boss","floor":16,"turns":7},{"damage":2,"enemies":"Chosen","floor":18,"turns":6},{"damage":13,"enemies":"3 Byrds","floor":19,"turns":5},{"damage":11,"enemies":"Centurion and Healer","floor":22,"turns":6},{"damage":71,"enemies":"Gremlin Leader","floor":23,"turns":9},{"damage":10,"enemies":"Sentry and Sphere","floor":24,"turns":7},{"damage":19,"enemies":"3 Cultists","floor":25,"turns":7},{"damage":5,"enemies":"Centurion and Healer","floor":27,"turns":9},{"damage":14,"enemies":"Slavers","floor":30,"turns":5},{"damage":43,"enemies":"Cultist and Chosen","floor":31,"turns":6},{"damage":35,"enemies":"Automaton","floor":33,"turns":11},{"damage":13,"enemies":"3 Darklings","floor":35,"turns":3},{"damage":7,"enemies":"Orb Walker","floor":36,"turns":3},{"damage":23,"enemies":"Sphere and 2 Shapes","floor":37,"turns":6},{"damage":13,"enemies":"Jaw Worm Horde","floor":38,"turns":5},{"damage":85,"enemies":"Giant Head","floor":40,"turns":8}],"seed_played":"-7298733339804804710","potions_obtained":[{"floor":1,"key":"Weak Potion"},{"floor":11,"key":"Explosive Potion"},{"floor":13,"key":"Fire Potion"},{"floor":16,"key":"Weak Potion"},{"floor":19,"key":"Weak Potion"},{"floor":22,"key":"BloodPotion"},{"floor":23,"key":"Weak Potion"},{"floor":24,"key":"FearPotion"},{"floor":25,"key":"DuplicationPotion"},{"floor":35,"key":"LiquidBronze"},{"floor":37,"key":"Dexterity Potion"}],"is_trial":false,"path_per_floor":["M","?","?","M","M","E","$","E","T","R","E","R","M","E","R","B",null,"M","M","$","?","M","E","M","M","T","M","?","R","E","M","R","B",null,"M","M","M","M","$","E"],"character_chosen":"IRONCLAD","items_purchased":["Evolve+1","HandDrill","Madness+1","Meat on the Bone"],"campfire_rested":5,"item_purchase_floors":[7,20,39,39],"current_hp_per_floor":[65,47,47,53,55,36,36,14,14,38,29,53,53,39,63,51,73,79,73,73,73,70,23,21,10,10,13,13,55,49,14,56,29,67,62,63,56,59,59,0,0],"gold":78,"neow_bonus":"RANDOM_COLORLESS","is_daily":false,"chose_seed":false,"campfire_upgraded":0,"win_rate":0.0,"timestamp":1614297703,"path_taken":["M","?","?","M","M","E","$","E","T","R","E","R","M","E","R","BOSS","M","?","$","?","M","E","M","M","T","M","?","R","E","M","R","BOSS","M","?","?","M","?","E"],"items_purchased_type":["Card","Relic","Card","Relic"],"build_version":"2020-12-22","purchased_purges":1,"victory":false,"max_hp_per_floor":[80,80,80,80,80,80,80,80,80,80,80,80,80,80,80,80,80,80,80,80,80,80,80,80,80,80,80,80,80,80,80,80,80,80,80,80,80,80,80,80,80],"card_choices":[{"not_picked":["Purity","Discovery"],"picked":"Flash of Steel","floor":0},{"not_picked":["Flex","Headbutt"],"picked":"Anger","floor":1},{"not_picked":["Cleave","Havoc"],"picked":"Flame Barrier","floor":4},{"not_picked":["Perfected Strike","Havoc"],"picked":"Battle Trance","floor":5},{"not_picked":["Dark Embrace+1","Blood for Blood"],"picked":"Battle Trance+1","floor":6},{"not_picked":["Pommel Strike","Dark Embrace+1"],"picked":"Rage+1","floor":8},{"not_picked":["Cleave","Second Wind+1"],"picked":"Uppercut","floor":11},{"not_picked":["Havoc+1","Sword Boomerang"],"picked":"Uppercut","floor":13},{"not_picked":["Heavy Blade","Seeing Red+1"],"picked":"Immolate","floor":14},{"not_picked":["Juggernaut+1","Fiend Fire"],"picked":"Barricade+1","floor":16},{"not_picked":["Warcry+1","Carnage+1"],"picked":"Anger","floor":18},{"not_picked":["True Grit+1","Intimidate+1"],"picked":"Entrench+1","floor":19},{"not_picked":["Uppercut","Battle Trance+1"],"picked":"Dropkick","floor":22},{"not_picked":["Sentinel+1","Twin Strike"],"picked":"Shrug It Off+1","floor":23},{"not_picked":["Wild Strike","Havoc+1"],"picked":"Flame Barrier+1","floor":24},{"not_picked":["Warcry+1","Twin Strike"],"picked":"Seeing Red+1","floor":25},{"not_picked":["Twin Strike","Juggernaut+1"],"picked":"Armaments+1","floor":27},{"not_picked":["Cleave","Flame Barrier+1","Pommel Strike"],"picked":"SKIP","floor":30},{"not_picked":["Berserk+1","Seeing Red+1"],"picked":"Reckless Charge","floor":31},{"not_picked":["Whirlwind","Battle Trance+1"],"picked":"Thunderclap","floor":31},{"not_picked":["Demon Form+1","Fiend Fire"],"picked":"Double Tap+1","floor":33},{"not_picked":["Flex+1","Clash"],"picked":"Wild Strike+1","floor":35},{"not_picked":["Uppercut","Dual Wield+1","True Grit+1"],"picked":"SKIP","floor":35},{"not_picked":["Flex+1","Armaments+1"],"picked":"Reaper","floor":36},{"not_picked":["Perfected Strike","Battle Trance+1","Heavy Blade"],"picked":"SKIP","floor":36},{"not_picked":["Twin Strike+1","Clash+1","Hemokinesis"],"picked":"SKIP","floor":37},{"not_picked":["Iron Wave","Carnage","Sword Boomerang"],"picked":"SKIP","floor":37},{"not_picked":["Bloodletting+1","Iron Wave"],"picked":"Power Through+1","floor":38},{"not_picked":["Warcry+1","Havoc+1","Blood for Blood+1"],"picked":"SKIP","floor":38}],"player_experience":1037279,"relics_obtained":[{"floor":6,"key":"Toxic Egg 2"},{"floor":8,"key":"Champion Belt"},{"floor":9,"key":"Paper Frog"},{"floor":11,"key":"White Beast Statue"},{"floor":14,"key":"Letter Opener"},{"floor":17,"key":"Blood Vial"},{"floor":17,"key":"HornCleat"},{"floor":17,"key":"CaptainsWheel"},{"floor":23,"key":"Pen Nib"},{"floor":26,"key":"Eternal Feather"},{"floor":30,"key":"Prayer Wheel"}],"event_choices":[{"damage_healed":0,"gold_gain":0,"player_choice":"Success","damage_taken":18,"relics_obtained":["Frozen Egg 2"],"max_hp_gain":0,"max_hp_loss":0,"event_name":"Scrap Ooze","floor":2,"gold_loss":0},{"damage_healed":0,"gold_gain":0,"player_choice":"Upgraded","damage_taken":0,"max_hp_gain":0,"max_hp_loss":0,"event_name":"Upgrade Shrine","floor":3,"gold_loss":0,"cards_upgraded":["Anger"]},{"damage_healed":0,"gold_gain":0,"player_choice":"Opened","damage_taken":0,"relics_obtained":["Lantern"],"max_hp_gain":0,"max_hp_loss":0,"event_name":"The Mausoleum","floor":21,"gold_loss":0,"cards_obtained":["Writhe"]},{"damage_healed":0,"gold_gain":0,"cards_transformed":["Strike_R"],"player_choice":"Transformed","damage_taken":0,"max_hp_gain":0,"max_hp_loss":0,"event_name":"Transmorgrifier","floor":28,"gold_loss":0,"cards_obtained":["Fire Breathing"]}],"is_beta":false,"boss_relics":[{"not_picked":["Busted Crown","Tiny House"],"picked":"Calling Bell"},{"not_picked":["Runic Pyramid","Runic Cube"],"picked":"Cursed Key"}],"items_purged_floors":[7],"is_endless":false,"potions_floor_spawned":[1,11,13,14,16,18,19,22,23,24,25,27,30,31,33,35,36,37,38],"killed_by":"Giant Head","ascension_level":13}}