{"host":"3c8x8j1h2jyrixpf","time":1614380117,"event":{"mods":["BaseMod","Minty Spire (QoL Compilation)","StSLib"],"gold_per_floor":[169,169,169,181,83,83,115,130,153,153,16,16,49,64,64,140,140,155,155,82,96,111,111,76,76,76,109,125,125,125,125],"floor_reached":30,"language":"ENG","playtime":1197,"items_purged":["Strike_B","Strike_B"],"score":435,"play_id":"d8825f3b-49d6-4763-aa4a-007d278c824e","local_time":"20210226165517","is_ascension_mode":true,"campfire_choices":[{"data":"Gash","floor":6,"key":"SMITH"},{"data":"Reinforced Body","floor":10,"key":"SMITH"},{"data":"Coolheaded","floor":12,"key":"SMITH"},{"floor":15,"key":"REST"},{"data":"Darkness","floor":23,"key":"SMITH"},{"data":"Reprogram","floor":25,"key":"SMITH"},{"floor":29,"key":"REST"}],"circlet_count":0,"master_deck":["AscendersBane","Strike_B+1","Defend_B","Defend_B","Defend_B","Zap","Dualcast","Rebound","Gash+1","Cold Snap","Coolheaded+1","Reinforced Body+1","Coolheaded","FTL","Self Repair","All For One","Reboot","Hello World","Doom and Gloom","Darkness+1","Doom and Gloom+1","Reprogram+1","Scrape+1","Reprogram"],"relics":["Tiny House","Vajra","Oddly Smooth Stone","Cursed Key","Regal Pillow"],"acts_visited":["Exordium","TheCity"],"potions_floor_usage":[],"damage_taken":[{"damage":13,"enemies":"Jaw Worm","floor":1,"turns":4},{"damage":4,"enemies":"Small Slimes","floor":4,"turns":3},{"damage":21,"enemies":"3 Sentries","floor":7,"turns":12},{"damage":0,"enemies":"Cultist","floor":8,"turns":3},{"damage":9,"enemies":"Gremlin Nob","floor":13,"turns":4},{"damage":8,"enemies":"Lots of Slimes","floor":14,"turns":5},{"damage":17,"enemies":"Slime Boss","floor":16,"turns":15},{"damage":4,"enemies":"Spheric Guardian","floor":18,"turns":5},{"damage":3,"enemies":"Shell Parasite","floor":21,"turns":6},{"damage":7,"enemies":"Centurion and Healer","floor":22,"turns":6},{"damage":49,"enemies":"Slavers","floor":27,"turns":4},{"damage":28,"enemies":"Shelled Parasite and Fungi","floor":28,"turns":4},{"damage":54,"enemies":"Snake Plant","floor":30,"turns":4}],"seed_played":"6408814352989676881","potions_obtained":[{"floor":0,"key":"BlessingOfTheForge"},{"floor":4,"key":"SteroidPotion"},{"floor":16,"key":"Strength Potion"}],"is_trial":false,"path_per_floor":["M","?","?","M","$","R","E","M","T","R","$","R","E","M","R","B",null,"M","?","$","M","M","R","$","R","T","E","M","R","M"],"character_chosen":"DEFECT","items_purchased":["Coolheaded","FTL","Doom and Gloom","Reprogram"],"campfire_rested":2,"item_purchase_floors":[5,11,20,24],"current_hp_per_floor":[56,61,61,57,57,57,36,36,36,36,36,36,27,26,50,40,71,74,74,74,78,78,78,78,78,78,29,8,47,0,0],"gold":125,"neow_bonus":"BOSS_RELIC","is_daily":false,"chose_seed":false,"campfire_upgraded":5,"win_rate":0.0,"timestamp":1614380117,"path_taken":["M","?","?","M","$","R","E","M","T","R","$","R","E","M","R","BOSS","M","?","$","M","M","R","$","R","T","E","M","R","M"],"items_purchased_type":["Card","Card","Card","Card"],"build_version":"2020-12-22","purchased_purges":2,"victory":false,"max_hp_per_floor":[76,81,81,81,81,81,81,81,81,81,81,81,81,81,81,81,81,81,81,81,81,81,81,81,81,81,81,81,81,81,81],"card_choices":[{"not_picked":["Coolheaded","Turbo"],"picked":"Rebound","floor":0},{"not_picked":["Turbo","Compile Driver"],"picked":"Gash","floor":1},{"not_picked":["Stack","Redo"],"picked":"Cold Snap","floor":4},{"not_picked":["Go for the Eyes","Streamline"],"picked":"Reinforced Body","floor":7},{"not_picked":["Redo","Heatsinks"],"picked":"Coolheaded","floor":8},{"not_picked":["Cold Snap","Double Energy"],"picked":"Self Repair","floor":13},{"not_picked":["Compile Driver","Darkness"],"picked":"All For One","floor":14},{"not_picked":["Hyperbeam","Meteor Strike"],"picked":"Reboot","floor":16},{"not_picked":["Turbo","Chaos"],"picked":"Hello World","floor":18},{"not_picked":["White Noise","Stack"],"picked":"Darkness","floor":21},{"not_picked":["Leap","Barrage"],"picked":"Doom and Gloom+1","floor":22},{"not_picked":["Storm","Rip and Tear"],"picked":"Scrape+1","floor":27},{"not_picked":["Leap","Coolheaded"],"picked":"Reprogram","floor":28}],"player_experience":314457,"relics_obtained":[{"floor":7,"key":"Vajra"},{"floor":13,"key":"Oddly Smooth Stone"},{"floor":27,"key":"Regal Pillow"}],"event_choices":[{"damage_healed":0,"gold_gain":0,"player_choice":"Donut","damage_taken":0,"max_hp_gain":5,"max_hp_loss":0,"event_name":"Big Fish","floor":2,"gold_loss":0},{"cards_removed":["Strike_B"],"damage_healed":0,"gold_gain":0,"player_choice":"Offered Basic","damage_taken":0,"max_hp_gain":0,"max_hp_loss":0,"event_name":"Bonfire Elementals","floor":3,"gold_loss":0},{"cards_removed":["Defend_B"],"damage_healed":0,"gold_gain":0,"player_choice":"Purged","damage_taken":0,"max_hp_gain":0,"max_hp_loss":0,"event_name":"Purifier","floor":19,"gold_loss":0}],"is_beta":false,"boss_relics":[{"not_picked":["Astrolabe","Empty Cage"],"picked":"Cursed Key"}],"items_purged_floors":[5,11],"is_endless":false,"potions_floor_spawned":[4,7,16,21,27],"killed_by":"Snake Plant","ascension_level":14}}