{"host":"fbdlh90rovbiajun","time":1614319537,"event":{"mods":["AchievementEnabler","BaseMod","Colored Map","Keyboard Shortcuts","Minty Spire (QoL Compilation)","SuperFastMode"],"gold_per_floor":[119,194,194,125,136,136,136,136,159,159,170,170,95,110,110,208,208,218,218,118,133,144,144,144],"floor_reached":23,"language":"KOR","playtime":793,"items_purged":["Defend_P","Strike_P"],"score":269,"play_id":"a3d4e08e-68a0-4e4f-9182-540b2d39c4ff","local_time":"20210226150537","is_ascension_mode":true,"campfire_choices":[{"data":"Eruption","floor":6,"key":"SMITH"},{"data":"Adaptation","floor":8,"key":"SMITH"},{"data":"Vigilance","floor":15,"key":"SMITH"}],"circlet_count":0,"master_deck":["AscendersBane","Strike_P+1","Defend_P","Defend_P+1","Eruption+1","Vigilance+1","Adaptation+1","MentalFortress","Pray+1","EmptyMind+1","Pray+1"],"relics":["PureWater","NeowsBlessing","Happy Flower","Astrolabe"],"acts_visited":["Exordium","TheCity"],"potions_floor_usage":[16,16,16,23,23],"damage_taken":[{"damage":0,"enemies":"Cultist","floor":1,"turns":1},{"damage":0,"enemies":"2 Louse","floor":5,"turns":2},{"damage":0,"enemies":"Jaw Worm","floor":11,"turns":1},{"damage":6,"enemies":"3 Louse","floor":14,"turns":3},{"damage":47,"enemies":"Hexaghost","floor":16,"turns":9},{"damage":0,"enemies":"Spheric Guardian","floor":18,"turns":5},{"damage":32,"enemies":"Shell Parasite","floor":21,"turns":5},{"damage":9,"enemies":"Centurion and Healer","floor":22,"turns":5},{"damage":16,"enemies":"Slavers","floor":23,"turns":6}],"seed_played":"2442796173783516184","potions_obtained":[{"floor":11,"key":"EntropicBrew"},{"floor":14,"key":"LiquidMemories"},{"floor":16,"key":"BottledMiracle"}],"is_trial":false,"path_per_floor":["M","?","?","$","M","R","?","R","T","$","M","?","$","M","R","B",null,"M","?","$","M","M","E"],"character_chosen":"WATCHER","items_purchased":["Adaptation"],"campfire_rested":0,"item_purchase_floors":[4],"current_hp_per_floor":[65,54,40,40,40,40,40,40,40,40,40,64,64,58,58,11,57,57,57,57,25,16,0,0],"gold":144,"neow_bonus":"THREE_ENEMY_KILL","is_daily":false,"chose_seed":false,"campfire_upgraded":3,"win_rate":0.0,"timestamp":1614319537,"path_taken":["M","?","?","$","?","R","?","R","T","$","?","?","$","M","R","BOSS","M","?","$","M","M","E"],"items_purchased_type":["Card"],"build_version":"2020-12-22","purchased_purges":2,"victory":false,"max_hp_per_floor":[72,72,72,72,72,72,72,72,72,72,72,72,72,72,72,72,72,72,72,72,72,72,72,72],"card_choices":[{"not_picked":["FlurryOfBlows","DeceiveReality","WaveOfTheHand"],"picked":"SKIP","floor":1},{"not_picked":["FlyingSleeves","Sanctity","JustLucky"],"picked":"SKIP","floor":5},{"not_picked":["FlyingSleeves","Sanctity","JustLucky"],"picked":"SKIP","floor":5},{"not_picked":["FlyingSleeves","Sanctity","JustLucky"],"picked":"SKIP","floor":5},{"not_picked":["EmptyMind","BattleHymn"],"picked":"MentalFortress","floor":11},{"not_picked":["PathToVictory","Crescendo","Worship"],"picked":"SKIP","floor":14},{"not_picked":["Conclude+1","SashWhip","Protect"],"picked":"SKIP","floor":18},{"not_picked":["FlyingSleeves","BowlingBash","CutThroughFate+1"],"picked":"SKIP","floor":21},{"not_picked":["Blasphemy","CutThroughFate","BowlingBash+1"],"picked":"SKIP","floor":22}],"player_experience":134387,"relics_obtained":[{"floor":9,"key":"Happy Flower"}],"event_choices":[{"damage_healed":0,"gold_gain":75,"player_choice":"Gather Gold","damage_taken":11,"max_hp_gain":0,"max_hp_loss":0,"event_name":"World of Goop","floor":2,"gold_loss":0},{"damage_healed":0,"gold_gain":0,"player_choice":"Entered Light","damage_taken":14,"max_hp_gain":0,"max_hp_loss":0,"event_name":"Shining Light","floor":3,"gold_loss":0,"cards_upgraded":["Defend_P","Strike_P"]},{"damage_healed":0,"gold_gain":0,"player_choice":"0 cards matched","damage_taken":0,"max_hp_gain":0,"max_hp_loss":0,"event_name":"Match and Keep!","floor":7,"gold_loss":0,"cards_obtained":[]},{"damage_healed":24,"gold_gain":0,"player_choice":"Banana","damage_taken":0,"max_hp_gain":0,"max_hp_loss":0,"event_name":"Big Fish","floor":12,"gold_loss":0},{"damage_healed":0,"gold_gain":0,"player_choice":"Ignored","damage_taken":0,"max_hp_gain":0,"max_hp_loss":0,"event_name":"Ghosts","floor":19,"gold_loss":0}],"is_beta":false,"boss_relics":[{"not_picked":["Velvet Choker","Black Star"],"picked":"Astrolabe"}],"items_purged_floors":[13,20],"is_endless":false,"potions_floor_spawned":[11,14,16,21,22],"killed_by":"Slavers","ascension_level":10}}