{"host":"0y1696yaafq19vki","time":1614367339,"event":{"mods":["BaseMod","Colored Map","Conspire","Downfall","Hermit","Minty Spire (QoL Compilation)","Replay The Spire","StSLib"],"gold_per_floor":[99,118,70,70,81,107,107,7,21,36,51,68,133,18,32,135,135,135,152,166,186,186,203,203,216,231,231,248,264,264,249,267,363,413,10,20,39,39,50,61,139,151,151,151,151],"floor_reached":43,"language":"ENG","playtime":6036,"items_purged":[],"score":542,"play_id":"2894a487-c8d6-442a-83b1-d19b5babe688","local_time":"20210226192218","is_ascension_mode":false,"campfire_choices":[{"floor":1,"key":"RECALL"},{"floor":8,"key":"REST"},{"floor":18,"key":"DIG"},{"floor":30,"key":"REST"}],"circlet_count":0,"master_deck":["Slimebound:Strike_Slimebound","Slimebound:Strike_Slimebound","Slimebound:Strike_Slimebound","Slimebound:Tackle","Slimebound:Defend_Slimebound","Slimebound:Defend_Slimebound","Slimebound:Defend_Slimebound","Slimebound:Defend_Slimebound","Slimebound:Split+1","Slimebound:CorrosiveSpit","Slimebound:DisruptingSlam","Slimebound:LivingWall+1","Slimebound:Dissolve","Slimebound:GoopSpray","Pot Of Greed","Pot Of Greed","Slimebound:LeechEnergy","Slimebound:Prepare","Slimebound:SplitBruiser","Slimebound:SplitAcid","Slimebound:MinionMaster","Slimebound:SplitMire","Slimebound:AcidTongue+1","Slimebound:LeechingTouch","Slimebound:Repurpose","Pot Of Greed","Slimebound:RallyTheTroops","Slimebound:GrowthPunch","Slimebound:LivingWall","Slimebound:ItLooksTasty","Slimebound:SplitAcid","Slimebound:SlimeSpikes+1","Slimebound:HauntingLick","Slimebound:Grow+1","Slimebound:Schlurp","Slimebound:SamplingLick+1","Slimebound:Nibble+1","Slimebound:MassFeed","Pot Of Greed","Slimebound:SplitBruiser+1","Slimebound:SlimeBarrage+1","Slimebound:LeadByExample","Slimebound:FirmFortitude","Apotheosis","Metamorphosis","Deep Breath","Slimebound:SlimeBarrage","Slimebound:SplitMire+1","Slimebound:RejuvenatingLick+1","Slimebound:GoopSpray+1","Slimebound:ViciousTackle","Pot Of Greed","Parasite"],"relics":["Slimebound:AbsorbEndCombat","Bag of Marbles","Grinning Jar","downfall:HeartBlessingRed","Replay:Towering Pillar of Hats","Sozu","Centennial Puzzle","Bird Faced Urn","Tiny House","Replay:Bottled Eggs","ReplayTheSpireMod:ShopPack","Oddly Smooth Stone","Mercury Hourglass"],"acts_visited":["Exordium","TheCity","TheBeyond"],"potions_floor_usage":[43,43],"damage_taken":[{"damage":1,"enemies":"Jaw Worm","floor":2,"turns":4},{"damage":8,"enemies":"downfall:FleeingMerchant","floor":3,"turns":4},{"damage":1,"enemies":"Cultist","floor":5,"turns":4},{"damage":38,"enemies":"3 Sentries","floor":6,"turns":6},{"damage":0,"enemies":"conspire:RoseBush","floor":9,"turns":2},{"damage":12,"enemies":"Blue Slaver","floor":10,"turns":4},{"damage":4,"enemies":"2 Fungi Beasts","floor":11,"turns":3},{"damage":10,"enemies":"3 Louse","floor":12,"turns":3},{"damage":34,"enemies":"Gremlin Nob","floor":13,"turns":5},{"damage":8,"enemies":"downfall:FleeingMerchant","floor":14,"turns":4},{"damage":10,"enemies":"Exordium Wildlife","floor":15,"turns":4},{"damage":19,"enemies":"DF_ARCHETYPE_STREAMLINE","floor":16,"turns":12},{"damage":11,"enemies":"Shell Parasite","floor":19,"turns":4},{"damage":20,"enemies":"downfall:LooterAlt2","floor":20,"turns":4},{"damage":0,"enemies":"Snake Plant","floor":21,"turns":3},{"damage":22,"enemies":"Shelled Parasite and Fungi","floor":23,"turns":5},{"damage":7,"enemies":"conspire:HollyBat","floor":25,"turns":6},{"damage":6,"enemies":"3 Cultists","floor":26,"turns":4},{"damage":14,"enemies":"Shelled Parasite and Fungi","floor":28,"turns":5},{"damage":10,"enemies":"Centurion and Healer","floor":29,"turns":5},{"damage":4,"enemies":"downfall:FleeingMerchant","floor":31,"turns":4},{"damage":12,"enemies":"conspire:HollyBat","floor":32,"turns":6},{"damage":26,"enemies":"WA_ARCHETYPE_CALM","floor":33,"turns":8},{"damage":18,"enemies":"downfall:FleeingMerchant","floor":35,"turns":4},{"damage":12,"enemies":"3 Shapes","floor":36,"turns":3},{"damage":23,"enemies":"Orb Walker","floor":37,"turns":3},{"damage":18,"enemies":"Transient","floor":39,"turns":5},{"damage":27,"enemies":"3 Darklings","floor":40,"turns":5},{"damage":12,"enemies":"Spire Growth","floor":42,"turns":4},{"damage":28,"enemies":"Writhing Mass","floor":43,"turns":4}],"seed_played":"-960418489564541461","potions_obtained":[{"floor":5,"key":"FearPotion"},{"floor":6,"key":"GamblersBrew"},{"floor":9,"key":"Block Potion"}],"is_trial":false,"path_per_floor":["R_BF","M","$","?","M","E","T","R","M","M","M","M","?","$","M","B",null,"R_BF","M","M","M","?","M","T","M","M","?","M","M","R","$","M","B",null,"R_BF","M","M","?","M","M","T","M","M"],"character_chosen":"SLIMEBOUND","items_purchased":["Slimebound:LivingWall+1","Slimebound:AcidTongue+1","Slimebound:LeechingTouch","Slimebound:LeadByExample","Replay:Bottled Eggs","Slimebound:FirmFortitude","ReplayTheSpireMod:ShopPack","Oddly Smooth Stone"],"campfire_rested":2,"item_purchase_floors":[3,14,14,35,35,35,35,35],"current_hp_per_floor":[71,71,69,69,71,41,41,62,64,58,56,52,24,20,16,5,71,71,66,54,60,60,46,46,49,55,55,49,51,71,71,63,48,76,64,59,38,38,30,15,15,11,0,0,0],"gold":151,"neow_bonus":"TEN_PERCENT_HP_BONUS","is_daily":false,"chose_seed":false,"campfire_upgraded":0,"win_rate":0.0,"timestamp":1614367338,"path_taken":["R_BF","M","$","?","M","E","T","R","M","M","?","M","?","$","M","BOSS","R_BF","M","M","M","?","M","T","M","M","?","M","M","R","$","M","BOSS","R_BF","M","M","?","M","M","T","M","M"],"items_purchased_type":["Card","Card","Card","Card","Relic","Card","Relic","Relic"],"build_version":"2020-12-22","purchased_purges":0,"victory":false,"max_hp_per_floor":[71,71,71,71,71,71,71,71,71,71,71,71,71,71,71,71,71,71,71,71,71,71,71,71,71,71,71,71,71,71,71,71,71,76,76,79,79,79,79,79,79,79,79,79,79],"card_choices":[{"not_picked":["Slimebound:HauntingLick","Slimebound:PressTheAttack"],"picked":"Slimebound:SplitMire","floor":2},{"not_picked":["Slimebound:SplitMire","Slimebound:SplitAcid"],"picked":"Slimebound:DisruptingSlam","floor":3},{"not_picked":["Slimebound:SlimeBarrage","Slimebound:SplitAcid"],"picked":"Slimebound:Dissolve","floor":5},{"not_picked":["Slimebound:PressTheAttack","Slimebound:ForwardTackle"],"picked":"Slimebound:GoopSpray","floor":6},{"not_picked":["Slimebound:SamplingLick","Slimebound:Chomp"],"picked":"Slimebound:LeechEnergy","floor":9},{"not_picked":["Slimebound:ForwardTackle","Slimebound:RollThrough"],"picked":"Slimebound:Prepare","floor":10},{"not_picked":["Slimebound:LivingWall","Slimebound:FormOfPuddle"],"picked":"Slimebound:SplitBruiser","floor":11},{"not_picked":["Slimebound:LivingWall","Slimebound:MegaLick"],"picked":"Slimebound:SplitAcid","floor":12},{"not_picked":["Slimebound:ComboTackle","Slimebound:DisruptingSlam"],"picked":"Slimebound:MinionMaster","floor":13},{"not_picked":["Slimebound:SlimeTap","Slimebound:ForwardTackle"],"picked":"Slimebound:SplitMire","floor":14},{"not_picked":["Slimebound:SplitAcid","Slimebound:GoopTackle"],"picked":"Slimebound:Repurpose","floor":15},{"not_picked":["Slimebound:SelfFormingGoo","Slimebound:DuplicatedForm"],"picked":"Slimebound:RallyTheTroops","floor":16},{"not_picked":["Slimebound:ItLooksTasty","Slimebound:SplitLeeching"],"picked":"Slimebound:GrowthPunch","floor":19},{"not_picked":["Slimebound:SplitLeeching","Slimebound:LeechEnergy"],"picked":"Slimebound:LivingWall","floor":20},{"not_picked":["Slimebound:SamplingLick","Slimebound:SlimeTap+1"],"picked":"Slimebound:ItLooksTasty","floor":21},{"not_picked":["Slimebound:RollThrough","Slimebound:PressTheAttack"],"picked":"Slimebound:SplitAcid","floor":23},{"not_picked":["Slimebound:RollThrough","Slimebound:FinishingTackle"],"picked":"Slimebound:SlimeSpikes+1","floor":25},{"not_picked":["Slimebound:Dissolve","Slimebound:ProtectTheBoss"],"picked":"Slimebound:HauntingLick","floor":26},{"not_picked":["Slimebound:ItLooksTasty","Slimebound:HauntingLick"],"picked":"Slimebound:Grow+1","floor":28},{"not_picked":["Slimebound:SplitAcid+1","Slimebound:Dissolve"],"picked":"Slimebound:Schlurp","floor":29},{"not_picked":["Slimebound:Repurpose","Slimebound:SplitAcid"],"picked":"Slimebound:SamplingLick","floor":31},{"not_picked":["Slimebound:Gluttony","Slimebound:FinishingTackle+1"],"picked":"Slimebound:Nibble+1","floor":32},{"not_picked":["Slimebound:RallyTheTroops","Slimebound:DuplicatedForm"],"picked":"Slimebound:MassFeed","floor":33},{"not_picked":["Slimebound:FlameTackle","Slimebound:SplitLeeching"],"picked":"Slimebound:SplitBruiser+1","floor":34},{"not_picked":["Slimebound:SamplingLick","Slimebound:LeechEnergy"],"picked":"Slimebound:SlimeBarrage+1","floor":35},{"not_picked":["Magnetism","ReplayTheSpireMod:Brewmster"],"picked":"Apotheosis","floor":35},{"not_picked":["Jack Of All Trades","conspire:Banana"],"picked":"Metamorphosis","floor":35},{"not_picked":["Enlightenment","ReplayTheSpireMod:Uncanny Aura"],"picked":"Deep Breath","floor":35},{"not_picked":["Slimebound:ComboTackle+1","Slimebound:RollThrough+1"],"picked":"Slimebound:SlimeBarrage","floor":36},{"not_picked":["Slimebound:BestDefense+1","Slimebound:RejuvenatingLick"],"picked":"Slimebound:SplitMire+1","floor":37},{"not_picked":["Slimebound:SamplingLick","Slimebound:PressTheAttack+1"],"picked":"Slimebound:RejuvenatingLick+1","floor":39},{"not_picked":["Slimebound:GrowthPunch","Slimebound:PressTheAttack"],"picked":"Slimebound:GoopSpray+1","floor":40},{"not_picked":["Slimebound:LeechEnergy","Slimebound:Dissolve"],"picked":"Slimebound:ViciousTackle","floor":42}],"player_experience":76422,"relics_obtained":[{"floor":6,"key":"Bag of Marbles"},{"floor":7,"key":"Grinning Jar"},{"floor":13,"key":"Replay:Towering Pillar of Hats"},{"floor":18,"key":"Centennial Puzzle"},{"floor":24,"key":"Bird Faced Urn"},{"floor":41,"key":"Mercury Hourglass"}],"event_choices":[{"damage_healed":0,"gold_gain":0,"player_choice":"Leave","damage_taken":0,"max_hp_gain":0,"max_hp_loss":0,"event_name":"conspire:Investor","floor":27,"gold_loss":0},{"cards_removed":["Slimebound:SplitMire"],"damage_healed":0,"gold_gain":0,"player_choice":"Removed Skill","damage_taken":0,"max_hp_gain":0,"max_hp_loss":0,"event_name":"Falling","floor":38,"gold_loss":0}],"is_beta":false,"boss_relics":[{"not_picked":["Coffee Dripper","Fusion Hammer"],"picked":"Sozu"},{"not_picked":["SacredBark","Busted Crown"],"picked":"Tiny House"}],"items_purged_floors":[],"is_endless":false,"potions_floor_spawned":[5,6,9,10,15,20,21,23,25,29,33,37,39],"killed_by":"Writhing Mass","ascension_level":0}}