{"host":"iljn8z24jf01458o","time":1614298271,"event":{"mods":["AchievementEnabler","BaseMod","Colored Map","Colored Powertips","Duelist Mod","GifTheSpireLib","Minty Spire (QoL Compilation)","Quick Restart","Replay The Spire","StSLib","The IronCluck","everything is the same but u backflip on backflip"],"gold_per_floor":[109,122,68,121,121,121,146,179,179,213,213,238,163,202,202,328,328,352,366,366,366,381,417,417,437,437,437,461,80,80,80],"floor_reached":30,"language":"ENG","playtime":1082,"items_purged":["Regret","Replay:Undeath\u0027s Touch"],"score":425,"play_id":"1e279bf2-7eaf-4c29-ba3d-29172ce59976","local_time":"20210225191111","is_ascension_mode":true,"campfire_choices":[{"data":"Perfected Strike","floor":6.0,"key":"SMITH"},{"floor":15.0,"key":"REST"},{"floor":24,"key":"REST"},{"floor":27,"key":"REST"}],"circlet_count":0,"master_deck":["Strike_R","Strike_R","Strike_R","Strike_R","Strike_R","Defend_R","Defend_R","Defend_R","Defend_R","Bash","Perfected Strike+1","Wild Strike","Pommel Strike","Armaments","Demon Form","Twin Strike","Seeing Red","Impervious","ReplayTheSpireMod:Strike From Hell","Shrug It Off","Perfected Strike","Armaments+1","ReplayTheSpireMod:Stacked","ReplayTheSpireMod:LeadingStrike+1","Shrug It Off+1"],"relics":["Burning Blood","Kunai","Golden Idol","Question Card","Replay:Ringing Soul","Blue Doll","Replay:PocketPolymizer","Blue Candle","Black Star","MutagenicStrength","Replay:Accelerometer","Replay:Bottled Flurry","Bronze Scales","Molten Egg 2"],"acts_visited":["Exordium","TheCity"],"potions_floor_usage":[22],"damage_taken":[{"damage":9.0,"enemies":"Small Slimes","floor":1.0,"turns":3.0},{"damage":0.0,"enemies":"2 Louse","floor":2.0,"turns":2.0},{"damage":10.0,"enemies":"Jaw Worm","floor":7.0,"turns":3.0},{"damage":11.0,"enemies":"Gremlin Nob","floor":8.0,"turns":3.0},{"damage":42.0,"enemies":"3 Sentries","floor":10.0,"turns":9.0},{"damage":20.0,"enemies":"Exordium Wildlife","floor":12.0,"turns":5.0},{"damage":15.0,"enemies":"Lagavulin","floor":14.0,"turns":7.0},{"damage":10.0,"enemies":"The Guardian","floor":16.0,"turns":10.0},{"damage":12.0,"enemies":"Chosen","floor":18.0,"turns":3.0},{"damage":5,"enemies":"Spheric Guardian","floor":19,"turns":4},{"damage":45,"enemies":"3 Cultists","floor":22,"turns":7},{"damage":37,"enemies":"Slavers","floor":23,"turns":7},{"damage":4,"enemies":"Snecko","floor":25,"turns":3},{"damage":51,"enemies":"Centurion and Healer","floor":28,"turns":9},{"damage":45,"enemies":"Masked Bandits","floor":30,"turns":5}],"seed_played":"4866034605017564030","potions_obtained":[{"floor":2.0,"key":"SpeedPotion"},{"floor":8.0,"key":"Swift Potion"},{"floor":12.0,"key":"EntropicBrew"},{"floor":16.0,"key":"Explosive Potion"},{"floor":28,"key":"Reflective Coating"}],"is_trial":false,"path_per_floor":["M","M","$","?","?","R","M","E","T","E","?","M","$","E","R","B",null,"M","M","?","?","M","E","R","M","T","R","M","$","?"],"character_chosen":"IRONCLAD","items_purchased":["Pommel Strike","Molten Egg 2","Shrug It Off+1"],"campfire_rested":3,"item_purchase_floors":[3,29,29],"current_hp_per_floor":[69,75,75,75,74,74,70,65,65,37,37,26,26,25,53,52,80,74,78,81,81,45,17,47,52,52,83,41,44,0,0],"gold":80,"neow_bonus":"RANDOM_EVENT","is_daily":false,"chose_seed":false,"campfire_upgraded":1,"win_rate":0.0,"timestamp":1614298271,"path_taken":["M","M","$","?","?","R","M","E","T","E","?","M","?","E","R","BOSS","M","M","?","?","M","E","R","M","T","R","M","$","?"],"items_purchased_type":["Card","Relic","Card"],"build_version":"2020-12-22","purchased_purges":2,"victory":false,"max_hp_per_floor":[80,80,80,80,74,74,74,74,74,77,77,80,80,83,86,89,89,89,92,95,95,98,101,101,104,104,104,107,110,110,110],"card_choices":[{"not_picked":["Warcry","Flame Barrier"],"picked":"Perfected Strike","floor":1.0},{"not_picked":["Iron Wave","Offering"],"picked":"Wild Strike","floor":2.0},{"not_picked":["Clothesline","Heavy Blade"],"picked":"Armaments","floor":7.0},{"not_picked":["Rupture","Second Wind"],"picked":"Hemogenesis","floor":8.0},{"not_picked":["Flex","ReplayTheSpireMod:Limb From Limb","Burning Pact"],"picked":"Replay:Undeath\u0027s Touch","floor":10.0},{"not_picked":["Run Through","Warcry","Dropkick"],"picked":"Demon Form","floor":12.0},{"not_picked":["Perfected Strike","Power Through","Bloodletting"],"picked":"Twin Strike","floor":14.0},{"not_picked":["Double Tap","Feed","Offering"],"picked":"Impervious","floor":16.0},{"not_picked":["Twin Strike","Anger+1","Rupture","Run Through"],"picked":"SKIP","floor":18.0},{"not_picked":["Flex+1","Body Slam","Combust"],"picked":"ReplayTheSpireMod:Strike From Hell","floor":19},{"not_picked":["Replay:Many Hands","Pommel Strike","Abandon"],"picked":"Perfected Strike","floor":22},{"not_picked":["Run Through","Flex+1","Evolve"],"picked":"Armaments+1","floor":23},{"not_picked":["Flex","Abandon","Sword Boomerang"],"picked":"ReplayTheSpireMod:Stacked","floor":25},{"not_picked":["Warcry","Perfected Strike","Dropkick+1"],"picked":"ReplayTheSpireMod:LeadingStrike+1","floor":28}],"player_experience":307592,"relics_obtained":[{"floor":8.0,"key":"Question Card"},{"floor":9.0,"key":"Replay:Ringing Soul"},{"floor":10.0,"key":"Blue Doll"},{"floor":14.0,"key":"Blue Candle"},{"floor":23,"key":"Replay:Accelerometer"},{"floor":23,"key":"Replay:Bottled Flurry"},{"floor":26,"key":"Bronze Scales"}],"event_choices":[{"damage_healed":0.0,"max_hp_gain":0.0,"max_hp_loss":0.0,"gold_gain":0.0,"event_name":"Big Fish","player_choice":"Box","floor":0.0,"gold_loss":0.0,"damage_taken":0.0,"relics_obtained":["Kunai"],"cards_obtained":["Regret"]},{"damage_healed":0.0,"max_hp_gain":0.0,"max_hp_loss":0.0,"gold_gain":53.0,"event_name":"Golden Wing","player_choice":"Gained Gold","floor":4.0,"gold_loss":0.0,"damage_taken":0.0},{"damage_healed":0.0,"max_hp_gain":0.0,"max_hp_loss":6.0,"gold_gain":0.0,"event_name":"Golden Idol","player_choice":"Lose Max HP","floor":5.0,"gold_loss":0.0,"damage_taken":0.0,"relics_obtained":["Golden Idol"]},{"damage_healed":0.0,"max_hp_gain":0.0,"max_hp_loss":0.0,"gold_gain":0.0,"event_name":"Dead Adventurer","player_choice":"Searched \u00271\u0027 times","floor":11.0,"gold_loss":0.0,"damage_taken":0.0,"relics_obtained":["Replay:PocketPolymizer"]},{"damage_healed":0,"gold_gain":0,"player_choice":"Read","damage_taken":0,"max_hp_gain":0,"max_hp_loss":0,"event_name":"The Library","floor":20,"gold_loss":0,"cards_obtained":["Shrug It Off"]},{"damage_healed":0,"gold_gain":0,"player_choice":"Inject Mutagens","damage_taken":0,"relics_obtained":["MutagenicStrength"],"max_hp_gain":0,"max_hp_loss":0,"event_name":"Drug Dealer","floor":21,"gold_loss":0},{"damage_healed":0,"gold_gain":0,"player_choice":"Fought Bandits","damage_taken":0,"max_hp_gain":0,"max_hp_loss":0,"event_name":"Masked Bandits","floor":30,"gold_loss":0}],"is_beta":false,"boss_relics":[{"not_picked":["Ooze Armor","Replay:Bronze Core"],"picked":"Black Star"}],"items_purged_floors":[13,29],"is_endless":false,"potions_floor_spawned":[2,8,12,16,28],"killed_by":"Masked Bandits","ascension_level":8}}