{"host":"7wi4qgm5yw4j7oz0","time":1614345853,"event":{"mods":["AchievementEnabler","BaseMod","Block Reminder","Colored Map","Colored Powertips","Highlight Path","Minty Spire (QoL Compilation)","Permanent Neow","Random Character Button","StSLib","SuperFastMode","everything is the same but u backflip on backflip"],"gold_per_floor":[109,127,127,143,143,143,172,172,172,190,200,216,216,244,244,320,320,335,345,112,112,33,66,66,66],"floor_reached":24,"language":"KOR","playtime":832,"items_purged":["Strike_R"],"score":410,"play_id":"6f165b71-f92a-4acb-9607-d8b096f8b871","local_time":"20210226222413","is_ascension_mode":true,"campfire_choices":[{"data":"Searing Blow+1","floor":6.0,"key":"SMITH"},{"data":"Searing Blow+2","floor":8.0,"key":"SMITH"},{"data":"Searing Blow+3","floor":13.0,"key":"SMITH"},{"floor":15.0,"key":"REST"}],"circlet_count":0,"master_deck":["AscendersBane","Strike_R","Strike_R","Strike_R","Strike_R","Defend_R","Defend_R","Defend_R","Defend_R","Bash","Heavy Blade","Searing Blow+4","Ghostly Armor","Impervious","Cleave","Offering","Headbutt","Armaments","Feed","Ghostly Armor","Warcry+1","Impervious","Burning Pact"],"relics":["Burning Blood","NeowsBlessing","Darkstone Periapt","Frozen Egg 2","Odd Mushroom","Velvet Choker","Lee\u0027s Waffle","Magic Flower"],"acts_visited":["Exordium","TheCity"],"potions_floor_usage":[23],"damage_taken":[{"damage":0.0,"enemies":"Cultist","floor":1.0,"turns":1.0},{"damage":0.0,"enemies":"2 Louse","floor":2.0,"turns":1.0},{"damage":0.0,"enemies":"Jaw Worm","floor":4.0,"turns":1.0},{"damage":55.0,"enemies":"3 Sentries","floor":7.0,"turns":12.0},{"damage":0.0,"enemies":"3 Louse","floor":10.0,"turns":3.0},{"damage":6.0,"enemies":"Blue Slaver","floor":11.0,"turns":2.0},{"damage":16.0,"enemies":"Gremlin Gang","floor":12.0,"turns":4.0},{"damage":17.0,"enemies":"The Mushroom Lair","floor":14.0,"turns":5.0},{"damage":29.0,"enemies":"Hexaghost","floor":16.0,"turns":12.0},{"damage":29.0,"enemies":"Chosen","floor":18.0,"turns":5.0},{"damage":11.0,"enemies":"Spheric Guardian","floor":19.0,"turns":4.0},{"damage":59,"enemies":"Slavers","floor":23,"turns":10},{"damage":34,"enemies":"Centurion and Healer","floor":24,"turns":7}],"seed_played":"3413830461412034876","potions_obtained":[{"floor":1.0,"key":"CultistPotion"},{"floor":7.0,"key":"FearPotion"},{"floor":10.0,"key":"GamblersBrew"},{"floor":14.0,"key":"DistilledChaos"},{"floor":16.0,"key":"SpeedPotion"}],"is_trial":false,"path_per_floor":["M","M","?","M","?","R","E","R","T","M","M","M","R","?","R","B",null,"M","M","$","?","$","E","M"],"character_chosen":"IRONCLAD","items_purchased":["Lee\u0027s Waffle","Impervious"],"campfire_rested":1,"item_purchase_floors":[20,22],"current_hp_per_floor":[74,75,75,75,75,75,26,26,26,32,32,22,22,11,33,10,59,36,31,82,82,82,29,0,0],"gold":66,"neow_bonus":"THREE_ENEMY_KILL","is_daily":false,"chose_seed":false,"campfire_upgraded":3,"win_rate":0.0,"timestamp":1614345853,"path_taken":["M","M","?","M","?","R","E","R","T","M","M","?","R","?","R","BOSS","M","M","$","?","$","E","M"],"items_purchased_type":["Relic","Card"],"build_version":"2020-12-22","purchased_purges":1,"victory":false,"max_hp_per_floor":[75,75,75,75,75,75,75,75,75,75,75,75,75,75,75,75,75,75,75,82,82,82,82,82,82],"card_choices":[{"not_picked":["Shockwave","Metallicize"],"picked":"Heavy Blade","floor":1.0},{"not_picked":["Combust","Warcry"],"picked":"Searing Blow","floor":2.0},{"not_picked":["Heavy Blade","Clothesline"],"picked":"Ghostly Armor","floor":4.0},{"not_picked":["Clash","Flex"],"picked":"Cleave","floor":7.0},{"not_picked":["Shrug It Off","Clash"],"picked":"Offering","floor":10.0},{"not_picked":["Flex","Shrug It Off"],"picked":"Headbutt","floor":11.0},{"not_picked":["Rupture+1","Warcry"],"picked":"Armaments","floor":12.0},{"not_picked":["Immolate","Demon Form+1"],"picked":"Feed","floor":16.0},{"not_picked":["Hemokinesis","Warcry"],"picked":"Ghostly Armor","floor":18.0},{"not_picked":["Shrug It Off","Anger"],"picked":"Warcry+1","floor":19.0},{"not_picked":["Brutality+1","Infernal Blade"],"picked":"Burning Pact","floor":23}],"player_experience":379303,"relics_obtained":[{"floor":7.0,"key":"Darkstone Periapt"},{"floor":9.0,"key":"Frozen Egg 2"},{"floor":14.0,"key":"Odd Mushroom"},{"floor":23,"key":"Magic Flower"}],"event_choices":[{"damage_healed":0.0,"max_hp_gain":0.0,"max_hp_loss":0.0,"gold_gain":0.0,"event_name":"Living Wall","player_choice":"Grow","floor":3.0,"gold_loss":0.0,"damage_taken":0.0,"cards_upgraded":["Searing Blow"]},{"damage_healed":0.0,"max_hp_gain":0.0,"max_hp_loss":0.0,"gold_gain":0.0,"event_name":"Match and Keep!","player_choice":"1 cards matched","floor":5.0,"gold_loss":0.0,"damage_taken":0.0,"cards_obtained":["Impervious"]},{"damage_healed":0.0,"max_hp_gain":0.0,"max_hp_loss":0.0,"gold_gain":0.0,"event_name":"Mushrooms","player_choice":"Fought Mushrooms","floor":14.0,"gold_loss":0.0,"damage_taken":0.0},{"damage_healed":0.0,"max_hp_gain":0.0,"max_hp_loss":0.0,"gold_gain":0.0,"event_name":"The Mausoleum","player_choice":"Ignored","floor":21.0,"gold_loss":0.0,"damage_taken":0.0}],"is_beta":false,"boss_relics":[{"not_picked":["SacredBark","Runic Dome"],"picked":"Velvet Choker"}],"items_purged_floors":[20],"is_endless":false,"potions_floor_spawned":[1,7,10,14,16],"killed_by":"Centurion and Healer","ascension_level":18}}