{"host":"bvp2uifzy1c463d9","time":1614316745,"event":{"mods":["AchievementEnabler","BaseMod","Better Note","Block Reminder","Bossed Relics","Colored Map","Colored Powertips","Hermit","Highlight Path","Hubris","Infinite Spire","Minty Spire (QoL Compilation)","Relic Sorter","Relic Stats","Reliquary","Replay The Spire","StSLib","The Blue Laboratory","Wandering Minibosses"],"gold_per_floor":[115,44,44,219,294,327,327,133,133,166,166,177,204,215,215,316,316,329,329,329,346,365,391,391,431,456,468,468,468,485,502,452,490,490,590,590,608,625,215,242,242,242,259,304,304,210,232,277,277,297,297,311],"floor_reached":53,"language":"ENG","playtime":3258,"items_purged":["hermit:Strike_Hermit","hermit:Strike_Hermit"],"score":1175,"play_id":"f9347105-d67a-42a8-9923-a2974ddfcae1","local_time":"20210225231905","is_ascension_mode":true,"campfire_choices":[{"data":"hermit:ShadowCloak","floor":7,"key":"SMITH"},{"data":"hermit:Snapshot","floor":11,"key":"SMITH"},{"data":"hermit:Cheat","floor":15,"key":"SMITH"},{"data":"Apotheosis","floor":24,"key":"SMITH"},{"floor":34,"key":"REST"},{"floor":42,"key":"RECALL"},{"floor":51,"key":"REST"}],"circlet_count":0,"master_deck":["hermit:Strike_Hermit","hermit:Strike_Hermit","hermit:Defend_Hermit","hermit:Defend_Hermit","hermit:Defend_Hermit","hermit:Defend_Hermit","hermit:Snapshot+1","hermit:Covet","hermit:Virtue","hermit:ShadowCloak+1","Doubt","hermit:Snipe","hermit:Spite","hermit:Midnight","hermit:BigShot","hermit:HoleUp","hermit:DeadMansHand","hermit:SprayPray","hermit:NoHoldsBarred","hermit:Cheat+1","hermit:LowProfile","Sadistic Nature","Apotheosis+1","ReplayUltimateDefense","hermit:Determination","hermit:Scavenge","hermit:Vantage+1","hermit:Enervate","hermit:FlashPowder+1","Pot Of Greed","Pot Of Greed","Pot Of Greed","hermit:Gambit","hermit:Virtue","hermit:HoleUp","hermit:LuckOfTheDraw+1","hermit:FinalCanter","Pot Of Greed","hermit:Malice","hermit:Purgatory","Injury","hermit:Covet","ReplayTheSpireMod:Trickstab","ReplayTheSpireMod:Haul","hermit:LowProfile+1","hermit:ShadowCloak","hermit:Scavenge","hermit:Desperado+1","hubris:DuctTapeCard","Pot Of Greed","hermit:Roughhouse","hermit:WideOpen+1","hermit:NoHoldsBarred+1","hermit:Brawl","hermit:Desperado+1","hubris:Greed","hermit:Horror","CurseOfTheBell","hubris:Greed","hubris:Greed","hubris:Greed","hubris:Greed","Pot Of Greed"],"relics":["hermit:Momento","NeowsBlessing","hubris:SphereOfDissonance","reliquary:Spinner","Prayer Wheel","hubris:BottledRain","Pantograph","infinitespire:Cupcake","ReplayTheSpireMod:ShopPack","ChewingGum","Lizard Tail","infinitespire:EmpoweringShard","Grinning Jar","reliquary:RosewoodLute","ReplayTheSpireMod:SealedPack","hubris:DuctTape","Strawberry","reliquary:JackalopeAntler","ReplayTheSpireMod:CursedCoin","Bag of Preparation","Bottled Lightning","Calling Bell","infinitespire:Satchel","HornCleat","reliquary:OuijaBoard"],"acts_visited":["Exordium","TheCity","TheBeyond"],"potions_floor_usage":[21,23,23,23,33,33,44,44],"damage_taken":[{"damage":0,"enemies":"Small Slimes","floor":1,"turns":1},{"damage":0,"enemies":"3 Sentries","floor":6,"turns":1},{"damage":0,"enemies":"Lagavulin","floor":10,"turns":1},{"damage":8,"enemies":"Jaw Worm","floor":12,"turns":3},{"damage":29,"enemies":"3 Sentries","floor":13,"turns":10},{"damage":0,"enemies":"2 Louse","floor":14,"turns":2},{"damage":26,"enemies":"Slime Boss","floor":16,"turns":12},{"damage":36,"enemies":"Spheric Guardian","floor":18,"turns":5},{"damage":4,"enemies":"Chosen","floor":21,"turns":3},{"damage":0,"enemies":"Snecko","floor":22,"turns":6},{"damage":35,"enemies":"Slavers","floor":23,"turns":3},{"damage":16,"enemies":"Book of Stabbing","floor":25,"turns":4},{"damage":0,"enemies":"3 Cultists","floor":27,"turns":4},{"damage":15,"enemies":"Snake Plant","floor":30,"turns":3},{"damage":0,"enemies":"Cultist and Chosen","floor":31,"turns":4},{"damage":4,"enemies":"Slavers","floor":33,"turns":4},{"damage":41,"enemies":"Collector","floor":35,"turns":7},{"damage":7,"enemies":"Orb Walker","floor":37,"turns":5},{"damage":36,"enemies":"3 Darklings","floor":38,"turns":6},{"damage":0,"enemies":"Maw","floor":40,"turns":8},{"damage":0,"enemies":"Jaw Worm Horde","floor":43,"turns":4},{"damage":3,"enemies":"Nemesis","floor":44,"turns":7},{"damage":23,"enemies":"Sphere and 2 Shapes","floor":47,"turns":2},{"damage":23,"enemies":"Giant Head","floor":48,"turns":9},{"damage":33,"enemies":"Writhing Mass","floor":50,"turns":6},{"damage":1,"enemies":"Donu and Deca","floor":52,"turns":10}],"seed_played":"3111242529631261189","potions_obtained":[{"floor":6,"key":"Adrenaline Potion"},{"floor":12,"key":"blueLaboratory:BottleOfVodka"},{"floor":13,"key":"PowerPotion"},{"floor":16,"key":"infinitespire:BlackPotion"},{"floor":22,"key":"blueLaboratory:FruitPunch"},{"floor":23,"key":"blueLaboratory:FruitPreserves"},{"floor":25,"key":"PowerPotion"},{"floor":30,"key":"Block Potion"},{"floor":38,"key":"blueLaboratory:NullPotion"},{"floor":41,"key":"blueLaboratory:FruitPunch"},{"floor":44,"key":"blueLaboratory:BottleOfVodka"},{"floor":47,"key":"BlessingOfTheForge"}],"is_trial":false,"path_per_floor":["M","$","?","?","?","E","R","$","T","E","R","M","E","M","R","B",null,"M","AVR","?","M","M","E","R","E","T","M","PTL","PTL","M","M","?","E","R","B",null,"M","M","$","M","?","R","M","E","T","$","M","E","AVR","M","R","B",null],"character_chosen":"HERMIT","items_purchased":["hermit:ShadowCloak","hermit:Spite","hermit:Midnight","hubris:DuctTape","hermit:Roughhouse","ReplayTheSpireMod:CursedCoin","Bag of Preparation"],"campfire_rested":2,"item_purchase_floors":[2,8,8,39,39,46,46],"current_hp_per_floor":[75,75,68,68,57,57,57,57,57,57,57,49,20,20,20,19,75,39,39,39,35,35,38,38,22,22,22,22,22,7,7,7,3,26,10,77,70,34,34,34,34,34,34,40,40,40,17,39,39,6,31,55],"gold":311,"neow_bonus":"THREE_ENEMY_KILL","is_daily":false,"chose_seed":false,"campfire_upgraded":4,"win_rate":0.0,"timestamp":1614316745,"path_taken":["M","$","?","?","?","E","R","$","T","E","R","M","E","M","R","BOSS","M","AVR","?","M","M","E","R","E","T","M","PTL","PTL","M","M","?","E","R","BOSS","M","M","$","?","?","R","?","E","T","?","M","E","AVR","M","R","BOSS"],"items_purchased_type":["Card","Card","Card","Relic","Card","Relic","Relic"],"build_version":"2020-12-22","purchased_purges":2,"victory":true,"max_hp_per_floor":[75,75,75,75,75,75,75,75,75,75,75,75,75,75,75,75,75,75,75,75,75,75,77,77,77,77,77,77,77,77,77,77,77,77,77,77,77,77,77,77,77,77,77,86,86,86,86,86,86,86,86,86],"relic_stats":{"Lizard Tail":43,"counters":[26,130],"Pantograph":75,"Prayer Wheel":14,"Bag of Preparation":[8],"obtain_stats":[{"reliquary:OuijaBoard":49,"Bag of Preparation":46,"Lizard Tail":23,"HornCleat":49,"Pantograph":13,"Strawberry":44,"Prayer Wheel":9,"NeowsBlessing":0,"hubris:DuctTape":39,"ReplayTheSpireMod:CursedCoin":46,"hubris:SphereOfDissonance":3,"ReplayTheSpireMod:SealedPack":36,"reliquary:Spinner":6,"reliquary:RosewoodLute":33,"reliquary:JackalopeAntler":45,"Calling Bell":49,"infinitespire:Satchel":49,"ChewingGum":19,"infinitespire:EmpoweringShard":25,"Bottled Lightning":48,"Grinning Jar":26,"hermit:Momento":0,"hubris:BottledRain":10,"infinitespire:Cupcake":17,"ReplayTheSpireMod:ShopPack":19},{"reliquary:OuijaBoard":24,"Bag of Preparation":22,"Lizard Tail":11,"HornCleat":24,"Pantograph":5,"Strawberry":22,"Prayer Wheel":2,"NeowsBlessing":0,"hubris:DuctTape":19,"ReplayTheSpireMod:CursedCoin":22,"hubris:SphereOfDissonance":1,"ReplayTheSpireMod:SealedPack":17,"reliquary:Spinner":2,"reliquary:RosewoodLute":16,"reliquary:JackalopeAntler":22,"Calling Bell":24,"infinitespire:Satchel":24,"ChewingGum":8,"infinitespire:EmpoweringShard":12,"Bottled Lightning":24,"Grinning Jar":12,"hermit:Momento":0,"hubris:BottledRain":3,"infinitespire:Cupcake":7,"ReplayTheSpireMod:ShopPack":8},{"reliquary:OuijaBoard":114,"Bag of Preparation":103,"Lizard Tail":47,"HornCleat":114,"Pantograph":16,"Strawberry":103,"Prayer Wheel":2,"NeowsBlessing":0,"hubris:DuctTape":84,"ReplayTheSpireMod:CursedCoin":103,"hubris:SphereOfDissonance":1,"ReplayTheSpireMod:SealedPack":73,"reliquary:Spinner":2,"reliquary:RosewoodLute":66,"reliquary:JackalopeAntler":103,"Calling Bell":114,"infinitespire:Satchel":114,"ChewingGum":35,"infinitespire:EmpoweringShard":51,"Bottled Lightning":114,"Grinning Jar":51,"hermit:Momento":0,"hubris:BottledRain":3,"infinitespire:Cupcake":30,"ReplayTheSpireMod:ShopPack":35}]},"card_choices":[{"not_picked":["hermit:Headshot","hermit:WideOpen"],"picked":"hermit:Virtue","floor":1},{"not_picked":["hermit:FullyLoaded","hermit:LuckOfTheDraw"],"picked":"hermit:Snipe","floor":6},{"not_picked":["hermit:LoneWolf","hermit:CalledShot"],"picked":"hermit:BigShot","floor":10},{"not_picked":["hermit:Virtue","hermit:Feint"],"picked":"hermit:HoleUp","floor":12},{"not_picked":["hermit:GoldenBullet","hermit:Scavenge"],"picked":"hermit:DeadMansHand","floor":12},{"not_picked":["hermit:Gestalt","hermit:TakeAim"],"picked":"hermit:SprayPray","floor":13},{"not_picked":["hermit:Coalescence","hermit:LowProfile"],"picked":"hermit:NoHoldsBarred","floor":14},{"not_picked":["hermit:Horror","hermit:Misfire"],"picked":"hermit:Cheat","floor":14},{"not_picked":["hermit:DeadOrAlive","hermit:EternalForm"],"picked":"hermit:FatalDesire","floor":16},{"not_picked":["hermit:Quickdraw+1","hermit:HoleUp+1"],"picked":"hermit:LowProfile","floor":18},{"not_picked":["hermit:Snipe+1","hermit:Vantage+1","hermit:Dive"],"picked":"SKIP","floor":18},{"not_picked":["ReplayUltimateDefense","HandOfGreed"],"picked":"Sadistic Nature","floor":19},{"not_picked":["PanicButton","Replay:Parry"],"picked":"Apotheosis","floor":19},{"not_picked":["Midas Touch","Discovery"],"picked":"ReplayUltimateDefense","floor":19},{"not_picked":["hermit:PistolWhip+1","hermit:BodyArmor"],"picked":"hermit:Determination","floor":21},{"not_picked":["hermit:Headshot","hermit:Quickdraw"],"picked":"hermit:Scavenge","floor":21},{"not_picked":["hermit:ItchyTrigger","hermit:BodyArmor"],"picked":"hermit:Vantage+1","floor":22},{"not_picked":["hermit:TakeCover","hermit:TrackingShot"],"picked":"hermit:Enervate","floor":22},{"not_picked":["hermit:GhostlyPresence","hermit:SprayPray+1"],"picked":"hermit:FlashPowder+1","floor":23},{"not_picked":["hermit:BodyArmor+1","hermit:Shortfuse","hermit:Headshot"],"picked":"SKIP","floor":25},{"not_picked":["hermit:FullyLoaded+1","hermit:ItchyTrigger"],"picked":"hermit:Gambit","floor":27},{"not_picked":["hermit:Headshot+1","hermit:Gestalt"],"picked":"hermit:Virtue","floor":27},{"not_picked":["hermit:Enervate+1","hermit:SprayPray+1"],"picked":"hermit:HoleUp","floor":30},{"not_picked":["hermit:Vantage","hermit:Glare","hermit:FullyLoaded"],"picked":"SKIP","floor":30},{"not_picked":["hermit:HoleUp","hermit:Combo+1"],"picked":"hermit:LuckOfTheDraw+1","floor":31},{"not_picked":["hermit:Headshot","hermit:SprayPray"],"picked":"hermit:FinalCanter","floor":31},{"not_picked":["hermit:OverwhelmingPower","hermit:Vantage"],"picked":"hermit:Malice","floor":33},{"not_picked":["hermit:Gambit","hermit:FromBeyond"],"picked":"hermit:Purgatory","floor":35},{"not_picked":["Neutralize","Vigilance"],"picked":"hermit:Covet","floor":36},{"not_picked":["hermit:EternalForm","hermit:HighNoon"],"picked":"hermit:Adapt","floor":36},{"not_picked":["Impatience","Replay:Sssssssssstrike"],"picked":"ReplayTheSpireMod:Trickstab","floor":36},{"not_picked":["ReplayTheSpireMod:Black Plague","infinitespire:FinalStrike"],"picked":"ReplayTheSpireMod:Haul","floor":36},{"not_picked":["hermit:CursedWeapon","hermit:BigShot+1"],"picked":"hermit:LowProfile+1","floor":37},{"not_picked":["hermit:Desperado+1","hermit:Vantage"],"picked":"hermit:ShadowCloak","floor":37},{"not_picked":["hermit:Manifest","hermit:LowProfile+1"],"picked":"hermit:Scavenge","floor":38},{"not_picked":["hermit:HighCaliber","hermit:Headshot"],"picked":"hermit:Desperado+1","floor":38},{"not_picked":["hermit:HeroicBravado","hermit:Maintenance+1"],"picked":"hermit:WideOpen+1","floor":40},{"not_picked":["hermit:FlashPowder","hermit:Coalescence","hermit:ItchyTrigger"],"picked":"SKIP","floor":40},{"not_picked":["hermit:Roulette+1","hermit:Dive"],"picked":"hermit:NoHoldsBarred+1","floor":43},{"not_picked":["hermit:LuckOfTheDraw+1","hermit:Dive+1"],"picked":"hermit:Brawl","floor":43},{"not_picked":["hermit:Adapt","hermit:Quickdraw"],"picked":"hermit:Desperado+1","floor":44},{"not_picked":["hermit:FlashPowder+1","hermit:ItchyTrigger","hermit:DeadMansHand"],"picked":"SKIP","floor":47},{"not_picked":["hermit:BigShot","hermit:LuckOfTheDraw+1","hermit:Feint+1"],"picked":"SKIP","floor":47},{"not_picked":["hermit:EyeOfTheStorm+1","hermit:Desperado"],"picked":"hermit:Horror","floor":48},{"not_picked":["hermit:SprayPray+1","hermit:Scavenge","hermit:Quickdraw"],"picked":"SKIP","floor":50},{"not_picked":["hermit:Feint+1","hermit:OverwhelmingPower","hermit:Quickdraw"],"picked":"SKIP","floor":50}],"player_experience":379987,"relics_obtained":[{"floor":6,"key":"reliquary:Spinner"},{"floor":9,"key":"Prayer Wheel"},{"floor":10,"key":"hubris:BottledRain"},{"floor":13,"key":"Pantograph"},{"floor":23,"key":"Lizard Tail"},{"floor":25,"key":"infinitespire:EmpoweringShard"},{"floor":26,"key":"Grinning Jar"},{"floor":33,"key":"reliquary:RosewoodLute"},{"floor":44,"key":"Strawberry"},{"floor":45,"key":"reliquary:JackalopeAntler"},{"floor":48,"key":"Bottled Lightning"},{"floor":49,"key":"infinitespire:Satchel"},{"floor":49,"key":"HornCleat"},{"floor":49,"key":"reliquary:OuijaBoard"}],"event_choices":[{"damage_healed":0,"gold_gain":0,"player_choice":"Success","damage_taken":7,"relics_obtained":["hubris:SphereOfDissonance"],"max_hp_gain":0,"max_hp_loss":0,"event_name":"Scrap Ooze","floor":3,"gold_loss":0},{"damage_healed":0,"gold_gain":175,"player_choice":"AGREE","damage_taken":0,"max_hp_gain":0,"max_hp_loss":0,"event_name":"Liars Game","floor":4,"gold_loss":0,"cards_obtained":["Doubt"]},{"damage_healed":0,"gold_gain":75,"player_choice":"Gather Gold","damage_taken":11,"max_hp_gain":0,"max_hp_loss":0,"event_name":"World of Goop","floor":5,"gold_loss":0},{"damage_healed":0,"gold_gain":0,"player_choice":"Ignored","damage_taken":0,"max_hp_gain":0,"max_hp_loss":0,"event_name":"Ghosts","floor":20,"gold_loss":0},{"damage_healed":0,"gold_gain":0,"player_choice":"Bet on Owner","damage_taken":0,"max_hp_gain":0,"max_hp_loss":0,"event_name":"The Joust","floor":32,"gold_loss":50},{"damage_healed":0,"gold_gain":0,"player_choice":"Got Potions","damage_taken":0,"max_hp_gain":0,"max_hp_loss":0,"event_name":"Lab","floor":41,"gold_loss":0}],"is_beta":false,"boss_relics":[{"not_picked":["reliquary:KinkedSpring","hubris:HollowSoul"],"picked":"infinitespire:Cupcake"},{"not_picked":["Fusion Hammer","Pandora\u0027s Box"],"picked":"ReplayTheSpireMod:SealedPack"}],"items_purged_floors":[8,46],"is_endless":false,"potions_floor_spawned":[6,12,13,16,18,22,23,25,30,31,38,44,47,48,50],"ascension_level":2}}