{"host":"2ty4h143nj8vwezc","time":1614380637,"event":{"mods":["BaseMod","Colored Map","Googly Eyes","Highlight Path","Minty Spire (QoL Compilation)","Quick Restart","StSLib"],"gold_per_floor":[113,129,129,9,9,9,44,54,54,54,70,70,104,115,115,191,191,211,55,55,55,55,55,65,65,65,84,84,84],"floor_reached":28,"language":"ENG","playtime":11816,"items_purged":[],"score":464,"play_id":"250fd00d-3c01-40f4-b7dd-01da9e1f8d51","local_time":"20210226180357","is_ascension_mode":true,"campfire_choices":[{"data":"Doom and Gloom","floor":6.0,"key":"SMITH"},{"data":"Defragment","floor":10.0,"key":"SMITH"},{"data":"Ball Lightning","floor":12.0,"key":"SMITH"},{"floor":15.0,"key":"REST"},{"floor":23.0,"key":"REST"},{"floor":25,"key":"REST"}],"circlet_count":0,"master_deck":["AscendersBane","Strike_B","Strike_B","Defend_B","Defend_B","Defend_B","Zap","Dualcast","Capacitor+1","Conserve Battery","Doom and Gloom+1","Self Repair","Capacitor","Defragment+1","Ball Lightning+1","Coolheaded","Biased Cognition","Chaos","Thunder Strike","Thunder Strike","Multi-Cast","Decay","Necronomicurse","Aggregate","Glacier"],"relics":["Cracked Core","NeowsBlessing","Pantograph","Symbiotic Virus","Letter Opener","SacredBark","Necronomicon","CaptainsWheel"],"acts_visited":["Exordium","TheCity"],"potions_floor_usage":[28],"damage_taken":[{"damage":0.0,"enemies":"Cultist","floor":1.0,"turns":1.0},{"damage":0.0,"enemies":"2 Louse","floor":2.0,"turns":1.0},{"damage":0.0,"enemies":"3 Sentries","floor":7.0,"turns":1.0},{"damage":7.0,"enemies":"Jaw Worm","floor":8.0,"turns":4.0},{"damage":26.0,"enemies":"Large Slime","floor":11.0,"turns":6.0},{"damage":17.0,"enemies":"Gremlin Nob","floor":13.0,"turns":3.0},{"damage":12.0,"enemies":"Exordium Wildlife","floor":14.0,"turns":3.0},{"damage":43.0,"enemies":"Hexaghost","floor":16.0,"turns":8.0},{"damage":36.0,"enemies":"Chosen","floor":18.0,"turns":6.0},{"damage":28,"enemies":"3 Byrds","floor":24,"turns":4},{"damage":30,"enemies":"Centurion and Healer","floor":27,"turns":4},{"damage":16,"enemies":"Snake Plant","floor":28,"turns":1}],"seed_played":"5048852059178778646","potions_obtained":[{"floor":1.0,"key":"DuplicationPotion"},{"floor":8.0,"key":"FocusPotion"},{"floor":14.0,"key":"Ancient Potion"}],"is_trial":false,"path_per_floor":["M","M","?","$","?","R","E","M","T","R","M","R","E","M","R","B",null,"M","$","?","?","?","R","M","R","T","M","M"],"character_chosen":"DEFECT","items_purchased":["Doom and Gloom","Self Repair","Chaos","Thunder Strike"],"campfire_rested":3,"item_purchase_floors":[4,4,19,19],"current_hp_per_floor":[64,64,64,64,64,64,64,64,64,64,45,45,28,23,44,33,62,33,33,33,33,12,33,12,33,33,10,0,0],"gold":84,"neow_bonus":"THREE_ENEMY_KILL","is_daily":false,"chose_seed":false,"campfire_upgraded":3,"win_rate":0.0,"timestamp":1614380637,"path_taken":["M","M","?","$","?","R","E","M","T","R","M","R","E","M","R","BOSS","M","?","?","?","?","R","M","R","T","?","M"],"items_purchased_type":["Card","Card","Card","Card"],"build_version":"2020-12-22","purchased_purges":0,"victory":false,"max_hp_per_floor":[71,71,71,71,71,71,71,71,71,71,71,71,71,71,71,71,71,71,71,71,71,71,71,71,71,71,71,71,71],"card_choices":[{"not_picked":["Rip and Tear","Compile Driver"],"picked":"Capacitor","floor":1.0},{"not_picked":["Sweeping Beam","Beam Cell"],"picked":"Conserve Battery","floor":2.0},{"not_picked":["Conserve Battery","Barrage"],"picked":"Capacitor","floor":7.0},{"not_picked":["Beam Cell","Hello World"],"picked":"Defragment","floor":8.0},{"not_picked":["White Noise","Doom and Gloom"],"picked":"Ball Lightning","floor":11.0},{"not_picked":["Gash","Recycle","Redo"],"picked":"SKIP","floor":13.0},{"not_picked":["Turbo","Recycle"],"picked":"Coolheaded","floor":14.0},{"not_picked":["Amplify","Seek"],"picked":"Biased Cognition","floor":16.0},{"not_picked":["Doom and Gloom","Rebound","Sweeping Beam+1"],"picked":"SKIP","floor":18.0},{"not_picked":["Steam+1","Barrage"],"picked":"Aggregate","floor":24},{"not_picked":["Hello World+1","Defragment"],"picked":"Glacier","floor":27}],"player_experience":490707,"relics_obtained":[{"floor":7.0,"key":"Pantograph"},{"floor":9.0,"key":"Symbiotic Virus"},{"floor":13.0,"key":"Letter Opener"},{"floor":22.0,"key":"Necronomicon"},{"floor":26,"key":"CaptainsWheel"}],"event_choices":[{"damage_healed":0.0,"max_hp_gain":0.0,"max_hp_loss":0.0,"gold_gain":0.0,"event_name":"Upgrade Shrine","player_choice":"Upgraded","floor":3.0,"gold_loss":0.0,"damage_taken":0.0,"cards_upgraded":["Capacitor"]},{"cards_removed":["Strike_B"],"damage_healed":0.0,"max_hp_gain":0.0,"max_hp_loss":0.0,"gold_gain":0.0,"event_name":"Purifier","player_choice":"Purged","floor":5.0,"gold_loss":0.0,"damage_taken":0.0},{"damage_healed":0.0,"max_hp_gain":0.0,"max_hp_loss":0.0,"gold_gain":0.0,"cards_transformed":["Strike_B","Defend_B"],"event_name":"Drug Dealer","player_choice":"Became Test Subject","floor":20.0,"gold_loss":0.0,"damage_taken":0.0,"cards_obtained":["Thunder Strike","Multi-Cast"]},{"damage_healed":0.0,"max_hp_gain":0.0,"max_hp_loss":0.0,"gold_gain":0.0,"event_name":"Forgotten Altar","player_choice":"Smashed Altar","floor":21.0,"gold_loss":0.0,"damage_taken":0.0,"cards_obtained":["Decay"]},{"damage_healed":0.0,"max_hp_gain":0.0,"max_hp_loss":0.0,"gold_gain":0.0,"event_name":"Cursed Tome","player_choice":"Obtained Book","floor":22.0,"gold_loss":0.0,"damage_taken":21.0}],"is_beta":false,"boss_relics":[{"not_picked":["Ectoplasm","Runic Dome"],"picked":"SacredBark"}],"items_purged_floors":[],"is_endless":false,"potions_floor_spawned":[1,8,14,16,24],"killed_by":"Snake Plant","ascension_level":17}}