{"host":"3n5xmnb54n2y5mb4","time":1614353918,"event":{"mods":["BaseMod","Colored Map","Colored Powertips","Downfall","Minty Spire (QoL Compilation)","Permanent Neow","StSLib","Unceasing Turn Reminder","everything is the same but u backflip on backflip"],"gold_per_floor":[99,118,118,65,65,93,168,199,209,10,26,44,44,63,75,174,174,174,191,291,141,154,73,73,104,4,16,45,45,45,59,74,171,171,71,91,105,117,117,144,144,177,187,87,115,115,141,159,177,177,177,203,53,53,53,53],"floor_reached":57,"language":"ENG","playtime":3670,"items_purged":["Regret","Guardian:Strike_Guardian"],"score":1558,"play_id":"d5f89491-4912-4b68-8e63-300f99977f97","local_time":"20210226103838","is_ascension_mode":true,"campfire_choices":[{"data":"Guardian:CurlUp","floor":1.0,"key":"SMITH"},{"floor":13.0,"key":"REST"},{"floor":18,"key":"RECALL"},{"data":"Guardian:Orbwalk","floor":26,"key":"SMITH"},{"data":"Guardian:ConstructionForm","floor":35,"key":"SMITH"},{"data":"Guardian:VentSteam","floor":44,"key":"SMITH"},{"data":"Guardian:RevengeProtocol","floor":46,"key":"SMITH"},{"data":"Guardian:SpikerProtocol","floor":54,"key":"SMITH"}],"circlet_count":0,"master_deck":["Guardian:Strike_Guardian","Guardian:Strike_Guardian","Guardian:Defend_Guardian","Guardian:Defend_Guardian+1","Guardian:Defend_Guardian+1","Guardian:CurlUp+1","Guardian:TwinSlam","Guardian:RevengeProtocol+1","Guardian:VentSteam+1","Guardian:SpikerProtocol+1","Guardian:ConstructionForm+1","Guardian:PrimingBeam+1","Guardian:RollAttack+1","Guardian:Planning+1","Guardian:BronzeOrb+1","Guardian:DonusPower+1","Guardian:RollAttack+1","Guardian:Harden+1","Guardian:Recover+1","Guardian:GuardianWhirl+1","Guardian:StasisStrike+1","Guardian:SpikerProtocol","J.A.X.+1","Guardian:ArmoredProtocol+1","Guardian:PolyBeam+1","Guardian:Incinerate+1","Guardian:Orbwalk+1","Guardian:PiercingHide+1","Guardian:StasisField+1","Guardian:ChargeUp+1","Guardian:SpikerProtocol","Guardian:Harden+1","Guardian:GemFinder","Guardian:WalkerClaw+1","Guardian:ChargeUp+1","Guardian:EvasiveProtocol+1","Guardian:Recover+1","Guardian:SentryBeam+1","Guardian:Preprogram+1","Guardian:WalkerClaw+1"],"relics":["Guardian:ModeShifterPlus","Molten Egg 2","Regal Pillow","Toxic Egg 2","Guardian:DefensiveModeMoreBlock","MutagenicStrength","Vajra","OrangePellets","Nunchaku","downfall:HeartBlessingRed","Bird Faced Urn","Coffee Dripper","downfall:HeartBlessingBlue","Ancient Tea Set","Orichalcum","Darkstone Periapt","downfall:HeartBlessingGreen","Oddly Smooth Stone","War Paint","Gremlin Horn","DollysMirror"],"acts_visited":["Exordium","TheCity","TheBeyond","TheEnding"],"potions_floor_usage":[14,20,33,40,55,56],"damage_taken":[{"damage":0.0,"enemies":"Cultist","floor":2.0,"turns":4.0},{"damage":4.0,"enemies":"downfall:FleeingMerchant","floor":4.0,"turns":4.0},{"damage":29.0,"enemies":"3 Sentries","floor":6.0,"turns":11.0},{"damage":19.0,"enemies":"Gremlin Nob","floor":8.0,"turns":5.0},{"damage":2.0,"enemies":"2 Louse","floor":9.0,"turns":3.0},{"damage":2.0,"enemies":"downfall:FleeingMerchant","floor":10.0,"turns":4.0},{"damage":0.0,"enemies":"Small Slimes","floor":11.0,"turns":3.0},{"damage":3.0,"enemies":"downfall:LooterAlt","floor":12.0,"turns":3.0},{"damage":7,"enemies":"Gremlin Gang","floor":14,"turns":4},{"damage":12,"enemies":"Exordium Wildlife","floor":15,"turns":4},{"damage":0,"enemies":"SI_SHIV_ARCHETYPE","floor":16,"turns":6},{"damage":0,"enemies":"downfall:LooterAlt2","floor":19,"turns":3},{"damage":15,"enemies":"downfall:Augmenter","floor":20,"turns":7},{"damage":0,"enemies":"downfall:FleeingMerchant","floor":21,"turns":4},{"damage":3,"enemies":"Shell Parasite","floor":22,"turns":3},{"damage":3,"enemies":"downfall:FleeingMerchant","floor":23,"turns":3},{"damage":6,"enemies":"Slavers","floor":25,"turns":2},{"damage":4,"enemies":"Snake Plant","floor":27,"turns":2},{"damage":4,"enemies":"Gremlin Leader","floor":28,"turns":3},{"damage":0,"enemies":"Chosen and Byrds","floor":31,"turns":3},{"damage":3,"enemies":"Sentry and Sphere","floor":32,"turns":3},{"damage":15,"enemies":"DF_ARCHETYPE_CLAW","floor":33,"turns":6},{"damage":0,"enemies":"Orb Walker","floor":36,"turns":2},{"damage":4,"enemies":"3 Shapes","floor":37,"turns":2},{"damage":3,"enemies":"3 Darklings","floor":38,"turns":2},{"damage":22,"enemies":"Giant Head","floor":40,"turns":9},{"damage":0,"enemies":"Nemesis","floor":42,"turns":5},{"damage":0,"enemies":"Transient","floor":43,"turns":5},{"damage":3,"enemies":"Giant Head","floor":45,"turns":7},{"damage":6,"enemies":"Nemesis","floor":47,"turns":5},{"damage":0,"enemies":"Sphere and 2 Shapes","floor":48,"turns":3},{"damage":0,"enemies":"Spire Growth","floor":49,"turns":4},{"damage":19,"enemies":"WA_ARCHETYPE_DIVINITY","floor":50,"turns":10},{"damage":0,"enemies":"downfall:CharBossMerchant","floor":52,"turns":8},{"damage":0,"enemies":"downfall:NeowBoss","floor":55,"turns":11},{"damage":13,"enemies":"downfall:NeowBossFinal","floor":56,"turns":9}],"seed_played":"2773695698694242929","potions_obtained":[{"floor":9.0,"key":"Dexterity Potion"},{"floor":11.0,"key":"bronze:BurnAndBuffPotion"},{"floor":12.0,"key":"FearPotion"},{"floor":14,"key":"Guardian:AcceleratePotion"},{"floor":15,"key":"LiquidMemories"},{"floor":20,"key":"AttackPotion"},{"floor":37,"key":"SpeedPotion"},{"floor":40,"key":"ColorlessPotion"},{"floor":42,"key":"FairyPotion"}],"is_trial":false,"path_per_floor":["R","M","?","$","?","E","T","E","M","$","M","M","R","M","M","B",null,"R","M","?","$","M","$","T","E","R","M","E","?","$","M","M","B",null,"R","M","M","M","?","E","T","E","M","R","E","R","E","M","M","B",null,"E","$","R","B","B",null],"character_chosen":"GUARDIAN","items_purchased":["Guardian:SpikerProtocol","Guardian:BronzeOrb+1","Guardian:DonusPower+1","Guardian:PolyBeam+1","Vajra","Guardian:PiercingHide+1","Guardian:StasisField+1","OrangePellets","DollysMirror"],"campfire_rested":1,"item_purchase_floors":[4,10,10,21,23,23,23,23,53],"current_hp_per_floor":[80,80,80,76,76,47,47,28,26,24,24,21,60,53,41,41,80,80,80,65,65,62,59,59,53,53,49,45,90,90,90,89,79,90,100,100,98,95,95,81,81,85,95,95,100,100,100,100,100,84,100,100,100,100,100,90],"gold":53,"neow_bonus":"ONE_RANDOM_RARE_CARD","is_daily":false,"chose_seed":false,"campfire_upgraded":6,"win_rate":0.0,"timestamp":1614353918,"path_taken":["R","M","?","$","?","E","T","E","?","$","M","M","R","M","M","BOSS","R","M","?","$","M","$","T","E","R","M","E","?","$","?","M","BOSS","R","M","M","M","?","E","T","E","M","R","E","R","E","M","M","BOSS","E","$","R","BOSS","BOSS"],"items_purchased_type":["Card","Card","Card","Card","Relic","Card","Card","Relic","Relic"],"build_version":"2020-12-22","purchased_purges":2,"victory":true,"max_hp_per_floor":[80,80,80,80,80,80,80,80,80,80,80,80,80,80,80,80,80,80,80,80,80,80,80,80,80,80,80,80,90,90,90,90,90,90,100,100,100,100,100,100,100,100,100,100,100,100,100,100,100,100,100,100,100,100,100,100],"card_choices":[{"not_picked":["Guardian:VentSteam","Guardian:Planning"],"picked":"Guardian:Gem_Blue","floor":2.0},{"not_picked":["Guardian:Gem_Lightblue","Guardian:Gem_Red"],"picked":"Guardian:VentSteam","floor":4.0},{"not_picked":["Guardian:TemporalShield","Guardian:RefractedBeam+1"],"picked":"Guardian:ConstructionForm","floor":6.0},{"not_picked":["Guardian:Gem_White","Guardian:Gem_Cyan"],"picked":"Guardian:PrimingBeam+1","floor":8.0},{"not_picked":["Guardian:Planning+1","Guardian:Gem_Purple"],"picked":"Guardian:RollAttack+1","floor":9.0},{"not_picked":["Guardian:Reroute+1","Guardian:TemporalStrike+1"],"picked":"Guardian:Planning+1","floor":10.0},{"not_picked":["Guardian:Reroute+1","Guardian:TemporalShield+1"],"picked":"Guardian:RollAttack+1","floor":11.0},{"not_picked":["Guardian:WalkerClaw+1","Guardian:RollAttack+1"],"picked":"Guardian:Harden+1","floor":12.0},{"not_picked":["Guardian:Gem_Yellow","Guardian:ShieldCharger+1"],"picked":"Guardian:Recover+1","floor":14},{"not_picked":["Guardian:Gem_White","Guardian:FloatingOrbs"],"picked":"Guardian:GuardianWhirl+1","floor":15},{"not_picked":["Guardian:AncientConstruct","Guardian:ConstructionForm"],"picked":"Guardian:Gem_Synthetic","floor":16},{"not_picked":["Guardian:Incinerate+1","Guardian:RollAttack+1"],"picked":"Guardian:Gem_Cyan","floor":19},{"not_picked":[],"picked":"J.A.X.","floor":20},{"not_picked":["Guardian:Reroute+1","Guardian:Gem_Green"],"picked":"Guardian:GemFire+1","floor":20},{"not_picked":["Guardian:TimeBomb+1","Guardian:VentSteam+1"],"picked":"Guardian:ArmoredProtocol+1","floor":21},{"not_picked":["Guardian:Gem_Cyan","Guardian:Reroute+1"],"picked":"Guardian:Incinerate+1","floor":22},{"not_picked":["Guardian:Reroute+1","Guardian:VentSteam+1"],"picked":"Guardian:Orbwalk","floor":23},{"not_picked":["Guardian:Reroute+1","Guardian:PiercingHide+1"],"picked":"Guardian:Gem_Red","floor":25},{"not_picked":["Guardian:CrystalBeam+1","Guardian:SpikerProtocol+1"],"picked":"Guardian:ChargeUp+1","floor":27},{"not_picked":["Guardian:ShieldCharger+1","Guardian:PrismaticBeam+1"],"picked":"Guardian:SpikerProtocol","floor":28},{"not_picked":["Guardian:RollAttack+1","Guardian:Gem_Red"],"picked":"Guardian:Harden+1","floor":31},{"not_picked":["Guardian:PrismaticBeam+1","Guardian:ChargeCore+1","Guardian:Incinerate+1"],"picked":"SKIP","floor":32},{"not_picked":["Guardian:GatlingBeam+1","Guardian:ConstructionForm"],"picked":"Guardian:GemFinder","floor":33},{"not_picked":["Guardian:Gem_Green","Guardian:TemporalShield+1"],"picked":"Guardian:WalkerClaw+1","floor":36},{"not_picked":["Guardian:Gem_Red","Guardian:Reroute+1"],"picked":"Guardian:ChargeUp+1","floor":37},{"not_picked":["Guardian:PiercingHide+1","Guardian:Suspension+1"],"picked":"Guardian:Gem_Red","floor":38},{"not_picked":["Guardian:Gem_Cyan","Guardian:Gem_Lightblue"],"picked":"Guardian:Gem_Green","floor":40},{"not_picked":["Guardian:Gem_Cyan","Guardian:ShieldCharger+1"],"picked":"Guardian:EvasiveProtocol+1","floor":40},{"not_picked":["Guardian:TemporalShield+1","Guardian:WalkerClaw+1"],"picked":"Guardian:Gem_Blue","floor":42},{"not_picked":["Guardian:Gem_Cyan","Guardian:Gem_Lightblue"],"picked":"Guardian:Gem_Green","floor":43},{"not_picked":["Guardian:VentSteam+1","Guardian:Reroute+1"],"picked":"Guardian:Recover+1","floor":43},{"not_picked":["Guardian:Gem_Green","Guardian:Gem_Cyan"],"picked":"Guardian:Gem_Red","floor":45},{"not_picked":["Guardian:Planning+1","Guardian:Orbwalk","Guardian:Gem_Cyan"],"picked":"SKIP","floor":45},{"not_picked":["Guardian:Gem_Green","Guardian:RefractedBeam+1"],"picked":"Guardian:SentryBeam+1","floor":47},{"not_picked":["Guardian:TimeBomb+1","Guardian:Incinerate+1"],"picked":"Guardian:Preprogram+1","floor":48},{"not_picked":["Guardian:Gem_Cyan","Guardian:GemFinder"],"picked":"Guardian:Gem_Yellow","floor":49},{"not_picked":["Guardian:Gem_Red","Guardian:Gem_Cyan"],"picked":"Guardian:Gem_Green","floor":52},{"not_picked":["Guardian:Gem_Red","Guardian:CrystalBeam+1"],"picked":"Guardian:Gem_White","floor":52}],"player_experience":1177993,"relics_obtained":[{"floor":6.0,"key":"Regal Pillow"},{"floor":7.0,"key":"Toxic Egg 2"},{"floor":8.0,"key":"Guardian:DefensiveModeMoreBlock"},{"floor":20,"key":"MutagenicStrength"},{"floor":25,"key":"Nunchaku"},{"floor":28,"key":"Bird Faced Urn"},{"floor":40,"key":"Ancient Tea Set"},{"floor":41,"key":"Orichalcum"},{"floor":42,"key":"Darkstone Periapt"},{"floor":45,"key":"Oddly Smooth Stone"},{"floor":47,"key":"War Paint"},{"floor":52,"key":"Gremlin Horn"}],"event_choices":[{"damage_healed":0.0,"max_hp_gain":0.0,"max_hp_loss":0.0,"gold_gain":0.0,"event_name":"Big Fish","player_choice":"Box","floor":3.0,"gold_loss":0.0,"damage_taken":0.0,"relics_obtained":["Molten Egg 2"],"cards_obtained":["Regret"]},{"damage_healed":0.0,"max_hp_gain":0.0,"max_hp_loss":0.0,"gold_gain":0.0,"event_name":"FaceTrader","player_choice":"Leave","floor":5.0,"gold_loss":0.0,"damage_taken":0.0},{"cards_removed":["Guardian:GemFire"],"damage_healed":35,"gold_gain":0,"player_choice":"Offered Rare","damage_taken":0,"max_hp_gain":10,"max_hp_loss":0,"event_name":"Bonfire Elementals","floor":29,"gold_loss":0}],"is_beta":false,"boss_relics":[{"not_picked":["SlaversCollar","Busted Crown"],"picked":"Guardian:ModeShifterPlus"},{"not_picked":["SacredBark","Cursed Key"],"picked":"Coffee Dripper"}],"items_purged_floors":[10,21],"is_endless":false,"potions_floor_spawned":[9,11,12,14,15,20,22,28,31,37,40,42,47,49],"ascension_level":1}}