{"host":"prxrhpgaxnj4om9r","time":1614310396,"event":{"mods":["AchievementEnabler","BaseMod","Colored Map","DeckTracker","Keyboard Shortcuts","Minty Spire (QoL Compilation)"],"gold_per_floor":[110,185,185,185,202,202,217,282,282,24,38,38,57,92,92,190,190,201,201,213,213,36,36,51,68,114,39,62,62,91,109,109,213,213,225,275,11,11,11,41,41,58,81,81,99,112,144,160,160,160,160],"floor_reached":50,"language":"KOR","playtime":4870,"items_purged":["Strike_B"],"score":595,"play_id":"e49b6d39-2afc-440c-8a51-1b571aed5ac5","local_time":"20210226123316","is_ascension_mode":false,"campfire_choices":[{"data":"Darkness","floor":6.0,"key":"SMITH"},{"data":"Hologram","floor":12,"key":"SMITH"},{"floor":15,"key":"REST"},{"floor":23,"key":"RECALL"},{"floor":32,"key":"REST"},{"floor":41,"key":"REST"},{"floor":49,"key":"REST"}],"circlet_count":0,"master_deck":["Strike_B","Strike_B","Defend_B","Defend_B","Zap","Dualcast","BootSequence","FTL","Darkness+1","Coolheaded","Hologram+1","Cold Snap+1","Self Repair","Creative AI","Electrodynamics","Cold Snap+1","Darkness","Hologram+1","Sunder","Defragment","Tempest+1","Buffer","All For One","CurseOfTheBell","Fusion+1","Turbo","Defragment","Stack+1","Sweeping Beam+1","Go for the Eyes","Seek","Barrage+1","Reprogram"],"relics":["Cracked Core","NeowsBlessing","Strawberry","Eternal Feather","Nunchaku","Fusion Hammer","Bag of Preparation","Orichalcum","Blood Vial","Calling Bell","Ancient Tea Set","White Beast Statue","Gambling Chip","Thread and Needle","PreservedInsect","Art of War","Lantern","Juzu Bracelet"],"acts_visited":["Exordium","TheCity","TheBeyond"],"potions_floor_usage":[11,14,14,16,20,22,30,33,35,40,40,45,47,50,50],"damage_taken":[{"damage":0.0,"enemies":"Jaw Worm","floor":1.0,"turns":1.0},{"damage":0.0,"enemies":"2 Louse","floor":5.0,"turns":1.0},{"damage":0.0,"enemies":"Small Slimes","floor":7.0,"turns":1.0},{"damage":11.0,"enemies":"3 Sentries","floor":8.0,"turns":6.0},{"damage":10,"enemies":"Blue Slaver","floor":11,"turns":3},{"damage":1,"enemies":"Looter","floor":13,"turns":3},{"damage":50,"enemies":"Gremlin Nob","floor":14,"turns":5},{"damage":33,"enemies":"The Guardian","floor":16,"turns":11},{"damage":13,"enemies":"Spheric Guardian","floor":18,"turns":4},{"damage":15,"enemies":"2 Thieves","floor":20,"turns":4},{"damage":20,"enemies":"Snake Plant","floor":24,"turns":3},{"damage":0,"enemies":"Cultist and Chosen","floor":25,"turns":4},{"damage":15,"enemies":"Gremlin Leader","floor":30,"turns":5},{"damage":6,"enemies":"Snecko","floor":31,"turns":4},{"damage":33,"enemies":"Collector","floor":33,"turns":12},{"damage":6,"enemies":"3 Shapes","floor":35,"turns":6},{"damage":1,"enemies":"Mind Bloom Boss Battle","floor":36,"turns":8},{"damage":20,"enemies":"Giant Head","floor":40,"turns":8},{"damage":0,"enemies":"3 Darklings","floor":42,"turns":3},{"damage":3,"enemies":"Writhing Mass","floor":45,"turns":7},{"damage":12,"enemies":"Jaw Worm Horde","floor":46,"turns":5},{"damage":0,"enemies":"Reptomancer","floor":47,"turns":5},{"damage":6,"enemies":"Transient","floor":48,"turns":5},{"damage":135,"enemies":"Donu and Deca","floor":50,"turns":9}],"seed_played":"-4479213456022342231","potions_obtained":[{"floor":1.0,"key":"GamblersBrew"},{"floor":4.0,"key":"Fire Potion"},{"floor":4.0,"key":"Dexterity Potion"},{"floor":5.0,"key":"Energy Potion"},{"floor":11,"key":"Fruit Juice"},{"floor":14,"key":"Swift Potion"},{"floor":18,"key":"Explosive Potion"},{"floor":25,"key":"DistilledChaos"},{"floor":30,"key":"Weak Potion"},{"floor":31,"key":"SpeedPotion"},{"floor":33,"key":"Energy Potion"},{"floor":35,"key":"DistilledChaos"},{"floor":36,"key":"EssenceOfSteel"},{"floor":40,"key":"ColorlessPotion"},{"floor":42,"key":"Dexterity Potion"},{"floor":45,"key":"CultistPotion"},{"floor":47,"key":"SkillPotion"}],"is_trial":false,"path_per_floor":["M","?","?","?","M","R","M","?","T","$","M","R","M","E","R","B",null,"M","?","M","?","$","R","M","M","T","$","T","?","E","M","R","B",null,"M","?","$","?","$","E","R","M","T","?","M","M","E","M","R","B"],"character_chosen":"DEFECT","items_purchased":["Eternal Feather","Fruit Juice","Defragment","FairyPotion","PreservedInsect","Turbo"],"campfire_rested":4,"item_purchase_floors":[10,22,27,37,37,37],"current_hp_per_floor":[75,64,64,64,64,64,64,60,60,60,55,64,63,20,55,29,87,81,81,73,73,78,87,74,81,81,81,81,81,73,76,92,59,92,92,91,91,91,91,79,92,92,92,92,89,86,88,84,92,0,0],"gold":160,"neow_bonus":"THREE_ENEMY_KILL","is_daily":false,"chose_seed":false,"campfire_upgraded":2,"win_rate":0.0,"timestamp":1614310396,"path_taken":["M","?","?","?","?","R","M","?","T","$","M","R","M","E","R","BOSS","M","?","?","?","?","R","?","M","T","$","?","?","E","M","R","BOSS","M","?","$","?","$","E","R","?","T","?","M","M","E","M","R","BOSS"],"items_purchased_type":["Relic","Potion","Card","Potion","Relic","Card"],"build_version":"2020-12-22","purchased_purges":1,"victory":false,"max_hp_per_floor":[75,75,75,75,75,75,75,82,82,82,87,87,87,87,87,87,87,87,87,87,87,92,92,92,92,92,92,92,92,92,92,92,92,92,92,92,92,92,92,92,92,92,92,92,92,92,92,92,92,92,92],"card_choices":[{"not_picked":["Rebound","Hologram"],"picked":"BootSequence","floor":1.0},{"not_picked":["Sweeping Beam","Loop"],"picked":"Darkness","floor":5.0},{"not_picked":["Glacier","Loop"],"picked":"Coolheaded","floor":7.0},{"not_picked":["Beam Cell","Doom and Gloom"],"picked":"Hologram","floor":8.0},{"not_picked":["Rebound","Gash"],"picked":"Cold Snap","floor":11},{"not_picked":["Rebound","Compile Driver"],"picked":"Self Repair","floor":13},{"not_picked":["Beam Cell","Steam"],"picked":"Creative AI","floor":14},{"not_picked":["Reboot","Thunder Strike"],"picked":"Electrodynamics","floor":16},{"not_picked":["Static Discharge","Barrage"],"picked":"Cold Snap+1","floor":18},{"not_picked":["Self Repair","Streamline"],"picked":"Hologram+1","floor":20},{"not_picked":["Loop","Chaos"],"picked":"Sunder","floor":24},{"not_picked":["Gash","Force Field"],"picked":"Sweeping Beam","floor":25},{"not_picked":["Loop","Steam"],"picked":"Tempest+1","floor":30},{"not_picked":["Defragment","Barrage"],"picked":"Buffer","floor":31},{"not_picked":["Thunder Strike","Meteor Strike"],"picked":"All For One","floor":33},{"not_picked":["Sweeping Beam","Cold Snap+1","Rainbow"],"picked":"SKIP","floor":35},{"not_picked":["Sweeping Beam+1","Gash"],"picked":"Fusion+1","floor":36},{"not_picked":["Coolheaded","Glacier"],"picked":"Stack+1","floor":40},{"not_picked":["Hologram","Compile Driver"],"picked":"Sweeping Beam+1","floor":42},{"not_picked":["Compile Driver","Beam Cell"],"picked":"Go for the Eyes","floor":45},{"not_picked":["Steam+1","Gash+1"],"picked":"Seek","floor":46},{"not_picked":["Machine Learning","Reinforced Body"],"picked":"Barrage+1","floor":47},{"not_picked":["Steam+1","Sweeping Beam+1"],"picked":"Reprogram","floor":48}],"player_experience":665250,"relics_obtained":[{"floor":8.0,"key":"Strawberry"},{"floor":14,"key":"Nunchaku"},{"floor":26,"key":"Bag of Preparation"},{"floor":28,"key":"Orichalcum"},{"floor":30,"key":"Blood Vial"},{"floor":34,"key":"Ancient Tea Set"},{"floor":34,"key":"White Beast Statue"},{"floor":34,"key":"Gambling Chip"},{"floor":36,"key":"Thread and Needle"},{"floor":40,"key":"Art of War"},{"floor":43,"key":"Lantern"},{"floor":47,"key":"Juzu Bracelet"}],"event_choices":[{"damage_healed":0.0,"max_hp_gain":0.0,"max_hp_loss":0.0,"gold_gain":75.0,"event_name":"World of Goop","player_choice":"Gather Gold","floor":2.0,"gold_loss":0.0,"damage_taken":11.0},{"damage_healed":0.0,"max_hp_gain":0.0,"max_hp_loss":0.0,"gold_gain":0.0,"cards_transformed":["Defend_B"],"event_name":"Living Wall","player_choice":"Change","floor":3.0,"gold_loss":0.0,"damage_taken":0.0,"cards_obtained":["FTL"]},{"damage_healed":0.0,"max_hp_gain":0.0,"max_hp_loss":0.0,"gold_gain":0.0,"event_name":"Lab","player_choice":"Got Potions","floor":4.0,"gold_loss":0.0,"damage_taken":0.0},{"damage_healed":0.0,"max_hp_gain":0.0,"max_hp_loss":0.0,"gold_gain":30.0,"event_name":"Dead Adventurer","player_choice":"Searched \u00273\u0027 times","floor":8.0,"gold_loss":0.0,"damage_taken":0.0},{"damage_healed":0,"gold_gain":0,"cards_transformed":["Defend_B"],"player_choice":"Transformed","damage_taken":0,"max_hp_gain":0,"max_hp_loss":0,"event_name":"Transmorgrifier","floor":19,"gold_loss":0,"cards_obtained":["Darkness"]},{"damage_healed":0,"gold_gain":0,"player_choice":"Upgraded","damage_taken":0,"max_hp_gain":0,"max_hp_loss":0,"event_name":"Upgrade Shrine","floor":21,"gold_loss":0,"cards_upgraded":["Cold Snap"]},{"cards_removed":["Strike_B"],"damage_healed":0,"gold_gain":0,"player_choice":"Offered Basic","damage_taken":0,"max_hp_gain":0,"max_hp_loss":0,"event_name":"Bonfire Elementals","floor":29,"gold_loss":0},{"damage_healed":0,"gold_gain":0,"player_choice":"Fight","damage_taken":0,"max_hp_gain":0,"max_hp_loss":0,"event_name":"MindBloom","floor":36,"gold_loss":0},{"damage_healed":0,"gold_gain":0,"player_choice":"Copied","damage_taken":0,"max_hp_gain":0,"max_hp_loss":0,"event_name":"Duplicator","floor":38,"gold_loss":0,"cards_obtained":["Defragment"]},{"cards_removed":["Sweeping Beam"],"damage_healed":0,"gold_gain":0,"player_choice":"Removed Attack","damage_taken":0,"max_hp_gain":0,"max_hp_loss":0,"event_name":"Falling","floor":44,"gold_loss":0}],"is_beta":false,"boss_relics":[{"not_picked":["Sozu","Velvet Choker"],"picked":"Fusion Hammer"},{"not_picked":["Busted Crown","FrozenCore"],"picked":"Calling Bell"}],"items_purged_floors":[22],"is_endless":false,"potions_floor_spawned":[1,5,11,14,18,25,30,31,33,35,36,40,42,45,46,47,48],"killed_by":"Donu and Deca","ascension_level":0}}