{"host":"dbkc9h3etq50r1dq","time":1614350664,"event":{"mods":["AchievementEnabler","BaseMod","Block Reminder","Colored Powertips","Curses Come First","Dark Map","Minty Spire (QoL Compilation)","Permanent Neow","Potion Indicator Mod","Random Character Button","Rare Cards Sparkle","StSLib","SuperFastMode","Weighted Paths"],"gold_per_floor":[117,117,16,35,35,35,35,35],"floor_reached":7,"language":"ZHS","playtime":162,"items_purged":["Strike_G"],"score":55,"play_id":"1daa2338-1844-4aaa-9b71-73f9ee47f1c5","local_time":"20210226224424","is_ascension_mode":true,"campfire_choices":[{"data":"Neutralize","floor":6,"key":"SMITH"}],"circlet_count":0,"master_deck":["Strike_G","Strike_G","Strike_G","Strike_G","Defend_G","Defend_G","Defend_G","Defend_G","Survivor","Neutralize+1","Backflip","Die Die Die","Backflip","Regret"],"relics":["Ring of the Snake","The Courier"],"acts_visited":["Exordium"],"potions_floor_usage":[],"damage_taken":[{"damage":7,"enemies":"2 Louse","floor":1,"turns":2},{"damage":2,"enemies":"Jaw Worm","floor":4,"turns":5},{"damage":50,"enemies":"Gremlin Nob","floor":7,"turns":6}],"seed_played":"2342307176531827716","potions_obtained":[{"floor":0,"key":"FairyPotion"},{"floor":0,"key":"Ancient Potion"},{"floor":0,"key":"LiquidBronze"}],"is_trial":false,"path_per_floor":["M","?","$","M","?","R","E"],"character_chosen":"THE_SILENT","items_purchased":["Backflip"],"campfire_rested":0,"item_purchase_floors":[3],"current_hp_per_floor":[56,56,56,54,54,54,4,4],"gold":35,"neow_bonus":"THREE_SMALL_POTIONS","is_daily":false,"chose_seed":false,"campfire_upgraded":1,"win_rate":0.0,"timestamp":1614350664,"path_taken":["M","?","?","M","?","R","E"],"items_purchased_type":["Card"],"build_version":"2020-12-22","purchased_purges":1,"victory":false,"max_hp_per_floor":[70,70,70,70,70,70,70,70],"card_choices":[{"not_picked":["Calculated Gamble","Deflect"],"picked":"Backflip","floor":1},{"not_picked":["Crippling Poison","Sucker Punch","Deadly Poison"],"picked":"SKIP","floor":4}],"player_experience":173817,"relics_obtained":[],"event_choices":[{"damage_healed":0,"gold_gain":0,"cards_transformed":["Defend_G"],"player_choice":"Change","damage_taken":0,"max_hp_gain":0,"max_hp_loss":0,"event_name":"Living Wall","floor":2,"gold_loss":0,"cards_obtained":["Die Die Die"]},{"damage_healed":0,"gold_gain":0,"player_choice":"Box","damage_taken":0,"relics_obtained":["The Courier"],"max_hp_gain":0,"max_hp_loss":0,"event_name":"Big Fish","floor":5,"gold_loss":0,"cards_obtained":["Regret"]}],"is_beta":false,"boss_relics":[],"items_purged_floors":[3],"is_endless":false,"potions_floor_spawned":[],"killed_by":"Gremlin Nob","ascension_level":8}}