{"host":"Lucas","time":1614343846,"event":{"mods":["BaseMod","Downfall","Minty Spire (QoL Compilation)","READ ME - Guardian Mod","StSLib","The Cursed","The Disciple","The Necromancer","The Servant 0.9.4"],"gold_per_floor":[114,129,129,144,159,189,204,234,284,299,299,314,329,344,356,468,480,507,534,546,147,162,162,192,207,232,247,262,262,277,292,292,392,392,407,422,437,200,215,215,230,230,255,55,70,85,135,150,150,150],"floor_reached":51,"language":"ENG","playtime":3502,"items_purged":[],"score":820,"play_id":"04a5f58b-502a-4469-9cad-f96533673533","local_time":"20210226125046","daily_mods":["SealedDeck","Vintage","Lethality"],"is_ascension_mode":false,"campfire_choices":[{"data":"sneckomod:IronFang","floor":11,"key":"SMITH"},{"data":"sneckomod:TrashToTreasure","floor":15,"key":"SMITH"},{"floor":23,"key":"REST"},{"data":"sneckomod:UnknownUncommonPower","floor":29,"key":"SMITH"},{"data":"sneckomod:QuickBite","floor":32,"key":"SMITH"},{"data":"Slimebound:Grow","floor":40,"key":"SMITH"},{"data":"sneckomod:SlitherStrike","floor":42,"key":"SMITH"},{"floor":49,"key":"REST"}],"circlet_count":0,"master_deck":["sneckomod:ImprovisedGuard","sneckomod:UnknownExhaust","sneckomod:UnknownCommonAttack","sneckomod:UnknownCommonAttack","sneckomod:UnknownUncommonSkill","sneckomod:IronFang","sneckomod:SoulCleanse","sneckomod:IronFang+1","sneckomod:QuickBite+1","sneckomod:IronFang","sneckomod:TrashToTreasure+1","sneckomod:SlitherStrike+1","sneckomod:UnknownRareAttack+1","sneckomod:UnknownUncommonPower+1","Dark Shackles+1","sneckomod:UnknownCommonAttack+1","sneckomod:Transmogrify+1","sneckomod:UnknownClassSLIMEBOUND+1","sneckomod:UnknownClassSLIMEBOUND+1","sneckomod:UnknownClassSLIMEBOUND+1","sneckomod:UnknownClassSLIMEBOUND+1","sneckomod:UnknownClassSLIMEBOUND+1","Slimebound:Grow+1","Slimebound:Recollect+1","Slimebound:SelfFormingGoo","sneckomod:UnknownClassSLIMEBOUND+1","Slimebound:MegaLick+1","Slimebound:LevelUp","Slimebound:TagTeam+1","Slimebound:LivingWall+1","Slimebound:SelfFormingGoo","sneckomod:UnknownColorless+1","Slimebound:DouseInSlime+1"],"relics":["sneckomod:SneckoSoul","Guardian:PocketSentry","bronze:BronzeIdol","InkBottle","Bag of Marbles","Vajra","Centennial Puzzle","Molten Egg 2","Happy Flower","SlaversCollar","Ancient Tea Set","Mummified Hand","Toxic Egg 2","Regal Pillow","sneckomod:ConfusingCodex","Lantern","Mango","Ginger","sneckomod:SneckoBoss","Art of War","MealTicket","Shuriken","Akabeko","Slimebound:StickyStick","Boot","CaptainsWheel","Strawberry","Membership Card","Incense Burner","Orichalcum","hexamod:BolsterEngine","HornCleat","Nunchaku","Bottled Lightning","Pen Nib","Matryoshka","Blood Vial","StoneCalendar","Akabeko","Turnip"],"acts_visited":["Exordium","TheCity","TheBeyond"],"potions_floor_usage":[16,16,28,28,33,50,50,50],"damage_taken":[{"damage":2,"enemies":"2 Louse","floor":1,"turns":2},{"damage":0,"enemies":"Small Slimes","floor":2,"turns":2},{"damage":0,"enemies":"Jaw Worm","floor":4,"turns":2},{"damage":5,"enemies":"3 Louse","floor":5,"turns":2},{"damage":3,"enemies":"Gremlin Nob","floor":6,"turns":2},{"damage":0,"enemies":"Looter","floor":7,"turns":1},{"damage":2,"enemies":"3 Sentries","floor":8,"turns":4},{"damage":0,"enemies":"Blue Slaver","floor":10,"turns":1},{"damage":0,"enemies":"Large Slime","floor":12,"turns":2},{"damage":0,"enemies":"3 Louse","floor":13,"turns":2},{"damage":0,"enemies":"Exordium Wildlife","floor":14,"turns":1},{"damage":23,"enemies":"The Guardian","floor":16,"turns":6},{"damage":0,"enemies":"Spheric Guardian","floor":18,"turns":2},{"damage":0,"enemies":"Shell Parasite","floor":19,"turns":2},{"damage":0,"enemies":"Cultist and Chosen","floor":22,"turns":2},{"damage":0,"enemies":"Book of Stabbing","floor":24,"turns":3},{"damage":0,"enemies":"Snecko","floor":25,"turns":2},{"damage":2,"enemies":"Shelled Parasite and Fungi","floor":27,"turns":2},{"damage":19,"enemies":"Centurion and Healer","floor":28,"turns":2},{"damage":0,"enemies":"Snake Plant","floor":30,"turns":2},{"damage":5,"enemies":"3 Cultists","floor":31,"turns":3},{"damage":34,"enemies":"Automaton","floor":33,"turns":6},{"damage":0,"enemies":"3 Darklings","floor":35,"turns":4},{"damage":10,"enemies":"3 Shapes","floor":36,"turns":2},{"damage":9,"enemies":"Writhing Mass","floor":37,"turns":2},{"damage":0,"enemies":"Transient","floor":39,"turns":5},{"damage":0,"enemies":"Maw","floor":41,"turns":4},{"damage":0,"enemies":"Jaw Worm Horde","floor":45,"turns":3},{"damage":19,"enemies":"Writhing Mass","floor":46,"turns":3},{"damage":2,"enemies":"Mind Bloom Boss Battle","floor":47,"turns":4},{"damage":0,"enemies":"Spire Growth","floor":48,"turns":2},{"damage":28,"enemies":"Donu and Deca","floor":50,"turns":8}],"seed_played":"4728103701414758894","potions_obtained":[{"floor":2,"key":"Dexterity Potion"},{"floor":5,"key":"hexamod:SoulburnPotion"},{"floor":8,"key":"Energy Potion"},{"floor":13,"key":"champ:CounterPotion"},{"floor":18,"key":"champ:CounterPotion"},{"floor":25,"key":"Weak Potion"},{"floor":28,"key":"Dexterity Potion"},{"floor":30,"key":"SneckoOil"},{"floor":33,"key":"Block Potion"},{"floor":36,"key":"DistilledChaos"}],"is_trial":false,"path_per_floor":["M","M","$","M","M","E","M","E","T","M","R","M","M","M","R","B",null,"M","M","?","$","M","R","E","M","T","M","M","R","M","M","R","B",null,"M","M","M","$","M","R","M","R","T","$","M","M","?","M","R","B",null],"character_chosen":"THE_SNECKO","items_purchased":["Toxic Egg 2","sneckomod:UnknownUncommonPower","Dark Shackles+1","Membership Card","sneckomod:UnknownClassSLIMEBOUND+1","Boot","hexamod:BolsterEngine","HornCleat"],"campfire_rested":2,"item_purchase_floors":[21,21,21,38,38,38,44,44],"current_hp_per_floor":[88,88,88,88,83,80,80,78,78,78,78,78,78,78,78,55,90,90,90,72,72,72,95,95,95,95,97,94,94,94,89,89,55,113,113,103,94,109,116,116,119,119,119,120,120,101,103,105,120,92],"gold":150,"neow_bonus":"","is_daily":true,"chose_seed":false,"campfire_upgraded":6,"win_rate":0.0,"timestamp":1614343846,"path_taken":["M","M","$","M","M","E","M","E","T","M","R","M","M","M","R","BOSS","M","M","?","$","M","R","E","M","T","M","M","R","M","M","R","BOSS","M","M","M","$","M","R","M","R","T","$","M","M","?","M","R","BOSS"],"items_purchased_type":["Relic","Card","Card","Relic","Card","Relic","Relic","Relic"],"build_version":"2020-12-18","purchased_purges":0,"victory":true,"max_hp_per_floor":[90,90,90,90,90,90,90,90,90,90,90,90,90,90,90,90,90,90,90,95,95,95,95,95,95,95,99,113,113,113,113,113,113,113,113,113,113,113,120,120,120,120,120,120,120,120,120,120,120,120],"card_choices":[{"not_picked":["sneckomod:MixItUp","sneckomod:Nope"],"picked":"sneckomod:TrashToTreasure","floor":6},{"not_picked":["sneckomod:Nope","sneckomod:Unknown1Cost"],"picked":"sneckomod:SlitherStrike","floor":8},{"not_picked":["sneckomod:Unknown3Cost","sneckomod:SerpentMind"],"picked":"sneckomod:UnknownRareAttack+1","floor":16},{"not_picked":["sneckomod:SoulRoll+1","sneckomod:UnknownX+1"],"picked":"sneckomod:UnknownCommonAttack+1","floor":24},{"not_picked":["sneckomod:MorePower","sneckomod:UnknownRareAttack+1"],"picked":"sneckomod:Transmogrify+1","floor":33},{"not_picked":["Slimebound:Chomp","Slimebound:LeechingTouch"],"picked":"Slimebound:Grow","floor":35},{"not_picked":["Slimebound:SplitAcid","Slimebound:SplitSpecialist"],"picked":"Slimebound:Recollect","floor":36},{"not_picked":["Slimebound:SlimeBarrage","Slimebound:ForwardTackle"],"picked":"Slimebound:SelfFormingGoo","floor":37},{"not_picked":["Slimebound:SelfFormingGoo","Slimebound:GrowthPunch"],"picked":"Slimebound:MegaLick","floor":39},{"not_picked":["Slimebound:SlimeBarrage","Slimebound:Recollect"],"picked":"Slimebound:LevelUp","floor":41},{"not_picked":["Slimebound:ServeAndProtect","Slimebound:AcidTongue"],"picked":"Slimebound:TagTeam","floor":45},{"not_picked":["Slimebound:ServeAndProtect","Slimebound:OneTwoCombo"],"picked":"Slimebound:LivingWall","floor":46},{"not_picked":["Slimebound:ServeAndProtect","Slimebound:LeechLife"],"picked":"Slimebound:SelfFormingGoo","floor":47},{"not_picked":["sneckomod:SnekBeam+1","sneckomod:DiceCrush+1"],"picked":"sneckomod:UnknownColorless+1","floor":47},{"not_picked":["Slimebound:RollThrough","Slimebound:SplitLeeching"],"picked":"Slimebound:DouseInSlime","floor":48}],"player_experience":1348401,"relics_obtained":[{"floor":1,"key":"Guardian:PocketSentry"},{"floor":2,"key":"bronze:BronzeIdol"},{"floor":4,"key":"WingedGreaves"},{"floor":5,"key":"InkBottle"},{"floor":6,"key":"Bag of Marbles"},{"floor":7,"key":"Vajra"},{"floor":8,"key":"Nunchaku"},{"floor":9,"key":"Centennial Puzzle"},{"floor":10,"key":"Molten Egg 2"},{"floor":12,"key":"Happy Flower"},{"floor":13,"key":"Bronze Scales"},{"floor":14,"key":"MawBank"},{"floor":18,"key":"Ancient Tea Set"},{"floor":19,"key":"Mummified Hand"},{"floor":22,"key":"Regal Pillow"},{"floor":24,"key":"sneckomod:ConfusingCodex"},{"floor":25,"key":"Shuriken"},{"floor":26,"key":"Art of War"},{"floor":27,"key":"Lantern"},{"floor":28,"key":"Mango"},{"floor":30,"key":"Ginger"},{"floor":31,"key":"Matryoshka"},{"floor":35,"key":"Art of War"},{"floor":35,"key":"MealTicket"},{"floor":36,"key":"Shuriken"},{"floor":36,"key":"Pocketwatch"},{"floor":37,"key":"Akabeko"},{"floor":37,"key":"Slimebound:StickyStick"},{"floor":39,"key":"CaptainsWheel"},{"floor":39,"key":"Strawberry"},{"floor":41,"key":"Membership Card"},{"floor":41,"key":"Incense Burner"},{"floor":43,"key":"Akabeko"},{"floor":43,"key":"Orichalcum"},{"floor":45,"key":"Nunchaku"},{"floor":45,"key":"Bottled Lightning"},{"floor":46,"key":"Pen Nib"},{"floor":46,"key":"Matryoshka"},{"floor":46,"key":"Blood Vial"},{"floor":47,"key":"StoneCalendar"},{"floor":47,"key":"Akabeko"},{"floor":48,"key":"Turnip"},{"floor":48,"key":"Pen Nib"}],"event_choices":[{"damage_healed":0,"gold_gain":0,"player_choice":"Shed Blood","damage_taken":23,"max_hp_gain":5,"max_hp_loss":0,"event_name":"Forgotten Altar","floor":20,"gold_loss":0},{"damage_healed":0,"gold_gain":0,"player_choice":"Fight","damage_taken":0,"max_hp_gain":0,"max_hp_loss":0,"event_name":"MindBloom","floor":47,"gold_loss":0}],"is_beta":true,"boss_relics":[{"not_picked":["Ectoplasm","Velvet Choker"],"picked":"SlaversCollar"},{"not_picked":["Runic Dome","Sozu"],"picked":"sneckomod:SneckoBoss"}],"items_purged_floors":[],"is_endless":false,"potions_floor_spawned":[2,5,8,10,13,18,25,28,30,33,36,45,46,47,48],"ascension_level":0}}