{"host":"qrfkyfrpo74atslb","time":1614312077,"event":{"mods":["Astrologer","Bartender","BaseMod","Beaked The Cultist","Better Note","Better Third Choice","CapriCore","Colored Map","Colored Powertips","Conspire","DeckTracker","Downfall","GungeonMod","Hermit","Hero for Fun","Hubris","Koishi","LagranYue(???·?)","Mad Scientist","Marisa????????","Minty Spire (QoL Compilation)","Prisma Mod","Reimu??????","Remilia??????","StSLib","The Administrix","The Alterego","The Bladedancer","The Cursed","The Gatherer","The Immortal","The Mystic","The Necromancer","The Runesmith","The Servant 0.9.4","The Wild Card","TheSwordswoman","WarShipGirlsR/????R mod","Yakumo Yukari mod","Yuyuko"],"gold_per_floor":[112,122,0,20,20,48,48,58,58,85,40,52,86,101,101,201,201,213,231,241,98,113,113,123,123,123,141,141,141,141,141],"floor_reached":30,"language":"ENG","playtime":1334,"items_purged":[],"score":254,"play_id":"504c0b5e-def5-4fb4-b09c-8c1b80d2ff85","local_time":"20210226170117","is_ascension_mode":false,"campfire_choices":[{"data":"PrismaMod:IllyaSaphire","floor":7.0,"key":"SMITH"},{"floor":15.0,"key":"REST"},{"data":"PrismaMod:IllyaDualEvoke","floor":23.0,"key":"SMITH"}],"circlet_count":0,"master_deck":["PrismaMod:IllyaCommonAttack","PrismaMod:IllyaCommonDefend","PrismaMod:IllyaCommonAttack","PrismaMod:IllyaCommonDefend","PrismaMod:IllyaCommonAttack","PrismaMod:IllyaCommonDefend","PrismaMod:IllyaCommonAttack","PrismaMod:IllyaCommonAttack","PrismaMod:IllyaCommonDefend","PrismaMod:IllyaUncommonAttack","PrismaMod:IllyaUncommonDefend","PrismaMod:IllyaCheapChannelPoison","PrismaMod:IllyaRubysPotion","Enlightenment","PrismaMod:IllyaSaphire+1","Dramatic Entrance","PrismaMod:IllyaInstallLancer","PrismaMod:IllyaUberPoisonChannel","PrismaMod:IllyaFeed","PrismaMod:IllyaCarnivalDefend","PrismaMod:IllyaRussianRoulette","PrismaMod:IllyaPartialInstallAssassin","PrismaMod:IllyaUncommonEvoke","PrismaMod:IllyaInstallMoonCancer","PrismaMod:IllyaMinorReinForce+1","PrismaMod:IllyaDualEvoke+1","PrismaMod:IllyaStunPoison","PrismaMod:IllyaCheapChannelPoison","PrismaMod:IllyaMaid"],"relics":["PrismaMod:PrismaZwei","LagranYue:RandomDrawCardRelic","NeowsBlessing","hubris:PeanutButter","Kunai","Bottled Tornado","White Beast Statue","Sling","DemoMod:GlassGuonStoneRelic","hubris:DeckOfHolding"],"acts_visited":["Exordium","TheCity"],"potions_floor_usage":[],"damage_taken":[{"damage":0.0,"enemies":"Cultist","floor":1.0,"turns":1.0},{"damage":0.0,"enemies":"Jaw Worm","floor":2.0,"turns":1.0},{"damage":0.0,"enemies":"Small Slimes","floor":4.0,"turns":1.0},{"damage":42.0,"enemies":"3 Sentries","floor":6.0,"turns":9.0},{"damage":0.0,"enemies":"Blue Slaver","floor":8.0,"turns":4.0},{"damage":34.0,"enemies":"Lagavulin","floor":10.0,"turns":6.0},{"damage":0.0,"enemies":"2 Fungi Beasts","floor":12.0,"turns":3.0},{"damage":9.0,"enemies":"3 Sentries","floor":13.0,"turns":9.0},{"damage":0.0,"enemies":"3 Louse","floor":14.0,"turns":5.0},{"damage":37.0,"enemies":"The Guardian","floor":16.0,"turns":8.0},{"damage":0.0,"enemies":"3 Byrds","floor":18.0,"turns":5.0},{"damage":0.0,"enemies":"conspire:FuzzyDice","floor":19.0,"turns":7.0},{"damage":15.0,"enemies":"Sentry and Sphere","floor":20.0,"turns":5.0},{"damage":17.0,"enemies":"3 Cultists","floor":22.0,"turns":5.0},{"damage":16.0,"enemies":"Shelled Parasite and Fungi","floor":24.0,"turns":7.0},{"damage":0.0,"enemies":"Snecko","floor":27.0,"turns":6.0},{"damage":0,"enemies":"Centurion and Healer","floor":30,"turns":1}],"seed_played":"4398694820693604218","potions_obtained":[{"floor":1.0,"key":"LiquidBronze"},{"floor":10.0,"key":"LiquidBronze"},{"floor":12.0,"key":"Fire Potion"},{"floor":14.0,"key":"FairyPotion"},{"floor":18.0,"key":"DuplicationPotion"}],"is_trial":false,"path_per_floor":["M","M","?","M","?","E","R","M","T","E","$","M","E","M","R","B",null,"M","M","M","$","M","R","M","?","T","M","?","$","M"],"character_chosen":"ILLYA","items_purchased":["PrismaMod:IllyaRussianRoulette","Sling"],"campfire_rested":1,"item_purchase_floors":[11,21],"current_hp_per_floor":[75,75,81,81,81,44,44,44,44,30,30,30,33,38,62,45,81,81,81,80,80,63,63,47,47,47,53,53,53,53,53],"gold":141,"neow_bonus":"THREE_ENEMY_KILL","is_daily":false,"chose_seed":false,"campfire_upgraded":2,"win_rate":0.0,"timestamp":1614312077,"path_taken":["M","M","?","M","?","E","R","M","T","E","$","?","E","?","R","BOSS","M","M","M","$","M","R","M","?","T","M","?","$","M"],"items_purchased_type":["Card","Relic"],"build_version":"2020-12-22","purchased_purges":0,"victory":false,"max_hp_per_floor":[75,75,81,81,81,81,81,81,81,81,81,81,81,81,81,81,81,81,81,81,81,81,81,81,81,81,81,81,81,81,81],"card_choices":[{"not_picked":["PrismaMod:IllyaUpgradeOrbs","PrismaMod:IllyaStunPoison"],"picked":"PrismaMod:IllyaCheapChannelPoison","floor":1.0},{"not_picked":["PrismaMod:IllyaMaid","PrismaMod:IllyaPoisonBlock"],"picked":"PrismaMod:IllyaRubysPotion","floor":2.0},{"not_picked":["PrismaMod:IllyaRubysPotion","PrismaMod:IllyaFeed"],"picked":"PrismaMod:IllyaSaphire","floor":4.0},{"not_picked":["PrismaMod:IllyaUncommonAOEAttack","PrismaMod:IllyaPoisonBlock"],"picked":"PrismaMod:IllyaUberPoisonChannel","floor":6.0},{"not_picked":["PrismaMod:IllyaHassanGift","PrismaMod:IllyaRapidFire"],"picked":"PrismaMod:IllyaFeed","floor":8.0},{"not_picked":["PrismaMod:IllyaCheapDefend","PrismaMod:IllyaCommonEvoke"],"picked":"PrismaMod:IllyaCarnivalDefend","floor":10.0},{"not_picked":["PrismaMod:IllyaRubysPotion","PrismaMod:IllyaCheapChannelPoison"],"picked":"PrismaMod:IllyaPartialInstallAssassin","floor":12.0},{"not_picked":["PrismaMod:IllyaRussianRoulette","PrismaMod:IllyaUpgradeOrbs"],"picked":"PrismaMod:IllyaUncommonEvoke","floor":13.0},{"not_picked":["PrismaMod:IllyaReinForce","PrismaMod:IllyaFeed","PrismaMod:IllyaMaid"],"picked":"SKIP","floor":14.0},{"not_picked":["PrismaMod:IllyaInstallRider","PrismaMod:IllyaInstallLancer"],"picked":"PrismaMod:IllyaInstallMoonCancer","floor":16.0},{"not_picked":["PrismaMod:IllyaGrailKun","PrismaMod:IllyaRubysPotion"],"picked":"PrismaMod:IllyaMinorReinForce+1","floor":18.0},{"not_picked":["PrismaMod:IllyaTestament","PrismaMod:IllyaAssassinRevenge","PrismaMod:IllyaAlice+1"],"picked":"SKIP","floor":19.0},{"not_picked":["PrismaMod:IllyaCheapChannelAttack","PrismaMod:IllyaMaid"],"picked":"PrismaMod:IllyaDualEvoke","floor":20.0},{"not_picked":["PrismaMod:IllyaGrailKun","PrismaMod:IllyaUpgradeOrbs"],"picked":"PrismaMod:IllyaStunPoison","floor":22.0},{"not_picked":["PrismaMod:IllyaInstallAssassin","PrismaMod:IllyaDetonatingBlow"],"picked":"PrismaMod:IllyaCheapChannelPoison","floor":24.0},{"not_picked":["PrismaMod:IllyaBlindPoisonToss","PrismaMod:IllyaCheapChannelDefend","PrismaMod:IllyaAlice"],"picked":"SKIP","floor":27.0}],"player_experience":150607,"relics_obtained":[{"floor":6.0,"key":"hubris:PeanutButter"},{"floor":9.0,"key":"Kunai"},{"floor":10.0,"key":"Bottled Tornado"},{"floor":13.0,"key":"White Beast Statue"},{"floor":26.0,"key":"hubris:DeckOfHolding"}],"event_choices":[{"damage_healed":0.0,"max_hp_gain":0.0,"max_hp_loss":0.0,"gold_gain":0.0,"event_name":"betterThird:BetterSerpent","player_choice":"RENOUNCE","floor":3.0,"gold_loss":122.0,"damage_taken":122.0,"cards_obtained":["Enlightenment"]},{"damage_healed":0.0,"max_hp_gain":0.0,"max_hp_loss":0.0,"gold_gain":0.0,"event_name":"Match and Keep!","player_choice":"2 cards matched","floor":5.0,"gold_loss":0.0,"damage_taken":0.0,"cards_obtained":["Dramatic Entrance","PrismaMod:IllyaInstallLancer"]},{"damage_healed":0.0,"max_hp_gain":0.0,"max_hp_loss":0.0,"gold_gain":0.0,"event_name":"Lab","player_choice":"Got Potions","floor":25.0,"gold_loss":0.0,"damage_taken":0.0},{"damage_healed":0.0,"max_hp_gain":0.0,"max_hp_loss":0.0,"gold_gain":0.0,"cards_transformed":["PrismaMod:IllyaCommonDefend"],"event_name":"Transmorgrifier","player_choice":"Transformed","floor":28.0,"gold_loss":0.0,"damage_taken":0.0,"cards_obtained":["PrismaMod:IllyaMaid"]}],"is_beta":false,"boss_relics":[{"not_picked":["Sozu","hubris:TerracottaHorce"],"picked":"PrismaMod:PrismaZwei"}],"items_purged_floors":[],"is_endless":false,"potions_floor_spawned":[1,10,12,14,16,18,19,20,22,24,27],"killed_by":"Centurion and Healer","ascension_level":0}}