{"host":"we8ay8el3o9pwc2d","time":1614308798,"event":{"mods":["Act Like it!","Aspiration","BaseMod","BetterRewards","Colored Map","Conspire","Downfall","Elementarium","GungeonMod","Minty Spire (QoL Compilation)","Reliquary","Robot Space Explorer","Ruina","Spire Arcade","StSLib","The Marked","Waifu the Spire"],"gold_per_floor":[99,115,129,114,114,14,14,44,60,60,45,59,59,70,86,190,190,90,107,107,125,110,121,121,140,140,150,166,179,370,386,396,501,501,501,514,514,528,64,64,90,90,115,115,115,126,126,126,145,145],"floor_reached":51,"language":"ENG","playtime":4247,"items_purged":[],"score":633,"play_id":"ab701f11-8925-4005-bf8a-647588aaa287","local_time":"20210225200638","is_ascension_mode":false,"campfire_choices":[{"floor":1,"key":"RECALL"},{"data":"bronze:BronzeOrb","floor":6,"key":"SMITH"},{"floor":13,"key":"REST"},{"data":"bronze:Strike","floor":18,"key":"SMITH"},{"data":"conspire:PoisonWeapons","floor":26,"key":"SMITH"},{"data":"bronze:HardenedForm","floor":35,"key":"SMITH"},{"data":"bronze:Terminator","floor":40,"key":"SMITH"},{"floor":42,"key":"REST"}],"circlet_count":0,"master_deck":["bronze:Strike","bronze:Strike+1","bronze:Defend","bronze:Defend","bronze:Replicate","bronze:Goto","bronze:BronzeOrb+1","bronze:Branch","bronze:DelayedGuard","bronze:OilSpill","bronze:Overheat","bronze:Iterate","bronze:BugBarrage","bronze:Terminator+1","bronze:Format","Riddle With Holes","Bouncing Flask","conspire:PoisonWeapons+1","bronze:GetLatest","bronze:Frontload+1","bronze:BronzeOrb+1","bronze:Verify","bronze:ChosenStrike+1","bronze:ForceShield","bronze:HardenedForm+1","bronze:InfiniteBeams","bronze:Boost"],"relics":["bronze:BronzeCore","downfall:HeartBlessingRed","PreservedInsect","Torii","reliquary:RedPaperclip","downfall:HeartBlessingGreen","DemoMod:WhiteGuonStone","reliquary:RoseTintedGlasses","Busted Crown","Turnip","aspiration:VileToxins","Dream Catcher","DemoMod:DecoyRelic"],"acts_visited":["Exordium","Elementarium:Elementarium","TheBeyond"],"potions_floor_usage":[15,16,33,33,43,50,50],"damage_taken":[{"damage":1,"enemies":"2 Louse","floor":2,"turns":3},{"damage":0,"enemies":"Jaw Worm","floor":3,"turns":3},{"damage":1,"enemies":"downfall:FleeingMerchant","floor":4,"turns":4},{"damage":15,"enemies":"Lagavulin","floor":8,"turns":4},{"damage":0,"enemies":"Cultist","floor":9,"turns":2},{"damage":0,"enemies":"downfall:FleeingMerchant","floor":11,"turns":4},{"damage":0,"enemies":"2 Fungi Beasts","floor":12,"turns":3},{"damage":0,"enemies":"Lots of Slimes","floor":14,"turns":2},{"damage":0,"enemies":"Gremlin Gang","floor":15,"turns":2},{"damage":23,"enemies":"WA_ARCHETYPE_RETAIN","floor":16,"turns":5},{"damage":2,"enemies":"Elementarium:Cyclone","floor":19,"turns":4},{"damage":0,"enemies":"Elementarium:2_ELEMENTALS","floor":21,"turns":3},{"damage":1,"enemies":"downfall:FleeingMerchant","floor":22,"turns":4},{"damage":0,"enemies":"Elementarium:VoidBeast","floor":23,"turns":3},{"damage":0,"enemies":"Elementarium:Hydrostalker","floor":25,"turns":5},{"damage":3,"enemies":"Elementarium:CYCLONE_AND_LIVING_STORMCLOUD","floor":27,"turns":5},{"damage":0,"enemies":"Elementarium:VOID_CORRUPTION_AND_ORB_OF_FIRE","floor":28,"turns":5},{"damage":0,"enemies":"Elementarium:RubyGolem","floor":29,"turns":3},{"damage":0,"enemies":"downfall:FleeingMerchant","floor":30,"turns":2},{"damage":0,"enemies":"Elementarium:Hydrostalker","floor":31,"turns":4},{"damage":0,"enemies":"Elementarium:STONE_GOLEMS","floor":32,"turns":2},{"damage":18,"enemies":"IC_MUSHROOM_ARCHETYPE","floor":33,"turns":7},{"damage":0,"enemies":"Orb Walker","floor":36,"turns":2},{"damage":17,"enemies":"3 Darklings","floor":38,"turns":4},{"damage":30,"enemies":"Nemesis","floor":43,"turns":5},{"damage":0,"enemies":"Spire Growth","floor":46,"turns":3},{"damage":19,"enemies":"Transient","floor":49,"turns":5},{"damage":22,"enemies":"DF_ARCHETYPE_ORBS","floor":50,"turns":9}],"seed_played":"595519658894801749","potions_obtained":[{"floor":3,"key":"Swift Potion"},{"floor":8,"key":"Fire Potion"},{"floor":9,"key":"Ancient Potion"},{"floor":15,"key":"sneckomod:MuddlingPotion"},{"floor":21,"key":"SteroidPotion"},{"floor":31,"key":"PowerPotion"},{"floor":33,"key":"DemoMod:LeadSkinPotion"},{"floor":43,"key":"bronze:BuildAFunctionPotion"}],"is_trial":false,"path_per_floor":["R","M","M","$","?","R","T","E","M","?","$","M","R","M","M","B",null,"R","M","?","M","$","M","T","M","R","M","M","M","$","M","M","B",null,"R","M","?","M","$","R","T","R","E","$","?","M","$","T","M","B",null],"character_chosen":"THE_AUTOMATON","items_purchased":["reliquary:RoseTintedGlasses","Turnip","aspiration:VileToxins"],"campfire_rested":2,"item_purchase_floors":[30,39,39],"current_hp_per_floor":[70,69,69,68,73,73,73,58,58,40,40,40,62,62,62,39,75,75,73,73,73,72,72,72,72,72,69,69,69,69,69,69,51,75,75,75,75,58,58,58,58,75,45,45,53,53,53,53,34,12],"gold":145,"neow_bonus":"RANDOM_COMMON_RELIC","is_daily":false,"chose_seed":false,"campfire_upgraded":5,"win_rate":0.0,"timestamp":1614308798,"path_taken":["R","M","M","$","?","R","T","E","M","?","?","?","R","M","M","BOSS","R","M","?","M","$","M","T","M","R","?","M","M","$","M","M","BOSS","R","M","?","?","$","R","T","R","E","$","?","?","$","?","M","BOSS"],"items_purchased_type":["Relic","Relic","Relic"],"build_version":"2020-12-22","purchased_purges":0,"victory":true,"max_hp_per_floor":[70,70,70,70,75,75,75,75,75,75,75,75,75,75,75,75,75,75,75,75,75,75,75,75,75,75,75,75,75,75,75,75,75,75,75,75,75,75,75,75,75,75,75,75,75,75,75,75,75,75],"card_choices":[{"not_picked":["bronze:Shield","bronze:FollowUp"],"picked":"bronze:BronzeOrb","floor":2},{"not_picked":["bronze:Invalidate","bronze:Constructor"],"picked":"bronze:Branch","floor":3},{"not_picked":["bronze:MaxOutput","bronze:ForceShield"],"picked":"bronze:DelayedGuard","floor":4},{"not_picked":["bronze:CloningBeam","bronze:DigitalCarnage"],"picked":"bronze:OilSpill","floor":8},{"not_picked":["bronze:Shield","bronze:ForLoop"],"picked":"bronze:Overheat","floor":9},{"not_picked":["bronze:CutThrough","bronze:Refactor"],"picked":"bronze:Iterate","floor":11},{"not_picked":["bronze:BronzeOrb","bronze:BitShift"],"picked":"bronze:BugBarrage","floor":12},{"not_picked":["bronze:WildBeam","bronze:Safeguard","bronze:CutThrough"],"picked":"SKIP","floor":14},{"not_picked":["bronze:GetLatest","bronze:BuggyMess"],"picked":"bronze:Terminator","floor":15},{"not_picked":["bronze:FindAndReplace","bronze:SpaghettiCode"],"picked":"bronze:Format","floor":16},{"not_picked":["bronze:Safeguard+1","bronze:Terminator","bronze:Overheat+1"],"picked":"SKIP","floor":19},{"not_picked":["bronze:WildBeam","bronze:Constructor"],"picked":"bronze:GetLatest","floor":21},{"not_picked":["bronze:DelayedGuard+1","bronze:CutThrough"],"picked":"bronze:Frontload+1","floor":22},{"not_picked":["bronze:BuggyMess+1","bronze:FineTuning+1"],"picked":"bronze:BronzeOrb+1","floor":23},{"not_picked":["bronze:DelayedGuard","bronze:FineTuning"],"picked":"bronze:Verify","floor":25},{"not_picked":["bronze:OilSpill+1","bronze:Turbo"],"picked":"bronze:ChosenStrike+1","floor":27},{"not_picked":["bronze:BitShift","bronze:Invalidate","bronze:Deprecate"],"picked":"SKIP","floor":28},{"not_picked":["bronze:Terminator","bronze:Virus","bronze:Constructor"],"picked":"SKIP","floor":29},{"not_picked":["bronze:BugBarrage","bronze:Constructor"],"picked":"bronze:ForceShield","floor":30},{"not_picked":["bronze:DigitalCarnage+1","bronze:RecursiveStrike","bronze:FineTuning"],"picked":"SKIP","floor":31},{"not_picked":["bronze:Deprecate","bronze:Turbo+1","bronze:TinkerersToolbox"],"picked":"SKIP","floor":32},{"not_picked":["bronze:RecursiveStrike","bronze:Mutator"],"picked":"bronze:HardenedForm","floor":33},{"not_picked":["bronze:FineTuning"],"picked":"SKIP","floor":36},{"not_picked":[],"picked":"bronze:Boost","floor":38},{"not_picked":["bronze:Iterate+1"],"picked":"SKIP","floor":43},{"not_picked":["bronze:Iterate"],"picked":"SKIP","floor":46},{"not_picked":["bronze:Iterate"],"picked":"SKIP","floor":49}],"player_experience":2175902,"relics_obtained":[{"floor":7,"key":"PreservedInsect"},{"floor":8,"key":"aspiration:FrozenJewel"},{"floor":24,"key":"DemoMod:WhiteGuonStone"},{"floor":43,"key":"Dream Catcher"},{"floor":48,"key":"DemoMod:DecoyRelic"}],"event_choices":[{"damage_healed":0,"gold_gain":0,"player_choice":"Donut","damage_taken":0,"max_hp_gain":5,"max_hp_loss":0,"event_name":"Big Fish","floor":5,"gold_loss":0},{"damage_healed":0,"gold_gain":0,"player_choice":"Success","damage_taken":18,"relics_obtained":["Torii"],"max_hp_gain":0,"max_hp_loss":0,"event_name":"Scrap Ooze","floor":10,"gold_loss":0}],"is_beta":false,"boss_relics":[{"not_picked":["Velvet Choker","DemoMod:RiddleOfLead"],"picked":"reliquary:RedPaperclip"},{"not_picked":["Coffee Dripper","reliquary:Craggleroot"],"picked":"Busted Crown"}],"items_purged_floors":[],"is_endless":false,"potions_floor_spawned":[3,8,9,12,15,21,23,31,32,33,43,49],"ascension_level":0}}