{"host":"6h3q3yj0dwrjt6pc","time":1614312214,"event":{"mods":["BaseMod","Colored Map","Downfall","Minty Spire (QoL Compilation)","StSLib"],"gold_per_floor":[99,99,99,99,99,99,147,161,187,337,337,367,383,140,158,260,260,160,175,192,205,205,205,205,66,82,97,97,124,139,157,173,277,277,277,327,327,341,360,360,360,160,191,101,101,50,50,78,107,119,131,168,29,29,29,29,29,29],"floor_reached":56,"language":"ENG","playtime":7121,"items_purged":["Regret","champ:Defend","Pain"],"score":883,"play_id":"4835b90f-1545-4f9f-bcf8-4e6280df635d","local_time":"20210225220334","is_ascension_mode":false,"campfire_choices":[{"data":"champ:Taunt","floor":1.0,"key":"SMITH"},{"data":"champ:ArenaPreparation","floor":11.0,"key":"SMITH"},{"data":"champ:TripleStrike","floor":18,"key":"SMITH"},{"floor":35,"key":"RECALL"},{"data":"champ:PerfectedStrike","floor":42,"key":"SMITH"},{"data":"champ:SwordThrow","floor":45,"key":"SMITH"},{"data":"champ:StanceDance","floor":47,"key":"SMITH"},{"floor":54,"key":"REST"}],"circlet_count":0,"master_deck":["champ:Strike","champ:Strike","champ:Strike","champ:Defend","champ:Defend+1","champ:Execute","champ:Taunt+1","champ:TornadoPunch","champ:ArenaPreparation+1","champ:PreciseThrust","champ:PreciseThrust","champ:EnGarde","downfall:Icky","champ:Endure","champ:FaceSlap","champ:BerserkersShout+1","champ:TripleStrike+1","champ:StanceDance+1","champ:Parry","champ:CrookedStrike","champ:CrookedStrike","champ:PerfectedStrike+1","champ:LastStand","champ:FlashCut","champ:SwordThrow+1","downfall:Haunted","champ:IronFortress+1","champ:ShieldWall","champ:Shatter+1","champ:FocusedDefense"],"relics":["champ:ChampionCrown","downfall:HeartsMalice","HornCleat","MealTicket","Pen Nib","Strawberry","Omamori","Calling Bell","Pear","CaptainsWheel","War Paint","downfall:HeartBlessingGreen","Necronomicon","Tiny Chest","PreservedInsect","Cursed Key","WingedGreaves","Meat on the Bone","downfall:HeartBlessingBlue","downfall:HeartBlessingRed","Blood Vial","Lizard Tail","MawBank","Anchor","Nunchaku"],"acts_visited":["Exordium","TheCity","TheBeyond","TheEnding"],"potions_floor_usage":[14,21,32,33,33,44,50,55],"damage_taken":[{"damage":0.0,"enemies":"Small Slimes","floor":2.0,"turns":1.0},{"damage":0.0,"enemies":"Cultist","floor":4.0,"turns":1.0},{"damage":0.0,"enemies":"Jaw Worm","floor":5.0,"turns":1.0},{"damage":14.0,"enemies":"2 Fungi Beasts","floor":8.0,"turns":3.0},{"damage":25.0,"enemies":"3 Sentries","floor":9.0,"turns":6.0},{"damage":30.0,"enemies":"Lagavulin","floor":12.0,"turns":5.0},{"damage":5.0,"enemies":"3 Louse","floor":13.0,"turns":3.0},{"damage":7,"enemies":"downfall:FleeingMerchant","floor":14,"turns":4},{"damage":20,"enemies":"Blue Slaver","floor":15,"turns":2},{"damage":130,"enemies":"DF_ARCHETYPE_STREAMLINE","floor":16,"turns":12},{"damage":50,"enemies":"Chosen","floor":19,"turns":4},{"damage":56,"enemies":"3 Byrds","floor":20,"turns":5},{"damage":12,"enemies":"Cultist and Chosen","floor":21,"turns":4},{"damage":55,"enemies":"downfall:FleeingMerchant","floor":25,"turns":4},{"damage":23,"enemies":"Centurion and Healer","floor":26,"turns":4},{"damage":25,"enemies":"Chosen and Byrds","floor":27,"turns":4},{"damage":50,"enemies":"Gremlin Leader","floor":29,"turns":3},{"damage":68,"enemies":"Shelled Parasite and Fungi","floor":30,"turns":4},{"damage":0,"enemies":"Snake Plant","floor":31,"turns":3},{"damage":40,"enemies":"Cultist and Chosen","floor":32,"turns":2},{"damage":51,"enemies":"IC_MUSHROOM_ARCHETYPE","floor":33,"turns":5},{"damage":40,"enemies":"IC_MUSHROOM_ARCHETYPE","floor":36,"turns":5},{"damage":20,"enemies":"Orb Walker","floor":38,"turns":1},{"damage":38,"enemies":"3 Shapes","floor":39,"turns":4},{"damage":82,"enemies":"Reptomancer","floor":43,"turns":4},{"damage":21,"enemies":"downfall:FleeingMerchant","floor":44,"turns":4},{"damage":25,"enemies":"Nemesis","floor":48,"turns":3},{"damage":40,"enemies":"Transient","floor":49,"turns":5},{"damage":131,"enemies":"SI_POISON_ARCHETYPE","floor":50,"turns":6},{"damage":99,"enemies":"downfall:CharBossMerchant","floor":52,"turns":6},{"damage":235,"enemies":"downfall:NeowBoss","floor":55,"turns":22},{"damage":94,"enemies":"downfall:NeowBossFinal","floor":56,"turns":7}],"seed_played":"-1753978738117932011","potions_obtained":[{"floor":8.0,"key":"Fire Potion"},{"floor":9.0,"key":"champ:CounterPotion"},{"floor":12.0,"key":"Swift Potion"},{"floor":16,"key":"sneckomod:MuddlingPotion"},{"floor":19,"key":"SneckoOil"},{"floor":30,"key":"DistilledChaos"},{"floor":31,"key":"SkillPotion"},{"floor":32,"key":"Fruit Juice"},{"floor":33,"key":"champ:OpenerPotion"},{"floor":36,"key":"SpeedPotion"},{"floor":48,"key":"Strength Potion"}],"is_trial":false,"path_per_floor":["R","M","?","M","M","?","T","M","E","?","R","E","M","$","M","B",null,"R","M","M","M","?","?","T","$","M","M","?","E","M","M","M","B",null,"R","?","T","M","M","?","T","R","E","$","R","$","R","E","M","B",null,"E","$","R","B","B"],"character_chosen":"THE_CHAMP","items_purchased":["Omamori","champ:PerfectedStrike","Lizard Tail","PowerPotion","Nunchaku"],"campfire_rested":1,"item_purchase_floors":[14,25,44,46,53],"current_hp_per_floor":[90,90,90,90,90,90,90,86,81,81,81,83,78,91,86,26,107,107,107,106,104,104,88,88,103,100,100,100,90,87,87,92,86,112,112,112,112,112,104,104,104,114,104,119,119,122,122,122,122,78,122,63,78,114,43,0,0,0],"gold":29,"neow_bonus":"THREE_ENEMY_KILL","is_daily":false,"chose_seed":false,"campfire_upgraded":6,"win_rate":0.0,"timestamp":1614312214,"path_taken":["R","M","?","?","M","?","T","M","E","?","R","E","M","$","M","BOSS","R","M","M","M","?","?","T","?","M","M","?","E","M","M","M","BOSS","R","?","?","M","M","?","T","R","E","$","R","?","R","E","M","BOSS","E","$","R","BOSS","BOSS"],"items_purchased_type":["Relic","Card","Relic","Potion","Relic"],"build_version":"2020-12-22","purchased_purges":3,"victory":false,"max_hp_per_floor":[90,90,90,90,90,90,90,90,90,90,90,97,97,97,97,97,107,107,107,107,107,107,107,107,107,107,107,107,107,107,107,112,112,112,112,112,112,112,112,112,112,122,122,122,122,122,122,122,122,122,122,122,122,122,122,122,122,122],"card_choices":[{"not_picked":["champ:PerfectedStrike","champ:SetATrap"],"picked":"champ:TornadoPunch","floor":2.0},{"not_picked":["champ:RecklessLeap","champ:BerserkersShout"],"picked":"champ:ArenaPreparation","floor":4.0},{"not_picked":["champ:Backstep","champ:Shatter"],"picked":"champ:PreciseThrust","floor":5.0},{"not_picked":["champ:Shatter","champ:FanOfKnives"],"picked":"champ:PreciseThrust","floor":8.0},{"not_picked":["champ:BerserkersShout","champ:HeartStrike"],"picked":"champ:EnGarde","floor":9.0},{"not_picked":["champ:PreemptiveStrike","champ:TornadoPunch"],"picked":"champ:Endure","floor":12.0},{"not_picked":["champ:BringItOn","champ:PerfectedStrike"],"picked":"champ:FaceSlap","floor":13.0},{"not_picked":["champ:EnGarde","champ:Circumvent","champ:SkillfulDodge"],"picked":"SKIP","floor":14},{"not_picked":["champ:FanOfKnives","champ:BringItOn"],"picked":"champ:BerserkersShout","floor":15},{"not_picked":["champ:CheapShot","champ:IgnorePain"],"picked":"champ:TripleStrike","floor":16},{"not_picked":["champ:AdrenalArmor","champ:BerserkersShout"],"picked":"champ:StanceDance","floor":19},{"not_picked":["champ:BerserkersShout","champ:FaceSlap"],"picked":"champ:Parry","floor":20},{"not_picked":["champ:Lariat","champ:DeathBlow+1"],"picked":"champ:CrookedStrike","floor":21},{"not_picked":["champ:TornadoPunch","champ:GutPunch"],"picked":"champ:CrookedStrike","floor":25},{"not_picked":["champ:FocusedBerserking","champ:PreemptiveStrike","champ:Encircle"],"picked":"SKIP","floor":26},{"not_picked":["champ:PreciseThrust","champ:EnGarde+1"],"picked":"champ:LastStand","floor":27},{"not_picked":["champ:Circumvent","champ:TornadoPunch","champ:BladeFlurry+1"],"picked":"SKIP","floor":29},{"not_picked":["champ:Backstep","champ:IronFortress"],"picked":"champ:FlashCut","floor":30},{"not_picked":["champ:SkillfulDodge","champ:FlashCut","champ:StanceDance"],"picked":"SKIP","floor":31},{"not_picked":["champ:EnGarde","champ:DefensiveShout","champ:TornadoPunch"],"picked":"SKIP","floor":32},{"not_picked":["champ:VampiricStrike","champ:ShieldThrow"],"picked":"champ:SwordThrow","floor":33},{"not_picked":["champ:AdrenalArmor","champ:EnGarde","champ:BladeFlurry"],"picked":"SKIP","floor":38},{"not_picked":["champ:StanceDance","champ:Circumvent","champ:Devastate"],"picked":"SKIP","floor":39},{"not_picked":["champ:BringItOn+1","champ:MurderStrike"],"picked":"champ:IronFortress+1","floor":43},{"not_picked":["champ:BerserkersShout","champ:FalseCounter"],"picked":"champ:ShieldWall","floor":44},{"not_picked":["champ:TornadoPunch","champ:BerserkersShout+1"],"picked":"champ:Shatter+1","floor":48},{"not_picked":["champ:Shatter","champ:PreciseThrust","champ:PerfectedStrike"],"picked":"SKIP","floor":49},{"not_picked":["champ:CrownThrow+1","champ:BringItOn+1"],"picked":"champ:FocusedDefense","floor":52}],"player_experience":110777,"relics_obtained":[{"floor":7.0,"key":"MealTicket"},{"floor":9.0,"key":"Pen Nib"},{"floor":12.0,"key":"Strawberry"},{"floor":17,"key":"Pear"},{"floor":17,"key":"CaptainsWheel"},{"floor":17,"key":"War Paint"},{"floor":23,"key":"Necronomicon"},{"floor":24,"key":"Tiny Chest"},{"floor":29,"key":"PreservedInsect"},{"floor":36,"key":"WingedGreaves"},{"floor":41,"key":"Meat on the Bone"},{"floor":43,"key":"Blood Vial"},{"floor":48,"key":"MawBank"},{"floor":52,"key":"Anchor"}],"event_choices":[{"cards_removed":["champ:Strike"],"damage_healed":0.0,"max_hp_gain":0.0,"max_hp_loss":0.0,"gold_gain":0.0,"event_name":"Bonfire Elementals","player_choice":"Offered Basic","floor":3.0,"gold_loss":0.0,"damage_taken":0.0},{"damage_healed":0.0,"max_hp_gain":0.0,"max_hp_loss":0.0,"gold_gain":0.0,"event_name":"Big Fish","player_choice":"Box","floor":6.0,"gold_loss":0.0,"damage_taken":0.0,"relics_obtained":["HornCleat"],"cards_obtained":["Regret"]}],"is_beta":false,"boss_relics":[{"not_picked":["Velvet Choker","Sozu"],"picked":"Calling Bell"},{"not_picked":["Astrolabe","SacredBark"],"picked":"Cursed Key"}],"items_purged_floors":[14,25,44],"is_endless":false,"potions_floor_spawned":[8,9,12,16,19,30,31,32,33,36,48,49],"killed_by":"downfall:NeowBossFinal","ascension_level":0}}