{"host":"Ringo","time":1614327714,"event":{"mods":["BaseMod","Colored Map","Conspire","Dota2Spire","Hubris","Minty Spire (QoL Compilation)","Replay The Spire","StSLib","The Construct","[IsaacMod]ÒÔÈö¼âËþ","¡¾ÒÅÎï¿¨ÅÆ¡¿REMEMod"],"gold_per_floor":[111,111,127,127,182,212,212,241,241,274,305,330,330,358,358,436,436,446,446,476,506,171,196,227,260,260,328,209,209,260,307,307,401,401,422,473,519,567,148,234,335,386,463,577,639,743,815,861,870,916,1002],"floor_reached":52,"language":"ZHS","playtime":1340,"items_purged":["ForeignInfluence"],"score":4284,"play_id":"72ff0e56-dbe0-433c-ab3b-8bc90a808b67","local_time":"20210226162154","daily_mods":["SealedDeck","Vintage","Colorless Cards","Heirloom","Time Dilation","Flight","DeadlyEvents","Elite Swarm","Lethality","Binary"],"is_ascension_mode":true,"campfire_choices":[{"data":"ReplayUltimateDefense","floor":7.0,"key":"SMITH"},{"data":"ClearTheMind","floor":13.0,"key":"SMITH"},{"data":"Wallop","floor":15.0,"key":"SMITH"},{"data":"Vengeance","floor":29,"key":"SMITH"},{"data":"REME_MusicOfDeath","floor":32,"key":"SMITH"},{"data":"Perseverance","floor":49,"key":"SMITH"}],"circlet_count":0,"master_deck":["AscendersBane","Protect","BowlingBash","CutThroughFate","Replay:BluntJabs","Wallop+1","Trip","CarveReality","ClearTheMind+1","Consecrate","Vengeance+1","ReplayUltimateDefense+1","Indignation+1","CrushJoints","REME_MusicOfDeath+1","FlurryOfBlows","Replay:Battleflow","Replay:Bootleg Shield Generator","Perseverance+1"],"relics":["PureWater","Busted Crown","HushsDoor","replay:Trail_Library","Incense Burner","BFFS","Boot","Potion Belt","Dota2Spire:PowerTreads","Dota2Spire:BladeMail","Akabeko","MealTicket","hubris:CuriousFeather","Replay:WaspNest","Bag of Preparation","UnicornStump","Runic Dome","Pen Nib","SalivaCoin","CeramicFish","Toolbox","REME_HandOfSuture","BookofShadows","REME_ArchaeologicalTools","StrikeDummy","Kunai","Blue Candle","Black Star","Happy Flower","hubris:DeckOfHolding","Replay:Bandana","D6","Bottled Flame","REME_HourglassOfDeath","YumHeart","Replay:Mystery Machine","Dota2Spire:CrimsonGuard","Void","Strawberry","REME_LimitBreaker","Replay:Purple Gloves","Pet Ghost","AnarchistCookbook","PreservedInsect","Dota2Spire:MagicBottle","Turnip","conspire:TopHat","Bronze Scales","Vajra"],"acts_visited":["Exordium","TheCity","TheBeyond"],"potions_floor_usage":[33,51,51],"damage_taken":[{"damage":0.0,"enemies":"2 Louse","floor":1.0,"turns":2.0},{"damage":0.0,"enemies":"Cultist","floor":3.0,"turns":2.0},{"damage":0.0,"enemies":"Gremlin Nob","floor":6.0,"turns":2.0},{"damage":0.0,"enemies":"3 Sentries","floor":8.0,"turns":3.0},{"damage":0.0,"enemies":"Gremlin Nob","floor":10.0,"turns":2.0},{"damage":0.0,"enemies":"3 Sentries","floor":11.0,"turns":2.0},{"damage":0.0,"enemies":"Gremlin Nob","floor":12.0,"turns":2.0},{"damage":0.0,"enemies":"Lagavulin","floor":14.0,"turns":2.0},{"damage":0.0,"enemies":"Hexaghost","floor":16.0,"turns":2.0},{"damage":0.0,"enemies":"Shell Parasite","floor":18.0,"turns":1.0},{"damage":0.0,"enemies":"Slavers","floor":20.0,"turns":2.0},{"damage":0.0,"enemies":"Gremlin Leader","floor":21.0,"turns":1.0},{"damage":0.0,"enemies":"Slavers","floor":23.0,"turns":1.0},{"damage":0.0,"enemies":"Gremlin Leader","floor":24.0,"turns":2.0},{"damage":0.0,"enemies":"Book of Stabbing","floor":25.0,"turns":2.0},{"damage":0.0,"enemies":"3 Byrds","floor":27.0,"turns":1.0},{"damage":0,"enemies":"Slavers","floor":30,"turns":1},{"damage":0,"enemies":"Gremlin Leader","floor":31,"turns":1},{"damage":0,"enemies":"Automaton","floor":33,"turns":2},{"damage":0,"enemies":"3 Shapes","floor":35,"turns":2},{"damage":0,"enemies":"Nemesis","floor":37,"turns":2},{"damage":0,"enemies":"Orb Walker","floor":38,"turns":1},{"damage":0,"enemies":"Reptomancer","floor":40,"turns":2},{"damage":0,"enemies":"R_Hoarder","floor":41,"turns":2},{"damage":0,"enemies":"Nemesis","floor":42,"turns":1},{"damage":0,"enemies":"Reptomancer","floor":44,"turns":1},{"damage":0,"enemies":"R_Hoarder","floor":45,"turns":1},{"damage":0,"enemies":"Giant Head","floor":46,"turns":2},{"damage":0,"enemies":"R_Hoarder","floor":47,"turns":1},{"damage":0,"enemies":"Reptomancer","floor":48,"turns":1},{"damage":0,"enemies":"Time Eater","floor":50,"turns":2},{"damage":0,"enemies":"Donu and Deca","floor":51,"turns":2}],"seed_played":"-7585491869921167305","potions_obtained":[{"floor":2.0,"key":"LifebloodPotion"},{"floor":2.0,"key":"FearPotion"},{"floor":3.0,"key":"SpeedPotion"},{"floor":6.0,"key":"Dexterity Potion"},{"floor":8.0,"key":"LifebloodPotion"},{"floor":20.0,"key":"Adrenaline Potion"},{"floor":21.0,"key":"Block Potion"},{"floor":23.0,"key":"ColorlessPotion"},{"floor":33,"key":"SkillPotion"},{"floor":44,"key":"Adrenaline Potion"}],"is_trial":true,"path_per_floor":["M","?","M","?","T","E","R","E","T","E","E","E","R","E","R","B",null,"M","T","E","E","$","E","E","E","T","M","$","R","E","E","R","B",null,"M","?","E","M","$","E","E","E","T","E","E","E","E","E","R","B","B",null],"character_chosen":"WATCHER","items_purchased":["Toolbox","Indignation+1","CrushJoints","REME_MusicOfDeath","FlurryOfBlows","Replay:Battleflow","Bottled Flame","Replay:Bootleg Shield Generator"],"campfire_rested":0,"item_purchase_floors":[22,22,22,22,28,39,39,39],"current_hp_per_floor":[61,61,61,66,66,66,66,66,66,66,66,66,66,66,66,66,71,71,71,71,71,73,73,73,73,73,73,73,73,73,73,73,73,73,73,44,44,44,59,59,59,66,66,66,66,66,66,66,66,66,80],"gold":1002,"neow_bonus":"","is_daily":false,"chose_seed":false,"campfire_upgraded":6,"win_rate":0.0,"timestamp":1614327714,"path_taken":["M","?","?","?","?","E","R","E","T","E","?","E","R","E","R","BOSS","M","?","?","?","$","E","E","E","T","?","?","R","?","E","R","BOSS","M","?","?","?","$","E","E","E","T","?","E","E","E","E","R","BOSS","BOSS"],"items_purchased_type":["Relic","Card","Card","Card","Card","Card","Relic","Card"],"build_version":"2020-12-18","purchased_purges":1,"victory":true,"max_hp_per_floor":[68,68,68,73,73,73,73,73,73,73,73,73,73,73,73,73,73,73,73,73,73,73,73,73,73,73,73,73,73,73,73,73,73,73,73,73,73,73,73,73,73,80,80,80,80,80,80,80,80,80,80],"card_choices":[],"player_experience":757488,"relics_obtained":[{"floor":1.0,"key":"Boot"},{"floor":3.0,"key":"Potion Belt"},{"floor":5.0,"key":"Dota2Spire:PowerTreads"},{"floor":6.0,"key":"Dota2Spire:BladeMail"},{"floor":8.0,"key":"Akabeko"},{"floor":9.0,"key":"MealTicket"},{"floor":10.0,"key":"hubris:CuriousFeather"},{"floor":11.0,"key":"Replay:WaspNest"},{"floor":12.0,"key":"Bag of Preparation"},{"floor":14.0,"key":"UnicornStump"},{"floor":18.0,"key":"Pen Nib"},{"floor":19.0,"key":"SalivaCoin"},{"floor":21.0,"key":"CeramicFish"},{"floor":24.0,"key":"REME_HandOfSuture"},{"floor":25.0,"key":"BookofShadows"},{"floor":26.0,"key":"REME_ArchaeologicalTools"},{"floor":27.0,"key":"StrikeDummy"},{"floor":30,"key":"Kunai"},{"floor":31,"key":"Blue Candle"},{"floor":35,"key":"Happy Flower"},{"floor":36,"key":"hubris:DeckOfHolding"},{"floor":37,"key":"Replay:Bandana"},{"floor":37,"key":"D6"},{"floor":38,"key":"Regal Pillow"},{"floor":40,"key":"REME_HourglassOfDeath"},{"floor":40,"key":"YumHeart"},{"floor":41,"key":"Replay:Mystery Machine"},{"floor":41,"key":"Dota2Spire:CrimsonGuard"},{"floor":42,"key":"Void"},{"floor":42,"key":"Strawberry"},{"floor":43,"key":"REME_LimitBreaker"},{"floor":44,"key":"Replay:Purple Gloves"},{"floor":44,"key":"Pet Ghost"},{"floor":45,"key":"AnarchistCookbook"},{"floor":46,"key":"PreservedInsect"},{"floor":46,"key":"Dota2Spire:MagicBottle"},{"floor":47,"key":"Turnip"},{"floor":47,"key":"conspire:TopHat"},{"floor":48,"key":"Bronze Scales"},{"floor":48,"key":"Vajra"}],"event_choices":[{"damage_healed":0.0,"max_hp_gain":0.0,"max_hp_loss":0.0,"gold_gain":0.0,"event_name":"Lab","player_choice":"Got Potions","floor":2.0,"gold_loss":0.0,"damage_taken":0.0},{"damage_healed":0.0,"max_hp_gain":5.0,"max_hp_loss":0.0,"gold_gain":0.0,"event_name":"Big Fish","player_choice":"Donut","floor":4.0,"gold_loss":0.0,"damage_taken":0.0}],"is_beta":true,"boss_relics":[{"not_picked":["REME_DemonsWealth","Painkiller Herb"],"picked":"Runic Dome"},{"not_picked":[]},{"not_picked":["Astrolabe","Tiny House"],"picked":"Black Star"},{"not_picked":[]}],"items_purged_floors":[28],"is_endless":false,"potions_floor_spawned":[3,6,8,11,20,21,23,24,33,37,38,41,44,47],"ascension_level":20}}