{"host":"2e3z4r48quhw80cc","time":1614319426,"event":{"mods":["BaseMod","Minty Spire (QoL Compilation)","Quick Restart","StSLib","SuperFastMode"],"gold_per_floor":[117,117,117,117,140,140,183,183,183,201,242,242,30,61,61,157,157,178,106,125,325,348,348,28,28,28,28,42,42,42],"floor_reached":29,"language":"KOR","playtime":763,"items_purged":["Strike_B"],"score":462,"play_id":"30e9a4da-1313-44c8-8161-3a82d8616914","local_time":"20210226150346","is_ascension_mode":true,"campfire_choices":[{"data":"Zap","floor":6.0,"key":"SMITH"},{"data":"Genetic Algorithm","floor":8.0,"key":"SMITH"},{"floor":12.0,"key":"REST"},{"data":"Loop","floor":15.0,"key":"SMITH"},{"floor":23.0,"key":"REST"},{"data":"Creative AI","floor":25.0,"key":"SMITH"},{"data":"Consume","floor":27.0,"key":"SMITH"}],"circlet_count":0,"master_deck":["AscendersBane","Defend_B","Defend_B","Defend_B","Defend_B","Zap+1","Dualcast","Rebound","Genetic Algorithm+1","Rip and Tear","Consume+1","Ball Lightning","Echo Form","Loop+1","Creative AI+1","Scrape+1","Barrage+1","Rainbow+1","Conserve Battery","FTL","Capacitor","Leap+1"],"relics":["Cracked Core","NeowsBlessing","Golden Idol","FaceOfCleric","Ice Cream","Cables","Shuriken","Bronze Scales","Astrolabe","Toxic Egg 2","Juzu Bracelet"],"acts_visited":["Exordium","TheCity"],"potions_floor_usage":[],"damage_taken":[{"damage":0.0,"enemies":"Small Slimes","floor":1.0,"turns":1.0},{"damage":0.0,"enemies":"Jaw Worm","floor":5.0,"turns":1.0},{"damage":0.0,"enemies":"Lagavulin","floor":7.0,"turns":2.0},{"damage":0.0,"enemies":"Cultist","floor":10.0,"turns":3.0},{"damage":18.0,"enemies":"Gremlin Nob","floor":11.0,"turns":4.0},{"damage":15.0,"enemies":"Lagavulin","floor":14.0,"turns":6.0},{"damage":31.0,"enemies":"Slime Boss","floor":16.0,"turns":6.0},{"damage":5.0,"enemies":"Chosen","floor":18.0,"turns":4.0},{"damage":1.0,"enemies":"Spheric Guardian","floor":20.0,"turns":4.0},{"damage":42.0,"enemies":"Centurion and Healer","floor":22.0,"turns":5.0},{"damage":30.0,"enemies":"Shelled Parasite and Fungi","floor":28.0,"turns":5.0},{"damage":16,"enemies":"Gremlin Leader","floor":29,"turns":1}],"seed_played":"4186511408517969395","potions_obtained":[{"floor":11.0,"key":"DistilledChaos"},{"floor":14.0,"key":"SkillPotion"},{"floor":20.0,"key":"SneckoOil"},{"floor":22.0,"key":"EssenceOfSteel"}],"is_trial":false,"path_per_floor":["M","?","?","?","M","R","E","R","T","M","E","R","$","E","R","B",null,"M","$","M","?","M","R","$","R","T","R","M","E"],"character_chosen":"DEFECT","items_purchased":["Echo Form","FTL","Capacitor","Toxic Egg 2"],"campfire_rested":2,"item_purchase_floors":[13,19,24,24],"current_hp_per_floor":[64,69,43,43,44,44,45,45,45,46,29,53,53,39,39,9,64,60,60,60,60,19,44,44,44,44,44,15,0,0],"gold":42,"neow_bonus":"THREE_ENEMY_KILL","is_daily":false,"chose_seed":false,"campfire_upgraded":5,"win_rate":0.0,"timestamp":1614319426,"path_taken":["M","?","?","?","M","R","E","R","T","M","E","R","$","E","R","BOSS","M","?","?","?","?","R","$","R","T","R","M","E"],"items_purchased_type":["Card","Card","Card","Relic"],"build_version":"2020-12-22","purchased_purges":1,"victory":false,"max_hp_per_floor":[71,76,76,76,77,77,78,78,78,79,80,80,80,81,81,82,82,83,83,84,84,85,85,85,85,85,85,86,86,86],"card_choices":[{"not_picked":["Barrage","Streamline"],"picked":"Rebound","floor":1.0},{"not_picked":["Blizzard","Undo"],"picked":"Genetic Algorithm","floor":5.0},{"not_picked":["Cold Snap","Steam"],"picked":"Rip and Tear","floor":7.0},{"not_picked":["Leap","Gash"],"picked":"Consume","floor":10.0},{"not_picked":["Coolheaded","Double Energy"],"picked":"Ball Lightning","floor":11.0},{"not_picked":["Melter","Sweeping Beam"],"picked":"Loop","floor":14.0},{"not_picked":["All For One","Machine Learning"],"picked":"Creative AI","floor":16.0},{"not_picked":["Barrage","Lockon"],"picked":"Conserve Battery","floor":18.0},{"not_picked":["Go for the Eyes","Sweeping Beam","Hologram+1"],"picked":"SKIP","floor":20.0},{"not_picked":["Lockon","Coolheaded","Beam Cell"],"picked":"SKIP","floor":22.0},{"not_picked":["Tempest+1","Rebound"],"picked":"Leap+1","floor":28.0}],"player_experience":210030,"relics_obtained":[{"floor":7.0,"key":"Ice Cream"},{"floor":9.0,"key":"Cables"},{"floor":11.0,"key":"Shuriken"},{"floor":14.0,"key":"Bronze Scales"},{"floor":26.0,"key":"Juzu Bracelet"}],"event_choices":[{"damage_healed":0.0,"max_hp_gain":5.0,"max_hp_loss":0.0,"gold_gain":0.0,"event_name":"Big Fish","player_choice":"Donut","floor":2.0,"gold_loss":0.0,"damage_taken":0.0},{"damage_healed":0.0,"max_hp_gain":0.0,"max_hp_loss":0.0,"gold_gain":0.0,"event_name":"Golden Idol","player_choice":"Take Damage","floor":3.0,"gold_loss":0.0,"damage_taken":26.0,"relics_obtained":["Golden Idol"]},{"damage_healed":0.0,"max_hp_gain":0.0,"max_hp_loss":0.0,"gold_gain":0.0,"event_name":"FaceTrader","player_choice":"Trade","floor":4.0,"gold_loss":0.0,"damage_taken":0.0,"relics_obtained":["FaceOfCleric"]},{"damage_healed":0.0,"max_hp_gain":0.0,"max_hp_loss":0.0,"gold_gain":200.0,"event_name":"Wheel of Change","player_choice":"Gold","floor":21.0,"gold_loss":0.0,"damage_taken":0.0}],"is_beta":false,"boss_relics":[{"not_picked":["Black Star","Nuclear Battery"],"picked":"Astrolabe"}],"items_purged_floors":[13],"is_endless":false,"potions_floor_spawned":[11,14,16,20,22],"killed_by":"Gremlin Leader","ascension_level":15}}