{"host":"40e4adzyl212zebh","time":1614344274,"event":{"mods":["Act Like it!","BaseMod","Colored Map","Colored Powertips","DeckTracker","Gensokyo","Minty Spire (QoL Compilation)","Quick Restart","Random Character Button","Relic Stats","StSLib"],"gold_per_floor":[210,210,210,140,153,188,188,5,5,5,5,5,5],"floor_reached":12,"language":"JPN","playtime":585,"items_purged":[],"score":138,"play_id":"b6bc2df3-feec-4ed5-a89e-b8b25dcf1b6b","local_time":"20210226215754","is_ascension_mode":true,"campfire_choices":[{"floor":7,"key":"DIG"}],"circlet_count":0,"master_deck":["AscendersBane","Strike_B","Strike_B","Strike_B+1","Strike_B","Defend_B","Defend_B","Defend_B+1","Defend_B","Zap","Dualcast","Lockon","Pain","Compile Driver","Coolheaded","Gensokyo:TarnishedGold"],"relics":["Cracked Core","Gensokyo:PortableGap","Gensokyo:LunaticRedEyes","Shovel","Juzu Bracelet","Chemical X","Ornamental Fan","Gensokyo:CelestialsFlawlessClothing"],"acts_visited":["Exordium"],"potions_floor_usage":[6],"damage_taken":[{"damage":8,"enemies":"Gensokyo:Python","floor":1,"turns":3},{"damage":6,"enemies":"Gensokyo:2_Kodama","floor":5,"turns":3},{"damage":18,"enemies":"Gensokyo:Aya","floor":6,"turns":3},{"damage":88,"enemies":"Gensokyo:Cirno","floor":12,"turns":7}],"seed_played":"-8410807562172288453","potions_obtained":[{"floor":5,"key":"PowerPotion"}],"is_trial":false,"path_per_floor":["M","?","?","?","M","E","R","COS","T","$","?","E"],"character_chosen":"DEFECT","items_purchased":[],"campfire_rested":0,"item_purchase_floors":[],"current_hp_per_floor":[56,56,56,56,50,32,32,32,32,32,15,0,0],"gold":5,"neow_bonus":"HUNDRED_GOLD","is_daily":false,"chose_seed":false,"campfire_upgraded":0,"win_rate":0.0,"timestamp":1614344274,"path_taken":["M","?","?","?","?","E","R","COS","T","?","?","E"],"items_purchased_type":[],"build_version":"2020-12-22","purchased_purges":0,"victory":false,"max_hp_per_floor":[71,61,61,61,61,61,61,61,58,58,58,58,58],"relic_stats":{"Shovel":1,"counters":[4,16],"Ornamental Fan":[0],"Juzu Bracelet":1,"Chemical X":[1],"obtain_stats":[{"Shovel":6,"Ornamental Fan":9,"Juzu Bracelet":7,"Chemical X":8,"Gensokyo:CelestialsFlawlessClothing":11,"Cracked Core":0,"Gensokyo:PortableGap":2,"Gensokyo:LunaticRedEyes":3},{"Shovel":3,"Ornamental Fan":3,"Juzu Bracelet":3,"Chemical X":3,"Gensokyo:CelestialsFlawlessClothing":3,"Cracked Core":0,"Gensokyo:PortableGap":1,"Gensokyo:LunaticRedEyes":1},{"Shovel":9,"Ornamental Fan":9,"Juzu Bracelet":9,"Chemical X":9,"Gensokyo:CelestialsFlawlessClothing":9,"Cracked Core":0,"Gensokyo:PortableGap":3,"Gensokyo:LunaticRedEyes":3}]},"card_choices":[{"not_picked":["Go for the Eyes","Barrage"],"picked":"Lockon","floor":1},{"not_picked":["Fusion","Turbo"],"picked":"Compile Driver","floor":5},{"not_picked":["Lockon","Reinforced Body"],"picked":"Coolheaded","floor":6}],"player_experience":618847,"relics_obtained":[{"floor":6,"key":"Shovel"},{"floor":7,"key":"Juzu Bracelet"},{"floor":9,"key":"Ornamental Fan"}],"event_choices":[],"is_beta":false,"boss_relics":[],"items_purged_floors":[],"is_endless":false,"potions_floor_spawned":[5],"killed_by":"Gensokyo:Cirno","ascension_level":20}}