{"host":"7vlopc64487frs6y","time":1614340519,"event":{"mods":["Aspiration","BaseMod","BetterRewards","Colored Map","Decade(Õı–°√˜)","Downfall","Good Game Mod","Highlight Path","Minty Spire (QoL Compilation)","Quick Restart","Reimu£®≤©¿ˆ¡È√Œ£©","Remilia£®¿Ÿ√◊¿Ú—«£©","Replay The Spire","Shop Mod","StSLib","TestMod","Unceasing Turn Reminder","Youmu£®ªÍ∆«—˝√Œ£©"],"gold_per_floor":[115,135,145,145,195,195,195,195,195,195,218,243,263,278,278,278,278],"floor_reached":16,"language":"ZHS","playtime":374,"items_purged":[],"score":183,"play_id":"51e364ba-9abf-47d7-b6cc-5022a332c4b3","local_time":"20210226195519","is_ascension_mode":true,"campfire_choices":[{"data":"Prepared","floor":6.0,"key":"SMITH"},{"data":"Feed","floor":8.0,"key":"SMITH"},{"data":"Dash","floor":15,"key":"SMITH"}],"circlet_count":0,"master_deck":["AscendersBane","Strike_G","Strike_G","Strike_G","Strike_G+1","Strike_G","Defend_G","Defend_G","Defend_G","Defend_G+1","Defend_G","Survivor","Neutralize","Feed+1","Prepared+1","Backflip","Reflex","Hallucinations","downfall:Aged","Dash+1"],"relics":["Ring of the Snake","testmod-TestBox","REME:ComplimentaryCards","testmod-Brilliant","NeowsBlessing","Golden Idol","Ring of Greed","Ring of Panic","Replay:Wax Seal","Smiling Mask","FossilizedHelix","Blue Candle"],"acts_visited":["Exordium"],"potions_floor_usage":[],"damage_taken":[{"damage":0.0,"enemies":"Cultist","floor":1.0,"turns":1.0},{"damage":0.0,"enemies":"Jaw Worm","floor":2.0,"turns":1.0},{"damage":0.0,"enemies":"2 Louse","floor":3.0,"turns":1.0},{"damage":0.0,"enemies":"Blue Slaver","floor":11.0,"turns":2.0},{"damage":0.0,"enemies":"Exordium Wildlife","floor":12.0,"turns":1.0},{"damage":0.0,"enemies":"Looter","floor":13.0,"turns":2.0},{"damage":0,"enemies":"Lots of Slimes","floor":14,"turns":1},{"damage":29,"enemies":"Fading Forest","floor":16,"turns":7}],"seed_played":"-6457929851532725543","potions_obtained":[{"floor":3.0,"key":"Fruit Juice"},{"floor":14,"key":"Block Potion"}],"is_trial":false,"path_per_floor":["M","M","M","?","?","R","?","R","T","?","M","M","M","M","R","B"],"character_chosen":"THE_SILENT","items_purchased":[],"campfire_rested":0,"item_purchase_floors":[],"current_hp_per_floor":[59,59,64,64,64,64,45,45,45,40,44,48,52,52,52,23,23],"gold":278,"neow_bonus":"THREE_ENEMY_KILL","is_daily":false,"chose_seed":false,"campfire_upgraded":3,"win_rate":0.0,"timestamp":1614340519,"path_taken":["M","M","?","?","?","R","?","R","T","?","M","M","M","M","R","BOSS"],"items_purchased_type":[],"build_version":"2020-12-22","purchased_purges":0,"victory":false,"max_hp_per_floor":[66,66,71,64,64,64,64,64,64,64,68,72,76,76,76,76,76],"card_choices":[{"not_picked":["Quick Slash","Sneak Up","Bane"],"picked":"SKIP","floor":1.0},{"not_picked":["Deflect","Sucker Punch","Outmaneuver"],"picked":"SKIP","floor":2.0},{"not_picked":["Flying Knee","Toxin Wave"],"picked":"Prepared","floor":3.0},{"not_picked":["Envenom","Dagger Spray"],"picked":"Backflip","floor":11.0},{"not_picked":["Bouncing Flask","Distraction"],"picked":"Reflex","floor":12.0},{"not_picked":["Dagger Spray","PiercingWail"],"picked":"Dash","floor":13},{"not_picked":["Leg Sweep","Dagger Spray","Dagger Throw"],"picked":"SKIP","floor":14}],"player_experience":791070,"relics_obtained":[{"floor":5.0,"key":"Ring of Greed"},{"floor":5.0,"key":"Ring of Panic"},{"floor":5.0,"key":"Replay:Wax Seal"},{"floor":5.0,"key":"Smiling Mask"},{"floor":9.0,"key":"FossilizedHelix"}],"event_choices":[{"damage_healed":0.0,"max_hp_gain":0.0,"max_hp_loss":7.0,"gold_gain":0.0,"event_name":"Golden Idol","player_choice":"Lose Max HP","floor":4.0,"gold_loss":0.0,"damage_taken":0.0,"relics_obtained":["Golden Idol"]},{"damage_healed":0.0,"max_hp_gain":0.0,"max_hp_loss":0.0,"gold_gain":0.0,"event_name":"Shining Light","player_choice":"Entered Light","floor":7.0,"gold_loss":0.0,"damage_taken":19.0,"cards_upgraded":["Strike_G","Defend_G"]}],"is_beta":false,"boss_relics":[],"items_purged_floors":[],"is_endless":false,"potions_floor_spawned":[3,14],"killed_by":"Fading Forest","ascension_level":19}}