{"host":"rq7gz685gkaokql0","time":1614312142,"event":{"mods":["BaseMod","Infinite Spire","Minty Spire (QoL Compilation)","Replay The Spire","StSLib"],"gold_per_floor":[111,386,5,5,5,36,54,54,103,103,253,253,285,295,295,369,369,382,382,382,399,399,399],"floor_reached":22,"language":"ENG","playtime":542,"items_purged":["Regret"],"score":380,"play_id":"1321b821-23b7-4c57-a312-3841d6b5f07b","local_time":"20210225180222","is_ascension_mode":true,"campfire_choices":[{"floor":8,"key":"REST"},{"data":"Envenom","floor":10,"key":"SMITH"},{"floor":15,"key":"REST"}],"circlet_count":0,"master_deck":["AscendersBane","Strike_G","Strike_G","Strike_G","Strike_G","Strike_G","Defend_G","Defend_G","Defend_G","Defend_G","Defend_G","Survivor","Neutralize","Infinite Blades+1","Accuracy","Blade Dance","Regret","Bouncing Flask","Envenom+1","Doubt","Deadly Poison","Fluid Movement","Burst","Poisoned Stab","Predator+1"],"relics":["SacredBark","Oddly Smooth Stone","Blue Candle","ReplayFunnel","PreservedInsect","Art of War","Chameleon Ring","WristBlade","The Courier"],"acts_visited":["Exordium","TheCity"],"potions_floor_usage":[13,14,16,21],"damage_taken":[{"damage":2,"enemies":"2 Louse","floor":1,"turns":3},{"damage":37,"enemies":"Gremlin Nob","floor":6,"turns":4},{"damage":0,"enemies":"Cultist","floor":7,"turns":4},{"damage":18,"enemies":"Replay:BlueRogue","floor":13,"turns":5},{"damage":0,"enemies":"Jaw Worm","floor":14,"turns":1},{"damage":50,"enemies":"Hexaghost","floor":16,"turns":9},{"damage":23,"enemies":"Spheric Guardian","floor":18,"turns":4},{"damage":19,"enemies":"3 Byrds","floor":21,"turns":7},{"damage":7,"enemies":"Sentry and Sphere","floor":22,"turns":2}],"seed_played":"-5664282877893988617","potions_obtained":[{"floor":1,"key":"Regen Potion"},{"floor":6,"key":"Weak Potion"},{"floor":13,"key":"AttackPotion"},{"floor":18,"key":"EssenceOfSteel"}],"is_trial":false,"path_per_floor":["M","?","$","?","?","E","M","R","T","R","?","T","E","M","R","B",null,"M","?","T","M","M"],"character_chosen":"THE_SILENT","items_purchased":["Accuracy","Blade Dance","Oddly Smooth Stone"],"campfire_rested":2,"item_purchase_floors":[3,3,3],"current_hp_per_floor":[57,57,57,57,57,20,20,39,39,39,39,39,21,21,40,66,66,43,25,25,6,0,0],"gold":399,"neow_bonus":"BOSS_RELIC","is_daily":false,"chose_seed":false,"campfire_upgraded":1,"win_rate":0.0,"timestamp":1614312142,"path_taken":["M","?","$","?","?","E","?","R","T","R","?","?","E","?","R","BOSS","M","?","?","M","?"],"items_purchased_type":["Card","Card","Relic"],"build_version":"2020-12-22","purchased_purges":1,"victory":false,"max_hp_per_floor":[66,66,66,66,66,66,66,66,66,66,66,66,66,66,66,66,66,66,71,71,71,71,71],"card_choices":[{"not_picked":["Underhanded Strike","Poisoned Stab"],"picked":"Infinite Blades","floor":1},{"not_picked":["Deadly Poison","Poisoned Stab"],"picked":"Bouncing Flask","floor":6},{"not_picked":["Reflex","Prepared"],"picked":"Envenom","floor":7},{"not_picked":["Prepared","Setup"],"picked":"Deadly Poison","floor":13},{"not_picked":["Hidden Blade","Choke"],"picked":"Fluid Movement","floor":14},{"not_picked":["Grand Finale","ReplayTheSpireMod:Necrosis"],"picked":"Burst","floor":16},{"not_picked":["Hidden Blade","Sucker Punch"],"picked":"Poisoned Stab","floor":18},{"not_picked":["Hidden Blade","ReplayTheSpireMod:Exploit Weakness"],"picked":"Predator+1","floor":21}],"player_experience":1319984,"relics_obtained":[{"floor":6,"key":"ReplayFunnel"},{"floor":9,"key":"PreservedInsect"},{"floor":12,"key":"Art of War"},{"floor":13,"key":"Chameleon Ring"},{"floor":20,"key":"The Courier"}],"event_choices":[{"damage_healed":0,"gold_gain":275,"player_choice":"Desecrate","damage_taken":0,"max_hp_gain":0,"max_hp_loss":0,"event_name":"Golden Shrine","floor":2,"gold_loss":0,"cards_obtained":["Regret"]},{"damage_healed":0,"gold_gain":0,"player_choice":"Box","damage_taken":0,"relics_obtained":["Blue Candle"],"max_hp_gain":0,"max_hp_loss":0,"event_name":"Big Fish","floor":4,"gold_loss":0,"cards_obtained":["Regret"]},{"damage_healed":0,"gold_gain":0,"player_choice":"Upgraded","damage_taken":0,"max_hp_gain":0,"max_hp_loss":0,"event_name":"Upgrade Shrine","floor":5,"gold_loss":0,"cards_upgraded":["Infinite Blades"]},{"damage_healed":0,"gold_gain":150,"player_choice":"AGREE","damage_taken":0,"max_hp_gain":0,"max_hp_loss":0,"event_name":"Liars Game","floor":11,"gold_loss":0,"cards_obtained":["Doubt"]},{"damage_healed":0,"gold_gain":0,"player_choice":"Shed Blood","damage_taken":23,"max_hp_gain":5,"max_hp_loss":0,"event_name":"Forgotten Altar","floor":19,"gold_loss":0}],"is_beta":false,"boss_relics":[{"not_picked":["Cursed Key","Ring of Chaos"],"picked":"WristBlade"}],"items_purged_floors":[3],"is_endless":false,"potions_floor_spawned":[1,6,13,18],"killed_by":"Sentry and Sphere","ascension_level":20}}