{"host":"ffjrj7fisyni1ebk","time":1614349842,"event":{"mods":["2.2 Compatiblity","BaseMod","Bestiary","Colored Map","Colored Powertips","Curses Come First","Highlight Path","Keyboard Shortcuts","Minty Spire (QoL Compilation)","Relic Stats","Slay the Relics Exporter","StSLib","SuperFastMode"],"gold_per_floor":[109,120,120,134,154,180,180,198,198,5,19,30,49,60,60,165,165,182,193,204,219,144,178,178,178,178,198,30,42,42,54,54,155,155,173,192,247,45,45,45],"floor_reached":39,"language":"ENG","playtime":2474,"items_purged":["Shame","Strike_P"],"score":436,"play_id":"ad010cfe-8569-4d00-a44a-63a1e3a36095","local_time":"20210226163042","is_ascension_mode":false,"campfire_choices":[{"data":"Pray","floor":7,"key":"SMITH"},{"floor":15,"key":"REST"},{"floor":24,"key":"REST"},{"floor":32,"key":"REST"}],"circlet_count":0,"master_deck":["Strike_P","Strike_P","Defend_P","Defend_P","Defend_P","Defend_P","Eruption","Vigilance+1","Pray+1","JustLucky","CutThroughFate","EmptyMind+1","Vengeance","PathToVictory","Scrawl","CutThroughFate","PathToVictory","Prostrate","Vault","Evaluate+1","PathToVictory+1","DeusExMachina","WheelKick+1","PathToVictory+1","Metamorphosis","Study","Judgement","Devotion","Worship","BowlingBash+1","Evaluate+1"],"relics":["Cursed Key","War Paint","Smiling Mask","Omamori","Calling Bell","Ancient Tea Set","HornCleat","Ginger","Pen Nib","Molten Egg 2","White Beast Statue","SlaversCollar","CaptainsWheel","Melange"],"acts_visited":["Exordium","TheCity","TheBeyond"],"potions_floor_usage":[6,6,14,14,27,33,33,33,37,37,37,39],"damage_taken":[{"damage":2,"enemies":"Small Slimes","floor":1,"turns":4},{"damage":2,"enemies":"Cultist","floor":2,"turns":3},{"damage":1,"enemies":"Jaw Worm","floor":4,"turns":2},{"damage":0,"enemies":"Blue Slaver","floor":5,"turns":4},{"damage":24,"enemies":"Lagavulin","floor":6,"turns":6},{"damage":8,"enemies":"Lots of Slimes","floor":8,"turns":6},{"damage":2,"enemies":"Red Slaver","floor":11,"turns":3},{"damage":0,"enemies":"2 Fungi Beasts","floor":12,"turns":2},{"damage":14,"enemies":"Blue Slaver","floor":13,"turns":3},{"damage":15,"enemies":"Gremlin Gang","floor":14,"turns":6},{"damage":6,"enemies":"Hexaghost","floor":16,"turns":7},{"damage":0,"enemies":"Chosen","floor":18,"turns":4},{"damage":5,"enemies":"2 Thieves","floor":19,"turns":5},{"damage":11,"enemies":"Centurion and Healer","floor":20,"turns":5},{"damage":0,"enemies":"Cultist and Chosen","floor":21,"turns":5},{"damage":13,"enemies":"Book of Stabbing","floor":23,"turns":5},{"damage":10,"enemies":"Snecko","floor":27,"turns":5},{"damage":0,"enemies":"Snake Plant","floor":29,"turns":2},{"damage":8,"enemies":"3 Cultists","floor":31,"turns":7},{"damage":42,"enemies":"Automaton","floor":33,"turns":9},{"damage":15,"enemies":"3 Shapes","floor":35,"turns":3},{"damage":2,"enemies":"Orb Walker","floor":36,"turns":3},{"damage":53,"enemies":"2 Orb Walkers","floor":37,"turns":6},{"damage":2,"enemies":"3 Darklings","floor":39,"turns":2}],"seed_played":"-7168880809871278546","potions_obtained":[{"floor":1,"key":"EssenceOfSteel"},{"floor":2,"key":"Fire Potion"},{"floor":4,"key":"Fire Potion"},{"floor":12,"key":"GamblersBrew"},{"floor":16,"key":"Block Potion"},{"floor":19,"key":"SkillPotion"},{"floor":27,"key":"Swift Potion"},{"floor":29,"key":"Dexterity Potion"},{"floor":31,"key":"LiquidMemories"},{"floor":33,"key":"DistilledChaos"},{"floor":35,"key":"SpeedPotion"},{"floor":36,"key":"SpeedPotion"},{"floor":37,"key":"BlessingOfTheForge"}],"is_trial":false,"path_per_floor":["M","M","?","M","M","E","R","M","T","$","M","M","M","M","R","B",null,"M","M","M","M","?","E","R","?","T","M","$","M","$","M","R","B",null,"M","M","?","$","M"],"character_chosen":"WATCHER","items_purchased":["Omamori","Metamorphosis","Melange"],"campfire_rested":3,"item_purchase_floors":[10,28,38],"current_hp_per_floor":[70,68,68,67,67,43,43,35,35,35,33,33,19,4,25,19,72,72,67,56,56,56,43,64,64,64,54,54,54,54,46,67,25,72,57,55,2,2,0,0],"gold":45,"neow_bonus":"BOSS_RELIC","is_daily":false,"chose_seed":false,"campfire_upgraded":1,"win_rate":0.0,"timestamp":1614349842,"path_taken":["M","M","?","M","M","E","R","?","T","$","M","M","M","M","R","BOSS","M","M","M","M","?","E","R","?","T","?","$","M","?","M","R","BOSS","M","M","?","$","M"],"items_purchased_type":["Relic","Card","Relic"],"build_version":"2020-12-22","purchased_purges":2,"victory":false,"max_hp_per_floor":[72,72,72,72,72,72,72,72,72,72,72,72,72,72,72,72,72,72,72,72,72,72,72,72,72,72,72,72,72,72,72,72,72,72,72,72,72,72,72,72],"relic_stats":{"counters":[24,107],"Melange":[0],"Pen Nib":[6],"Ginger":[5],"War Paint":["Vigilance","EmptyMind"],"Cursed Key":2,"Smiling Mask":75,"obtain_stats":[{"Melange":38,"Pen Nib":23,"Omamori":10,"Ginger":17,"War Paint":6,"Cursed Key":0,"Smiling Mask":9,"Ancient Tea Set":17,"White Beast Statue":26,"Calling Bell":17,"SlaversCollar":34,"CaptainsWheel":37,"HornCleat":17,"Molten Egg 2":25,"PureWater":0},{"Melange":23,"Pen Nib":16,"Omamori":6,"Ginger":11,"War Paint":5,"Cursed Key":0,"Smiling Mask":6,"Ancient Tea Set":11,"White Beast Statue":16,"Calling Bell":11,"SlaversCollar":20,"CaptainsWheel":23,"HornCleat":11,"Molten Egg 2":16,"PureWater":0},{"Melange":105,"Pen Nib":70,"Omamori":25,"Ginger":46,"War Paint":19,"Cursed Key":0,"Smiling Mask":25,"Ancient Tea Set":46,"White Beast Statue":70,"Calling Bell":46,"SlaversCollar":93,"CaptainsWheel":105,"HornCleat":46,"Molten Egg 2":70,"PureWater":0}]},"card_choices":[{"not_picked":["EmptyMind","FearNoEvil"],"picked":"Pray","floor":1},{"not_picked":["Perseverance","BowlingBash"],"picked":"JustLucky","floor":2},{"not_picked":["Consecrate","FollowUp"],"picked":"CutThroughFate","floor":4},{"not_picked":["EmptyFist","FlyingSleeves"],"picked":"EmptyMind","floor":5},{"not_picked":["CrushJoints","Evaluate"],"picked":"Vengeance","floor":6},{"not_picked":["BattleHymn","WreathOfFlame"],"picked":"PathToVictory","floor":8},{"not_picked":["EmptyFist","Vengeance"],"picked":"Scrawl","floor":11},{"not_picked":["Consecrate","Swivel"],"picked":"CutThroughFate","floor":12},{"not_picked":["Halt","Protect"],"picked":"PathToVictory","floor":13},{"not_picked":["SashWhip","ThirdEye"],"picked":"Prostrate","floor":14},{"not_picked":["MasterReality","ConjureBlade"],"picked":"Vault","floor":16},{"not_picked":["InnerPeace","BowlingBash"],"picked":"Evaluate+1","floor":18},{"not_picked":["EmptyBody","LikeWater+1","Consecrate"],"picked":"SKIP","floor":19},{"not_picked":["ClearTheMind","ForeignInfluence+1"],"picked":"PathToVictory+1","floor":20},{"not_picked":["Consecrate","ForeignInfluence"],"picked":"DeusExMachina","floor":21},{"not_picked":["Establishment","EmptyMind"],"picked":"WheelKick+1","floor":23},{"not_picked":["Evaluate+1","FollowUp+1"],"picked":"PathToVictory+1","floor":27},{"not_picked":["WaveOfTheHand","Evaluate"],"picked":"Study","floor":29},{"not_picked":["CrushJoints+1","EmptyBody+1"],"picked":"Judgement","floor":31},{"not_picked":["Wish","Ragnarok+1"],"picked":"Devotion","floor":33},{"not_picked":["Sanctity+1","SandsOfTime+1"],"picked":"Worship","floor":35},{"not_picked":["FlyingSleeves+1","Consecrate+1"],"picked":"BowlingBash+1","floor":36},{"not_picked":["Protect+1","Conclude+1"],"picked":"Evaluate+1","floor":37}],"player_experience":344093,"relics_obtained":[{"floor":6,"key":"War Paint"},{"floor":9,"key":"Smiling Mask"},{"floor":17,"key":"Ancient Tea Set"},{"floor":17,"key":"HornCleat"},{"floor":17,"key":"Ginger"},{"floor":23,"key":"Pen Nib"},{"floor":26,"key":"White Beast Statue"},{"floor":37,"key":"CaptainsWheel"}],"event_choices":[{"damage_healed":0,"gold_gain":0,"player_choice":"Ignored","damage_taken":0,"max_hp_gain":0,"max_hp_loss":0,"event_name":"NoteForYourself","floor":3,"gold_loss":0},{"cards_removed":["Strike_P"],"damage_healed":0,"gold_gain":0,"player_choice":"Gave Gold","damage_taken":0,"max_hp_gain":0,"max_hp_loss":0,"event_name":"Beggar","floor":22,"gold_loss":75},{"damage_healed":0,"gold_gain":0,"player_choice":"Gave Potion","damage_taken":0,"relics_obtained":["Molten Egg 2"],"max_hp_gain":0,"max_hp_loss":0,"event_name":"WeMeetAgain","floor":25,"gold_loss":0},{"damage_healed":0,"gold_gain":0,"player_choice":"Fight","damage_taken":0,"max_hp_gain":0,"max_hp_loss":0,"event_name":"Mysterious Sphere","floor":37,"gold_loss":0}],"is_beta":false,"boss_relics":[{"not_picked":["Black Star","Astrolabe"],"picked":"Calling Bell"},{"not_picked":["Velvet Choker","Philosopher\u0027s Stone"],"picked":"SlaversCollar"}],"items_purged_floors":[10,38],"is_endless":false,"potions_floor_spawned":[1,2,4,12,16,19,27,29,31,33,35,36,37],"killed_by":"3 Darklings","ascension_level":0}}