{"host":"5n1fl7z5i1vf7jan","time":1614305620,"event":{"mods":["BaseMod","Minty Spire (QoL Compilation)","Quick Restart","Relic Stats"],"gold_per_floor":[113,188,188,207,56,56,82,82,136,159,159,10,51,72,72,157,157,172,190,199,215,234,234,257,257,281,325,349,16,66,89,89,177,177,196,228,23,37,52,52,52,52],"floor_reached":41,"language":"ENG","playtime":1627,"items_purged":["Strike_B","Decay","Normality"],"score":842,"play_id":"96db8edf-7a82-48a1-9f0c-9787b8456f91","local_time":"20210225181340","is_ascension_mode":true,"campfire_choices":[{"data":"Doom and Gloom","floor":6.0,"key":"SMITH"},{"data":"Go for the Eyes","floor":8.0,"key":"SMITH"},{"floor":15.0,"key":"REST"},{"data":"Defragment","floor":23.0,"key":"SMITH"},{"floor":25.0,"key":"REST"},{"floor":32.0,"key":"REST"},{"floor":40,"key":"REST"}],"circlet_count":0,"master_deck":["AscendersBane","Strike_B","Strike_B+1","Defend_B","Defend_B+1","Defend_B","Defend_B","Zap+1","Dualcast","Go for the Eyes+1","Doom and Gloom+1","Ball Lightning","Self Repair","Auto Shields","Defragment+1","Cold Snap","Glacier+1","Electrodynamics","Aggregate","Hyperbeam","Coolheaded+1","Biased Cognition","Cold Snap+1","Consume+1","Magnetism","Hologram","Seek","Defragment"],"relics":["Runic Dome","Pen Nib","CeramicFish","Tiny Chest","Snecko Eye","Regal Pillow","War Paint","Cursed Key"],"acts_visited":["Exordium","TheCity","TheBeyond"],"potions_floor_usage":[38,41],"damage_taken":[{"damage":7.0,"enemies":"Small Slimes","floor":1.0,"turns":4.0},{"damage":4.0,"enemies":"Jaw Worm","floor":4.0,"turns":2.0},{"damage":25.0,"enemies":"Lagavulin","floor":7.0,"turns":6.0},{"damage":0.0,"enemies":"2 Louse","floor":10.0,"turns":1.0},{"damage":15.0,"enemies":"3 Sentries","floor":13.0,"turns":4.0},{"damage":8.0,"enemies":"2 Fungi Beasts","floor":14.0,"turns":3.0},{"damage":13.0,"enemies":"Hexaghost","floor":16.0,"turns":11.0},{"damage":18.0,"enemies":"Chosen","floor":18.0,"turns":6.0},{"damage":0.0,"enemies":"3 Byrds","floor":21.0,"turns":2.0},{"damage":13.0,"enemies":"Snecko","floor":22.0,"turns":8.0},{"damage":18.0,"enemies":"Centurion and Healer","floor":24.0,"turns":7.0},{"damage":11.0,"enemies":"Gremlin Leader","floor":27.0,"turns":6.0},{"damage":6.0,"enemies":"Snake Plant","floor":28.0,"turns":5.0},{"damage":20.0,"enemies":"Cultist and Chosen","floor":31.0,"turns":4.0},{"damage":40.0,"enemies":"Collector","floor":33.0,"turns":9.0},{"damage":3,"enemies":"Orb Walker","floor":35,"turns":3},{"damage":19,"enemies":"3 Darklings","floor":38,"turns":4},{"damage":19,"enemies":"Jaw Worm Horde","floor":39,"turns":2},{"damage":89,"enemies":"Giant Head","floor":41,"turns":8}],"seed_played":"3674721667711998139","potions_obtained":[{"floor":4.0,"key":"PotionOfCapacity"},{"floor":13.0,"key":"FocusPotion"},{"floor":16.0,"key":"Block Potion"},{"floor":21.0,"key":"PotionOfCapacity"},{"floor":24.0,"key":"Fire Potion"},{"floor":35,"key":"SpeedPotion"},{"floor":39,"key":"DuplicationPotion"}],"is_trial":false,"path_per_floor":["M","?","?","M","$","R","E","R","T","M","?","$","E","M","R","B",null,"M","?","?","M","M","R","M","R","T","E","M","$","?","M","R","B",null,"M","T","$","M","M","R","E"],"character_chosen":"DEFECT","items_purchased":["Ball Lightning","Self Repair","SteroidPotion","Defragment","Magnetism","FocusPotion","Defragment"],"campfire_rested":4,"item_purchase_floors":[5,5,5,12,29,29,37],"current_hp_per_floor":[57,46,69,65,65,65,47,47,47,47,26,26,11,3,24,18,58,47,47,47,47,41,41,30,51,51,47,48,48,48,35,71,41,64,68,68,68,49,30,66,0,0],"gold":52,"neow_bonus":"BOSS_RELIC","is_daily":false,"chose_seed":false,"campfire_upgraded":3,"win_rate":0.0,"timestamp":1614305620,"path_taken":["M","?","?","M","$","R","E","R","T","M","?","$","E","M","R","BOSS","M","?","?","M","M","R","M","R","T","E","M","$","?","M","R","BOSS","M","?","$","?","M","R","E"],"items_purchased_type":["Card","Card","Potion","Card","Card","Potion","Card"],"build_version":"2020-12-22","purchased_purges":3,"victory":false,"max_hp_per_floor":[71,71,71,71,71,71,71,71,71,71,71,71,71,71,71,71,71,71,71,71,71,71,71,71,71,71,71,71,71,71,71,71,71,71,71,71,71,71,71,71,71,71],"relic_stats":{"Regal Pillow":30,"counters":[19,95],"CeramicFish":153,"Snecko Eye":[96,99,113,130],"Tiny Chest":1,"Pen Nib":[11],"War Paint":["Glacier","Zap"],"Cursed Key":1,"obtain_stats":[{"Runic Dome":0,"Regal Pillow":26,"CeramicFish":9,"Snecko Eye":17,"Tiny Chest":13,"Pen Nib":7,"War Paint":27,"Cracked Core":0,"Cursed Key":34},{"Runic Dome":0,"Regal Pillow":11,"CeramicFish":3,"Snecko Eye":7,"Tiny Chest":5,"Pen Nib":3,"War Paint":12,"Cracked Core":0,"Cursed Key":15},{"Runic Dome":0,"Regal Pillow":54,"CeramicFish":12,"Snecko Eye":31,"Tiny Chest":17,"Pen Nib":12,"War Paint":60,"Cracked Core":0,"Cursed Key":78}]},"card_choices":[{"not_picked":["Leap","Lockon"],"picked":"Go for the Eyes","floor":1.0},{"not_picked":["Streamline","Capacitor"],"picked":"Doom and Gloom","floor":4.0},{"not_picked":["Double Energy","Redo"],"picked":"FTL","floor":7.0},{"not_picked":["Stack","Sweeping Beam"],"picked":"Auto Shields","floor":10.0},{"not_picked":["Aggregate","Sweeping Beam"],"picked":"Cold Snap","floor":13.0},{"not_picked":["Recycle","Coolheaded"],"picked":"Glacier","floor":14.0},{"not_picked":["Thunder Strike","All For One"],"picked":"Electrodynamics","floor":16.0},{"not_picked":["Sweeping Beam","Compile Driver","Skim"],"picked":"SKIP","floor":18.0},{"not_picked":["Turbo","Redo","Rebound"],"picked":"SKIP","floor":21.0},{"not_picked":["Heatsinks","Redo"],"picked":"Coolheaded+1","floor":22.0},{"not_picked":["Force Field","Coolheaded"],"picked":"Biased Cognition","floor":24.0},{"not_picked":["Conserve Battery","Sweeping Beam+1"],"picked":"Cold Snap+1","floor":27.0},{"not_picked":["Stack","Double Energy"],"picked":"Consume+1","floor":28.0},{"not_picked":["Go for the Eyes","Ball Lightning"],"picked":"Hologram","floor":31.0},{"not_picked":["Electrodynamics","Hyperbeam"],"picked":"Seek","floor":33.0},{"not_picked":["Leap","Gash","Go for the Eyes"],"picked":"SKIP","floor":35},{"not_picked":["Go for the Eyes","Rebound","Redo"],"picked":"SKIP","floor":38},{"not_picked":["Streamline","Beam Cell","Reboot"],"picked":"SKIP","floor":39},{"not_picked":["Streamline","Beam Cell","Reboot"],"picked":"SKIP","floor":39}],"player_experience":424479,"relics_obtained":[{"floor":7.0,"key":"Pen Nib"},{"floor":9.0,"key":"CeramicFish"},{"floor":13.0,"key":"Tiny Chest"},{"floor":26.0,"key":"Regal Pillow"},{"floor":27.0,"key":"War Paint"}],"event_choices":[{"damage_healed":0.0,"max_hp_gain":0.0,"max_hp_loss":0.0,"gold_gain":75.0,"event_name":"World of Goop","player_choice":"Gather Gold","floor":2.0,"gold_loss":0.0,"damage_taken":11.0},{"damage_healed":23.0,"max_hp_gain":0.0,"max_hp_loss":0.0,"gold_gain":0.0,"event_name":"Big Fish","player_choice":"Banana","floor":3.0,"gold_loss":0.0,"damage_taken":0.0},{"damage_healed":0.0,"max_hp_gain":0.0,"max_hp_loss":0.0,"gold_gain":0.0,"event_name":"Shining Light","player_choice":"Entered Light","floor":11.0,"gold_loss":0.0,"damage_taken":21.0,"cards_upgraded":["Strike_B","Defend_B"]},{"damage_healed":0.0,"max_hp_gain":0.0,"max_hp_loss":0.0,"gold_gain":0.0,"cards_transformed":["FTL","Strike_B"],"event_name":"Drug Dealer","player_choice":"Became Test Subject","floor":19.0,"gold_loss":0.0,"damage_taken":0.0,"cards_obtained":["Aggregate","Hyperbeam"]},{"damage_healed":0.0,"max_hp_gain":0.0,"max_hp_loss":0.0,"gold_gain":0.0,"event_name":"Forgotten Altar","player_choice":"Smashed Altar","floor":20.0,"gold_loss":0.0,"damage_taken":0.0,"cards_obtained":["Decay"]},{"damage_healed":0.0,"max_hp_gain":0.0,"max_hp_loss":0.0,"gold_gain":50.0,"event_name":"Golden Shrine","player_choice":"Pray","floor":30.0,"gold_loss":0.0,"damage_taken":0.0}],"is_beta":false,"boss_relics":[{"not_picked":["Fusion Hammer","Velvet Choker"],"picked":"Snecko Eye"},{"not_picked":["Runic Pyramid","Sozu"],"picked":"Cursed Key"}],"items_purged_floors":[12,29,37],"is_endless":false,"potions_floor_spawned":[4,10,13,16,21,24,28,35,39],"killed_by":"Giant Head","ascension_level":20}}