{"host":"5tnftuc8o0gay6lt","time":1614335760,"event":{"mods":["BaseMod","Better Match","Better Note","Better Sensory Stone","Better Skull","Better Third Choice","BetterRewards","Colored Powertips","Conspire","Minty Spire (QoL Compilation)","Permanent Neow","Relic Filter Mod","Spicy Shops","StSLib","SuperFastMode","¡¾ÒÅÎï¿¨ÅÆ¡¿REMEMod"],"gold_per_floor":[114,114,124,157,157,190,190,210,210,241,241,261,291,241,241,344,344,359,359,359,385,413,458,470,482,520,566,181,181,192,217,217,313,313,325,325,2,53,66,66,66,95,95,125,143,143,159,5,5,5],"floor_reached":51,"language":"ZHS","playtime":2618,"items_purged":["Strike_R","Strike_R","Pride"],"score":1257,"play_id":"01b72137-c86b-489d-ac62-8b5d3b120a01","local_time":"20210226183600","is_ascension_mode":true,"campfire_choices":[{"data":"Heavy Blade","floor":7.0,"key":"SMITH"},{"data":"Whirlwind","floor":11.0,"key":"SMITH"},{"data":"Inflame","floor":15.0,"key":"SMITH"},{"data":"conspire:Purge","floor":24.0,"key":"SMITH"},{"data":"Shrug It Off","floor":29.0,"key":"SMITH"},{"data":"REME_Scribble","floor":32.0,"key":"SMITH"},{"data":"Berserk","floor":40.0,"key":"SMITH"},{"data":"Barricade","floor":49.0,"key":"SMITH"}],"circlet_count":0,"master_deck":["Inflame+1","Heavy Blade+1","Shrug It Off+1","Offering","conspire:Purge+1","Dark Embrace+1","Inflame+1","Uppercut+1","REME_Scribble+1","Flash of Steel","Berserk+1","Ghostly Armor+1","Shrug It Off","Inflame+1","Barricade+1","Demon Form"],"relics":["Burning Blood","REME_ComplimentaryCards","Sundial","Magic Flower","Orrery","Membership Card","Vajra","Paper Frog","Letter Opener","InkBottle","Oddly Smooth Stone","Cursed Key","MawBank","Akabeko","Juzu Bracelet","conspire:Boomerang","Ancient Tea Set","Lee\u0027s Waffle","Shuriken","Ice Cream","Runic Pyramid","FossilizedHelix","Bag of Preparation","Toy Ornithopter","Strange Spoon","CaptainsWheel","Regal Pillow","HornCleat","Mummified Hand","Lantern","REME_CardOfGreed"],"acts_visited":["Exordium","TheCity","TheBeyond"],"potions_floor_usage":[],"damage_taken":[{"damage":5.0,"enemies":"Jaw Worm","floor":1.0,"turns":5.0},{"damage":0.0,"enemies":"2 Louse","floor":3.0,"turns":1.0},{"damage":21.0,"enemies":"conspire:MimicChest","floor":4.0,"turns":4.0},{"damage":6.0,"enemies":"Gremlin Nob","floor":6.0,"turns":3.0},{"damage":0.0,"enemies":"Small Slimes","floor":8.0,"turns":3.0},{"damage":18.0,"enemies":"3 Sentries","floor":10.0,"turns":5.0},{"damage":0.0,"enemies":"Blue Slaver","floor":12.0,"turns":3.0},{"damage":6.0,"enemies":"Lagavulin","floor":13.0,"turns":3.0},{"damage":36.0,"enemies":"Hexaghost","floor":16.0,"turns":6.0},{"damage":12.0,"enemies":"Chosen","floor":18.0,"turns":2.0},{"damage":32.0,"enemies":"2 Thieves","floor":21.0,"turns":3.0},{"damage":14.0,"enemies":"Snake Plant","floor":22.0,"turns":3.0},{"damage":22.0,"enemies":"Gremlin Leader","floor":23.0,"turns":3.0},{"damage":14.0,"enemies":"Book of Stabbing","floor":27.0,"turns":3.0},{"damage":13.0,"enemies":"Cultist and Chosen","floor":30.0,"turns":3.0},{"damage":40.0,"enemies":"Gremlin Leader","floor":31.0,"turns":3.0},{"damage":27.0,"enemies":"conspire:MysteriousRune","floor":33.0,"turns":5.0},{"damage":14.0,"enemies":"Orb Walker","floor":35.0,"turns":2.0},{"damage":16.0,"enemies":"2 Orb Walkers","floor":38.0,"turns":3.0},{"damage":11.0,"enemies":"3 Darklings","floor":39.0,"turns":3.0},{"damage":9.0,"enemies":"Giant Head","floor":42.0,"turns":4.0},{"damage":23.0,"enemies":"Reptomancer","floor":44.0,"turns":4.0},{"damage":0.0,"enemies":"Sphere and 2 Shapes","floor":45.0,"turns":1.0},{"damage":0.0,"enemies":"Jaw Worm Horde","floor":47.0,"turns":2.0},{"damage":8,"enemies":"conspire:OrnateMirror","floor":50,"turns":4}],"seed_played":"-597711511729112127","potions_obtained":[{"floor":10.0,"key":"Strength Potion"},{"floor":16.0,"key":"Ancient Potion"},{"floor":21.0,"key":"ColorlessPotion"},{"floor":23.0,"key":"Explosive Potion"},{"floor":27.0,"key":"SkillPotion"},{"floor":30.0,"key":"Energy Potion"},{"floor":35.0,"key":"Block Potion"},{"floor":45.0,"key":"Energy Potion"}],"is_trial":false,"path_per_floor":["M","?","M","?","T","E","R","M","T","E","R","M","E","?","R","B",null,"M","?","T","M","M","E","R","?","T","E","$","R","M","E","R","B",null,"M","?","$","?","M","R","?","E","T","E","M","?","M","$","R","B",null],"character_chosen":"IRONCLAD","items_purchased":["Sundial","Magic Flower","Orrery","Membership Card","Ancient Tea Set","Lee\u0027s Waffle","Shuriken","Flash of Steel","FossilizedHelix","Bag of Preparation","Toy Ornithopter","Strange Spoon","Shrug It Off","Lantern","REME_CardOfGreed"],"campfire_rested":0,"item_purchase_floors":[0,0,0,0,28,28,28,28,37,37,37,37,37,48,48],"current_hp_per_floor":[68,68,77,65,65,68,68,77,77,68,68,77,80,80,80,53,80,77,77,77,54,49,36,36,36,36,31,87,87,86,58,58,45,94,94,94,94,92,95,95,95,115,115,104,113,90,104,104,104,110],"gold":5,"neow_bonus":"","is_daily":false,"chose_seed":false,"campfire_upgraded":8,"win_rate":0.0,"timestamp":1614335760,"path_taken":["M","?","M","?","?","E","R","M","T","E","R","M","E","?","R","BOSS","M","?","?","M","?","E","R","?","T","E","$","R","M","E","R","BOSS","M","?","$","?","M","R","?","E","T","E","M","?","M","$","R","BOSS"],"items_purchased_type":["Relic","Relic","Relic","Relic","Relic","Relic","Relic","Card","Relic","Relic","Relic","Relic","Card","Relic","Relic"],"build_version":"2020-12-22","purchased_purges":3,"victory":true,"max_hp_per_floor":[80,80,80,80,80,80,80,80,80,80,80,80,80,80,80,80,80,80,80,80,80,80,80,80,80,80,80,87,87,89,91,91,94,94,97,97,97,100,103,103,103,115,115,118,118,118,121,121,121,124],"card_choices":[{"not_picked":["Intimidate","Anger"],"picked":"Inflame","floor":0.0},{"not_picked":["Juggernaut","Rage"],"picked":"Whirlwind","floor":0.0},{"not_picked":["Cleave","conspire:Charge"],"picked":"Heavy Blade","floor":0.0},{"not_picked":["Twin Strike","Iron Wave","Havoc"],"picked":"SKIP","floor":1.0},{"not_picked":["True Grit","Carnage","Perfected Strike"],"picked":"SKIP","floor":3.0},{"not_picked":["Brutality","Pommel Strike","Twin Strike"],"picked":"SKIP","floor":6.0},{"not_picked":["Headbutt","Warcry"],"picked":"Shrug It Off","floor":8.0},{"not_picked":["Wild Strike","Anger"],"picked":"Offering","floor":10.0},{"not_picked":["Iron Wave","Dropkick","Heavy Blade"],"picked":"SKIP","floor":12.0},{"not_picked":["Heavy Blade","Wild Strike","Armaments"],"picked":"SKIP","floor":13.0},{"not_picked":["conspire:HitWhereItHurts","Brutality"],"picked":"conspire:Purge","floor":16.0},{"not_picked":["Sword Boomerang","Feel No Pain"],"picked":"Dark Embrace","floor":18.0},{"not_picked":["Clothesline","Clash","REME_FearOfPain"],"picked":"SKIP","floor":21.0},{"not_picked":["Clothesline","Clash","REME_FearOfPain"],"picked":"SKIP","floor":21.0},{"not_picked":["Shrug It Off+1","Twin Strike"],"picked":"Inflame+1","floor":22.0},{"not_picked":["conspire:Purge","conspire:Charge"],"picked":"Uppercut+1","floor":23.0},{"not_picked":["Dual Wield","Metallicize"],"picked":"REME_Scribble","floor":27.0},{"not_picked":["Dropkick","Headbutt","Power Through"],"picked":"SKIP","floor":30.0},{"not_picked":["Flex","Heavy Blade+1","Headbutt"],"picked":"SKIP","floor":31.0},{"not_picked":["Flex","Heavy Blade+1","Headbutt"],"picked":"SKIP","floor":31.0},{"not_picked":["Bludgeon","Impervious"],"picked":"Berserk","floor":33.0},{"not_picked":["Sword Boomerang","Clothesline+1"],"picked":"Ghostly Armor+1","floor":35.0},{"not_picked":["Thunderclap","Searing Blow"],"picked":"Inflame+1","floor":38.0},{"not_picked":["Perfected Strike","Anger+1","Reckless Charge"],"picked":"SKIP","floor":39.0},{"not_picked":["Berserk","Combust+1"],"picked":"Barricade","floor":42.0},{"not_picked":["Dual Wield","Anger","Cleave+1"],"picked":"SKIP","floor":44.0},{"not_picked":["Fire Breathing","Wild Strike+1","REME_Cut"],"picked":"SKIP","floor":45.0},{"not_picked":["Shrug It Off+1","Thunderclap+1","REME_SingleHolding"],"picked":"SKIP","floor":47.0}],"player_experience":535211,"relics_obtained":[{"floor":4.0,"key":"Vajra"},{"floor":5.0,"key":"Paper Frog"},{"floor":6.0,"key":"Letter Opener"},{"floor":10.0,"key":"InkBottle"},{"floor":13.0,"key":"Oddly Smooth Stone"},{"floor":20.0,"key":"MawBank"},{"floor":23.0,"key":"Akabeko"},{"floor":26.0,"key":"Juzu Bracelet"},{"floor":27.0,"key":"conspire:Boomerang"},{"floor":31.0,"key":"Ice Cream"},{"floor":38.0,"key":"CaptainsWheel"},{"floor":42.0,"key":"Regal Pillow"},{"floor":43.0,"key":"HornCleat"},{"floor":44.0,"key":"Mummified Hand"}],"event_choices":[{"damage_healed":0.0,"max_hp_gain":0.0,"max_hp_loss":0.0,"gold_gain":0.0,"event_name":"betterThird:BetterSerpent","player_choice":"Ignored","floor":2.0,"gold_loss":0.0,"damage_taken":114.0},{"damage_healed":0.0,"max_hp_gain":0.0,"max_hp_loss":0.0,"gold_gain":0.0,"event_name":"Upgrade Shrine","player_choice":"Upgraded","floor":19.0,"gold_loss":0.0,"damage_taken":0.0,"cards_upgraded":["Dark Embrace"]},{"cards_removed":["Strike_R"],"damage_healed":0.0,"max_hp_gain":0.0,"max_hp_loss":0.0,"gold_gain":0.0,"event_name":"Purifier","player_choice":"Purged","floor":25.0,"gold_loss":0.0,"damage_taken":0.0},{"damage_healed":0.0,"max_hp_gain":0.0,"max_hp_loss":0.0,"gold_gain":0.0,"event_name":"conspire:Investor","player_choice":"Leave","floor":36.0,"gold_loss":0.0,"damage_taken":0.0},{"damage_healed":0.0,"max_hp_gain":0.0,"max_hp_loss":0.0,"gold_gain":0.0,"event_name":"Mysterious Sphere","player_choice":"Fight","floor":38.0,"gold_loss":0.0,"damage_taken":0.0},{"damage_healed":0.0,"max_hp_gain":0.0,"max_hp_loss":0.0,"gold_gain":0.0,"event_name":"Transmorgrifier","player_choice":"Ignored","floor":41.0,"gold_loss":0.0,"damage_taken":0.0},{"damage_healed":0.0,"max_hp_gain":0.0,"max_hp_loss":23.0,"gold_gain":3.0,"event_name":"betterStone:BetterStone","player_choice":"2","floor":46.0,"gold_loss":0.0,"damage_taken":0.0}],"is_beta":false,"boss_relics":[{"not_picked":["conspire:SpecialSausage","conspire:SeveredTorchhead"],"picked":"Cursed Key"},{"not_picked":["Calling Bell","Fusion Hammer"],"picked":"Runic Pyramid"}],"items_purged_floors":[0,0,28],"is_endless":false,"potions_floor_spawned":[10,16,21,23,27,30,35,45,47],"ascension_level":1}}