{"host":"hcfgv6p6h0ubjkk0","time":1614354073,"event":{"mods":["AchievementEnabler","BaseMod","Highlight Path","Minty Spire (QoL Compilation)","Quick Restart","Relic Stats","StSLib"],"gold_per_floor":[113,113,130,146,146,146,178,178,178,205,50,61,88,107,107,206,206,189,205,120,120,120,120,155,155,155,187,207,224,253,253,253,253,253],"floor_reached":33,"language":"ENG","playtime":1211,"items_purged":[],"score":445,"play_id":"860b3fab-5455-496d-9fd9-dbbac3ae6fce","local_time":"20210226154113","is_ascension_mode":true,"campfire_choices":[{"data":"Berserk","floor":6.0,"key":"SMITH"},{"data":"Heavy Blade","floor":8.0,"key":"SMITH"},{"data":"Spot Weakness","floor":15.0,"key":"SMITH"},{"data":"J.A.X.","floor":23.0,"key":"SMITH"},{"data":"Flame Barrier","floor":25.0,"key":"SMITH"},{"floor":32,"key":"REST"}],"circlet_count":0,"master_deck":["Strike_R","Strike_R","Strike_R","Defend_R","Defend_R","Defend_R","Defend_R","Bash+1","Berserk+1","Heavy Blade+1","Reaper+1","Spot Weakness+1","Twin Strike","Anger","Impervious","Flex","J.A.X.+1","Flame Barrier+1","Burning Pact","Intimidate","Ghostly","Ghostly","Ghostly","Ghostly","Ghostly"],"relics":["Burning Blood","Anchor","Bottled Tornado","Whetstone","PreservedInsect","Pear","Runic Cube","MealTicket","Bottled Flame","Blood Vial","Vajra","Lizard Tail"],"acts_visited":["Exordium","TheCity"],"potions_floor_usage":[33],"damage_taken":[{"damage":3.0,"enemies":"Small Slimes","floor":1.0,"turns":3.0},{"damage":0.0,"enemies":"2 Louse","floor":3.0,"turns":3.0},{"damage":2.0,"enemies":"Jaw Worm","floor":4.0,"turns":3.0},{"damage":31.0,"enemies":"Gremlin Nob","floor":7.0,"turns":4.0},{"damage":25.0,"enemies":"Lagavulin","floor":10.0,"turns":5.0},{"damage":9.0,"enemies":"2 Fungi Beasts","floor":12.0,"turns":3.0},{"damage":10.0,"enemies":"3 Sentries","floor":13.0,"turns":4.0},{"damage":8.0,"enemies":"Exordium Wildlife","floor":14.0,"turns":4.0},{"damage":20.0,"enemies":"Slime Boss","floor":16.0,"turns":7.0},{"damage":24.0,"enemies":"2 Thieves","floor":18.0,"turns":4.0},{"damage":8.0,"enemies":"3 Byrds","floor":19.0,"turns":2.0},{"damage":34.0,"enemies":"Gremlin Leader","floor":24.0,"turns":4.0},{"damage":52.0,"enemies":"Slavers","floor":27.0,"turns":5.0},{"damage":14.0,"enemies":"Snake Plant","floor":28.0,"turns":4.0},{"damage":17.0,"enemies":"Centurion and Healer","floor":29.0,"turns":5.0},{"damage":28.0,"enemies":"Gremlin Leader","floor":30.0,"turns":6.0},{"damage":36,"enemies":"Automaton","floor":33,"turns":8}],"seed_played":"-1958901325853044380","potions_obtained":[{"floor":3.0,"key":"DuplicationPotion"},{"floor":7.0,"key":"LiquidBronze"},{"floor":10.0,"key":"BlessingOfTheForge"},{"floor":12.0,"key":"PowerPotion"},{"floor":24.0,"key":"SteroidPotion"}],"is_trial":false,"path_per_floor":["M","?","M","M","?","R","E","R","T","E","$","M","E","M","R","B",null,"M","M","?","?","?","R","E","R","T","E","M","M","E","?","R","B"],"character_chosen":"IRONCLAD","items_purchased":["PreservedInsect"],"campfire_rested":1,"item_purchase_floors":[11],"current_hp_per_floor":[75,75,80,80,80,80,55,55,55,36,36,41,63,73,73,59,82,64,77,77,77,77,77,62,62,62,33,27,28,44,44,45,9,9],"gold":253,"neow_bonus":"TRANSFORM_CARD","is_daily":false,"chose_seed":false,"campfire_upgraded":5,"win_rate":0.0,"timestamp":1614354073,"path_taken":["M","?","M","M","?","R","E","R","T","E","$","M","E","M","R","BOSS","M","M","?","?","?","R","E","R","T","E","?","M","E","?","R","BOSS"],"items_purchased_type":["Relic"],"build_version":"2020-12-22","purchased_purges":0,"victory":false,"max_hp_per_floor":[80,80,80,80,80,80,80,80,80,80,80,80,90,90,90,90,90,90,90,90,90,90,90,90,90,90,90,90,90,90,45,45,45,45],"relic_stats":{"Blood Vial":8,"Lizard Tail":0,"counters":[17,74],"MealTicket":0,"PreservedInsect":175,"Whetstone":["Reaper","Bash"],"obtain_stats":[{"Blood Vial":26,"Anchor":7,"Bottled Flame":24,"Lizard Tail":30,"Pear":13,"Vajra":27,"MealTicket":20,"PreservedInsect":11,"Whetstone":10,"Bottled Tornado":9,"Burning Blood":0,"Runic Cube":17},{"Blood Vial":12,"Anchor":4,"Bottled Flame":12,"Lizard Tail":16,"Pear":7,"Vajra":13,"MealTicket":11,"PreservedInsect":5,"Whetstone":5,"Bottled Tornado":4,"Burning Blood":0,"Runic Cube":9},{"Blood Vial":46,"Anchor":13,"Bottled Flame":46,"Lizard Tail":66,"Pear":25,"Vajra":51,"MealTicket":42,"PreservedInsect":18,"Whetstone":18,"Bottled Tornado":13,"Burning Blood":0,"Runic Cube":36}],"Burning Blood":91,"Runic Cube":[37]},"card_choices":[{"not_picked":["Havoc","Wild Strike"],"picked":"Heavy Blade","floor":1.0},{"not_picked":["Anger","True Grit"],"picked":"Spot Weakness","floor":3.0},{"not_picked":["Heavy Blade","Spot Weakness"],"picked":"Twin Strike","floor":4.0},{"not_picked":["Warcry","Power Through","Spot Weakness"],"picked":"SKIP","floor":7.0},{"not_picked":["Body Slam","Uppercut"],"picked":"Anger","floor":10.0},{"not_picked":["Hemokinesis","Anger","Heavy Blade"],"picked":"SKIP","floor":12.0},{"not_picked":["Havoc","Metallicize","Anger"],"picked":"SKIP","floor":13.0},{"not_picked":["Armaments","Juggernaut","Body Slam"],"picked":"SKIP","floor":14.0},{"not_picked":["Juggernaut","Fiend Fire"],"picked":"Impervious","floor":16.0},{"not_picked":["Dark Embrace+1","Wild Strike"],"picked":"Flex","floor":18.0},{"not_picked":["Anger","Wild Strike","Clothesline"],"picked":"SKIP","floor":19.0},{"not_picked":["Ghostly Armor+1","Pommel Strike"],"picked":"Flame Barrier","floor":24.0},{"not_picked":["Berserk","Anger+1"],"picked":"Burning Pact","floor":27.0},{"not_picked":["Hemokinesis","Clothesline","Blood for Blood"],"picked":"SKIP","floor":28.0},{"not_picked":["Searing Blow","Twin Strike"],"picked":"Intimidate","floor":29.0},{"not_picked":["Havoc","Perfected Strike","Bloodletting"],"picked":"SKIP","floor":30}],"player_experience":224394,"relics_obtained":[{"floor":7.0,"key":"Anchor"},{"floor":9.0,"key":"Bottled Tornado"},{"floor":10.0,"key":"Whetstone"},{"floor":13.0,"key":"Pear"},{"floor":24.0,"key":"Bottled Flame"},{"floor":26.0,"key":"Blood Vial"},{"floor":27.0,"key":"Vajra"},{"floor":30,"key":"Lizard Tail"}],"event_choices":[{"damage_healed":0.0,"max_hp_gain":0.0,"max_hp_loss":0.0,"gold_gain":0.0,"cards_transformed":["Strike_R"],"event_name":"Living Wall","player_choice":"Change","floor":2.0,"gold_loss":0.0,"damage_taken":0.0,"cards_obtained":["Reaper"]},{"damage_healed":0.0,"max_hp_gain":0.0,"max_hp_loss":0.0,"gold_gain":0.0,"event_name":"Liars Game","player_choice":"Ignored","floor":5.0,"gold_loss":0.0,"damage_taken":0.0},{"damage_healed":0.0,"max_hp_gain":0.0,"max_hp_loss":0.0,"gold_gain":0.0,"event_name":"Addict","player_choice":"Obtained Relic","floor":20.0,"gold_loss":85.0,"damage_taken":0.0,"relics_obtained":["MealTicket"]},{"damage_healed":0.0,"max_hp_gain":0.0,"max_hp_loss":0.0,"gold_gain":0.0,"event_name":"Vampires","player_choice":"Ignored","floor":21.0,"gold_loss":0.0,"damage_taken":0.0},{"damage_healed":0.0,"max_hp_gain":0.0,"max_hp_loss":0.0,"gold_gain":0.0,"event_name":"Drug Dealer","player_choice":"Obtain J.A.X.","floor":22.0,"gold_loss":0.0,"damage_taken":0.0,"cards_obtained":["J.A.X."]},{"damage_healed":0,"gold_gain":0,"player_choice":"Became a Ghost","damage_taken":0,"max_hp_gain":0,"max_hp_loss":45,"event_name":"Ghosts","floor":31,"gold_loss":0,"cards_obtained":["Ghostly","Ghostly","Ghostly","Ghostly","Ghostly"]}],"is_beta":false,"boss_relics":[{"not_picked":["Empty Cage","SacredBark"],"picked":"Runic Cube"}],"items_purged_floors":[],"is_endless":false,"potions_floor_spawned":[3,7,10,12,24,27,30],"killed_by":"Automaton","ascension_level":6}}