{"host":"2d69zsihwnsihkt1","time":1614363723,"event":{"mods":["AchievementEnabler","Act Like it!","BaseMod","Better Altar","Better Note","Better Skull","Bossed Relics","Colored Map","Colored Powertips","Curses Come First","Displayed Cursed Tome","Googly Eyes","Hermit","Minty Spire (QoL Compilation)","Rare Cards Sparkle","Relic Stats","Replay The Spire","Robot Space Explorer","Shapeshifter Mod","Shop Mod","StSLib","The Forsaken","The Hayseed","The Runesmith"],"gold_per_floor":[114,114,126,197,197,197,197,226,226,226,48,48,75,111,111,211,211,224,261,261,306,348,348,401,401,447,447,507,92,0,0,0,0,0],"floor_reached":33,"language":"ENG","playtime":2248,"items_purged":[],"score":518,"play_id":"d6e22b1e-7495-49fd-a517-98a3343e9823","local_time":"20210226122203","is_ascension_mode":true,"campfire_choices":[{"data":"theForsaken:DefensiveStance","floor":6,"key":"SMITH"},{"data":"theForsaken:StoreUp","floor":10,"key":"SMITH"},{"data":"HandOfGreed","floor":15,"key":"SMITH"},{"floor":23,"key":"REST"},{"data":"theForsaken:Mantra","floor":25,"key":"SMITH"},{"data":"theForsaken:HealingLight","floor":27,"key":"SMITH"},{"floor":32,"key":"REST"}],"circlet_count":0,"master_deck":["AscendersBane","theForsaken:TheForsaken_Strike","theForsaken:TheForsaken_Strike","theForsaken:TheForsaken_Strike+1","theForsaken:TheForsaken_Strike","theForsaken:TheForsaken_Defend","theForsaken:TheForsaken_Defend","theForsaken:TheForsaken_Defend","theForsaken:TheForsaken_Defend+1","theForsaken:Smite+1","theForsaken:Penitence","theForsaken:DefensiveStance+1","theForsaken:StoreUp+1","theForsaken:HealingLight+1","HandOfGreed+1","theForsaken:Retribution","ReplayTheSpireMod:Private Reserves","theForsaken:Mantra+1","theForsaken:SolarFlare+1","The Bomb","theForsaken:WrathOfGod"],"relics":["theForsaken:JudgementScales","NeowsBlessing","Matryoshka","Regal Pillow","Whetstone","Unceasing Top","Busted Crown","Mummified Hand","Boot","Replay:Rubber Ducky","Runesmith:Locket","Gremlin Food"],"acts_visited":["Exordium","TheCity"],"potions_floor_usage":[16,18,24,24],"damage_taken":[{"damage":0,"enemies":"2 Louse","floor":1,"turns":1},{"damage":0,"enemies":"Small Slimes","floor":3,"turns":1},{"damage":0,"enemies":"3 Sentries","floor":8,"turns":2},{"damage":9,"enemies":"Lagavulin","floor":13,"turns":7},{"damage":8,"enemies":"Jaw Worm","floor":14,"turns":4},{"damage":18,"enemies":"The Guardian","floor":16,"turns":12},{"damage":27,"enemies":"Spheric Guardian","floor":18,"turns":4},{"damage":25,"enemies":"2 Thieves","floor":19,"turns":4},{"damage":5,"enemies":"Chosen and Byrds","floor":21,"turns":7},{"damage":17,"enemies":"Cultist and Chosen","floor":22,"turns":6},{"damage":14,"enemies":"Replay:Snechameleon","floor":24,"turns":7},{"damage":85,"enemies":"Slavers","floor":28,"turns":7},{"damage":53,"enemies":"Automaton","floor":33,"turns":6}],"seed_played":"-3201071141281843902","potions_obtained":[{"floor":1,"key":"FearPotion"},{"floor":16,"key":"ColorlessPotion"},{"floor":19,"key":"DuplicationPotion"},{"floor":22,"key":"Weak Potion"}],"is_trial":false,"path_per_floor":["M","$","M","?","$","R","?","E","T","R","$","?","E","M","R","B",null,"M","M","?","M","M","R","E","R","T","R","E","$","?","$","R","B"],"character_chosen":"THE_FORSAKEN","items_purchased":["HandOfGreed","Gremlin Food","The Bomb","theForsaken:WrathOfGod"],"campfire_rested":2,"item_purchase_floors":[11,29,29,29],"current_hp_per_floor":[59,59,59,59,59,59,59,59,59,59,59,59,54,50,50,60,64,37,15,15,23,16,50,65,65,65,65,7,7,7,7,41,0,0],"gold":0,"neow_bonus":"THREE_ENEMY_KILL","is_daily":false,"chose_seed":false,"campfire_upgraded":5,"win_rate":0.0,"timestamp":1614363723,"path_taken":["M","$","M","?","$","R","?","E","T","R","?","?","E","?","R","BOSS","M","M","?","M","?","R","E","R","T","R","E","$","?","$","R","BOSS"],"items_purchased_type":["Card","Relic","Card","Card"],"build_version":"2020-12-22","purchased_purges":0,"victory":false,"max_hp_per_floor":[65,65,65,65,65,65,65,65,65,65,65,65,65,65,65,65,65,65,65,65,65,65,65,65,65,65,65,65,65,65,65,65,65,65],"relic_stats":{"Regal Pillow":30,"Busted Crown":12,"counters":[13,68],"Mummified Hand":[6],"Whetstone":["theForsaken:TheForsaken_Strike","theForsaken:Smite"],"Boot":[3],"obtain_stats":[{"Gremlin Food":29,"Regal Pillow":9,"Matryoshka":8,"Busted Crown":17,"NeowsBlessing":0,"Mummified Hand":24,"Runesmith:Locket":28,"Whetstone":9,"theForsaken:JudgementScales":0,"Boot":26,"Unceasing Top":13,"Replay:Rubber Ducky":26},{"Gremlin Food":12,"Regal Pillow":3,"Matryoshka":3,"Busted Crown":6,"NeowsBlessing":0,"Mummified Hand":11,"Runesmith:Locket":12,"Whetstone":3,"theForsaken:JudgementScales":0,"Boot":11,"Unceasing Top":4,"Replay:Rubber Ducky":11},{"Gremlin Food":62,"Regal Pillow":4,"Matryoshka":4,"Busted Crown":27,"NeowsBlessing":0,"Mummified Hand":55,"Runesmith:Locket":62,"Whetstone":4,"theForsaken:JudgementScales":0,"Boot":55,"Unceasing Top":11,"Replay:Rubber Ducky":55}],"Unceasing Top":[1]},"card_choices":[{"not_picked":["theForsaken:Backlash","theForsaken:FuryStrikes"],"picked":"theForsaken:DefensiveStance","floor":1},{"not_picked":["theForsaken:Thunderbolt","theForsaken:Backlash"],"picked":"theForsaken:StoreUp","floor":3},{"not_picked":["theForsaken:Thunderbolt","theForsaken:CorruptedForm"],"picked":"theForsaken:HealingLight","floor":8},{"not_picked":["theForsaken:HymnOfRest","theForsaken:Parry","theForsaken:CreepingInfection"],"picked":"SKIP","floor":13},{"not_picked":["theForsaken:ShieldBash","theForsaken:HealingLight","theForsaken:BlindFaith"],"picked":"SKIP","floor":14},{"not_picked":["theForsaken:DivineGuidance","theForsaken:Temperance"],"picked":"theForsaken:Mantra","floor":16},{"not_picked":["theForsaken:FuryStrikes"],"picked":"SKIP","floor":18},{"not_picked":["theForsaken:Eulogy"],"picked":"SKIP","floor":19},{"not_picked":[],"picked":"theForsaken:SolarFlare+1","floor":21},{"not_picked":["theForsaken:CleansingLight"],"picked":"SKIP","floor":22},{"not_picked":["theForsaken:DarkBargain"],"picked":"SKIP","floor":24},{"not_picked":["theForsaken:Devotion"],"picked":"SKIP","floor":28}],"player_experience":1945034,"relics_obtained":[{"floor":8,"key":"Matryoshka"},{"floor":9,"key":"Regal Pillow"},{"floor":9,"key":"Whetstone"},{"floor":13,"key":"Unceasing Top"},{"floor":24,"key":"Mummified Hand"},{"floor":26,"key":"Boot"},{"floor":26,"key":"Replay:Rubber Ducky"},{"floor":28,"key":"Runesmith:Locket"}],"event_choices":[{"damage_healed":0,"gold_gain":71,"player_choice":"Gained Gold","damage_taken":0,"max_hp_gain":0,"max_hp_loss":0,"event_name":"Golden Wing","floor":4,"gold_loss":0},{"damage_healed":0,"gold_gain":0,"player_choice":"Leave","damage_taken":0,"max_hp_gain":0,"max_hp_loss":0,"event_name":"The Cleric","floor":7,"gold_loss":0},{"damage_healed":0,"gold_gain":0,"player_choice":"3 cards matched","damage_taken":0,"max_hp_gain":0,"max_hp_loss":0,"event_name":"Match and Keep!","floor":12,"gold_loss":0,"cards_obtained":["theForsaken:Retribution","Decay","ReplayTheSpireMod:Private Reserves"]},{"cards_removed":["Decay"],"damage_healed":0,"gold_gain":0,"player_choice":"Card Removal","damage_taken":0,"max_hp_gain":0,"max_hp_loss":0,"event_name":"Wheel of Change","floor":20,"gold_loss":0},{"damage_healed":0,"gold_gain":0,"player_choice":"Paid Fearfully","damage_taken":0,"max_hp_gain":0,"max_hp_loss":0,"event_name":"Masked Bandits","floor":30,"gold_loss":92}],"is_beta":false,"boss_relics":[{"not_picked":["Replay:Wanted Poster","theForsaken:PaleLantern"],"picked":"Busted Crown"}],"items_purged_floors":[],"is_endless":false,"potions_floor_spawned":[1,16,19,22],"killed_by":"Automaton","ascension_level":13}}