{"host":"9h1qbmp5h1ch7u4r","time":1614360566,"event":{"mods":["Act Like it!","BaseMod","Hermit","Minty Spire (QoL Compilation)","StSLib"],"gold_per_floor":[20,20,37,51,96,121,137,137,205,236,248,248,271,299,299,400,400,410,360,373,298,318,346,346,374,374,449,473,748,788,816,816,919,919,953,499,516,516,540,540,579,604,627,663,684,733,163,190,190,197,197,197,46,88,88],"floor_reached":56,"language":"ENG","playtime":4651,"items_purged":["hermit:Strike_Hermit"],"score":1707,"play_id":"cb2a263c-91ca-4a03-aa29-ebdd8d752300","local_time":"20210226122926","is_ascension_mode":true,"campfire_choices":[{"data":"hermit:FlashPowder","floor":8.0,"key":"SMITH"},{"data":"hermit:CursedWeapon","floor":12.0,"key":"SMITH"},{"data":"hermit:Dissolve","floor":15.0,"key":"SMITH"},{"floor":24.0,"key":"REST"},{"floor":32.0,"key":"RECALL"},{"floor":40.0,"key":"REST"},{"floor":49.0,"key":"REST"},{"floor":52.0,"key":"REST"}],"circlet_count":0,"master_deck":["hermit:Strike_Hermit","hermit:Strike_Hermit","hermit:Defend_Hermit","hermit:Defend_Hermit+1","hermit:Defend_Hermit+1","hermit:Defend_Hermit","hermit:Snapshot","hermit:Covet","hermit:Reprieve","hermit:Spite+1","hermit:Spite","hermit:Quickdraw","hermit:FlashPowder+1","hermit:Determination","hermit:CursedWeapon+1","hermit:Dissolve+1","hermit:Adapt","hermit:FlashPowder","hermit:EyeOfTheStorm+1","hermit:FatalDesire","hermit:Scavenge+1","Regret","hermit:Scavenge+1","hermit:FinalCanter","hermit:WideOpen+1","hermit:CursedWeapon+1","hermit:Brawl","hermit:HoleUp+1","hermit:GhostlyPresence","hermit:FlashPowder+1","hermit:ShadowCloak","hermit:GhostlyPresence","Panache","hermit:Cheat"],"relics":["hermit:Momento","Pen Nib","PreservedInsect","Pear","TungstenRod","Odd Mushroom","Bird Faced Urn","Fusion Hammer","FossilizedHelix","War Paint","hermit:Horseshoe","Lantern","Sozu","DollysMirror","Ginger","hermit:RyeStalk","Ancient Tea Set","Strawberry","Question Card","Happy Flower","Bag of Preparation","Orichalcum"],"acts_visited":["Exordium","TheCity","TheBeyond","TheEnding"],"potions_floor_usage":[],"damage_taken":[{"damage":7.0,"enemies":"Jaw Worm","floor":1.0,"turns":3.0},{"damage":1.0,"enemies":"Cultist","floor":3.0,"turns":3.0},{"damage":8.0,"enemies":"2 Louse","floor":4.0,"turns":3.0},{"damage":10.0,"enemies":"Lagavulin","floor":6.0,"turns":7.0},{"damage":14.0,"enemies":"Large Slime","floor":7.0,"turns":6.0},{"damage":9.0,"enemies":"Gremlin Nob","floor":10.0,"turns":3.0},{"damage":5.0,"enemies":"Gremlin Gang","floor":11.0,"turns":5.0},{"damage":15.0,"enemies":"The Mushroom Lair","floor":13.0,"turns":3.0},{"damage":9.0,"enemies":"3 Sentries","floor":14.0,"turns":6.0},{"damage":13.0,"enemies":"Slime Boss","floor":16.0,"turns":11.0},{"damage":1.0,"enemies":"Spheric Guardian","floor":18.0,"turns":5.0},{"damage":1.0,"enemies":"3 Byrds","floor":20.0,"turns":8.0},{"damage":28.0,"enemies":"Centurion and Healer","floor":22.0,"turns":7.0},{"damage":30.0,"enemies":"Gremlin Leader","floor":23.0,"turns":8.0},{"damage":10.0,"enemies":"Book of Stabbing","floor":25.0,"turns":5.0},{"damage":1.0,"enemies":"Chosen and Byrds","floor":28.0,"turns":11.0},{"damage":23.0,"enemies":"Gremlin Leader","floor":30.0,"turns":6.0},{"damage":2.0,"enemies":"Shelled Parasite and Fungi","floor":31.0,"turns":7.0},{"damage":12.0,"enemies":"Collector","floor":33.0,"turns":16.0},{"damage":16.0,"enemies":"3 Darklings","floor":35.0,"turns":13.0},{"damage":0.0,"enemies":"Orb Walker","floor":37.0,"turns":2.0},{"damage":21.0,"enemies":"Jaw Worm Horde","floor":39.0,"turns":10.0},{"damage":1.0,"enemies":"Reptomancer","floor":41.0,"turns":5.0},{"damage":27.0,"enemies":"Transient","floor":42.0,"turns":5.0},{"damage":16.0,"enemies":"Giant Head","floor":44.0,"turns":7.0},{"damage":2.0,"enemies":"3 Darklings","floor":45.0,"turns":10.0},{"damage":18.0,"enemies":"Nemesis","floor":46.0,"turns":17.0},{"damage":28.0,"enemies":"4 Shapes","floor":48.0,"turns":8.0},{"damage":18.0,"enemies":"Time Eater","floor":50.0,"turns":8.0},{"damage":33.0,"enemies":"Shield and Spear","floor":54.0,"turns":17.0},{"damage":28,"enemies":"The Heart","floor":55,"turns":9}],"seed_played":"5018105215620816294","potions_obtained":[{"floor":4.0,"key":"Block Potion"},{"floor":10.0,"key":"Explosive Potion"},{"floor":11.0,"key":"SpeedPotion"},{"floor":16.0,"key":"FearPotion"},{"floor":20.0,"key":"PowerPotion"},{"floor":22.0,"key":"AttackPotion"},{"floor":23.0,"key":"LiquidMemories"}],"is_trial":false,"path_per_floor":["M","?","M","M","T","E","M","R","T","E","M","R","?","E","R","B",null,"M","?","M","?","M","E","R","E","T","?","M","?","E","M","R","B",null,"M","$","M","T","M","R","E","M","T","E","M","E","$","M","R","B",null,"R","$","E","B",null],"character_chosen":"HERMIT","items_purchased":["DollysMirror","Ginger","hermit:ShadowCloak","hermit:GhostlyPresence","Panache","Happy Flower","Bag of Preparation"],"campfire_rested":4,"item_purchase_floors":[36,36,47,47,47,47,53],"current_hp_per_floor":[65,65,68,64,64,58,44,44,54,45,44,44,29,24,24,17,68,71,71,82,82,58,32,57,53,53,46,79,79,68,85,85,73,82,85,85,85,85,85,85,84,61,61,64,92,92,92,90,92,74,88,92,92,91,79],"gold":88,"neow_bonus":"THREE_RARE_CARDS","is_daily":false,"chose_seed":false,"campfire_upgraded":3,"win_rate":0.0,"timestamp":1614360566,"path_taken":["M","?","?","M","?","E","M","R","T","E","M","R","?","E","R","BOSS","M","?","?","?","M","E","R","E","T","?","?","?","E","M","R","BOSS","M","$","?","?","M","R","E","M","T","E","M","E","?","M","R","BOSS","R","$","E","BOSS"],"items_purchased_type":["Relic","Relic","Card","Card","Card","Relic","Relic"],"build_version":"2020-12-22","purchased_purges":1,"victory":true,"max_hp_per_floor":[75,75,75,75,75,75,75,75,85,85,85,85,85,85,85,85,85,85,85,85,85,85,85,85,85,85,85,85,85,85,85,85,85,85,85,85,85,85,85,85,85,85,85,92,92,92,92,92,92,92,92,92,92,92,92],"card_choices":[{"not_picked":["hermit:Purgatory","hermit:Gambit"],"picked":"hermit:Reprieve","floor":0.0},{"not_picked":["hermit:Ricochet","hermit:Scavenge"],"picked":"hermit:Spite","floor":1.0},{"not_picked":["hermit:Vantage","hermit:Manifest"],"picked":"hermit:Spite","floor":3.0},{"not_picked":["hermit:Dive","hermit:CalledShot"],"picked":"hermit:Quickdraw","floor":4.0},{"not_picked":["hermit:Manifest","hermit:LowProfile"],"picked":"hermit:FlashPowder","floor":6.0},{"not_picked":["hermit:Coalescence","hermit:Showdown"],"picked":"hermit:Determination","floor":7.0},{"not_picked":["hermit:Manifest","hermit:Reprieve"],"picked":"hermit:CursedWeapon","floor":10.0},{"not_picked":["hermit:Enervate","hermit:HighCaliber","hermit:Desperado"],"picked":"SKIP","floor":11.0},{"not_picked":["hermit:Midnight","hermit:HighNoon"],"picked":"hermit:Dissolve","floor":14.0},{"not_picked":["hermit:Roughhouse","hermit:Reprieve"],"picked":"hermit:Adapt","floor":16.0},{"not_picked":["hermit:Virtue","hermit:Headshot"],"picked":"hermit:FlashPowder","floor":18.0},{"not_picked":["hermit:Quickdraw+1","hermit:TakeCover","hermit:CalledShot"],"picked":"SKIP","floor":20.0},{"not_picked":["hermit:Feint","hermit:Horror"],"picked":"hermit:EyeOfTheStorm+1","floor":22.0},{"not_picked":["hermit:Shortfuse","hermit:DeadOrAlive"],"picked":"hermit:FatalDesire","floor":23.0},{"not_picked":["hermit:TakeAim","hermit:Coalescence"],"picked":"hermit:Scavenge+1","floor":25.0},{"not_picked":["hermit:Snipe","hermit:Feint","hermit:Enervate"],"picked":"SKIP","floor":28.0},{"not_picked":["hermit:Misfire+1","hermit:Midnight"],"picked":"hermit:Scavenge+1","floor":30.0},{"not_picked":["hermit:Vantage+1","hermit:Misfire","hermit:WideOpen"],"picked":"SKIP","floor":31.0},{"not_picked":["hermit:EternalForm","hermit:Purgatory"],"picked":"hermit:FinalCanter","floor":33.0},{"not_picked":["hermit:Misfire","hermit:Feint+1"],"picked":"hermit:WideOpen+1","floor":35.0},{"not_picked":["hermit:Spite","hermit:WideOpen+1","hermit:Quickdraw"],"picked":"SKIP","floor":37.0},{"not_picked":["hermit:LowProfile+1","hermit:Misfire+1","hermit:HighCaliber+1"],"picked":"SKIP","floor":39.0},{"not_picked":["hermit:Quickdraw+1","hermit:Feint+1","hermit:Glare+1"],"picked":"SKIP","floor":41.0},{"not_picked":["hermit:Misfire","hermit:EternalForm"],"picked":"hermit:Brawl","floor":42.0},{"not_picked":["hermit:Enervate","hermit:Dive"],"picked":"hermit:HoleUp+1","floor":44.0},{"not_picked":["hermit:LowProfile+1","hermit:Ricochet+1"],"picked":"hermit:GhostlyPresence","floor":45.0},{"not_picked":["hermit:Quickdraw+1","hermit:Combo"],"picked":"hermit:FlashPowder+1","floor":46.0},{"not_picked":["hermit:HoleUp","hermit:Feint+1","hermit:FullyLoaded"],"picked":"hermit:Cheat","floor":48.0},{"not_picked":["hermit:PistolWhip","hermit:TakeCover+1","hermit:Spite+1","hermit:WideOpen+1"],"picked":"SKIP","floor":54.0}],"player_experience":969332,"relics_obtained":[{"floor":5.0,"key":"Pen Nib"},{"floor":6.0,"key":"PreservedInsect"},{"floor":9.0,"key":"Pear"},{"floor":10.0,"key":"TungstenRod"},{"floor":13.0,"key":"Odd Mushroom"},{"floor":14.0,"key":"Bird Faced Urn"},{"floor":23.0,"key":"FossilizedHelix"},{"floor":25.0,"key":"War Paint"},{"floor":26.0,"key":"hermit:Horseshoe"},{"floor":30.0,"key":"Lantern"},{"floor":38.0,"key":"hermit:RyeStalk"},{"floor":41.0,"key":"Ancient Tea Set"},{"floor":44.0,"key":"Strawberry"},{"floor":46.0,"key":"Question Card"},{"floor":54.0,"key":"Orichalcum"}],"event_choices":[{"damage_healed":0.0,"max_hp_gain":0.0,"max_hp_loss":0.0,"gold_gain":0.0,"event_name":"Upgrade Shrine","player_choice":"Upgraded","floor":2.0,"gold_loss":0.0,"damage_taken":0.0,"cards_upgraded":["hermit:Spite"]},{"damage_healed":0.0,"max_hp_gain":0.0,"max_hp_loss":0.0,"gold_gain":0.0,"event_name":"Mushrooms","player_choice":"Fought Mushrooms","floor":13.0,"gold_loss":0.0,"damage_taken":0.0},{"damage_healed":0.0,"max_hp_gain":0.0,"max_hp_loss":0.0,"gold_gain":0.0,"event_name":"The Joust","player_choice":"Bet on Murderer","floor":19.0,"gold_loss":50.0,"damage_taken":0.0},{"cards_removed":["hermit:Strike_Hermit"],"damage_healed":0.0,"max_hp_gain":0.0,"max_hp_loss":0.0,"gold_gain":0.0,"event_name":"Beggar","player_choice":"Gave Gold","floor":21.0,"gold_loss":75.0,"damage_taken":0.0},{"damage_healed":0.0,"max_hp_gain":0.0,"max_hp_loss":0.0,"gold_gain":75.0,"event_name":"FaceTrader","player_choice":"Touch","floor":27.0,"gold_loss":0.0,"damage_taken":8.0},{"damage_healed":0.0,"max_hp_gain":0.0,"max_hp_loss":0.0,"gold_gain":275.0,"event_name":"Golden Shrine","player_choice":"Desecrate","floor":29.0,"gold_loss":0.0,"damage_taken":0.0,"cards_obtained":["Regret"]}],"is_beta":false,"boss_relics":[{"not_picked":["Busted Crown","Runic Pyramid"],"picked":"Fusion Hammer"},{"not_picked":["Pandora\u0027s Box","Philosopher\u0027s Stone"],"picked":"Sozu"}],"items_purged_floors":[47],"is_endless":false,"potions_floor_spawned":[4,10,11,16,20,22,23,37,39,41,45,46,54],"ascension_level":7}}