{"host":"p0hktren06injwdf","time":1614336906,"event":{"mods":["AchievementEnabler","BaseMod","Colored Map","DeckTracker","Minty Spire (QoL Compilation)","Permanent Neow","StSLib","SuperFastMode"],"gold_per_floor":[118,118,98,109,34,65,65,75,75,104,104,118,137,167,167,167,167],"floor_reached":16,"language":"KOR","playtime":280,"items_purged":[],"score":220,"play_id":"cd57ba97-d6f1-4e72-9122-714288ef79c4","local_time":"20210226195506","is_ascension_mode":true,"campfire_choices":[{"data":"Hemokinesis","floor":7,"key":"SMITH"},{"data":"Combust","floor":11,"key":"SMITH"},{"floor":15,"key":"REST"}],"circlet_count":0,"master_deck":["AscendersBane","Strike_R","Strike_R","Strike_R","Strike_R","Strike_R","Defend_R","Defend_R","Defend_R","Defend_R","Bash","Battle Trance","Evolve","Hemokinesis+1","Double Tap","Wild Strike","Combust+1","Feel No Pain"],"relics":["Burning Blood","Torii","Turnip","Odd Mushroom","Orichalcum"],"acts_visited":["Exordium"],"potions_floor_usage":[6,10,12,14],"damage_taken":[{"damage":1,"enemies":"Cultist","floor":1,"turns":3},{"damage":10,"enemies":"2 Louse","floor":4,"turns":4},{"damage":26,"enemies":"3 Sentries","floor":6,"turns":10},{"damage":0,"enemies":"Small Slimes","floor":8,"turns":2},{"damage":12,"enemies":"The Mushroom Lair","floor":10,"turns":4},{"damage":19,"enemies":"Exordium Thugs","floor":12,"turns":4},{"damage":12,"enemies":"Blue Slaver","floor":13,"turns":4},{"damage":29,"enemies":"Lagavulin","floor":14,"turns":6},{"damage":0,"enemies":"Slime Boss","floor":16,"turns":3}],"seed_played":"8009612065661194267","potions_obtained":[{"floor":3,"key":"ElixirPotion"},{"floor":4,"key":"AttackPotion"},{"floor":6,"key":"FearPotion"},{"floor":8,"key":"BlessingOfTheForge"},{"floor":12,"key":"Weak Potion"}],"is_trial":false,"path_per_floor":["M","?","?","M","$","E","R","M","T","?","R","M","M","E","R","B"],"character_chosen":"IRONCLAD","items_purchased":["Double Tap"],"campfire_rested":1,"item_purchase_floors":[5],"current_hp_per_floor":[73,73,73,69,69,49,49,55,55,49,49,36,30,7,29,29,29],"gold":167,"neow_bonus":"THREE_CARDS","is_daily":false,"chose_seed":false,"campfire_upgraded":2,"win_rate":0.0,"timestamp":1614336906,"path_taken":["M","?","?","M","$","E","R","?","T","?","R","M","M","E","R","BOSS"],"items_purchased_type":["Card"],"build_version":"2020-12-22","purchased_purges":0,"victory":false,"max_hp_per_floor":[75,75,75,75,75,75,75,75,75,75,75,75,75,75,75,75,75],"card_choices":[{"not_picked":["Havoc","Intimidate"],"picked":"Battle Trance","floor":0},{"not_picked":["Headbutt","Shrug It Off"],"picked":"Evolve","floor":1},{"not_picked":["Sword Boomerang","Burning Pact"],"picked":"Hemokinesis","floor":4},{"not_picked":["Sentinel","Uppercut"],"picked":"Wild Strike","floor":6},{"not_picked":["Sentinel","Clothesline"],"picked":"Combust","floor":8},{"not_picked":["Clash","Iron Wave"],"picked":"Feel No Pain","floor":12},{"not_picked":["Intimidate","Body Slam","Perfected Strike"],"picked":"SKIP","floor":13},{"not_picked":["Body Slam","Armaments","Dual Wield"],"picked":"SKIP","floor":14}],"player_experience":1113052,"relics_obtained":[{"floor":6,"key":"Torii"},{"floor":9,"key":"Turnip"},{"floor":10,"key":"Odd Mushroom"},{"floor":14,"key":"Orichalcum"}],"event_choices":[{"damage_healed":0,"gold_gain":0,"player_choice":"Ignored","damage_taken":0,"max_hp_gain":0,"max_hp_loss":0,"event_name":"Liars Game","floor":2,"gold_loss":0},{"damage_healed":0,"gold_gain":0,"player_choice":"Bought 1 Potion","damage_taken":0,"max_hp_gain":0,"max_hp_loss":0,"event_name":"The Woman in Blue","floor":3,"gold_loss":0},{"damage_healed":0,"gold_gain":0,"player_choice":"Fought Mushrooms","damage_taken":0,"max_hp_gain":0,"max_hp_loss":0,"event_name":"Mushrooms","floor":10,"gold_loss":0}],"is_beta":false,"boss_relics":[],"items_purged_floors":[],"is_endless":false,"potions_floor_spawned":[4,6,8,12],"killed_by":"Slime Boss","ascension_level":20}}