{"host":"a3jrmgpelfdupjt8","time":1614309217,"event":{"mods":["AchievementEnabler","Act Like it!","BaseMod","Better Match","Better Note","Better Third Choice","Colored Map","Colored Powertips","Downfall","Infinite Spire","Minty Spire (QoL Compilation)","Rare Cards Sparkle","Replay The Spire","Shop Mod","Spicy Shops","StSLib","The Blue Laboratory"],"gold_per_floor":[99,113,126,126,2,44,96,96,118,118,118,43,43,43,60,164,164,164,164,64,99,22,22,22,22,22,22,49,49,49,49,86,86,110,132,132,132],"floor_reached":35,"language":"ENG","playtime":2028,"items_purged":[],"score":272,"play_id":"687649a7-9095-43cb-98ac-03cf41e27ac5","local_time":"20210225221337","is_ascension_mode":false,"campfire_choices":[{"data":"Slimebound:Split","floor":1,"key":"SMITH"},{"floor":10,"key":"REST"},{"floor":13,"key":"RECALL"},{"data":"Slimebound:Split","floor":20,"key":"SMITH"},{"floor":27,"key":"REST"},{"floor":29,"key":"REST"},{"floor":31,"key":"REST"}],"circlet_count":0,"master_deck":["Slimebound:Tackle","Slimebound:Defend_Slimebound","Slimebound:Defend_Slimebound","Slimebound:Defend_Slimebound","Slimebound:Defend_Slimebound","Slimebound:Split+1","Slimebound:CorrosiveSpit","Slimebound:SplitLeeching","Slimebound:SplitBruiser","Slimebound:MassFeed","Slimebound:SlimeBrawl","Slimebound:Equalize","Slimebound:LeechingTouch","Slimebound:RollThrough","Slimebound:Split+1","Slimebound:GoopTackle","Slimebound:LeadByExample","Slimebound:SlimeBrawl","Slimebound:FlameTackle","Slimebound:CheckThePlaybook","Slimebound:SplitAcid+1","Slimebound:ViciousTackle","Writhe","Slimebound:SplitMire+1","Slimebound:Tackle+1","Slimebound:Tackle+1","Slimebound:Tackle+1","Slimebound:ForwardTackle","infinitespire:DeathsTouch","Slimebound:ItLooksTasty"],"relics":["Slimebound:AbsorbEndCombat","Replay:Wax Seal","Potion Belt","Toolbox","Membership Card","Replay:Bandana","Blue Doll","Pear","downfall:BrokenWingStatue","bronze:MakeshiftBattery","downfall:HeartBlessingRed","Slimebound:AggressiveSlimeRelic","Enchiridion","Slimebound:TarBlob","HandDrill"],"acts_visited":["Exordium","TheCity"],"potions_floor_usage":[3,5,12,16,16,16,16,16,16,22,34,34],"damage_taken":[{"damage":9,"enemies":"2 Louse","floor":2,"turns":2},{"damage":12,"enemies":"Cultist","floor":3,"turns":1},{"damage":4,"enemies":"downfall:FleeingMerchant","floor":5,"turns":4},{"damage":0,"enemies":"Small Slimes","floor":6,"turns":4},{"damage":7,"enemies":"3 Louse","floor":9,"turns":4},{"damage":8,"enemies":"Large Slime","floor":12,"turns":3},{"damage":16,"enemies":"Red Slaver","floor":15,"turns":3},{"damage":88,"enemies":"WA_ARCHETYPE_RETAIN","floor":16,"turns":8},{"damage":30,"enemies":"Shell Parasite","floor":21,"turns":4},{"damage":16,"enemies":"Spheric Guardian","floor":22,"turns":3},{"damage":26,"enemies":"Shelled Parasite and Fungi","floor":28,"turns":4},{"damage":39,"enemies":"Centurion and Healer","floor":32,"turns":3},{"damage":17,"enemies":"Snecko","floor":34,"turns":3},{"damage":77,"enemies":"IC_MUSHROOM_ARCHETYPE","floor":35,"turns":4}],"seed_played":"2879011685352951898","potions_obtained":[{"floor":2,"key":"Death Potion"},{"floor":3,"key":"Explosive Potion"},{"floor":9,"key":"blueLaboratory:FruitPunch"},{"floor":16,"key":"blueLaboratory:PhilterOfMotion"},{"floor":22,"key":"blueLaboratory:AbyssPotion"},{"floor":32,"key":"SpeedPotion"},{"floor":34,"key":"Fruit Juice"}],"is_trial":false,"path_per_floor":["R","M","M","?","$","M","T","?","M","R","?","M","R","?","M","B",null,"PTL","PTL","R","M","M","?","?","?","T","R","M","R","?","R","M","AVR","M","B"],"character_chosen":"SLIMEBOUND","items_purchased":["Potion Belt","Toolbox","Membership Card","Replay:Bandana","Slimebound:SlimeBrawl","Slimebound:Equalize","Slimebound:LeechingTouch"],"campfire_rested":4,"item_purchase_floors":[5,5,5,5,5,5,5],"current_hp_per_floor":[71,64,54,29,31,37,37,37,30,51,61,61,61,61,45,10,79,79,79,79,53,37,37,37,21,21,44,32,55,55,78,56,56,56,0,0,0],"gold":132,"neow_bonus":"TEN_PERCENT_HP_BONUS","is_daily":false,"chose_seed":false,"campfire_upgraded":2,"win_rate":0.0,"timestamp":1614309217,"path_taken":["R","M","M","?","$","M","T","?","?","R","?","M","R","?","M","BOSS","PTL","PTL","R","M","M","?","?","?","T","R","M","R","?","R","M","AVR","M","BOSS"],"items_purchased_type":["Relic","Relic","Relic","Relic","Card","Card","Card"],"build_version":"2020-12-22","purchased_purges":0,"victory":false,"max_hp_per_floor":[71,71,71,71,71,71,71,71,71,71,81,89,89,89,89,79,79,79,79,79,79,79,79,79,79,79,79,79,79,79,79,79,79,84,84,84,84],"card_choices":[{"not_picked":["Slimebound:SamplingLick","Slimebound:Gluttony"],"picked":"Slimebound:SplitLeeching","floor":2},{"not_picked":["Slimebound:GoopSpray","Slimebound:SlimeBrawl"],"picked":"Slimebound:SplitBruiser","floor":3},{"not_picked":["Slimebound:BestDefense","Slimebound:Gluttony"],"picked":"Slimebound:MassFeed","floor":5},{"not_picked":["Slimebound:HauntingLick","Slimebound:LeechingTouch"],"picked":"Slimebound:RollThrough","floor":6},{"not_picked":["Slimebound:SlimeBrawl","Slimebound:SplitBruiser"],"picked":"Slimebound:LeadByExample","floor":9},{"not_picked":["Slimebound:LivingWall","Slimebound:FlameTackle"],"picked":"Slimebound:SlimeBrawl","floor":12},{"not_picked":["Slimebound:SlimeBrawl","Slimebound:SplitAcid"],"picked":"Slimebound:FlameTackle","floor":15},{"not_picked":["Slimebound:MassRepurpose","Slimebound:SelfFormingGoo"],"picked":"Slimebound:CheckThePlaybook","floor":16},{"not_picked":["Slimebound:Schlurp","Slimebound:SlimeSpikes"],"picked":"Slimebound:SplitAcid+1","floor":21},{"not_picked":["Slimebound:Schlurp","Slimebound:SplitLeeching"],"picked":"Slimebound:ViciousTackle","floor":22},{"not_picked":["Slimebound:LeechEnergy","Slimebound:SplitAcid+1"],"picked":"Slimebound:SplitMire+1","floor":28},{"not_picked":["Slimebound:MassFeed","Slimebound:LeechEnergy"],"picked":"Slimebound:ForwardTackle","floor":32},{"not_picked":["Slimebound:LeechingTouch","Slimebound:BestDefense"],"picked":"Slimebound:ItLooksTasty","floor":34}],"player_experience":139280,"relics_obtained":[{"floor":7,"key":"Blue Doll"},{"floor":11,"key":"Pear"},{"floor":25,"key":"Enchiridion"}],"event_choices":[{"damage_healed":0,"gold_gain":0,"player_choice":"Success","damage_taken":25,"relics_obtained":["Replay:Wax Seal"],"max_hp_gain":0,"max_hp_loss":0,"event_name":"Scrap Ooze","floor":4,"gold_loss":0},{"cards_removed":["Slimebound:MassFeed"],"damage_healed":0,"gold_gain":0,"player_choice":"Give","damage_taken":0,"max_hp_gain":0,"max_hp_loss":0,"event_name":"betterNote:BetterNote","floor":23,"gold_loss":0,"cards_obtained":["Regret"]}],"is_beta":false,"boss_relics":[{"not_picked":["Coffee Dripper","Busted Crown"],"picked":"bronze:MakeshiftBattery"}],"items_purged_floors":[],"is_endless":false,"potions_floor_spawned":[2,3,9,16,22,32,34],"killed_by":"IC_MUSHROOM_ARCHETYPE","ascension_level":0}}