{"host":"dapjhzz8gxmkyyt6","time":1614313632,"event":{"mods":["BaseMod","BetterRewards","Hubris","Infinite Spire","Minty Spire (QoL Compilation)","Replay The Spire","Somnambulant","StSLib","The Blackbeard","The Jungle","The Necromancer"],"gold_per_floor":[117,117,117,117,129,156,156,7,53,19,19,54,65,83,83,192,192,216,216,234,256,306,306,6,6,84,84,107,129,36,40,40],"floor_reached":31,"language":"ENG","playtime":1301,"items_purged":["Bash"],"score":268,"play_id":"2550a5f5-b6b1-4f82-a28b-358dc6953206","local_time":"20210225232712","is_ascension_mode":false,"campfire_choices":[{"floor":7,"key":"REST"},{"floor":11,"key":"RECALL"},{"floor":15,"key":"DIG"},{"data":"Anger","floor":23,"key":"SMITH"},{"data":"Rampage","floor":25,"key":"SMITH"}],"circlet_count":0,"master_deck":["Strike_R","Strike_R","Strike_R","Defend_R","Defend_R","Defend_R+1","Feel No Pain","infinitespire:UltimateForm","Armaments+1","Anger","Spot Weakness","Rampage+1","Carnage","Armaments+1","Anger+1","hubris:StunningStrike","hubris:CleavingFinish+1","Intimidate+1","ReplayTheSpireMod:Limb From Limb+1","Iron Wave","Cleave","Infernal Blade","ReplayTheSpireMod:LeadingStrike+1","Cleave","FlyingSleeves+1","somnambulantmod: Pinch","Dark Shackles"],"relics":["Burning Blood","NeowsBlessing","infinitespire:Lucky Rock","infinitespire:Midas Blood","Gremlin Food","Mirror","Iron Hammer","Astrolabe","Tiny House","Gremlin Horn","PrismaticShard","hubris:EvacipatedBox","hubris:FruitBowl"],"acts_visited":["Exordium","Exordium"],"potions_floor_usage":[12,12,16,28,29],"damage_taken":[{"damage":0,"enemies":"2 Louse","floor":1,"turns":1},{"damage":0,"enemies":"Small Slimes","floor":5,"turns":1},{"damage":0,"enemies":"Gremlin Nob","floor":6,"turns":1},{"damage":18,"enemies":"3 Sentries","floor":12,"turns":7},{"damage":0,"enemies":"Jaw Worm","floor":13,"turns":2},{"damage":38,"enemies":"Exordium Thugs","floor":14,"turns":6},{"damage":47,"enemies":"Fading Forest","floor":16,"turns":11},{"damage":11,"enemies":"theJungle:MUSHROOMGANG","floor":18,"turns":6},{"damage":10,"enemies":"theJungle:5_Spyders","floor":20,"turns":7},{"damage":16,"enemies":"theJungle:Snecko_Cultist_And_Trap","floor":21,"turns":5},{"damage":5,"enemies":"theJungle:2_Snecko_Cultists","floor":28,"turns":3},{"damage":12,"enemies":"theJungle:JungleHuntersEncounter","floor":29,"turns":6},{"damage":20,"enemies":"theJungle:2_Flameangoes","floor":31,"turns":1}],"seed_played":"938742827063881271","potions_obtained":[{"floor":1,"key":"Fire Potion"},{"floor":5,"key":"Adrenaline Potion"},{"floor":13,"key":"Doom Potion"},{"floor":14,"key":"SkillPotion"},{"floor":20,"key":"Weak Potion"},{"floor":21,"key":"LifebloodPotion"}],"is_trial":false,"path_per_floor":["M","?","?","?","M","E","R","$","T","$","R","E","M","M","R","B",null,"M","?","M","M","AVR","R","$","R","T","$","M","M","$","M"],"character_chosen":"IRONCLAD","items_purchased":["Spot Weakness","Rampage","Gremlin Horn","Cleave","PrismaticShard","hubris:EvacipatedBox","hubris:FruitBowl","Dark Shackles"],"campfire_rested":1,"item_purchase_floors":[8,10,24,24,27,27,27,30],"current_hp_per_floor":[80,60,35,35,41,47,71,71,71,71,71,59,65,33,33,12,80,75,75,71,61,66,66,66,66,66,18,19,13,13,0,0],"gold":40,"neow_bonus":"THREE_ENEMY_KILL","is_daily":false,"chose_seed":false,"campfire_upgraded":2,"win_rate":0.0,"timestamp":1614313632,"path_taken":["M","?","?","?","M","E","R","$","T","?","R","E","?","M","R","BOSS","M","?","M","M","AVR","R","$","R","T","?","M","M","$","?"],"items_purchased_type":["Card","Card","Relic","Card","Relic","Relic","Relic","Card"],"build_version":"2020-12-22","purchased_purges":1,"victory":false,"max_hp_per_floor":[80,80,80,80,80,80,80,80,80,80,80,80,80,80,80,80,80,80,80,80,80,85,85,85,85,85,85,85,85,85,85,85],"card_choices":[{"not_picked":["Heavy Blade","Sentinel"],"picked":"Feel No Pain","floor":1},{"not_picked":["ReplayTheSpireMod:Echoes of Time","infinitespire:Punishment"],"picked":"infinitespire:UltimateForm","floor":2},{"not_picked":["Massacre","Wild Strike"],"picked":"Armaments","floor":5},{"not_picked":["Impervious","Perfected Strike"],"picked":"Anger","floor":6},{"not_picked":["Second Wind","Shrug It Off"],"picked":"Carnage","floor":12},{"not_picked":["Hemokinesis","Headbutt"],"picked":"Armaments","floor":13},{"not_picked":["ReplayTheSpireMod:Strike From Hell","Twin Strike"],"picked":"Anger","floor":14},{"not_picked":["Demonic Infusion","Replay:Many Hands"],"picked":"hubris:StunningStrike","floor":16},{"not_picked":["Body Slam","Wild Strike+1"],"picked":"Iron Wave","floor":18},{"not_picked":["Pummel","Armaments"],"picked":"Cleave","floor":20},{"not_picked":["Evolve","Fire Breathing"],"picked":"Infernal Blade","floor":21},{"not_picked":["Perfected Strike","Spot Weakness"],"picked":"ReplayTheSpireMod:LeadingStrike+1","floor":22},{"not_picked":["Massacre","blackbeard:TacticalRetreat+1"],"picked":"FlyingSleeves+1","floor":28},{"not_picked":["Run Through+1","Replay:AtTheReady"],"picked":"somnambulantmod: Pinch","floor":29}],"player_experience":7349242,"relics_obtained":[{"floor":6,"key":"infinitespire:Midas Blood"},{"floor":9,"key":"Gremlin Food"},{"floor":12,"key":"Mirror"},{"floor":15,"key":"Iron Hammer"}],"event_choices":[{"damage_healed":0,"gold_gain":0,"player_choice":"Success","damage_taken":25,"relics_obtained":["infinitespire:Lucky Rock"],"max_hp_gain":0,"max_hp_loss":0,"event_name":"Scrap Ooze","floor":3,"gold_loss":0},{"damage_healed":0,"gold_gain":0,"player_choice":"Forge","damage_taken":0,"max_hp_gain":0,"max_hp_loss":0,"event_name":"Accursed Blacksmith","floor":19,"gold_loss":0,"cards_upgraded":["Armaments"]}],"is_beta":false,"boss_relics":[{"not_picked":["hubris:BlackHole","hubris:CrackedHourglass"],"picked":"Astrolabe"}],"items_purged_floors":[8],"is_endless":false,"potions_floor_spawned":[1,5,13,14,20,21],"killed_by":"theJungle:2_Flameangoes","ascension_level":0}}