{"host":"mo4d2vii2wc3uyp7","time":1614360401,"event":{"mods":["BaseMod","Colored Map","Highlight Path","Keyboard Shortcuts","Minty Spire (QoL Compilation)","Permanent Neow","Quick Restart","Shop Mod","StSLib","The Necromancer","everything is the same but u backflip on backflip"],"gold_per_floor":[118,129,142,152,162,175,208,208,208,208,220,220,251,263,263,362,362,372,389,236,236,236,264,276,276],"floor_reached":24,"language":"KOR","playtime":994,"items_purged":["Defend_B"],"score":265,"play_id":"62a4ba30-fb81-4bc8-bdad-823c9c7edcd1","local_time":"20210227022641","is_ascension_mode":true,"campfire_choices":[{"data":"Dualcast","floor":8.0,"key":"SMITH"},{"data":"Coolheaded","floor":10.0,"key":"SMITH"},{"floor":15.0,"key":"REST"}],"circlet_count":0,"master_deck":["Strike_B","Strike_B+1","Defend_B","Defend_B","Defend_B","Zap","Dualcast+1","Coolheaded+1","Compile Driver","Stack","Sweeping Beam+1","Rebound","Chill","FTL","Melter","Reboot","Auto Shields","Defragment","Echo Form"],"relics":["Cracked Core","Omamori","Whetstone","Du-Vu Doll","Cursed Key","MawBank"],"acts_visited":["Exordium","TheCity"],"potions_floor_usage":[23],"damage_taken":[{"damage":0.0,"enemies":"Small Slimes","floor":1.0,"turns":2.0},{"damage":0.0,"enemies":"Cultist","floor":2.0,"turns":4.0},{"damage":10.0,"enemies":"Jaw Worm","floor":3.0,"turns":4.0},{"damage":16.0,"enemies":"Gremlin Gang","floor":4.0,"turns":7.0},{"damage":17.0,"enemies":"Large Slime","floor":5.0,"turns":6.0},{"damage":9.0,"enemies":"2 Fungi Beasts","floor":6.0,"turns":4.0},{"damage":5.0,"enemies":"3 Sentries","floor":7.0,"turns":7.0},{"damage":2.0,"enemies":"Looter","floor":11.0,"turns":4.0},{"damage":7.0,"enemies":"Lagavulin","floor":13.0,"turns":7.0},{"damage":4.0,"enemies":"Blue Slaver","floor":14.0,"turns":2.0},{"damage":21.0,"enemies":"Slime Boss","floor":16.0,"turns":8.0},{"damage":18,"enemies":"3 Byrds","floor":18,"turns":6},{"damage":0,"enemies":"Chosen","floor":19,"turns":4},{"damage":52,"enemies":"Slavers","floor":23,"turns":3},{"damage":24,"enemies":"Snake Plant","floor":24,"turns":5}],"seed_played":"3830963004450161754","potions_obtained":[{"floor":3.0,"key":"FocusPotion"},{"floor":4.0,"key":"GamblersBrew"},{"floor":5.0,"key":"BlessingOfTheForge"},{"floor":7.0,"key":"Regen Potion"},{"floor":23,"key":"FearPotion"}],"is_trial":false,"path_per_floor":["M","M","M","M","M","M","E","R","T","R","M","?","E","M","R","B",null,"M","M","$","?","?","E","M"],"character_chosen":"DEFECT","items_purchased":["Defragment"],"campfire_rested":1,"item_purchase_floors":[20],"current_hp_per_floor":[75,75,65,49,32,23,18,18,18,18,16,16,24,20,42,21,75,57,57,57,75,75,23,0,0],"gold":276,"neow_bonus":"THREE_CARDS","is_daily":false,"chose_seed":false,"campfire_upgraded":2,"win_rate":0.0,"timestamp":1614360401,"path_taken":["M","M","M","M","M","M","E","R","T","R","M","?","E","M","R","BOSS","M","M","$","?","?","E","?"],"items_purchased_type":["Card"],"build_version":"2020-12-22","purchased_purges":1,"victory":false,"max_hp_per_floor":[75,75,75,75,75,75,75,75,75,75,75,75,75,75,75,75,75,75,75,75,75,75,75,75,75],"card_choices":[{"not_picked":["Stack","Doom and Gloom"],"picked":"Coolheaded","floor":0.0},{"not_picked":["Barrage","Hologram"],"picked":"Compile Driver","floor":1.0},{"not_picked":["Leap","Turbo","Consume"],"picked":"SKIP","floor":2.0},{"not_picked":["Gash","Hologram"],"picked":"Stack","floor":3.0},{"not_picked":["Turbo","Hologram"],"picked":"Sweeping Beam","floor":4.0},{"not_picked":["Steam","Seek"],"picked":"Rebound","floor":5.0},{"not_picked":["Coolheaded","Leap"],"picked":"Chill","floor":6.0},{"not_picked":["Leap","Capacitor"],"picked":"FTL","floor":7.0},{"not_picked":["Hello World","Stack","Gash"],"picked":"SKIP","floor":11.0},{"not_picked":["Heatsinks","Chaos"],"picked":"Melter","floor":13.0},{"not_picked":["Reprogram","Gash","Compile Driver"],"picked":"SKIP","floor":14.0},{"not_picked":["Rainbow","Hyperbeam"],"picked":"Reboot","floor":16.0},{"not_picked":["Beam Cell+1","Stack"],"picked":"Auto Shields","floor":18},{"not_picked":["Rebound","Gash+1","Skim"],"picked":"SKIP","floor":19},{"not_picked":["Rebound","Hello World","Turbo"],"picked":"SKIP","floor":23}],"player_experience":647349,"relics_obtained":[{"floor":7.0,"key":"Omamori"},{"floor":9.0,"key":"Whetstone"},{"floor":13.0,"key":"Du-Vu Doll"},{"floor":23,"key":"MawBank"}],"event_choices":[{"cards_removed":["Strike_B"],"damage_healed":0.0,"max_hp_gain":0.0,"max_hp_loss":0.0,"gold_gain":0.0,"event_name":"Bonfire Elementals","player_choice":"Offered Basic","floor":12.0,"gold_loss":0.0,"damage_taken":0.0},{"damage_healed":25,"gold_gain":0,"player_choice":"Heal","damage_taken":0,"max_hp_gain":0,"max_hp_loss":0,"event_name":"The Library","floor":21,"gold_loss":0},{"damage_healed":0,"gold_gain":0,"cards_transformed":["Strike_B"],"player_choice":"Transformed","damage_taken":0,"max_hp_gain":0,"max_hp_loss":0,"event_name":"Transmorgrifier","floor":22,"gold_loss":0,"cards_obtained":["Echo Form"]}],"is_beta":false,"boss_relics":[{"not_picked":["SlaversCollar","Astrolabe"],"picked":"Cursed Key"}],"items_purged_floors":[20],"is_endless":false,"potions_floor_spawned":[3,4,5,7,23],"killed_by":"Snake Plant","ascension_level":3}}