{"host":"wy4vwr4x0uqk666t","time":1614337398,"event":{"mods":["Aspiration","BaseMod","BetterRewards","Colored Map","Colored Powertips","Curses Come First","Defuse TimeMaze Blight","Downfall","Hubris","Infinite Spire","Lobotomy","Minty Spire (QoL Compilation)","Quick Restart","Replay The Spire","StSLib"],"gold_per_floor":[120,7,20,36,36,36,36],"floor_reached":6,"language":"ENG","playtime":338,"items_purged":["SpecialBullet"],"score":36,"play_id":"6fbaf469-5c8f-46b7-9c27-0579048edf31","local_time":"20210226120318","is_ascension_mode":false,"campfire_choices":[],"circlet_count":0,"master_deck":["SpecialBullet","SpecialBullet","SpecialBullet","SpecialBullet","SpecialBullet","SpecialBullet","InformationCode","WelfareCode","TrainingCode","Logging","OldLady","Wingbeat","Amita","Noise","WallGazer","RedEyes+1"],"relics":["CogitoBucket"],"acts_visited":["Exordium"],"potions_floor_usage":[],"damage_taken":[{"damage":0,"enemies":"Cultist","floor":1,"turns":2},{"damage":5,"enemies":"2 Louse","floor":3,"turns":2},{"damage":11,"enemies":"Jaw Worm","floor":4,"turns":2},{"damage":56,"enemies":"Lagavulin","floor":6,"turns":5}],"seed_played":"508848880716321981","potions_obtained":[{"floor":3,"key":"Death Potion"}],"is_trial":false,"path_per_floor":["M","$","M","M","?","E"],"character_chosen":"Angela","items_purchased":["Amita"],"campfire_rested":0,"item_purchase_floors":[2],"current_hp_per_floor":[70,70,65,54,54,0,0],"gold":36,"neow_bonus":"RANDOM_EVENT","is_daily":false,"chose_seed":false,"campfire_upgraded":0,"win_rate":0.0,"timestamp":1614337398,"path_taken":["M","$","M","M","?","E"],"items_purchased_type":["Card"],"build_version":"2020-12-22","purchased_purges":1,"victory":false,"max_hp_per_floor":[70,70,70,70,70,70,70],"card_choices":[{"not_picked":["MHz","Wellcheers"],"picked":"OldLady","floor":1},{"not_picked":["Tough"],"picked":"Wingbeat","floor":1},{"not_picked":["CherryBlossom"],"picked":"Noise","floor":3},{"not_picked":["UniverseFragment","BeautyBeast"],"picked":"WallGazer","floor":4},{"not_picked":["CUTE"],"picked":"RedEyes","floor":4}],"player_experience":3768431,"relics_obtained":[],"event_choices":[{"damage_healed":0,"gold_gain":0,"cards_transformed":["SpecialBullet"],"player_choice":"Change","damage_taken":0,"max_hp_gain":0,"max_hp_loss":0,"event_name":"Living Wall","floor":0,"gold_loss":0,"cards_obtained":["Logging"]}],"is_beta":false,"boss_relics":[],"items_purged_floors":[2],"is_endless":false,"potions_floor_spawned":[3],"killed_by":"Lagavulin","ascension_level":0}}