{"host":"mvhzznpw3ffw85pv","time":1614337846,"event":{"mods":["AchievementEnabler","BaseMod","Bestiary","Block Reminder","Colored Map","Highlight Path","Minty Spire (QoL Compilation)","Relic Stats"],"gold_per_floor":[114,114,114,46,60,60,90,121,169,169,249,249,32,32,32,109,109,120,35,35,48,66,97,113,141,141,155,55,55,84,84,84,84,84],"floor_reached":33,"language":"ENG","playtime":2259,"items_purged":["Strike_P","Strike_P"],"score":551,"play_id":"74dce874-a4bf-41ff-92e1-a40be453d16d","local_time":"20210226061046","is_ascension_mode":true,"campfire_choices":[{"data":"Wallop","floor":6,"key":"SMITH"},{"data":"Eruption","floor":10,"key":"SMITH"},{"data":"Vigilance","floor":12,"key":"SMITH"},{"data":"MentalFortress","floor":15,"key":"SMITH"},{"data":"EmptyBody","floor":29,"key":"SMITH"},{"data":"EmptyBody","floor":32,"key":"SMITH"}],"circlet_count":0,"master_deck":["AscendersBane","Strike_P","Defend_P","Defend_P","Eruption+1","Vigilance+1","Wallop+1","EmptyBody+1","FlurryOfBlows","Tantrum","MentalFortress+1","Vault","Panacea","FlyingSleeves+1","InnerPeace","FlurryOfBlows+1","EmptyBody+1","EmptyFist","PathToVictory+1","InnerPeace+1"],"relics":["PureWater","Odd Mushroom","Eternal Feather","Centennial Puzzle","Sundial","Busted Crown","Ice Cream","Bag of Marbles","CaptainsWheel","Singing Bowl","Toxic Egg 2"],"acts_visited":["Exordium","TheCity"],"potions_floor_usage":[16,30,33],"damage_taken":[{"damage":18,"enemies":"Jaw Worm","floor":1,"turns":6},{"damage":1,"enemies":"Small Slimes","floor":5,"turns":4},{"damage":16,"enemies":"The Mushroom Lair","floor":7,"turns":5},{"damage":18,"enemies":"3 Sentries","floor":8,"turns":10},{"damage":14,"enemies":"Slime Boss","floor":16,"turns":8},{"damage":4,"enemies":"Shell Parasite","floor":18,"turns":6},{"damage":6,"enemies":"2 Thieves","floor":21,"turns":3},{"damage":5,"enemies":"Chosen and Byrds","floor":22,"turns":3},{"damage":0,"enemies":"Gremlin Leader","floor":23,"turns":7},{"damage":16,"enemies":"Snake Plant","floor":24,"turns":3},{"damage":1,"enemies":"Slavers","floor":25,"turns":3},{"damage":0,"enemies":"Sentry and Sphere","floor":27,"turns":3},{"damage":9,"enemies":"Book of Stabbing","floor":30,"turns":3},{"damage":48,"enemies":"Champ","floor":33,"turns":8}],"seed_played":"-2081876420907432102","potions_obtained":[{"floor":5,"key":"DuplicationPotion"},{"floor":8,"key":"BottledMiracle"},{"floor":16,"key":"AttackPotion"},{"floor":22,"key":"StancePotion"}],"is_trial":false,"path_per_floor":["M","?","$","$","M","R","?","E","T","R","T","R","$","?","R","B",null,"M","?","?","M","M","E","M","E","T","M","$","R","E","?","R","B"],"character_chosen":"WATCHER","items_purchased":["Wallop","MentalFortress","Vault"],"campfire_rested":0,"item_purchase_floors":[4,13,13],"current_hp_per_floor":[49,42,42,42,41,41,25,7,7,13,13,19,19,19,28,14,59,55,55,55,49,44,44,28,27,27,29,29,38,29,29,41,0,0],"gold":84,"neow_bonus":"TEN_PERCENT_HP_BONUS","is_daily":false,"chose_seed":false,"campfire_upgraded":6,"win_rate":0.0,"timestamp":1614337846,"path_taken":["M","?","?","$","?","R","?","E","T","R","?","R","?","?","R","BOSS","M","?","?","M","M","E","M","E","T","M","$","R","E","?","R","BOSS"],"items_purchased_type":["Card","Card","Card"],"build_version":"2020-12-22","purchased_purges":2,"victory":false,"max_hp_per_floor":[74,74,74,74,74,74,74,74,74,74,74,74,74,74,74,74,74,74,74,74,74,74,74,74,74,74,76,76,76,76,76,76,76,76],"relic_stats":{"Centennial Puzzle":[24],"Busted Crown":16,"Singing Bowl":2,"counters":[14,72],"Sundial":[6],"Eternal Feather":42,"obtain_stats":[{"Ice Cream":19,"Centennial Puzzle":9,"CaptainsWheel":25,"Busted Crown":17,"Singing Bowl":26,"Sundial":11,"Eternal Feather":8,"Bag of Marbles":23,"PureWater":0,"Odd Mushroom":7,"Toxic Egg 2":30},{"Ice Cream":6,"Centennial Puzzle":4,"CaptainsWheel":11,"Busted Crown":5,"Singing Bowl":11,"Sundial":4,"Eternal Feather":4,"Bag of Marbles":9,"PureWater":0,"Odd Mushroom":3,"Toxic Egg 2":13},{"Ice Cream":39,"Centennial Puzzle":25,"CaptainsWheel":58,"Busted Crown":33,"Singing Bowl":58,"Sundial":25,"Eternal Feather":25,"Bag of Marbles":52,"PureWater":0,"Odd Mushroom":15,"Toxic Egg 2":64}]},"card_choices":[{"not_picked":["JustLucky","Protect","Worship"],"picked":"SKIP","floor":1},{"not_picked":["Evaluate","Crescendo"],"picked":"EmptyBody","floor":5},{"not_picked":["ForeignInfluence","Protect"],"picked":"FlurryOfBlows","floor":7},{"not_picked":["Halt","Sanctity"],"picked":"Tantrum","floor":8},{"not_picked":[],"picked":"FlyingSleeves+1","floor":18},{"not_picked":[],"picked":"InnerPeace","floor":21},{"not_picked":[],"picked":"FlurryOfBlows+1","floor":22},{"not_picked":[],"picked":"EmptyBody","floor":23},{"not_picked":[],"picked":"EmptyFist","floor":24},{"not_picked":["FlyingSleeves"],"picked":"SKIP","floor":25},{"not_picked":["Vengeance"],"picked":"Singing Bowl","floor":27},{"not_picked":[],"picked":"PathToVictory+1","floor":30}],"player_experience":678187,"relics_obtained":[{"floor":7,"key":"Odd Mushroom"},{"floor":8,"key":"Eternal Feather"},{"floor":9,"key":"Centennial Puzzle"},{"floor":11,"key":"Sundial"},{"floor":23,"key":"Bag of Marbles"},{"floor":25,"key":"CaptainsWheel"},{"floor":26,"key":"Singing Bowl"},{"floor":30,"key":"Toxic Egg 2"}],"event_choices":[{"cards_removed":["Defend_P"],"damage_healed":0,"gold_gain":0,"player_choice":"Card Removal","damage_taken":7,"max_hp_gain":0,"max_hp_loss":0,"event_name":"Golden Wing","floor":2,"gold_loss":0},{"damage_healed":0,"gold_gain":0,"player_choice":"Fought Mushrooms","damage_taken":0,"max_hp_gain":0,"max_hp_loss":0,"event_name":"Mushrooms","floor":7,"gold_loss":0},{"damage_healed":0,"gold_gain":0,"player_choice":"1 cards matched","damage_taken":0,"max_hp_gain":0,"max_hp_loss":0,"event_name":"Match and Keep!","floor":14,"gold_loss":0,"cards_obtained":["Panacea"]},{"damage_healed":0,"gold_gain":0,"player_choice":"Obtained Relic","damage_taken":0,"relics_obtained":["Ice Cream"],"max_hp_gain":0,"max_hp_loss":0,"event_name":"Addict","floor":19,"gold_loss":85},{"cards_removed":["Strike_P"],"damage_healed":0,"gold_gain":0,"player_choice":"Elegance","damage_taken":0,"max_hp_gain":0,"max_hp_loss":0,"event_name":"Back to Basics","floor":20,"gold_loss":0},{"damage_healed":0,"gold_gain":0,"cards_transformed":["Defend_P"],"player_choice":"Transformed","damage_taken":0,"max_hp_gain":0,"max_hp_loss":0,"event_name":"Transmorgrifier","floor":31,"gold_loss":0,"cards_obtained":["InnerPeace"]}],"is_beta":false,"boss_relics":[{"not_picked":["Velvet Choker","Ectoplasm"],"picked":"Busted Crown"}],"items_purged_floors":[13,28],"is_endless":false,"potions_floor_spawned":[5,8,16,21,22,27],"killed_by":"Champ","ascension_level":14}}