{"host":"3sqvgza1l4ip9ny1","time":1614303142,"event":{"mods":["BaseMod","Minty Spire (QoL Compilation)"],"gold_per_floor":[364,374,387,337,348,383,383,383,458,458,458,483,483,504,504,635,635,650,675,143,143,159,200,200,17,17,61,61,61],"floor_reached":28,"language":"ENG","playtime":1925,"items_purged":["Writhe"],"score":339,"play_id":"ce327d1c-f83e-4d7b-801f-b234d192352a","local_time":"20210226013222","is_ascension_mode":true,"campfire_choices":[{"data":"Loop","floor":7,"key":"SMITH"},{"data":"Chaos","floor":11,"key":"SMITH"},{"data":"Darkness","floor":13,"key":"SMITH"},{"data":"Consume","floor":15,"key":"SMITH"},{"floor":24,"key":"REST"}],"circlet_count":0,"master_deck":["Defend_B","Defend_B","Defend_B","Defend_B","Zap","Dualcast","Darkness+1","Chaos+1","Leap","Loop+1","Amplify","Coolheaded","Consume+1","Multi-Cast","Static Discharge+1","Darkness+1","Steam Power+1","Coolheaded","Capacitor","Redo","Static Discharge","Fusion+1","Capacitor"],"relics":["Cracked Core","Incense Burner","Golden Idol","Cables","Astrolabe","Lantern","TungstenRod","Bag of Marbles","Mummified Hand","Membership Card","Matryoshka","Tiny Chest"],"acts_visited":["Exordium","TheCity"],"potions_floor_usage":[2,5,6,6,6,6,14,16,18,23,28],"damage_taken":[{"damage":4,"enemies":"2 Louse","floor":1,"turns":2},{"damage":0,"enemies":"Small Slimes","floor":2,"turns":2},{"damage":0,"enemies":"Cultist","floor":3,"turns":3},{"damage":2,"enemies":"Looter","floor":5,"turns":4},{"damage":7,"enemies":"3 Sentries","floor":6,"turns":7},{"damage":10,"enemies":"Large Slime","floor":12,"turns":5},{"damage":1,"enemies":"Gremlin Gang","floor":14,"turns":4},{"damage":0,"enemies":"Slime Boss","floor":16,"turns":11},{"damage":0,"enemies":"Spheric Guardian","floor":18,"turns":3},{"damage":14,"enemies":"Shell Parasite","floor":19,"turns":4},{"damage":16,"enemies":"Centurion and Healer","floor":22,"turns":5},{"damage":13,"enemies":"Book of Stabbing","floor":23,"turns":4},{"damage":35,"enemies":"Slavers","floor":27,"turns":4},{"damage":17,"enemies":"Cultist and Chosen","floor":28,"turns":4}],"seed_played":"-5450032360455436057","potions_obtained":[{"floor":2,"key":"EntropicBrew"},{"floor":5,"key":"FocusPotion"},{"floor":6,"key":"EntropicBrew"},{"floor":12,"key":"AttackPotion"},{"floor":19,"key":"SpeedPotion"},{"floor":22,"key":"FearPotion"},{"floor":27,"key":"Weak Potion"}],"is_trial":false,"path_per_floor":["M","M","M","?","M","E","R","?","T","?","R","M","R","M","R","B",null,"M","M","$","?","M","E","R","$","T","E","M"],"character_chosen":"DEFECT","items_purchased":["Lantern","Redo","Static Discharge","TungstenRod","Membership Card"],"campfire_rested":1,"item_purchase_floors":[20,20,20,20,25],"current_hp_per_floor":[50,50,50,50,48,41,41,41,41,69,69,59,59,58,58,58,69,69,55,55,55,39,26,46,46,46,11,0,0],"gold":61,"neow_bonus":"TWO_FIFTY_GOLD","is_daily":false,"chose_seed":false,"campfire_upgraded":4,"win_rate":0.0,"timestamp":1614303142,"path_taken":["M","M","M","?","M","E","R","?","T","?","R","M","R","?","R","BOSS","M","M","$","?","M","E","R","$","T","E","M"],"items_purchased_type":["Relic","Card","Card","Relic","Relic"],"build_version":"2020-12-22","purchased_purges":1,"victory":false,"max_hp_per_floor":[75,75,75,75,75,75,75,69,69,69,69,69,69,69,69,69,69,69,69,69,69,69,69,69,69,69,69,69,69],"card_choices":[{"not_picked":["Leap","Gash"],"picked":"Darkness","floor":1},{"not_picked":["Hello World","Reprogram"],"picked":"Chaos","floor":2},{"not_picked":["Go for the Eyes","Sweeping Beam"],"picked":"Leap","floor":3},{"not_picked":["Reprogram","Hello World"],"picked":"Loop","floor":5},{"not_picked":["Turbo","Reboot"],"picked":"Amplify","floor":6},{"not_picked":["Cold Snap","Turbo"],"picked":"Coolheaded","floor":12},{"not_picked":["Turbo","Gash"],"picked":"Consume","floor":14},{"not_picked":["Thunder Strike","Machine Learning"],"picked":"Multi-Cast","floor":16},{"not_picked":["Barrage+1","Compile Driver"],"picked":"Coolheaded","floor":18},{"not_picked":["Redo","Undo"],"picked":"Capacitor","floor":19},{"not_picked":["Skim","White Noise"],"picked":"Fusion+1","floor":22},{"not_picked":["Recycle","Gash","Beam Cell"],"picked":"SKIP","floor":23},{"not_picked":["Chill","Redo"],"picked":"Capacitor","floor":27}],"player_experience":220463,"relics_obtained":[{"floor":6,"key":"Incense Burner"},{"floor":9,"key":"Cables"},{"floor":23,"key":"Mummified Hand"},{"floor":26,"key":"Matryoshka"},{"floor":27,"key":"Tiny Chest"}],"event_choices":[{"cards_removed":["Strike_B"],"damage_healed":0,"gold_gain":0,"player_choice":"Card Removal","damage_taken":0,"max_hp_gain":0,"max_hp_loss":0,"event_name":"The Cleric","floor":4,"gold_loss":50},{"damage_healed":0,"gold_gain":0,"player_choice":"Lose Max HP","damage_taken":0,"relics_obtained":["Golden Idol"],"max_hp_gain":0,"max_hp_loss":6,"event_name":"Golden Idol","floor":8,"gold_loss":0},{"damage_healed":28,"gold_gain":0,"player_choice":"Full Heal","damage_taken":0,"max_hp_gain":0,"max_hp_loss":0,"event_name":"Wheel of Change","floor":10,"gold_loss":0},{"damage_healed":0,"gold_gain":0,"player_choice":"Opened","damage_taken":0,"relics_obtained":["Bag of Marbles"],"max_hp_gain":0,"max_hp_loss":0,"event_name":"The Mausoleum","floor":21,"gold_loss":0,"cards_obtained":["Writhe"]}],"is_beta":false,"boss_relics":[{"not_picked":["Busted Crown","Cursed Key"],"picked":"Astrolabe"}],"items_purged_floors":[25],"is_endless":false,"potions_floor_spawned":[2,5,6,12,19,22,27],"killed_by":"Cultist and Chosen","ascension_level":2}}