{"host":"5bsc0nab6whpyrbj","time":1614305928,"event":{"mods":["AchievementEnabler","BaseMod","BetterRewards","Colored Map","Dark Map","Downfall","GifTheSpireLib","Highlight Path","Hubris","Infinite Spire","Minty Spire (QoL Compilation)","Replay The Spire","Spikes Relics","StSLib","Stuff the Spire"],"gold_per_floor":[114,114,114,114,212,212,89,141,141,141,151,165,165,165,165,265,265,283,283,283],"floor_reached":19,"language":"ENG","playtime":921,"items_purged":[],"score":153,"play_id":"4a62f1f1-725a-4691-bda1-46974a6f9078","local_time":"20210225211848","is_ascension_mode":false,"campfire_choices":[{"floor":6,"key":"REST"},{"floor":10,"key":"REST"},{"floor":13,"key":"RECALL"},{"data":"Gash","floor":15,"key":"SMITH"}],"circlet_count":0,"master_deck":["Strike_B","Strike_B","Strike_B","Strike_B","Defend_B","Defend_B","Defend_B","Defend_B","Zap+1","Dualcast","Gash+1","Deep Breath+1","hubris:EnhanceAbility","Survey Options","StuffTheSpire:Rend","Seek","Storm+1"],"relics":["Cracked Core","NeowsBlessing","hubris:DeckOfHolding","ReplayTheSpireMod:ShopPack","Pet Ghost"],"acts_visited":["Exordium","TheCity"],"potions_floor_usage":[16,16],"damage_taken":[{"damage":0,"enemies":"Cultist","floor":1,"turns":1},{"damage":0,"enemies":"Small Slimes","floor":11,"turns":1},{"damage":0,"enemies":"2 Louse","floor":12,"turns":1},{"damage":56,"enemies":"The Guardian","floor":16,"turns":11},{"damage":46,"enemies":"2 Thieves","floor":18,"turns":4},{"damage":30,"enemies":"Spheric Guardian","floor":19,"turns":3}],"seed_played":"-4556170142530599397","potions_obtained":[{"floor":1,"key":"DistilledChaos"},{"floor":12,"key":"Fire Potion"},{"floor":18,"key":"Reflective Coating"}],"is_trial":false,"path_per_floor":["M","?","$","?","?","R","$","T","T","R","M","M","R","?","R","B",null,"M","M"],"character_chosen":"DEFECT","items_purchased":["ReplayTheSpireMod:ShopPack"],"campfire_rested":2,"item_purchase_floors":[7],"current_hp_per_floor":[75,63,63,63,33,55,55,55,55,75,75,75,75,75,75,19,75,29,0,0],"gold":283,"neow_bonus":"THREE_ENEMY_KILL","is_daily":false,"chose_seed":false,"campfire_upgraded":1,"win_rate":0.0,"timestamp":1614305928,"path_taken":["M","?","$","?","?","R","?","?","T","R","M","M","R","?","R","BOSS","M","M"],"items_purchased_type":["Relic"],"build_version":"2020-12-22","purchased_purges":0,"victory":false,"max_hp_per_floor":[75,75,75,75,75,75,75,75,75,75,75,75,75,75,75,75,75,75,75,75],"card_choices":[{"not_picked":["Blizzard","Conserve Battery","Heatsinks"],"picked":"SKIP","floor":1},{"not_picked":["Chaos","StuffTheSpire:ShieldGenerator"],"picked":"Gash","floor":5},{"not_picked":["Metamorphosis","Sharp Hide"],"picked":"Deep Breath","floor":7},{"not_picked":["Apotheosis","Reforge"],"picked":"hubris:EnhanceAbility","floor":7},{"not_picked":["Madness","Dark Shackles"],"picked":"Survey Options","floor":7},{"not_picked":["Streamline","Crystallizer"],"picked":"StuffTheSpire:Rend","floor":11},{"not_picked":["BasicCrystalCard","Hologram","Streamline"],"picked":"SKIP","floor":12},{"not_picked":["Machine Learning","StuffTheSpire:LaunchingStrike"],"picked":"Seek","floor":16},{"not_picked":["Loop+1","DiskWipe"],"picked":"Storm+1","floor":18}],"player_experience":124858,"relics_obtained":[{"floor":8,"key":"Pet Ghost"}],"event_choices":[{"damage_healed":0,"gold_gain":0,"player_choice":"Success","damage_taken":12,"relics_obtained":["hubris:DeckOfHolding"],"max_hp_gain":0,"max_hp_loss":0,"event_name":"Scrap Ooze","floor":2,"gold_loss":0},{"damage_healed":0,"gold_gain":0,"player_choice":"Grow","damage_taken":0,"max_hp_gain":0,"max_hp_loss":0,"event_name":"Living Wall","floor":4,"gold_loss":0,"cards_upgraded":["Zap"]}],"is_beta":false,"boss_relics":[{"not_picked":["Ring of Chaos","StuffTheSpire:RunicConfusion","SacredBark"]}],"items_purged_floors":[],"is_endless":false,"potions_floor_spawned":[1,12,18],"killed_by":"Spheric Guardian","ascension_level":0}}