{"host":"mithrandi","time":1614342770,"event":{"mods":["BaseMod","Colored Map","Highlight Path","Minty Spire (QoL Compilation)","SuperFastMode"],"gold_per_floor":[109,73,85,95,107,135,135,135,135],"floor_reached":8,"language":"ENG","playtime":585,"items_purged":[],"score":116,"play_id":"491cf22a-92dc-4609-b0f9-362b29850ae4","local_time":"20210226143250","is_ascension_mode":true,"campfire_choices":[{"data":"Hyperbeam","floor":7,"key":"SMITH"}],"circlet_count":0,"master_deck":["AscendersBane","Strike_B","Strike_B","Strike_B","Strike_B","Defend_B","Defend_B","Defend_B","Defend_B","Zap","Dualcast","Hyperbeam+1","Reinforced Body","Gash","Beam Cell","Conserve Battery","Steam"],"relics":["Cracked Core","Ice Cream"],"acts_visited":["Exordium"],"potions_floor_usage":[6],"damage_taken":[{"damage":2,"enemies":"Jaw Worm","floor":1,"turns":4},{"damage":0,"enemies":"Small Slimes","floor":3,"turns":1},{"damage":1,"enemies":"Cultist","floor":4,"turns":4},{"damage":16,"enemies":"Gremlin Gang","floor":5,"turns":4},{"damage":23,"enemies":"3 Sentries","floor":6,"turns":8},{"damage":23,"enemies":"Lagavulin","floor":8,"turns":7}],"seed_played":"4561001795271273947","potions_obtained":[{"floor":3,"key":"Block Potion"},{"floor":4,"key":"Energy Potion"},{"floor":6,"key":"LiquidBronze"}],"is_trial":false,"path_per_floor":["M","$","M","M","M","E","R","E"],"character_chosen":"DEFECT","items_purchased":["Reinforced Body"],"campfire_rested":0,"item_purchase_floors":[2],"current_hp_per_floor":[62,62,62,61,45,22,22,0,0],"gold":135,"neow_bonus":"THREE_RARE_CARDS","is_daily":false,"chose_seed":false,"campfire_upgraded":1,"win_rate":0.0,"timestamp":1614342770,"path_taken":["M","$","M","M","M","E","R","E"],"items_purchased_type":["Card"],"build_version":"2020-12-18","purchased_purges":0,"victory":false,"max_hp_per_floor":[64,64,64,64,64,64,64,64,64],"card_choices":[{"not_picked":["Machine Learning","Meteor Strike"],"picked":"Hyperbeam","floor":0},{"not_picked":["Ball Lightning","Leap","Compile Driver"],"picked":"SKIP","floor":1},{"not_picked":["Capacitor","Turbo"],"picked":"Gash","floor":3},{"not_picked":["Barrage","Blizzard"],"picked":"Beam Cell","floor":4},{"not_picked":["Doom and Gloom","Compile Driver"],"picked":"Conserve Battery","floor":5},{"not_picked":["Coolheaded","Aggregate"],"picked":"Steam","floor":6}],"player_experience":3146531,"relics_obtained":[{"floor":6,"key":"Ice Cream"}],"event_choices":[],"is_beta":true,"boss_relics":[],"items_purged_floors":[],"is_endless":false,"potions_floor_spawned":[3,4,6],"killed_by":"Lagavulin","ascension_level":20}}