{"host":"qwv9nni2x0umspiu","time":1614314166,"event":{"mods":["BaseMod","Downfall","Minty Spire (QoL Compilation)","Replay The Spire","StSLib","The Hierophant","Wandering Minibosses"],"gold_per_floor":[114,33,52,9,9,9,41,41,41,71,87,101,101,114,114,165,165,180,197,92,92,92,92,107,121,145,158,191,191,116,16,16,93,93,103,116,135,151,162,194,194,225,225,244,244,275,286,296,296,296,296],"floor_reached":50,"language":"ENG","playtime":2827,"items_purged":["hierophant:Defend_Hierophant","hierophant:Strike_Hierophant"],"score":1378,"play_id":"c8cfd1e0-7107-4288-b7d2-233f46a08f70","local_time":"20210225203606","is_ascension_mode":true,"campfire_choices":[{"data":"hierophant:ChurchCoffers","floor":6,"key":"SMITH"},{"data":"hierophant:Punish","floor":8,"key":"SMITH"},{"data":"hierophant:Upheaval","floor":13,"key":"SMITH"},{"data":"hierophant:HammerAndAnvil","floor":15,"key":"SMITH"},{"data":"hierophant:HammerAndAnvil","floor":23,"key":"SMITH"},{"data":"hierophant:Community","floor":29,"key":"SMITH"},{"data":"hierophant:Shelter","floor":32,"key":"SMITH"},{"data":"hierophant:Zeal","floor":41,"key":"SMITH"},{"floor":45,"key":"RECALL"},{"data":"hierophant:Strike_Hierophant","floor":49,"key":"SMITH"}],"circlet_count":0,"master_deck":["AscendersBane","hierophant:Strike_Hierophant+1","hierophant:Strike_Hierophant","hierophant:Strike_Hierophant","hierophant:Punish+1","hierophant:Defend_Hierophant","hierophant:Defend_Hierophant","hierophant:ChurchCoffers+1","hierophant:Shelter+1","hierophant:Community+1","hierophant:Smite+1","hierophant:Upheaval+1","hierophant:HammerAndAnvil+1","hierophant:Zeal+1","hierophant:HammerAndAnvil+1","hierophant:SealAway+1"],"relics":["hierophant:PropheticMaskRelic","NeowsBlessing","Eternal Feather","Singing Bowl","HornCleat","Orichalcum","Sozu","Mango","Replay:Bronze Core","Ancient Tea Set","Incense Burner","StoneCalendar","Juzu Bracelet"],"acts_visited":["Exordium","TheCity","TheBeyond"],"potions_floor_usage":[11,14,25],"damage_taken":[{"damage":0,"enemies":"Cultist","floor":1,"turns":1},{"damage":0,"enemies":"Small Slimes","floor":3,"turns":1},{"damage":0,"enemies":"Gremlin Nob","floor":7,"turns":1},{"damage":20,"enemies":"3 Sentries","floor":11,"turns":11},{"damage":1,"enemies":"2 Louse","floor":12,"turns":2},{"damage":0,"enemies":"Blue Slaver","floor":14,"turns":1},{"damage":0,"enemies":"Fading Forest","floor":16,"turns":13},{"damage":12,"enemies":"2 Thieves","floor":18,"turns":2},{"damage":0,"enemies":"Shell Parasite","floor":19,"turns":1},{"damage":0,"enemies":"Shelled Parasite and Fungi","floor":24,"turns":1},{"damage":44,"enemies":"Cultist and Chosen","floor":25,"turns":6},{"damage":11,"enemies":"Snecko","floor":27,"turns":5},{"damage":16,"enemies":"Replay:Snechameleon","floor":28,"turns":5},{"damage":3,"enemies":"Pondfish","floor":33,"turns":6},{"damage":0,"enemies":"3 Darklings","floor":35,"turns":1},{"damage":0,"enemies":"Orb Walker","floor":36,"turns":2},{"damage":15,"enemies":"Sphere and 2 Shapes","floor":37,"turns":2},{"damage":0,"enemies":"Spire Growth","floor":38,"turns":2},{"damage":0,"enemies":"3 Darklings","floor":39,"turns":2},{"damage":23,"enemies":"R_Hoarder","floor":40,"turns":9},{"damage":26,"enemies":"Reptomancer","floor":42,"turns":6},{"damage":0,"enemies":"Writhing Mass","floor":44,"turns":4},{"damage":8,"enemies":"Nemesis","floor":46,"turns":7},{"damage":0,"enemies":"Sphere and 2 Shapes","floor":47,"turns":2},{"damage":0,"enemies":"3 Darklings","floor":48,"turns":4},{"damage":75,"enemies":"Time Eater","floor":50,"turns":6}],"seed_played":"-1011945894046063388","potions_obtained":[{"floor":7,"key":"LiquidBronze"},{"floor":11,"key":"SteroidPotion"},{"floor":14,"key":"Dexterity Potion"},{"floor":16,"key":"champ:CounterPotion"}],"is_trial":false,"path_per_floor":["M","$","M","$","?","R","E","R","T","?","E","M","R","M","R","B",null,"M","M","$","?","$","R","M","M","T","M","E","R","?","$","R","B",null,"M","M","M","M","M","E","R","E","T","M","R","E","M","M","R","B"],"character_chosen":"HIEROPHANT","items_purchased":["hierophant:Community","hierophant:Smite+1","hierophant:HammerAndAnvil"],"campfire_rested":0,"item_purchase_floors":[2,4,20],"current_hp_per_floor":[68,68,68,68,33,39,41,47,47,47,27,26,35,37,46,56,75,63,65,65,65,65,74,76,34,34,25,25,34,34,34,43,42,91,93,95,82,84,86,65,74,50,50,52,61,55,55,57,66,0,0],"gold":296,"neow_bonus":"THREE_ENEMY_KILL","is_daily":false,"chose_seed":false,"campfire_upgraded":9,"win_rate":0.0,"timestamp":1614314166,"path_taken":["M","?","?","$","?","R","E","R","T","?","E","M","R","M","R","BOSS","M","M","$","?","$","R","M","M","T","M","E","R","?","$","R","BOSS","M","M","M","M","M","E","R","E","T","M","R","E","M","M","R","BOSS"],"items_purchased_type":["Card","Card","Card"],"build_version":"2020-12-22","purchased_purges":2,"victory":false,"max_hp_per_floor":[75,75,75,75,75,75,77,77,77,77,77,77,77,79,79,81,81,81,83,83,83,83,83,85,87,87,89,105,105,105,105,105,107,107,109,111,113,115,117,119,119,121,121,123,123,125,125,127,127,127,127],"card_choices":[{"not_picked":["hierophant:MorningPrayer","hierophant:Doubloon"],"picked":"hierophant:Shelter","floor":1},{"not_picked":["hierophant:MorningPrayer","hierophant:Community","hierophant:DisplayOfPower"],"picked":"SKIP","floor":3},{"not_picked":["hierophant:CursedGold","hierophant:Doomsaying","hierophant:MirrorShield"],"picked":"Singing Bowl","floor":7},{"not_picked":["hierophant:SecretStash","hierophant:MorningPrayer"],"picked":"hierophant:Upheaval","floor":11},{"not_picked":["hierophant:Doomsaying","hierophant:Refuge"],"picked":"hierophant:HammerAndAnvil","floor":12},{"not_picked":["hierophant:Smite","hierophant:RepressedViolence","hierophant:ThreeLashes"],"picked":"Singing Bowl","floor":14},{"not_picked":["hierophant:Cornucopia","hierophant:MintersHammer","hierophant:Anathema"],"picked":"Singing Bowl","floor":16},{"not_picked":["hierophant:RustyCrate","hierophant:Refuge"],"picked":"hierophant:Zeal","floor":18},{"not_picked":["hierophant:Mercenaries","hierophant:MorningPrayer","hierophant:Doubloon"],"picked":"Singing Bowl","floor":19},{"not_picked":["hierophant:DisplayOfPower","hierophant:Upheaval","hierophant:Encroach"],"picked":"Singing Bowl","floor":24},{"not_picked":["hierophant:MorningPrayer","hierophant:Flagellation","hierophant:HolyVerse"],"picked":"Singing Bowl","floor":25},{"not_picked":["hierophant:RecallFunds","hierophant:Encroach","hierophant:Doubloon"],"picked":"Singing Bowl","floor":27},{"not_picked":["hierophant:Generosity","hierophant:Endure+1","hierophant:MorningPrayer"],"picked":"Singing Bowl","floor":28},{"not_picked":["hierophant:AuricForm","hierophant:WrathOfGod","hierophant:DeathKnell"],"picked":"Singing Bowl","floor":33},{"not_picked":["hierophant:Smite","hierophant:Doubloon","hierophant:Endure"],"picked":"Singing Bowl","floor":35},{"not_picked":["hierophant:Encroach","hierophant:OrnateJavelin","hierophant:Purify"],"picked":"Singing Bowl","floor":36},{"not_picked":["hierophant:Chorus","hierophant:AuricBeam","hierophant:Sermon"],"picked":"Singing Bowl","floor":37},{"not_picked":["hierophant:Dazzle","hierophant:SecretStash","hierophant:TollTheBells"],"picked":"Singing Bowl","floor":38},{"not_picked":["hierophant:DisplayOfPower","hierophant:FlamingChariot+1","hierophant:MorningPrayer+1"],"picked":"Singing Bowl","floor":39},{"not_picked":["hierophant:RustyCrate","hierophant:Remorse+1","hierophant:DisplayOfPower"],"picked":"Singing Bowl","floor":40},{"not_picked":["hierophant:Batter","hierophant:ThreeLashes+1","hierophant:PassingBell"],"picked":"Singing Bowl","floor":42},{"not_picked":["hierophant:CoinFling","hierophant:HolyVerse","hierophant:TollTheBells"],"picked":"Singing Bowl","floor":44},{"not_picked":["hierophant:Kindle","hierophant:PassingBell","hierophant:ConvertCurrency"],"picked":"Singing Bowl","floor":46},{"not_picked":["hierophant:Doubloon","hierophant:Flagellation"],"picked":"hierophant:SealAway+1","floor":47},{"not_picked":["hierophant:DisplayOfPower","hierophant:DivineIntervention","hierophant:ThreeLashes"],"picked":"Singing Bowl","floor":48}],"player_experience":1383198,"relics_obtained":[{"floor":7,"key":"Singing Bowl"},{"floor":9,"key":"HornCleat"},{"floor":11,"key":"Orichalcum"},{"floor":28,"key":"Mango"},{"floor":40,"key":"Ancient Tea Set"},{"floor":42,"key":"Incense Burner"},{"floor":43,"key":"StoneCalendar"},{"floor":46,"key":"Juzu Bracelet"}],"event_choices":[{"damage_healed":0,"gold_gain":0,"player_choice":"Success","damage_taken":35,"relics_obtained":["Eternal Feather"],"max_hp_gain":0,"max_hp_loss":0,"event_name":"Scrap Ooze","floor":5,"gold_loss":0},{"damage_healed":0,"gold_gain":30,"player_choice":"Searched \u00271\u0027 times","damage_taken":0,"max_hp_gain":0,"max_hp_loss":0,"event_name":"Dead Adventurer","floor":10,"gold_loss":0},{"damage_healed":0,"gold_gain":0,"player_choice":"Ignored","damage_taken":0,"max_hp_gain":0,"max_hp_loss":0,"event_name":"Vampires","floor":21,"gold_loss":0},{"cards_removed":["hierophant:Defend_Hierophant"],"damage_healed":0,"gold_gain":0,"player_choice":"Gave Gold","damage_taken":0,"max_hp_gain":0,"max_hp_loss":0,"event_name":"Beggar","floor":30,"gold_loss":75}],"is_beta":false,"boss_relics":[{"not_picked":["Velvet Choker","Honey Jar"],"picked":"Sozu"},{"not_picked":["Pandora\u0027s Box","Calling Bell"],"picked":"Replay:Bronze Core"}],"items_purged_floors":[20,31],"is_endless":false,"potions_floor_spawned":[7,11,14,16,18,19,28,35,36,38,39,47],"killed_by":"Time Eater","ascension_level":20}}