{"host":"r3islh0l1a1ykxfu","time":1614378929,"event":{"mods":["BaseMod","Bestiary","Colored Map","Colored Powertips","Highlight Path","Minty Spire (QoL Compilation)","Relic Stats","Slay-I","StSLib","Weighted Paths"],"gold_per_floor":[109,129,141,154,154,154,183,183,183,210,210,229,229,239,239,239,239],"floor_reached":16,"language":"ENG","playtime":1609,"items_purged":[],"score":134,"play_id":"42ad1aab-57e6-4d94-acc2-53fe0aa0f713","local_time":"20210226163529","is_ascension_mode":true,"campfire_choices":[{"data":"Wraith Form v2","floor":6.0,"key":"SMITH"},{"floor":8.0,"key":"REST"},{"floor":11.0,"key":"REST"},{"floor":15,"key":"REST"}],"circlet_count":0,"master_deck":["Strike_G+1","Strike_G","Strike_G","Strike_G","Defend_G","Defend_G","Defend_G","Defend_G","Defend_G","Survivor","Neutralize","Wraith Form v2+1","Backflip","Flying Knee","Dagger Throw+1","Backflip+1","Backflip+1","Dash"],"relics":["Ring of the Snake","Whetstone","Frozen Egg 2","HornCleat","War Paint"],"acts_visited":["Exordium"],"potions_floor_usage":[14],"damage_taken":[{"damage":1.0,"enemies":"2 Louse","floor":1.0,"turns":3.0},{"damage":2.0,"enemies":"Jaw Worm","floor":2.0,"turns":7.0},{"damage":4.0,"enemies":"Cultist","floor":3.0,"turns":5.0},{"damage":2.0,"enemies":"Exordium Thugs","floor":4.0,"turns":6.0},{"damage":43.0,"enemies":"3 Sentries","floor":7.0,"turns":17.0},{"damage":18.0,"enemies":"Gremlin Nob","floor":10.0,"turns":6.0},{"damage":0.0,"enemies":"2 Fungi Beasts","floor":12.0,"turns":4.0},{"damage":2,"enemies":"Looter","floor":14,"turns":4},{"damage":59,"enemies":"Slime Boss","floor":16,"turns":8}],"seed_played":"8936208706590696074","potions_obtained":[{"floor":2.0,"key":"Block Potion"},{"floor":4.0,"key":"Ancient Potion"},{"floor":10.0,"key":"Ancient Potion"},{"floor":12.0,"key":"Strength Potion"}],"is_trial":false,"path_per_floor":["M","M","M","M","?","R","E","R","T","E","R","M","?","M","R","B"],"character_chosen":"THE_SILENT","items_purchased":[],"campfire_rested":3,"item_purchase_floors":[],"current_hp_per_floor":[69,67,63,61,61,61,18,39,39,21,42,42,35,33,54,0,0],"gold":239,"neow_bonus":"TRANSFORM_CARD","is_daily":false,"chose_seed":false,"campfire_upgraded":1,"win_rate":0.0,"timestamp":1614378929,"path_taken":["M","M","M","M","?","R","E","R","T","E","R","M","?","M","R","BOSS"],"items_purchased_type":[],"build_version":"2020-12-22","purchased_purges":0,"victory":false,"max_hp_per_floor":[70,70,70,70,70,70,70,70,70,70,70,70,70,70,70,70,70],"relic_stats":{"counters":[9,60],"Whetstone":["Dagger Throw","Strike_G"],"War Paint":["Backflip","Backflip"],"obtain_stats":[{"HornCleat":10,"Whetstone":7,"Frozen Egg 2":9,"War Paint":13,"Ring of the Snake":0},{"HornCleat":6,"Whetstone":5,"Frozen Egg 2":5,"War Paint":7,"Ring of the Snake":0},{"HornCleat":44,"Whetstone":38,"Frozen Egg 2":38,"War Paint":48,"Ring of the Snake":0}],"Ring of the Snake":[18]},"card_choices":[{"not_picked":["Outmaneuver","Tactician"],"picked":"Backflip","floor":1.0},{"not_picked":["Dodge and Roll","Accuracy"],"picked":"Flying Knee","floor":2.0},{"not_picked":["Riddle With Holes","Bane"],"picked":"Dagger Throw","floor":3.0},{"not_picked":["Slice","Skewer"],"picked":"Backflip","floor":4.0},{"not_picked":["Bane","Deflect"],"picked":"Backflip","floor":7.0},{"not_picked":["Blade Dance","PiercingWail","Acrobatics"],"picked":"SKIP","floor":10.0},{"not_picked":["Poisoned Stab","Deflect","Sucker Punch"],"picked":"SKIP","floor":12.0},{"not_picked":["Calculated Gamble","Dodge and Roll"],"picked":"Dash","floor":14}],"player_experience":1484880,"relics_obtained":[{"floor":7.0,"key":"Whetstone"},{"floor":9.0,"key":"Frozen Egg 2"},{"floor":10.0,"key":"HornCleat"}],"event_choices":[{"damage_healed":0.0,"max_hp_gain":0.0,"max_hp_loss":0.0,"gold_gain":0.0,"event_name":"Golden Idol","player_choice":"Ignored","floor":5.0,"gold_loss":0.0,"damage_taken":0.0},{"damage_healed":0.0,"max_hp_gain":0.0,"max_hp_loss":0.0,"gold_gain":0.0,"event_name":"Scrap Ooze","player_choice":"Success","floor":13.0,"gold_loss":0.0,"damage_taken":7.0,"relics_obtained":["War Paint"]}],"is_beta":false,"boss_relics":[],"items_purged_floors":[],"is_endless":false,"potions_floor_spawned":[2,4,10,12],"killed_by":"Slime Boss","ascension_level":4}}