{"host":"sav7uxregyirlf69","time":1614302316,"event":{"mods":["AchievementEnabler","BaseMod","Colored Map","DeckTracker","Keyboard Shortcuts","Minty Spire (QoL Compilation)","READ ME - Guardian Mod","StSLib","SuperFastMode"],"gold_per_floor":[117,134,134,154,173,207,207,225,225,235,106,106,120,20,20,92,92,109,109,109,126,86,86,86,86],"floor_reached":24,"language":"KOR","playtime":427,"items_purged":["Strike_B","Strike_B"],"score":396,"play_id":"bf694865-fd79-4a33-a260-e6823ec58d6b","local_time":"20210226101836","is_ascension_mode":true,"campfire_choices":[{"data":"Darkness","floor":7,"key":"SMITH"},{"floor":12,"key":"REST"},{"data":"Redo","floor":15,"key":"SMITH"},{"data":"Multi-Cast","floor":23,"key":"SMITH"}],"circlet_count":0,"master_deck":["AscendersBane","Strike_B","Defend_B","Defend_B","Defend_B","Defend_B","Zap","Dualcast","Darkness+1","Redo+1","Consume","Hologram","Reinforced Body","Multi-Cast+1","Undo","Skim"],"relics":["Cracked Core","Oddly Smooth Stone","Regal Pillow","DataDisk","Ancient Tea Set","Nuclear Battery"],"acts_visited":["Exordium","TheCity"],"potions_floor_usage":[16],"damage_taken":[{"damage":2,"enemies":"2 Louse","floor":1,"turns":3},{"damage":0,"enemies":"Cultist","floor":2,"turns":4},{"damage":8,"enemies":"Small Slimes","floor":4,"turns":4},{"damage":9,"enemies":"Blue Slaver","floor":5,"turns":4},{"damage":22,"enemies":"Lagavulin","floor":6,"turns":7},{"damage":5,"enemies":"Gremlin Gang","floor":8,"turns":4},{"damage":5,"enemies":"Looter","floor":10,"turns":3},{"damage":4,"enemies":"2 Fungi Beasts","floor":13,"turns":3},{"damage":26,"enemies":"Hexaghost","floor":16,"turns":7},{"damage":14,"enemies":"Spheric Guardian","floor":18,"turns":5},{"damage":12,"enemies":"2 Thieves","floor":21,"turns":3},{"damage":48,"enemies":"Slavers","floor":24,"turns":3}],"seed_played":"5106449340400331812","potions_obtained":[{"floor":1,"key":"SmokeBomb"},{"floor":2,"key":"SkillPotion"},{"floor":16,"key":"LiquidBronze"}],"is_trial":false,"path_per_floor":["M","M","?","M","M","E","R","M","T","M","$","R","M","$","R","B",null,"M","?","?","M","$","R","E"],"character_chosen":"DEFECT","items_purchased":["AttackPotion","Skim"],"campfire_rested":1,"item_purchase_floors":[11,22],"current_hp_per_floor":[62,62,62,54,45,23,23,18,18,13,13,49,45,45,45,19,58,44,44,44,32,32,32,0,0],"gold":86,"neow_bonus":"RANDOM_COMMON_RELIC","is_daily":false,"chose_seed":false,"campfire_upgraded":3,"win_rate":0.0,"timestamp":1614302316,"path_taken":["M","M","?","M","M","E","R","M","T","M","$","R","M","$","R","BOSS","M","?","?","M","$","R","E"],"items_purchased_type":["Potion","Card"],"build_version":"2020-12-22","purchased_purges":2,"victory":false,"max_hp_per_floor":[71,71,71,71,71,71,71,71,71,71,71,71,71,71,71,71,71,71,71,71,71,71,71,71,71],"card_choices":[{"not_picked":["Melter","Reinforced Body"],"picked":"Darkness","floor":1},{"not_picked":["Static Discharge","Barrage"],"picked":"Redo","floor":2},{"not_picked":["Gash","Leap"],"picked":"Consume","floor":4},{"not_picked":["Fusion","Machine Learning","Hello World"],"picked":"SKIP","floor":5},{"not_picked":["Streamline","Chaos","Cold Snap"],"picked":"SKIP","floor":6},{"not_picked":["Turbo","Stack"],"picked":"Hologram","floor":8},{"not_picked":["Ball Lightning","Melter"],"picked":"Reinforced Body","floor":10},{"not_picked":["Streamline","Rebound","Redo"],"picked":"SKIP","floor":13},{"not_picked":["Electrodynamics","Machine Learning"],"picked":"Multi-Cast","floor":16},{"not_picked":["Melter","Force Field","Streamline"],"picked":"SKIP","floor":18},{"not_picked":["BootSequence","White Noise+1"],"picked":"Undo","floor":21}],"player_experience":1704069,"relics_obtained":[{"floor":6,"key":"DataDisk"},{"floor":9,"key":"Ancient Tea Set"}],"event_choices":[{"damage_healed":0,"gold_gain":0,"player_choice":"Gave Potion","damage_taken":0,"relics_obtained":["Regal Pillow"],"max_hp_gain":0,"max_hp_loss":0,"event_name":"WeMeetAgain","floor":3,"gold_loss":0},{"cards_removed":["Strike_B"],"damage_healed":0,"gold_gain":0,"player_choice":"Elegance","damage_taken":0,"max_hp_gain":0,"max_hp_loss":0,"event_name":"Back to Basics","floor":19,"gold_loss":0},{"damage_healed":0,"gold_gain":0,"player_choice":"Ignored","damage_taken":0,"max_hp_gain":0,"max_hp_loss":0,"event_name":"The Mausoleum","floor":20,"gold_loss":0}],"is_beta":false,"boss_relics":[{"not_picked":["Calling Bell","Fusion Hammer"],"picked":"Nuclear Battery"}],"items_purged_floors":[11,14],"is_endless":false,"potions_floor_spawned":[1,2,16],"killed_by":"Slavers","ascension_level":20}}