{"host":"d76q0rb9a0s9bgr5","time":1614365100,"event":{"mods":["BaseMod","Downfall","Hubris","Minty Spire (QoL Compilation)","StSLib"],"gold_per_floor":[110,124,201,201,301,311,311,345,363,396,15,15,32,17,17,114,114,125,137,152,152,171,188,188,188,215,240,99,99,109,134,134,134,134,134],"floor_reached":33,"language":"ENG","playtime":2622,"items_purged":["sneckomod:Strike","sneckomod:Defend"],"score":297,"play_id":"74cae40f-bde3-4283-813c-cc956b489e0b","local_time":"20210226194500","is_ascension_mode":false,"campfire_choices":[{"data":"sneckomod:UnknownBoss","floor":15,"key":"SMITH"},{"data":"sneckomod:SerpentIdol","floor":29,"key":"SMITH"},{"floor":32,"key":"RECALL"}],"circlet_count":0,"master_deck":["sneckomod:Defend","sneckomod:Defend","sneckomod:TailWhip","sneckomod:SnekBite","sneckomod:Unknown","sneckomod:Unknown","sneckomod:Unknown0Cost+1","bronze:FunctionCard","sneckomod:Transmogrify","sneckomod:DefensiveFlair","sneckomod:Unknown3Cost","sneckomod:UnknownBoss+1","sneckomod:UnknownStrength","sneckomod:UnknownRarePower+1","sneckomod:Unknown3Cost","sneckomod:UnknownBlock","sneckomod:UnknownUncommonAttack+1","sneckomod:UnknownStrength","sneckomod:SerpentIdol+1","sneckomod:UnknownUncommonAttack+1","sneckomod:QuickMove","sneckomod:UnknownDexterity+1","sneckomod:UnknownStrength"],"relics":["Coffee Dripper","Pear","downfall:ShatteredFragment","PreservedInsect","SacredBark","Gremlin Horn","Gambling Chip","hubris:TenFootPole","hubris:DeckOfHolding","Potion Belt"],"acts_visited":["Exordium","TheCity"],"potions_floor_usage":[8,20,28,31,33],"damage_taken":[{"damage":0,"enemies":"Cultist","floor":1,"turns":2},{"damage":5,"enemies":"Jaw Worm","floor":2,"turns":5},{"damage":48,"enemies":"downfall:Heads","floor":5,"turns":8},{"damage":2,"enemies":"2 Louse","floor":6,"turns":2},{"damage":12,"enemies":"Gremlin Nob","floor":8,"turns":4},{"damage":0,"enemies":"Blue Slaver","floor":9,"turns":3},{"damage":1,"enemies":"3 Sentries","floor":10,"turns":8},{"damage":0,"enemies":"downfall:FleeingMerchant","floor":11,"turns":4},{"damage":0,"enemies":"downfall:LooterAlt","floor":13,"turns":2},{"damage":0,"enemies":"downfall:FleeingMerchant","floor":14,"turns":4},{"damage":14,"enemies":"DF_ARCHETYPE_STREAMLINE","floor":16,"turns":7},{"damage":1,"enemies":"Spheric Guardian","floor":18,"turns":4},{"damage":0,"enemies":"Chosen","floor":19,"turns":6},{"damage":17,"enemies":"Centurion and Healer","floor":20,"turns":5},{"damage":0,"enemies":"Sentry and Sphere","floor":22,"turns":3},{"damage":4,"enemies":"3 Cultists","floor":23,"turns":4},{"damage":10,"enemies":"Gremlin Leader","floor":27,"turns":5},{"damage":10,"enemies":"downfall:FleeingMerchant","floor":28,"turns":4},{"damage":5,"enemies":"Centurion and Healer","floor":30,"turns":4},{"damage":6,"enemies":"Slavers","floor":31,"turns":4},{"damage":62,"enemies":"WA_ARCHETYPE_CALM","floor":33,"turns":8}],"seed_played":"-5029850731717850749","potions_obtained":[{"floor":6,"key":"Guardian:BlockOnCardUsePotion"},{"floor":8,"key":"Strength Potion"},{"floor":10,"key":"Dexterity Potion"},{"floor":19,"key":"AttackPotion"},{"floor":20,"key":"sneckomod:MuddlingPotion"},{"floor":31,"key":"BlessingOfTheForge"}],"is_trial":false,"path_per_floor":["M","M","T","?","?","M","T","E","M","E","$","?","M","$","R","B",null,"M","M","M","?","M","M","T","?","T","E","$","R","M","E","R","B"],"character_chosen":"THE_SNECKO","items_purchased":["sneckomod:UnknownBoss","PreservedInsect","sneckomod:QuickMove"],"campfire_rested":0,"item_purchase_floors":[11,11,28],"current_hp_per_floor":[90,85,95,74,26,24,24,19,19,18,18,18,30,42,42,28,100,99,99,82,82,82,78,78,78,78,68,58,58,53,47,47,0,0,0],"gold":134,"neow_bonus":"BOSS_RELIC","is_daily":false,"chose_seed":false,"campfire_upgraded":2,"win_rate":0.0,"timestamp":1614365100,"path_taken":["M","M","?","?","?","M","T","E","M","E","$","?","M","?","R","BOSS","M","M","M","?","?","M","T","?","?","E","$","R","M","E","R","BOSS"],"items_purchased_type":["Card","Relic","Card"],"build_version":"2020-12-22","purchased_purges":2,"victory":false,"max_hp_per_floor":[90,90,100,100,100,100,100,100,100,100,100,100,100,100,100,100,100,100,100,100,100,100,100,100,100,100,100,100,100,100,100,100,100,100,100],"card_choices":[{"not_picked":["sneckomod:Nope","sneckomod:WideSting"],"picked":"sneckomod:Unknown0Cost","floor":1},{"not_picked":["sneckomod:UnknownX","sneckomod:UnknownCommonSkill","sneckomod:DiceCrush"],"picked":"SKIP","floor":2},{"not_picked":["sneckomod:IronFang","sneckomod:Unknown1Cost"],"picked":"sneckomod:DefensiveFlair","floor":6},{"not_picked":["sneckomod:MixItUp","sneckomod:Rotation"],"picked":"sneckomod:Unknown3Cost","floor":8},{"not_picked":["sneckomod:WideSting","sneckomod:DiceCrush","sneckomod:UnknownUncommonAttack"],"picked":"SKIP","floor":9},{"not_picked":["sneckomod:MasterEye","sneckomod:SoulCleanse","sneckomod:RainOfDice"],"picked":"SKIP","floor":10},{"not_picked":["sneckomod:Unknown1Cost","sneckomod:UnknownUncommonAttack","sneckomod:SerpentIdol"],"picked":"SKIP","floor":11},{"not_picked":["sneckomod:DefensiveFlair","sneckomod:QuickMove"],"picked":"sneckomod:UnknownStrength","floor":13},{"not_picked":["sneckomod:SoulRoll","sneckomod:SoulDraw"],"picked":"sneckomod:UnknownRarePower","floor":14},{"not_picked":["sneckomod:UnknownRareAttack","sneckomod:DangerNoodle"],"picked":"sneckomod:Unknown3Cost","floor":16},{"not_picked":["sneckomod:Unknown1Cost","sneckomod:Rotation"],"picked":"sneckomod:UnknownBlock","floor":18},{"not_picked":["sneckomod:UnknownClassTHE_BRONZE_AUTOMATON","sneckomod:SoulRoll"],"picked":"sneckomod:UnknownUncommonAttack+1","floor":19},{"not_picked":["sneckomod:Nope","sneckomod:UnknownDraw"],"picked":"sneckomod:UnknownStrength","floor":20},{"not_picked":["sneckomod:UnknownVulnerable+1","sneckomod:ImprovisedAttack"],"picked":"sneckomod:SerpentIdol","floor":22},{"not_picked":["sneckomod:SerpentMind","sneckomod:TrashToTreasure","sneckomod:RainOfDice"],"picked":"SKIP","floor":23},{"not_picked":["sneckomod:UnknownRareAttack","sneckomod:UnknownCommonAttack","sneckomod:Nope+1"],"picked":"SKIP","floor":27},{"not_picked":["sneckomod:UnknownCommonSkill","sneckomod:Unknown1Cost"],"picked":"sneckomod:UnknownUncommonAttack+1","floor":28},{"not_picked":["sneckomod:UnknownDraw","sneckomod:Unknown1Cost"],"picked":"sneckomod:UnknownDexterity+1","floor":30},{"not_picked":["sneckomod:MixItUp","sneckomod:UnknownRareSkill"],"picked":"sneckomod:UnknownStrength","floor":31}],"player_experience":174906,"relics_obtained":[{"floor":3,"key":"Pear"},{"floor":7,"key":"hubris:TinFlute"},{"floor":8,"key":"CaptainsWheel"},{"floor":8,"key":"hubris:TinFlute"},{"floor":9,"key":"hubris:TinFlute"},{"floor":10,"key":"Meat on the Bone"},{"floor":10,"key":"Bag of Marbles"},{"floor":11,"key":"Meat on the Bone"},{"floor":16,"key":"Meat on the Bone"},{"floor":18,"key":"sneckomod:ConfusingCodex"},{"floor":19,"key":"Gremlin Horn"},{"floor":20,"key":"Oddly Smooth Stone"},{"floor":22,"key":"Gambling Chip"},{"floor":24,"key":"hubris:DeckOfHolding"},{"floor":27,"key":"hubris:TenFootPole"},{"floor":28,"key":"hubris:TenFootPole"},{"floor":31,"key":"hubris:DeckOfHolding"},{"floor":31,"key":"Potion Belt"}],"event_choices":[],"is_beta":false,"boss_relics":[{"not_picked":["Runic Dome","bronze:MakeshiftBattery"],"picked":"SacredBark"}],"items_purged_floors":[11,28],"is_endless":false,"potions_floor_spawned":[6,8,10,19,20,31],"killed_by":"WA_ARCHETYPE_CALM","ascension_level":0}}