{"host":"gm50ke85n5jz306u","time":1614341059,"event":{"mods":["AchievementEnabler","AlwaysNeverKeys","Aspiration","BaseMod","Beaked The Cultist","Bestiary","Better Altar","Better Match","Better Note","Better Sensory Stone","Better Skull","Better Third Choice","Better Vampires","Better-Laid Plans","BetterRewards","Colored Powertips","Curses Come First","DNKmod","Defuse TimeMaze Blight","Disable Question Mark Monsters","Displayed Cursed Tome","Downfall","Emptier Cage","Extra Virgin Snecko Oil","Filter the Spire","Friendly Minions","Gremlin Skip","Hermit","Hubris","Hyrulean Relics","Ironclad Rager","Koishi","Lobotomy","Marisa????????","Marked Mod","Minty Spire (QoL Compilation)","Permanent Neow","Poor People Problems","Quick Restart","Reimu??????","Relic Filter Mod","Relic Sorter","Remove Card Discount Mod","Reorder Act Four","Replay The Spire","Shop Mod","StSLib","Synergy Search","Td1madao Mod","The Administrix","The Animator","The Blue Laboratory","The Bug Knight","The Construct","The Cursed","The Disciple","The Hierophant","The Necromancer","The Runesmith","The Senshi","The Servant 0.9.4","Thieving Mod","Transform Curses","WarShipGirlsR/????R mod"],"gold_per_floor":[10016,10032,8842,8842,8842,8852,8868,8897,8897,8908,8990,8990,9003,9017,8339,8353,8353,8450,8450,8450,8390,8390,7879,7879,7879,7879,7879,7879,7879,7879,7879,7879,7164,7164,7164,7164,7164,7164,7164,6705,6705,6392,6392,6392,6392,6392,6392,6392,6392,6392,6392,6392,6392,6392],"floor_reached":55,"language":"ENG","playtime":4662,"items_purged":["Strike_G","Defend_G","Strike_G","Reflex","Survivor","Strike_G","Strike_G","Strike_G","Dagger Throw","Quick Slash","Defend_G","Hidden Blade","Hidden Blade","Defend_G","Defend_G","Defend_G","Blade Dance","Deflect","Neutralize","Backflip+1","Tools of the Trade"],"score":1156,"play_id":"34c3a984-e810-4c8c-b05b-972805a16418","local_time":"20210226130419","is_ascension_mode":true,"campfire_choices":[{"data":"Footwork","floor":9.0,"key":"SMITH"},{"data":"Infinite Blades","floor":12.0,"key":"SMITH"},{"data":"Madness","floor":25,"key":"SMITH"},{"data":"Footwork","floor":27,"key":"SMITH"},{"data":"Burst","floor":32,"key":"SMITH"},{"data":"Escape Plan","floor":36,"key":"SMITH"},{"data":"Blade Dance","floor":44,"key":"SMITH"},{"floor":50,"key":"REST"},{"floor":53,"key":"DIG"}],"circlet_count":0,"master_deck":["Escape Plan+1","Footwork+1","Madness+1","Burst+1","Infinite Blades+1","Accuracy+1","Adrenaline+1","Footwork+1","Terror+1","Adrenaline+1","Finisher+1","Blade Dance+1","Madness+1"],"relics":["Ring of the Snake","ReplayTheSpireMod:Ninjato","Ornamental Fan","aspiration:Lifesprig","Nunchaku","Happy Flower","Mercury Hourglass","hubris:MedicalManual","Replay:Rubber Ducky","Replay:WaspNest","Vampiric Spirits","Akabeko","Anchor","MerchantsRug","CatCart","Counterbalance","Chemical X","Ectoplasm","Sozu","Byrd Skull","Garlic","Sling","Paper Crane","Replay:Bottled Steam","Black Star","Cauldron","Eternal Feather","Guide Book","aspiration:IroncladSkillbook","DollysMirror","Omamori","Whetstone","Blood Vial"],"acts_visited":["Exordium","TheCity","TheBeyond"],"potions_floor_usage":[51],"damage_taken":[{"damage":0.0,"enemies":"Cultist","floor":1.0,"turns":4.0},{"damage":2.0,"enemies":"2 Louse","floor":2.0,"turns":4.0},{"damage":0.0,"enemies":"Small Slimes","floor":6.0,"turns":4.0},{"damage":5.0,"enemies":"Exordium Thugs","floor":7.0,"turns":6.0},{"damage":3.0,"enemies":"HollowMod:MossKnight","floor":8.0,"turns":12.0},{"damage":0.0,"enemies":"2 Fungi Beasts","floor":10.0,"turns":3.0},{"damage":0.0,"enemies":"Large Slime","floor":13.0,"turns":6.0},{"damage":0.0,"enemies":"Exordium Thugs","floor":14.0,"turns":5.0},{"damage":0.0,"enemies":"Exordium Wildlife","floor":16.0,"turns":4.0},{"damage":0.0,"enemies":"Slime Boss","floor":18.0,"turns":5.0},{"damage":0.0,"enemies":"Spheric Guardian","floor":20.0,"turns":3.0},{"damage":0.0,"enemies":"2 Thieves","floor":21.0,"turns":3.0},{"damage":0,"enemies":"Cultist and Chosen","floor":22,"turns":3},{"damage":0,"enemies":"Shelled Parasite and Fungi","floor":24,"turns":2},{"damage":0,"enemies":"Slavers","floor":26,"turns":3},{"damage":0,"enemies":"Centurion and Healer","floor":31,"turns":3},{"damage":0,"enemies":"3 Cultists","floor":35,"turns":1},{"damage":0,"enemies":"Collector","floor":37,"turns":1},{"damage":0,"enemies":"3 Darklings","floor":39,"turns":2},{"damage":0,"enemies":"3 Shapes","floor":41,"turns":1},{"damage":0,"enemies":"Orin","floor":43,"turns":2},{"damage":0,"enemies":"Spire Growth","floor":45,"turns":1},{"damage":0,"enemies":"Transient","floor":46,"turns":1},{"damage":0,"enemies":"HollowMod:StalkingDevout","floor":48,"turns":1},{"damage":0,"enemies":"Maw","floor":49,"turns":1},{"damage":0,"enemies":"R_Hoarder","floor":51,"turns":4},{"damage":0,"enemies":"Sphere and 2 Shapes","floor":52,"turns":1},{"damage":0,"enemies":"Donu and Deca","floor":54,"turns":1}],"seed_played":"2806421489417374149","potions_obtained":[{"floor":6.0,"key":"Guardian:BlockOnCardUsePotion"},{"floor":7.0,"key":"blueLaboratory:AbyssPotion"},{"floor":13.0,"key":"Poison Potion"}],"is_trial":false,"path_per_floor":["M","M","$","PTL","PTL","M","M","E","R","M","T","R","M","M","$","M","R","B",null,"M","M","M","$","M","R","E","R","PTL","PTL","T","M","R","$","?","M","R","B",null,"M","$","M","$","?","R","M","M","T","E","M","R","E","M","R","B",null],"character_chosen":"THE_SILENT","items_purchased":["Byrd Skull","Garlic","Sling","Reflex","Footwork","Madness","Fire Potion","blueLaboratory:EnvenomedCoating","MerchantsRug","Accuracy","Backflip+1","Paper Crane","Slimebound:ThreeZeroPotion","Replay:Bottled Steam","Adrenaline","Deflect","Nunchaku","Cauldron","Blade Dance","ReplayTheSpireMod:Ninjato","Eternal Feather","Guide Book","DollysMirror","aspiration:Lifesprig","Omamori","Happy Flower","Chemical X"],"campfire_rested":1,"item_purchase_floors":[3,3,3,3,3,3,3,3,3,15,15,15,15,15,23,23,23,23,33,33,33,33,40,40,40,42,42],"current_hp_per_floor":[70,68,68,68,68,68,63,60,60,60,60,60,60,60,60,60,70,70,70,70,70,70,70,70,70,70,70,70,70,70,70,70,70,70,70,70,70,70,70,70,70,70,70,70,70,70,70,70,70,70,70,70,70,70],"gold":6392,"neow_bonus":"RANDOM_COMMON_RELIC","is_daily":false,"chose_seed":false,"campfire_upgraded":7,"win_rate":0.0,"timestamp":1614341059,"path_taken":["M","M","$","PTL","PTL","M","?","E","R","M","T","R","M","M","$","M","R","BOSS","M","M","M","$","M","R","E","R","PTL","PTL","T","M","R","$","?","M","R","BOSS","M","$","M","$","?","R","M","M","T","E","M","R","E","M","R","BOSS"],"items_purchased_type":["Relic","Relic","Relic","Card","Card","Card","Potion","Potion","Relic","Card","Card","Relic","Potion","Relic","Card","Card","Relic","Relic","Card","Relic","Relic","Relic","Relic","Relic","Relic","Relic","Relic"],"build_version":"2020-12-22","purchased_purges":21,"victory":true,"max_hp_per_floor":[70,70,70,70,70,70,70,70,70,70,70,70,70,70,70,70,70,70,70,70,70,70,70,70,70,70,70,70,70,70,70,70,70,70,70,70,70,70,70,70,70,70,70,70,70,70,70,70,70,70,70,70,70,70],"card_choices":[{"not_picked":["Bane","Crippling Poison"],"picked":"Escape Plan","floor":1.0},{"not_picked":["Backflip","Prepared"],"picked":"Hidden Blade","floor":2.0},{"not_picked":["Dagger Spray","Backflip"],"picked":"Hidden Blade","floor":6.0},{"not_picked":["Crippling Poison","Flying Knee"],"picked":"Dagger Throw","floor":7.0},{"not_picked":["Backflip","hubris:SlightOfHand"],"picked":"Burst","floor":8.0},{"not_picked":["Skewer","Sneak Up"],"picked":"Infinite Blades","floor":10.0},{"not_picked":["Underhanded Strike","Flechettes","Flying Knee"],"picked":"SKIP","floor":13.0},{"not_picked":["Endless Agony","Crippling Poison"],"picked":"Blade Dance","floor":14.0},{"not_picked":["hubris:SlightOfHand","Dagger Spray","PiercingWail"],"picked":"SKIP","floor":16.0},{"not_picked":["Malaise","Glass Knife"],"picked":"Adrenaline","floor":18.0},{"not_picked":["Dagger Throw","Replay:Poison Smokescreen+1"],"picked":"Footwork","floor":20.0},{"not_picked":["ReplayTheSpireMod:Tripwire","Dagger Throw"],"picked":"Quick Slash","floor":21.0},{"not_picked":["Flying Knee","Bouncing Flask"],"picked":"Terror+1","floor":22},{"not_picked":["Draining Mist","Sucker Punch"],"picked":"Finisher+1","floor":24},{"not_picked":["Quick Slash","PiercingWail+1","Acrobatics"],"picked":"SKIP","floor":26},{"not_picked":["Blur","Dagger Spray","hubris:SlightOfHand"],"picked":"SKIP","floor":31},{"not_picked":["Eviscerate+1","Dagger Spray","Deadly Poison"],"picked":"SKIP","floor":35},{"not_picked":["Malaise","Poison Darts"],"picked":"Tools of the Trade","floor":37},{"not_picked":["PiercingWail+1","Underhanded Strike+1","Quick Slash+1","Replay:Poison Smokescreen"],"picked":"SKIP","floor":39},{"not_picked":["Acrobatics","Backflip","PiercingWail","Deadly Poison+1"],"picked":"SKIP","floor":41},{"not_picked":["Deadly Poison","Sneak Up","Prepared","Sucker Punch"],"picked":"SKIP","floor":45},{"not_picked":["Terror","Infinite Blades","hubris:Sniper+1","Catalyst+1"],"picked":"SKIP","floor":46},{"not_picked":["Endless Agony+1","Underhanded Strike","Dagger Throw+1","Backflip+1"],"picked":"SKIP","floor":48},{"not_picked":["Calculated Gamble","PiercingWail","Slice+1","Sucker Punch+1"],"picked":"SKIP","floor":49},{"not_picked":["Poisoned Stab","Expertise","Catalyst+1","Hidden Blade"],"picked":"SKIP","floor":51},{"not_picked":["Slice","Dagger Spray+1","Noxious Fumes+1","Sneak Up+1"],"picked":"SKIP","floor":52}],"player_experience":503435,"relics_obtained":[{"floor":8.0,"key":"Mercury Hourglass"},{"floor":11.0,"key":"Replay:WaspNest"},{"floor":26,"key":"Replay:Rubber Ducky"},{"floor":26,"key":"Vampiric Spirits"},{"floor":30,"key":"ReplayTheSpireMod:TigerMarble"},{"floor":43,"key":"CatCart"},{"floor":47,"key":"Counterbalance"},{"floor":48,"key":"Whetstone"},{"floor":48,"key":"hubris:MedicalManual"},{"floor":51,"key":"Blood Vial"},{"floor":51,"key":"Akabeko"}],"event_choices":[{"damage_healed":0,"gold_gain":0,"player_choice":"Gave Potion","damage_taken":0,"relics_obtained":["Ornamental Fan"],"max_hp_gain":0,"max_hp_loss":0,"event_name":"WeMeetAgain","floor":34,"gold_loss":0},{"damage_healed":0,"gold_gain":0,"player_choice":"Fight","damage_taken":0,"max_hp_gain":0,"max_hp_loss":0,"event_name":"OrinTheCat","floor":43,"gold_loss":0}],"is_beta":false,"boss_relics":[{"not_picked":["Coffee Dripper","aspiration:SecretTechniqueScroll"],"picked":"Replay:Grab Bag"},{"not_picked":["Abe\u0027s Treasure","aspiration:RandomNobGenerator"],"picked":"Sozu"},{"not_picked":["hubris:RunicObelisk","hubris:VirtuousBlindfold"],"picked":"Ectoplasm"},{"not_picked":["aspiration:RunicSpoon","beaked:SacredDeck"],"picked":"Black Star"},{"not_picked":["Replay:Drink Me","Kintsugi"],"picked":"aspiration:IroncladSkillbook"}],"items_purged_floors":[3,3,15,15,15,23,23,23,23,23,23,33,33,33,40,40,40,40,42,42,42],"is_endless":false,"potions_floor_spawned":[6,7,13,16,21,22,31,43,45,46,48,51],"ascension_level":2}}