{"host":"121m0oxswv9tg9hk","time":1614360680,"event":{"mods":["BaseMod","Better Altar","Better Third Choice","Hermit","Hubris","Ironclad Rager","Minty Spire (QoL Compilation)","Replay The Spire","Shade Mod","StSLib","The Construct","The Mystic"],"gold_per_floor":[109,126,1,15,15,15,49,49,74,85,148,175,23,50,50,155,155,175,175,50,50,50,78,78,112,112,143,153,153,153,167,167,266,266,285,300,312,327,76,103,103,133,188,199,199,199,218,249,249,249,249,249,57,85,85,85],"floor_reached":55,"language":"ENG","playtime":6574,"items_purged":["Shade:Strike_Shade","Shade:Strike_Shade","Shade:Defend_Shade","Shade:Defend_Shade"],"score":1453,"play_id":"4b44dd5a-6ced-4b28-bb76-4f736123fcb9","local_time":"20210226183120","is_ascension_mode":true,"campfire_choices":[{"data":"Shade:CarefulCut","floor":6,"key":"SMITH"},{"data":"Shade:Bite_Shade","floor":8,"key":"SMITH"},{"data":"Shade:Brains","floor":24,"key":"SMITH"},{"floor":30,"key":"REST"},{"floor":41,"key":"RECALL"},{"data":"Shade:Patience","floor":45,"key":"SMITH"},{"floor":49,"key":"REST"},{"data":"Shade:LichForm","floor":52,"key":"SMITH"}],"circlet_count":0,"master_deck":["AscendersBane","Shade:Strike_Shade","Shade:Defend_Shade","Shade:Defend_Shade","Shade:AnimateDead+1","Shade:CarefulCut+1","Shade:Bite_Shade+1","Shade:SkeletonHug","Shade:FleshLikeOak","Shade:FleshToFlesh","Shade:ClawBack+1","Shade:Patience+1","Shade:Carnophage+1","Shade:FleshLikeOak","Shade:FleshOffering","Shade:LichForm+1","AbeCurse","Shade:Haruspicy","ReplayTheSpireMod:Splinters","Shade:Brains+1","Shade:Premonition","Shade:LastGasp+1","Shade:DarkOfNight","Shade:GoDigging","Shade:Premonition","Shade:Brains+1","Shade:AblativeArmor","Shade:Bite_Shade+1","Shade:GreyBargain","Shade:ClawBack","Shade:SoulPierce"],"relics":["Shade:YorickSkull","Art of War","hubris:Zylophone","PreservedInsect","Dream Catcher","Gremlin Horn","Boot","Abe\u0027s Treasure","Chameleon Ring","Iron Hammer","hubris:ToyBattleship","Ornamental Fan","Omamori","hubris:RunicObelisk","Strawberry","hubris:AstralHammer","hubris:BundleOfHerbs","Whetstone"],"acts_visited":["Exordium","TheCity","TheBeyond","TheEnding"],"potions_floor_usage":[7,12,12,18,23,29,47,55],"damage_taken":[{"damage":0,"enemies":"Small Slimes","floor":1,"turns":4},{"damage":7,"enemies":"Jaw Worm","floor":2,"turns":4},{"damage":3,"enemies":"Cultist","floor":4,"turns":4},{"damage":15,"enemies":"Lagavulin","floor":7,"turns":6},{"damage":0,"enemies":"Lots of Slimes","floor":10,"turns":4},{"damage":4,"enemies":"Lagavulin Event","floor":11,"turns":5},{"damage":0,"enemies":"Gremlin Nob","floor":12,"turns":2},{"damage":0,"enemies":"Replay:BlueRogue","floor":14,"turns":4},{"damage":14,"enemies":"The Guardian","floor":16,"turns":14},{"damage":0,"enemies":"3 Byrds","floor":18,"turns":3},{"damage":2,"enemies":"Gremlin Leader","floor":23,"turns":5},{"damage":5,"enemies":"Slavers","floor":25,"turns":8},{"damage":32,"enemies":"Book of Stabbing","floor":27,"turns":10},{"damage":2,"enemies":"Spheric Guardian","floor":28,"turns":4},{"damage":0,"enemies":"Snake Plant","floor":29,"turns":1},{"damage":2,"enemies":"Snecko","floor":31,"turns":5},{"damage":16,"enemies":"Champ","floor":33,"turns":9},{"damage":1,"enemies":"3 Shapes","floor":35,"turns":4},{"damage":0,"enemies":"3 Darklings","floor":36,"turns":7},{"damage":1,"enemies":"Jaw Worm Horde","floor":37,"turns":5},{"damage":0,"enemies":"Maw","floor":38,"turns":9},{"damage":11,"enemies":"Reptomancer","floor":40,"turns":7},{"damage":0,"enemies":"Giant Head","floor":42,"turns":9},{"damage":8,"enemies":"Sphere and 2 Shapes","floor":44,"turns":4},{"damage":12,"enemies":"Transient","floor":47,"turns":5},{"damage":49,"enemies":"Reptomancer","floor":48,"turns":9},{"damage":0,"enemies":"hubris:GrandSnecko","floor":50,"turns":14},{"damage":33,"enemies":"Shield and Spear","floor":54,"turns":8},{"damage":53,"enemies":"The Heart","floor":55,"turns":2}],"seed_played":"4314591386472187780","potions_obtained":[{"floor":2,"key":"AttackPotion"},{"floor":10,"key":"SteroidPotion"},{"floor":12,"key":"SmokeBomb"},{"floor":16,"key":"EssenceOfSteel"},{"floor":18,"key":"BlessingOfTheForge"},{"floor":25,"key":"Elixir"},{"floor":28,"key":"Venom Potion"},{"floor":33,"key":"Cursed Concoction"},{"floor":35,"key":"DuplicationPotion"},{"floor":42,"key":"Flashbang"},{"floor":47,"key":"BlessingOfTheForge"}],"is_trial":false,"path_per_floor":["M","M","$","M","?","R","E","R","T","M","?","E","$","E","R","B",null,"M","?","$","?","?","E","R","E","T","E","M","M","R","M","R","B",null,"M","M","M","M","$","E","R","E","T","M","R","?","M","E","R","B",null,"R","$","E","B"],"character_chosen":"SHADE","items_purchased":["Block Potion","Shade:Carnophage+1","Shade:AblativeArmor","Shade:Bite_Shade","Doom Potion","SmokeBomb"],"campfire_rested":2,"item_purchase_floors":[3,13,39,39,53,53],"current_hp_per_floor":[59,54,54,55,55,55,48,48,48,54,53,56,56,59,59,54,62,62,62,62,62,62,65,65,63,63,33,31,31,50,51,51,44,60,62,65,65,65,65,68,68,72,72,69,69,69,60,16,37,37,63,63,63,38,0,0],"gold":85,"neow_bonus":"RANDOM_COMMON_RELIC","is_daily":false,"chose_seed":false,"campfire_upgraded":5,"win_rate":0.0,"timestamp":1614360680,"path_taken":["M","M","$","M","?","R","E","R","T","M","?","E","$","E","R","BOSS","M","?","$","?","?","E","R","E","T","E","?","M","R","M","R","BOSS","M","M","M","M","$","E","R","E","T","?","R","?","M","E","R","BOSS","R","$","E","BOSS"],"items_purchased_type":["Potion","Card","Card","Card","Potion","Potion"],"build_version":"2020-12-22","purchased_purges":4,"victory":false,"max_hp_per_floor":[65,65,65,65,65,65,65,65,65,65,65,65,65,65,65,65,65,65,65,65,65,65,65,65,65,65,65,65,65,65,65,65,65,65,65,65,65,65,65,72,72,72,72,72,72,72,72,72,72,72,72,72,72,72,72,72],"card_choices":[{"not_picked":["Shade:Brains","Shade:RavenousHorde"],"picked":"Shade:Bite_Shade","floor":1},{"not_picked":["Shade:FleshToFlesh","Shade:WallOfFlesh"],"picked":"Shade:SkeletonHug","floor":2},{"not_picked":["Shade:FuneraryArmor","Shade:GreyBargain"],"picked":"Shade:FleshLikeOak","floor":4},{"not_picked":["Shade:FleshOffering","Shade:SoulToxin"],"picked":"Shade:FleshToFlesh","floor":7},{"not_picked":["Shade:Doomsay","Shade:Brains"],"picked":"Shade:ClawBack","floor":10},{"not_picked":["Shade:GoDigging","Shade:WallOfFlesh"],"picked":"Shade:Patience","floor":11},{"not_picked":["Shade:RitualOffering","Shade:SkeletonHug","Shade:SensePrey"],"picked":"SKIP","floor":12},{"not_picked":["Shade:OfferingToTheBeyond","Shade:Carnophage"],"picked":"Shade:FleshLikeOak","floor":14},{"not_picked":["Shade:GreaterAnimation","Shade:Coordination"],"picked":"Shade:LichForm","floor":16},{"not_picked":["Shade:Bonestorm","Shade:CommandSoldier"],"picked":"Shade:Haruspicy","floor":18},{"not_picked":["Shade:SkeletonHug","Shade:GreyBargain"],"picked":"Shade:Brains","floor":23},{"not_picked":["Shade:FuneraryJewels","Shade:RitualOffering","Shade:PressTheAttack"],"picked":"SKIP","floor":25},{"not_picked":["Shade:Bonestorm","Shade:DangerousRitual","Shade:ExtraLimbs"],"picked":"SKIP","floor":27},{"not_picked":["Shade:RavenousHorde","Shade:WallOfFlesh","Shade:FuneraryArmor"],"picked":"SKIP","floor":28},{"not_picked":["Shade:SoulToxin","Shade:FingerOfDeath"],"picked":"Shade:Premonition","floor":30},{"not_picked":["Shade:Brains","Shade:DangerousRitual"],"picked":"Shade:LastGasp","floor":31},{"not_picked":["Shade:LastGasp","Shade:SelfBurial"],"picked":"Shade:DarkOfNight","floor":33},{"not_picked":["Shade:GreyBargain+1","Shade:BoneShards"],"picked":"Shade:GoDigging","floor":35},{"not_picked":["Shade:Bonestorm+1","Shade:PressTheAttack"],"picked":"Shade:Premonition","floor":36},{"not_picked":["Shade:CoffinDance","Shade:SkeletonArmy+1","Shade:Trample+1"],"picked":"SKIP","floor":37},{"not_picked":["Shade:PressTheAttack","Shade:FuneraryJewels"],"picked":"Shade:Brains+1","floor":38},{"not_picked":["Shade:SpontaneousRitual","Shade:WallOfFlesh","Shade:OneIsEnough"],"picked":"SKIP","floor":40},{"not_picked":["Shade:PressTheAttack+1","Shade:Doomsay"],"picked":"Shade:GreyBargain","floor":42},{"not_picked":["Shade:CallOfTheGrave+1","Shade:SpectralStrikes"],"picked":"Shade:ClawBack","floor":44},{"not_picked":["Shade:FleshToFlesh","Shade:FeralStrike+1","Shade:Trample"],"picked":"SKIP","floor":47},{"not_picked":["Shade:Doomsay+1","Shade:BoneShards","Shade:CoffinDance"],"picked":"SKIP","floor":48},{"not_picked":["Shade:Trample+1","Shade:GraveStillness"],"picked":"Shade:SoulPierce","floor":54}],"player_experience":2593708,"relics_obtained":[{"floor":7,"key":"hubris:Zylophone"},{"floor":9,"key":"PreservedInsect"},{"floor":11,"key":"Dream Catcher"},{"floor":12,"key":"Gremlin Horn"},{"floor":14,"key":"Boot"},{"floor":23,"key":"Iron Hammer"},{"floor":25,"key":"hubris:ToyBattleship"},{"floor":26,"key":"Ornamental Fan"},{"floor":27,"key":"Omamori"},{"floor":40,"key":"Strawberry"},{"floor":42,"key":"hubris:AstralHammer"},{"floor":48,"key":"hubris:BundleOfHerbs"},{"floor":54,"key":"Whetstone"}],"event_choices":[{"damage_healed":0,"gold_gain":0,"player_choice":"Grow","damage_taken":0,"max_hp_gain":0,"max_hp_loss":0,"event_name":"Living Wall","floor":5,"gold_loss":0,"cards_upgraded":["Shade:AnimateDead"]},{"damage_healed":0,"gold_gain":0,"player_choice":"Searched \u00272\u0027 times","damage_taken":0,"max_hp_gain":0,"max_hp_loss":0,"event_name":"Dead Adventurer","floor":11,"gold_loss":0},{"damage_healed":0,"gold_gain":0,"player_choice":"Ignored","damage_taken":0,"max_hp_gain":0,"max_hp_loss":0,"event_name":"Ghosts","floor":19,"gold_loss":0},{"damage_healed":0,"gold_gain":0,"player_choice":"Ignored","damage_taken":0,"max_hp_gain":0,"max_hp_loss":0,"event_name":"Tomb of Lord Red Mask","floor":46,"gold_loss":0}],"is_beta":false,"boss_relics":[{"not_picked":["Sozu","Ring of Chaos"],"picked":"Abe\u0027s Treasure"},{"not_picked":["Coffee Dripper","ChewingGum"],"picked":"hubris:RunicObelisk"}],"items_purged_floors":[3,13,20,39],"is_endless":false,"potions_floor_spawned":[2,10,12,16,18,25,28,29,33,35,36,42,44,47],"killed_by":"The Heart","ascension_level":12}}