{"host":"xg4r5pv6chpuampg","time":1614372587,"event":{"mods":["AchievementEnabler","BaseMod","Googly Eyes","Minty Spire (QoL Compilation)"],"gold_per_floor":[117,67,67,85,99,124,139,157,231,250,261,274,274,24,24,129,129,139,139,103,120,132,132,146,163,163,163,163,163,163],"floor_reached":29,"language":"ENG","playtime":1128,"items_purged":[],"score":254,"play_id":"30c0133c-7dcc-4610-af49-94082bbdd5b2","local_time":"20210226234947","is_ascension_mode":true,"campfire_choices":[{"floor":13,"key":"REST"},{"data":"BowlingBash","floor":15,"key":"SMITH"},{"floor":23,"key":"REST"},{"floor":28,"key":"REST"}],"circlet_count":0,"master_deck":["Strike_P","Strike_P","Strike_P","Strike_P","Defend_P","Defend_P","Defend_P","Eruption","Vigilance","BowlingBash+1","EmptyFist","CrushJoints","DeceiveReality","Collect","FollowUp","WaveOfTheHand","Omniscience","ConjureBlade","BowlingBash","Wallop","BattleHymn","EmptyFist","SashWhip+1"],"relics":["PureWater","NeowsBlessing","FaceOfCleric","Pen Nib","Mercury Hourglass","TeardropLocket","Runic Pyramid","TungstenRod"],"acts_visited":["Exordium","TheCity"],"potions_floor_usage":[24,29],"damage_taken":[{"damage":0,"enemies":"Cultist","floor":1,"turns":1},{"damage":0,"enemies":"2 Louse","floor":4,"turns":1},{"damage":0,"enemies":"Jaw Worm","floor":5,"turns":1},{"damage":15,"enemies":"3 Sentries","floor":6,"turns":6},{"damage":7,"enemies":"Large Slime","floor":7,"turns":5},{"damage":30,"enemies":"Gremlin Gang","floor":8,"turns":4},{"damage":8,"enemies":"Blue Slaver","floor":10,"turns":3},{"damage":0,"enemies":"Looter","floor":11,"turns":2},{"damage":0,"enemies":"2 Fungi Beasts","floor":12,"turns":3},{"damage":25,"enemies":"Hexaghost","floor":16,"turns":11},{"damage":7,"enemies":"Chosen","floor":18,"turns":3},{"damage":20,"enemies":"Spheric Guardian","floor":21,"turns":3},{"damage":26,"enemies":"Centurion and Healer","floor":22,"turns":5},{"damage":32,"enemies":"Sentry and Sphere","floor":24,"turns":4},{"damage":15,"enemies":"Snake Plant","floor":25,"turns":4},{"damage":39,"enemies":"Slavers","floor":29,"turns":2}],"seed_played":"-3760776146712474549","potions_obtained":[{"floor":4,"key":"FearPotion"},{"floor":5,"key":"FearPotion"},{"floor":8,"key":"GamblersBrew"},{"floor":12,"key":"Swift Potion"},{"floor":16,"key":"BlessingOfTheForge"},{"floor":18,"key":"Block Potion"},{"floor":25,"key":"BottledMiracle"}],"is_trial":false,"path_per_floor":["M","?","?","M","M","E","M","M","T","M","M","M","R","$","R","B",null,"M","?","$","M","M","R","M","M","T","?","R","E"],"character_chosen":"WATCHER","items_purchased":["TeardropLocket","BattleHymn"],"campfire_rested":3,"item_purchase_floors":[14,20],"current_hp_per_floor":[72,72,72,73,74,60,54,25,25,18,19,20,44,44,44,20,81,75,75,75,56,31,56,25,11,11,11,36,0,0],"gold":163,"neow_bonus":"THREE_ENEMY_KILL","is_daily":false,"chose_seed":false,"campfire_upgraded":1,"win_rate":0.0,"timestamp":1614372587,"path_taken":["M","?","?","M","?","E","M","M","T","?","M","M","R","$","R","BOSS","M","?","$","M","M","R","M","M","T","?","R","E"],"items_purchased_type":["Relic","Card"],"build_version":"2020-12-22","purchased_purges":0,"victory":false,"max_hp_per_floor":[72,72,72,73,74,75,76,77,77,78,79,80,80,80,80,81,81,82,82,82,83,84,84,85,86,86,86,86,86,86],"card_choices":[{"not_picked":["Evaluate","Swivel"],"picked":"BowlingBash","floor":1},{"not_picked":["CutThroughFate","Protect"],"picked":"EmptyFist","floor":4},{"not_picked":["ThirdEye","Meditate"],"picked":"CrushJoints","floor":5},{"not_picked":["Ragnarok","Weave","Vengeance"],"picked":"SKIP","floor":6},{"not_picked":["Consecrate","CrushJoints"],"picked":"DeceiveReality","floor":7},{"not_picked":["JustLucky","MentalFortress"],"picked":"Collect","floor":8},{"not_picked":["BowlingBash","Weave"],"picked":"FollowUp","floor":10},{"not_picked":["EmptyBody","Consecrate"],"picked":"WaveOfTheHand","floor":11},{"not_picked":["Swivel","LikeWater"],"picked":"Omniscience","floor":12},{"not_picked":["Alpha","SpiritShield"],"picked":"ConjureBlade","floor":16},{"not_picked":["Sanctity","PathToVictory"],"picked":"BowlingBash","floor":18},{"not_picked":["FlurryOfBlows","ThirdEye","Indignation"],"picked":"SKIP","floor":21},{"not_picked":["FlyingSleeves","Crescendo+1"],"picked":"EmptyFist","floor":22},{"not_picked":["PathToVictory+1","Indignation+1"],"picked":"SashWhip+1","floor":24},{"not_picked":["EmptyFist","Evaluate","CrushJoints"],"picked":"SKIP","floor":25}],"player_experience":172405,"relics_obtained":[{"floor":6,"key":"Pen Nib"},{"floor":9,"key":"Mercury Hourglass"},{"floor":26,"key":"TungstenRod"}],"event_choices":[{"cards_removed":["Defend_P"],"damage_healed":0,"gold_gain":0,"player_choice":"Card Removal","damage_taken":0,"max_hp_gain":0,"max_hp_loss":0,"event_name":"The Cleric","floor":2,"gold_loss":50},{"damage_healed":0,"gold_gain":0,"player_choice":"Trade","damage_taken":0,"relics_obtained":["FaceOfCleric"],"max_hp_gain":0,"max_hp_loss":0,"event_name":"FaceTrader","floor":3,"gold_loss":0},{"damage_healed":0,"gold_gain":0,"player_choice":"Read","damage_taken":0,"max_hp_gain":0,"max_hp_loss":0,"event_name":"The Library","floor":19,"gold_loss":0,"cards_obtained":["Wallop"]},{"damage_healed":0,"gold_gain":0,"player_choice":"Ignored","damage_taken":0,"max_hp_gain":0,"max_hp_loss":0,"event_name":"N\u0027loth","floor":27,"gold_loss":0}],"is_beta":false,"boss_relics":[{"not_picked":["Black Star","SacredBark"],"picked":"Runic Pyramid"}],"items_purged_floors":[],"is_endless":false,"potions_floor_spawned":[4,5,8,12,16,18,25],"killed_by":"Slavers","ascension_level":2}}