{"host":"1bvadgc0hovl67h4","time":1614301327,"event":{"mods":["Bard","BaseMod","Beaked The Cultist","Colored Map","Downfall","Halation","Hermit","Minty Spire (QoL Compilation)","Morshu Shopkeeper","Morshu Shopkeeper - ENHANCED","Replay The Spire","Robot Space Explorer","StSLib","The Blackbeard","The Cursed"],"gold_per_floor":[113,113,113,113,38,68,82,100,153,153,153,177,177,202,202,331,331,352,366,366,386,33,33,56,77,102,102,122,138,138,159,159,290,290,304,304,367,367,387,387,420,420,468,192,232,232,35,48,48,48],"floor_reached":51,"language":"ENG","playtime":3968,"items_purged":["Voices"],"score":707,"play_id":"ab443350-2652-47a3-b40c-420697278b8d","local_time":"20210225170207","is_ascension_mode":false,"campfire_choices":[{"data":"bard:Aphasia","floor":11,"key":"SMITH"},{"floor":13,"key":"REST"},{"data":"bard:Haste","floor":23,"key":"SMITH"},{"data":"bard:DiscordantVoice","floor":27,"key":"SMITH"},{"data":"bard:HarmoniousVoice","floor":32,"key":"SMITH"},{"data":"bard:Sonata","floor":40,"key":"SMITH"},{"data":"bard:Wish","floor":40,"key":"SMITH"},{"floor":42,"key":"REST"},{"data":"ReplayUltimateDefense","floor":49,"key":"SMITH"},{"data":"bard:CovetousAura","floor":49,"key":"SMITH"}],"circlet_count":0,"master_deck":["bard:Strike","bard:Strike","bard:Strike","bard:Defend+1","bard:Defend","bard:Defend+1","bard:Defend","bard:Riposte","bard:Inspire","Flash of Steel","bard:Balestra+1","bard:DiscordantVoice+1","bard:Flourish","bard:Aphasia+1","bard:Thunderwave","bard:Blink","bard:Haste+1","bard:CovetousAura+1","bard:PhantasmalForce","bard:Balestra+1","bard:HarmoniousVoice+1","bard:EchoEcho+1","bard:HideousLaughter","bard:Balestra+1","bard:Sonata+1","bard:ViciousMockery","bard:Heroism","Finesse","ReplayUltimateDefense+1"],"relics":["bard:PitchPipe","bard:BagPipes","ReplayTheSpireMod:Ring of Addiction","Toy Ornithopter","Potion Belt","Blue Candle","ReplayTheSpireMod:Shallot","bard:OilPainting","Golden Idol","Mango","bard:DeepVero","Slimebound:PreparedRelic","ReplayTheSpireMod:Lightbulb","Anchor","beaked:SacredDeck","halation:PapillonHeart","Replay:Arrowhead","Smiling Mask","Orichalcum","Onion Ring"],"acts_visited":["Exordium","TheCity","TheBeyond"],"potions_floor_usage":[6,6,12,16,19,24,29,29,31,33,35,38,41,50,50,50,50,50],"damage_taken":[{"damage":0,"enemies":"Small Slimes","floor":1,"turns":3},{"damage":13,"enemies":"Lagavulin","floor":6,"turns":5},{"damage":0,"enemies":"Jaw Worm","floor":7,"turns":3},{"damage":0,"enemies":"2 Louse","floor":8,"turns":2},{"damage":9,"enemies":"Blue Slaver","floor":12,"turns":2},{"damage":4,"enemies":"Hexaghost","floor":16,"turns":9},{"damage":0,"enemies":"Chosen","floor":18,"turns":4},{"damage":0,"enemies":"Spheric Guardian","floor":19,"turns":2},{"damage":7,"enemies":"3 Cultists","floor":21,"turns":4},{"damage":2,"enemies":"Chosen and Byrds","floor":24,"turns":4},{"damage":1,"enemies":"Snecko","floor":25,"turns":3},{"damage":0,"enemies":"3 Cultists","floor":28,"turns":4},{"damage":0,"enemies":"Sentry and Sphere","floor":29,"turns":2},{"damage":7,"enemies":"Centurion and Healer","floor":31,"turns":6},{"damage":6,"enemies":"Champ","floor":33,"turns":10},{"damage":12,"enemies":"3 Darklings","floor":35,"turns":6},{"damage":3,"enemies":"Mind Bloom Boss Battle","floor":37,"turns":7},{"damage":0,"enemies":"3 Shapes","floor":38,"turns":1},{"damage":13,"enemies":"Spire Growth","floor":39,"turns":5},{"damage":51,"enemies":"Reptomancer","floor":41,"turns":4},{"damage":1,"enemies":"Giant Head","floor":45,"turns":9},{"damage":0,"enemies":"Maw","floor":48,"turns":7},{"damage":0,"enemies":"Donu and Deca","floor":50,"turns":7}],"seed_played":"2995195847140213566","potions_obtained":[{"floor":2,"key":"Explosive Potion"},{"floor":2,"key":"GamblersBrew"},{"floor":2,"key":"Milkshake"},{"floor":7,"key":"SteroidPotion"},{"floor":12,"key":"Swift Potion"},{"floor":15,"key":"BlessingOfTheForge"},{"floor":15,"key":"AttackPotion"},{"floor":16,"key":"Energy Potion"},{"floor":25,"key":"bronze:BurnAndBuffPotion"},{"floor":31,"key":"hexamod:SoulburnPotion"},{"floor":35,"key":"SmokeBomb"},{"floor":41,"key":"Milkshake"},{"floor":45,"key":"Weak Potion"}],"is_trial":false,"path_per_floor":["M","?","T","?","$","E","M","M","T","?","R","M","R","?","R_BF","B",null,"M","M","?","M","$","R","M","M","T","R","M","M","?","M","R","B",null,"M","?","?","M","M","R","E","R","T","$","E","?","$","M","R_BF","B",null],"character_chosen":"BARD","items_purchased":["Fire Potion","Explosive Potion","Slimebound:PreparedRelic","Finesse","Regen Potion","Fire Potion","Weak Potion","ReplayUltimateDefense"],"campfire_rested":2,"item_purchase_floors":[22,22,22,44,44,44,44,47],"current_hp_per_floor":[70,70,70,56,56,53,53,53,53,37,37,33,52,50,50,51,78,78,78,78,71,71,71,74,73,73,73,73,74,67,65,65,64,74,67,67,64,64,51,51,5,26,26,26,25,25,25,25,25,65],"gold":48,"neow_bonus":"RANDOM_COLORLESS","is_daily":false,"chose_seed":false,"campfire_upgraded":8,"win_rate":0.0,"timestamp":1614301327,"path_taken":["M","?","?","?","$","E","M","M","T","?","R","M","R","?","R_BF","BOSS","M","M","?","M","$","R","M","?","T","R","M","M","?","M","R","BOSS","M","?","?","M","M","R","E","R","T","$","E","?","$","?","R_BF","BOSS"],"items_purchased_type":["Potion","Potion","Relic","Card","Potion","Potion","Potion","Card"],"build_version":"2020-12-22","purchased_purges":1,"victory":true,"max_hp_per_floor":[70,70,70,70,70,68,68,68,68,66,66,66,66,80,80,78,78,78,78,78,78,78,76,76,76,76,76,74,74,74,74,74,74,74,74,70,70,70,70,70,70,70,70,70,68,68,68,66,66,66],"card_choices":[{"not_picked":["ReplayTheSpireMod:Private Reserves","Madness"],"picked":"Flash of Steel","floor":0},{"not_picked":["bard:Parry","bard:HideousLaughter"],"picked":"bard:Balestra","floor":1},{"not_picked":["bard:LifeDrain","bard:Parry"],"picked":"bard:DiscordantVoice","floor":6},{"not_picked":["bard:BucklerBash","bard:PrismaticSpray"],"picked":"bard:Flourish","floor":7},{"not_picked":["bard:QuickSong","bard:OffKey"],"picked":"bard:Aphasia","floor":8},{"not_picked":["bard:EchoEcho","bard:PhantasmalForce"],"picked":"bard:Thunderwave","floor":12},{"not_picked":["bard:Heroism","bard:LingeringEcho"],"picked":"bard:Blink","floor":14},{"not_picked":["bard:ReverseGravity","bard:CovetousAura"],"picked":"bard:Haste","floor":16},{"not_picked":["bard:FeastOnFear","bard:Gamble","bard:LingeringEcho"],"picked":"SKIP","floor":18},{"not_picked":["bard:TinyHut","bard:GlyphOfWarding"],"picked":"bard:CovetousAura","floor":19},{"not_picked":["bard:QuickSong","bard:Shout+1","bard:Balestra"],"picked":"SKIP","floor":21},{"not_picked":["bard:BucklerBash","bard:StudiedStrike"],"picked":"bard:Balestra+1","floor":24},{"not_picked":["bard:Aphasia","bard:DiscordantVoice","bard:FeastOnFear"],"picked":"SKIP","floor":25},{"not_picked":["bard:QuickSong","bard:SongBolt"],"picked":"bard:HarmoniousVoice","floor":28},{"not_picked":["bard:Fermata+1","bard:Aphasia"],"picked":"bard:EchoEcho+1","floor":29},{"not_picked":["bard:PhantasmalForce","bard:LingeringEcho+1"],"picked":"bard:HideousLaughter","floor":31},{"not_picked":["bard:CovetousAura","bard:Shifting"],"picked":"bard:Wish","floor":33},{"not_picked":["bard:DiscordantVoice","bard:Fermata"],"picked":"bard:ViciousMockery","floor":35},{"not_picked":["bard:Fermata+1","bard:StudiedStrike+1","bard:PhantasmalForce"],"picked":"SKIP","floor":39},{"not_picked":["bard:GreaterMagicWeapon+1","bard:SplendidForm"],"picked":"bard:Heroism","floor":41},{"not_picked":["bard:LingeringPerformance+1","bard:StudiedStrike+1","bard:QuickSong+1"],"picked":"SKIP","floor":45},{"not_picked":["bard:ViciousMockery","bard:DervishDance","bard:Thunderwave+1"],"picked":"SKIP","floor":48}],"player_experience":293456,"relics_obtained":[{"floor":2,"key":"ReplayTheSpireMod:Ring of Addiction"},{"floor":2,"key":"Toy Ornithopter"},{"floor":2,"key":"Potion Belt"},{"floor":3,"key":"Blue Candle"},{"floor":6,"key":"ReplayTheSpireMod:Shallot"},{"floor":9,"key":"bard:OilPainting"},{"floor":14,"key":"Mango"},{"floor":26,"key":"ReplayTheSpireMod:Lightbulb"},{"floor":37,"key":"Replay:Arrowhead"},{"floor":41,"key":"Smiling Mask"},{"floor":43,"key":"Orichalcum"},{"floor":45,"key":"Onion Ring"}],"event_choices":[{"damage_healed":0,"gold_gain":0,"player_choice":"Entered Light","damage_taken":14,"max_hp_gain":0,"max_hp_loss":0,"event_name":"Shining Light","floor":4,"gold_loss":0,"cards_upgraded":["bard:Defend","bard:Defend"]},{"damage_healed":0,"gold_gain":0,"player_choice":"Take Damage","damage_taken":16,"relics_obtained":["Golden Idol"],"max_hp_gain":0,"max_hp_loss":0,"event_name":"Golden Idol","floor":10,"gold_loss":0},{"damage_healed":0,"gold_gain":0,"cards_transformed":["bard:Strike"],"player_choice":"Transformed","damage_taken":0,"max_hp_gain":0,"max_hp_loss":0,"event_name":"Transmorgrifier","floor":20,"gold_loss":0,"cards_obtained":["bard:PhantasmalForce"]},{"damage_healed":0,"gold_gain":0,"player_choice":"Anchor","damage_taken":0,"relics_obtained":["Anchor"],"max_hp_gain":0,"max_hp_loss":0,"event_name":"blackbeard:ShipwreckEvent","floor":30,"gold_loss":0},{"damage_healed":0,"gold_gain":0,"player_choice":"Fight","damage_taken":0,"max_hp_gain":0,"max_hp_loss":0,"event_name":"MindBloom","floor":37,"gold_loss":0},{"damage_healed":0,"gold_gain":0,"player_choice":"Forge","damage_taken":0,"max_hp_gain":0,"max_hp_loss":0,"event_name":"Accursed Blacksmith","floor":46,"gold_loss":0,"cards_upgraded":["bard:Balestra"]}],"is_beta":false,"boss_relics":[{"not_picked":["Cursed Key","halation:Prosthetics"],"picked":"bard:DeepVero"},{"not_picked":["Philosopher\u0027s Stone","ChewingGum"],"picked":"beaked:SacredDeck"}],"items_purged_floors":[5],"is_endless":false,"potions_floor_spawned":[7,12,16,25,31,35,41,45],"ascension_level":0}}