{"host":"v86vpwf004p2esb7","time":1614373672,"event":{"mods":["AchievementEnabler","BaseMod","BetterRewards","Colored Powertips","Minty Spire (QoL Compilation)","Quick Restart","StSLib","Transform Curses"],"gold_per_floor":[128,93,121,147,175,210,60,60,60,100,129,158,193,216,216,328,328,352,352,137,158,158,158,177,177,177,177,204,613,656,694,694,694,694],"floor_reached":33,"language":"ENG","playtime":1442,"items_purged":[],"score":497,"play_id":"6fd08851-bc6f-4b70-88de-c55ff4dfd44d","local_time":"20210226130752","is_ascension_mode":true,"campfire_choices":[{"floor":8,"key":"REST"},{"floor":15,"key":"REST"},{"data":"Chill","floor":23,"key":"SMITH"},{"data":"Zap","floor":25,"key":"SMITH"},{"floor":27,"key":"RECALL"},{"floor":32,"key":"REST"}],"circlet_count":0,"master_deck":["Strike_B","Strike_B","Strike_B","Strike_B","Defend_B","Defend_B","Defend_B","Defend_B","Zap+1","Dualcast","Gash","Capacitor","Chill+1","Turbo","Melter","Double Energy","Loop+1","Redo","Scrape","Conserve Battery","All For One","Ball Lightning","Self Repair+1","Static Discharge+1","Cold Snap","Static Discharge+1","Barrage","Leap","Conserve Battery"],"relics":["Cracked Core","Lizard Tail","Thread and Needle","CeramicFish","Ginger","Boot","Potion Belt","Frozen Egg 2","Runic Capacitor","Happy Flower","PreservedInsect","Sozu","DataDisk","Blue Candle","Old Coin","Symbiotic Virus","Red Mask","Calipers"],"acts_visited":["Exordium","TheCity"],"potions_floor_usage":[10,29,33],"damage_taken":[{"damage":1,"enemies":"2 Louse","floor":1,"turns":3},{"damage":0,"enemies":"Jaw Worm","floor":3,"turns":3},{"damage":0,"enemies":"Cultist","floor":5,"turns":3},{"damage":29,"enemies":"Lagavulin","floor":6,"turns":8},{"damage":40,"enemies":"Gremlin Nob","floor":10,"turns":5},{"damage":12,"enemies":"Blue Slaver","floor":11,"turns":3},{"damage":0,"enemies":"Large Slime","floor":12,"turns":5},{"damage":0,"enemies":"3 Sentries","floor":13,"turns":7},{"damage":28,"enemies":"Exordium Thugs","floor":14,"turns":5},{"damage":24,"enemies":"The Guardian","floor":16,"turns":14},{"damage":29,"enemies":"3 Byrds","floor":18,"turns":4},{"damage":25,"enemies":"Shell Parasite","floor":21,"turns":5},{"damage":5,"enemies":"Snecko","floor":24,"turns":4},{"damage":19,"enemies":"Cultist and Chosen","floor":28,"turns":7},{"damage":10,"enemies":"Colosseum Slavers","floor":29,"turns":4},{"damage":6,"enemies":"Colosseum Nobs","floor":29,"turns":5},{"damage":10,"enemies":"Masked Bandits","floor":30,"turns":4},{"damage":6,"enemies":"Gremlin Leader","floor":31,"turns":5},{"damage":40,"enemies":"Champ","floor":33,"turns":7}],"seed_played":"8132741457477645257","potions_obtained":[{"floor":1,"key":"LiquidMemories"},{"floor":6,"key":"Swift Potion"},{"floor":11,"key":"GamblersBrew"},{"floor":13,"key":"SpeedPotion"}],"is_trial":false,"path_per_floor":["M","?","M","T","M","E","$","R","T","E","M","M","E","M","R","B",null,"M","?","$","M","?","R","M","R","T","R","M","?","?","E","R","B"],"character_chosen":"DEFECT","items_purchased":["Lizard Tail","Thread and Needle","CeramicFish","Gash","Boot","Runic Capacitor","DataDisk","Self Repair+1"],"campfire_rested":3,"item_purchase_floors":[0,0,0,0,0,7,20,20],"current_hp_per_floor":[30,48,48,48,48,19,19,41,41,1,34,34,34,6,28,4,75,46,46,46,31,31,31,36,36,36,36,27,31,21,15,37,0,0],"gold":694,"neow_bonus":"","is_daily":false,"chose_seed":false,"campfire_upgraded":2,"win_rate":0.0,"timestamp":1614373672,"path_taken":["M","?","M","?","M","E","$","R","T","E","M","?","E","M","R","BOSS","M","?","$","M","?","R","M","R","T","R","?","?","?","E","R","BOSS"],"items_purchased_type":["Relic","Relic","Relic","Card","Relic","Relic","Relic","Card"],"build_version":"2020-12-22","purchased_purges":0,"victory":false,"max_hp_per_floor":[75,75,75,75,75,75,75,75,75,75,75,75,75,75,75,75,75,75,75,75,75,75,75,75,75,75,75,75,75,75,75,75,75,75],"card_choices":[{"not_picked":["Beam Cell","Barrage"],"picked":"Capacitor","floor":1},{"not_picked":["Beam Cell","Skim"],"picked":"Chill","floor":3},{"not_picked":["Lockon","Doom and Gloom"],"picked":"Turbo","floor":5},{"not_picked":["Streamline","Reprogram"],"picked":"Melter","floor":6},{"not_picked":["Sunder","Reboot"],"picked":"Double Energy","floor":10},{"not_picked":["Auto Shields","Capacitor+1"],"picked":"Loop+1","floor":11},{"not_picked":["Compile Driver","Stack"],"picked":"Redo","floor":12},{"not_picked":["Genetic Algorithm","Darkness"],"picked":"Scrape","floor":13},{"not_picked":["Ball Lightning","Steam"],"picked":"Conserve Battery","floor":14},{"not_picked":["Multi-Cast","Seek"],"picked":"All For One","floor":16},{"not_picked":["Beam Cell","Redo"],"picked":"Ball Lightning","floor":18},{"not_picked":["Undo","Ball Lightning"],"picked":"Static Discharge+1","floor":21},{"not_picked":["Steam+1","Compile Driver+1"],"picked":"Cold Snap","floor":24},{"not_picked":["Hologram+1","Streamline+1"],"picked":"Static Discharge+1","floor":28},{"not_picked":["Fusion+1","Rip and Tear"],"picked":"Barrage","floor":29},{"not_picked":["All For One","Compile Driver"],"picked":"Leap","floor":30},{"not_picked":["White Noise","Auto Shields"],"picked":"Conserve Battery","floor":31}],"player_experience":223927,"relics_obtained":[{"floor":4,"key":"Potion Belt"},{"floor":6,"key":"Frozen Egg 2"},{"floor":10,"key":"Happy Flower"},{"floor":13,"key":"PreservedInsect"},{"floor":26,"key":"Blue Candle"},{"floor":29,"key":"Old Coin"},{"floor":29,"key":"Symbiotic Virus"},{"floor":30,"key":"Red Mask"},{"floor":31,"key":"Calipers"}],"event_choices":[{"damage_healed":18,"gold_gain":0,"player_choice":"Healed","damage_taken":0,"max_hp_gain":0,"max_hp_loss":0,"event_name":"The Cleric","floor":2,"gold_loss":35},{"damage_healed":0,"gold_gain":0,"player_choice":"Ignored","damage_taken":0,"max_hp_gain":0,"max_hp_loss":0,"event_name":"Beggar","floor":19,"gold_loss":0},{"damage_healed":0,"gold_gain":0,"player_choice":"Bought 0 Potions","damage_taken":0,"max_hp_gain":0,"max_hp_loss":0,"event_name":"The Woman in Blue","floor":22,"gold_loss":0},{"damage_healed":0,"gold_gain":0,"player_choice":"Fight","damage_taken":0,"max_hp_gain":0,"max_hp_loss":0,"event_name":"Colosseum","floor":29,"gold_loss":0},{"damage_healed":0,"gold_gain":0,"player_choice":"Fought Nobs","damage_taken":0,"max_hp_gain":0,"max_hp_loss":0,"event_name":"Colosseum","floor":29,"gold_loss":0},{"damage_healed":0,"gold_gain":0,"player_choice":"Fought Bandits","damage_taken":0,"max_hp_gain":0,"max_hp_loss":0,"event_name":"Masked Bandits","floor":30,"gold_loss":0}],"is_beta":false,"boss_relics":[{"not_picked":["Pandora\u0027s Box","Snecko Eye"],"picked":"Sozu"}],"items_purged_floors":[],"is_endless":false,"potions_floor_spawned":[1,6,11,13,21,24,29,31],"killed_by":"Champ","ascension_level":3}}