{"host":"1fg35w36yojk0fzz","time":1614355549,"event":{"mods":["100% Spire Juice","AchievementEnabler","Act Like it!","BaseMod","Better Note","BetterRewards","CapriCore","Defuse TimeMaze Blight","Gensokyo","KinomotoSakuraMod(ñÿîVñ{?)","Koishi","MarisaÅiñ∂âJÅ@ñÇóùçπÅj","Minty Spire (QoL Compilation)","Relic Stats","Replay The Spire","Shop Mod","StSLib","Wandering Minibosses"],"gold_per_floor":[112,112,132,132,142,173,53,25,25,42,54,71,304,114,114,114,114],"floor_reached":16,"language":"ENG","playtime":1944,"items_purged":["Moonworks:Strike","Pain"],"score":162,"play_id":"024da274-dab4-4426-89a5-4a9e2ca2db5e","local_time":"20210227010549","is_ascension_mode":false,"campfire_choices":[{"floor":7,"key":"RECALL"},{"data":"Moonworks:x16BigRocket","floor":15,"key":"SMITH"}],"circlet_count":0,"master_deck":["Moonworks:Strike","Moonworks:Strike","Moonworks:Strike","Moonworks:Defend","Moonworks:Defend","Moonworks:Defend","Moonworks:Defend","Moonworks:Ambush","Moonworks:LongDistanceShot","Moonworks:TacticalRetreat+1","Moonworks:DevilHand+1","Moonworks:DevilHand+1","Replay:Bootleg Shield Generator+1","Moonworks:FinalSurgery","Injury","Moonworks:x16BigRocket+1","Moonworks:MiracleWalker","Moonworks:LeapThroughSpace+1","Enlightenment+1"],"relics":["Moonworks:BrokenBomb","Moonworks:Homemark","Golden Egg","Unceasing Top","MerchantsRug","Gensokyo:LunaticRedEyes","Frozen Egg 2","Strawberry","Dream Catcher"],"acts_visited":["Exordium"],"potions_floor_usage":[14],"damage_taken":[{"damage":2,"enemies":"Gensokyo:Gryphon","floor":1,"turns":3},{"damage":0,"enemies":"Gensokyo:Python","floor":3,"turns":1},{"damage":1,"enemies":"Gensokyo:2_Kodama","floor":5,"turns":5},{"damage":3,"enemies":"Gensokyo:Cirno","floor":6,"turns":7},{"damage":8,"enemies":"Gensokyo:Kitsune","floor":10,"turns":4},{"damage":3,"enemies":"Gensokyo:Python_and_Kodama","floor":11,"turns":6},{"damage":0,"enemies":"Gensokyo:2_Rabbits","floor":12,"turns":2},{"damage":5,"enemies":"Gensokyo:Mamizou","floor":13,"turns":8},{"damage":20,"enemies":"Gensokyo:Reimu","floor":16,"turns":4}],"seed_played":"-6419674246863203084","potions_obtained":[{"floor":1,"key":"GamblersBrew"},{"floor":10,"key":"EntropicBrew"},{"floor":12,"key":"SneckoOil"},{"floor":13,"key":"Weak Potion"}],"is_trial":false,"path_per_floor":["M","?","M","?","M","E","R","COS","T","M","M","M","E","$","R","B"],"character_chosen":"THE_STARBREAKER","items_purchased":["Golden Egg","Moonworks:TacticalRetreat","Moonworks:DevilHand","MerchantsRug","Replay:Bootleg Shield Generator","Enlightenment","Regen Potion"],"campfire_rested":0,"item_purchase_floors":[0,0,0,0,0,14,14],"current_hp_per_floor":[31,31,31,31,30,34,34,34,34,26,23,23,18,18,18,0,0],"gold":114,"neow_bonus":"","is_daily":false,"chose_seed":false,"campfire_upgraded":1,"win_rate":0.0,"timestamp":1614355549,"path_taken":["M","?","?","?","?","E","R","COS","T","?","M","M","E","?","R","BOSS"],"items_purchased_type":["Relic","Card","Card","Relic","Card","Card","Potion"],"build_version":"2020-12-22","purchased_purges":2,"victory":false,"max_hp_per_floor":[60,60,60,60,60,67,67,67,67,67,67,67,67,67,67,67,67],"relic_stats":{"Dream Catcher":0,"counters":[41,227],"obtain_stats":[{"Golden Egg":9,"SacredBark":17,"Vajra":8,"Blue Doll":0,"Mango":0,"Gensokyo:NagashiBinaDoll":4,"Boot":6,"Gensokyo:PortableGap":15,"Smiling Mask":31,"Gensokyo:LunaticRedEyes":2,"Replay:Rubber Ducky":0,"Old Coin":20,"Frozen Eye":6,"BranchBurnRelic":24,"Replay:Bandana":12,"Dream Catcher":13,"HornCleat":25,"Strawberry":6,"Prayer Wheel":0,"Iron Hammer":26,"Replay:Wax Seal":12,"Koishi:BloodstainedWhiteRose":23,"Koishi:LettersToReimu":27,"MerchantsRug":0,"Pear":10,"ReplayTheSpireMod:Ninjato":11,"Happy Flower":11,"ReplayTheSpireMod:Ring of Sloth":12,"Dead Branch":20,"Omamori":0,"Ring of Greed":12,"Frozen Egg 2":4,"Gensokyo:Mercy":7,"Turnip":15,"ReplayTheSpireMod:TigerMarble":29,"Membership Card":19,"ReplayTheSpireMod:Ring of Challenge":31,"hermit:Momento":0,"Unceasing Top":0,"Koishi:ImaginaryFriend":6},{"Golden Egg":14,"SacredBark":25,"Vajra":22,"Blue Doll":18,"Mango":18,"Gensokyo:NagashiBinaDoll":13,"Boot":21,"Gensokyo:PortableGap":24,"Smiling Mask":31,"Gensokyo:LunaticRedEyes":33,"Replay:Rubber Ducky":18,"Old Coin":27,"Frozen Eye":21,"BranchBurnRelic":28,"Replay:Bandana":15,"Dream Catcher":40,"HornCleat":29,"Strawberry":36,"Prayer Wheel":18,"Iron Hammer":29,"Replay:Wax Seal":15,"Koishi:BloodstainedWhiteRose":28,"Koishi:LettersToReimu":30,"MerchantsRug":18,"Pear":15,"ReplayTheSpireMod:Ninjato":23,"Happy Flower":15,"ReplayTheSpireMod:Ring of Sloth":15,"Dead Branch":27,"Omamori":18,"Ring of Greed":15,"Frozen Egg 2":34,"Gensokyo:Mercy":14,"Turnip":17,"ReplayTheSpireMod:TigerMarble":31,"Membership Card":26,"ReplayTheSpireMod:Ring of Challenge":31,"hermit:Momento":0,"Unceasing Top":32,"Koishi:ImaginaryFriend":21},{"Golden Egg":82,"SacredBark":145,"Vajra":127,"Blue Doll":103,"Mango":103,"Gensokyo:NagashiBinaDoll":80,"Boot":119,"Gensokyo:PortableGap":135,"Smiling Mask":185,"Gensokyo:LunaticRedEyes":190,"Replay:Rubber Ducky":103,"Old Coin":159,"Frozen Eye":113,"BranchBurnRelic":166,"Replay:Bandana":88,"Dream Catcher":223,"HornCleat":173,"Strawberry":203,"Prayer Wheel":103,"Iron Hammer":173,"Replay:Wax Seal":88,"Koishi:BloodstainedWhiteRose":166,"Koishi:LettersToReimu":178,"MerchantsRug":103,"Pear":88,"ReplayTheSpireMod:Ninjato":131,"Happy Flower":88,"ReplayTheSpireMod:Ring of Sloth":88,"Dead Branch":159,"Omamori":103,"Ring of Greed":88,"Frozen Egg 2":191,"Gensokyo:Mercy":82,"Turnip":96,"ReplayTheSpireMod:TigerMarble":185,"Membership Card":151,"ReplayTheSpireMod:Ring of Challenge":185,"hermit:Momento":0,"Unceasing Top":187,"Koishi:ImaginaryFriend":119}],"Unceasing Top":[0]},"card_choices":[{"not_picked":["Moonworks:DeployBits","Moonworks:LulusLuckyEgg"],"picked":"Moonworks:FinalSurgery","floor":1},{"not_picked":["Moonworks:UnpaidWork","Moonworks:EvilSpyWorkPreparation","Moonworks:BindingChains"],"picked":"SKIP","floor":3},{"not_picked":["Moonworks:JonathanRush","Moonworks:EvilSpyWorkPreparation","Moonworks:CloudOfSeagulls"],"picked":"SKIP","floor":5},{"not_picked":["Moonworks:Poppoformation","Moonworks:Assault"],"picked":"Moonworks:x16BigRocket","floor":6},{"not_picked":["Moonworks:IntelligenceOfficer","Moonworks:LulusLuckyEgg"],"picked":"Moonworks:MiracleWalker","floor":10},{"not_picked":["Moonworks:JonathanRush","Moonworks:Assault","Moonworks:EvilSpyWorkPreparation"],"picked":"SKIP","floor":11},{"not_picked":["Moonworks:IndiscriminateFireSupport","Moonworks:ImOnFire","Moonworks:JonathanRush"],"picked":"SKIP","floor":12},{"not_picked":["Moonworks:RagingMadness+1","Moonworks:CompletionReward"],"picked":"Moonworks:LeapThroughSpace+1","floor":13}],"player_experience":558241,"relics_obtained":[{"floor":6,"key":"Strawberry"},{"floor":13,"key":"Dream Catcher"}],"event_choices":[],"is_beta":false,"boss_relics":[],"items_purged_floors":[0,14],"is_endless":false,"potions_floor_spawned":[1,10,12,13],"killed_by":"Gensokyo:Reimu","ascension_level":0}}