{"host":"99tfb11iqiu41jyj","time":1614343431,"event":{"mods":["2.2 Compatiblity","AchievementEnabler","BaseMod","Colored Powertips","Downfall","Infinite Spire","Minty Spire (QoL Compilation)","Quick Restart","Replay The Spire","StSLib"],"gold_per_floor":[118,130,205,205,219,219,250,250,250,269,288,318,344,137,137,173,173,173],"floor_reached":16,"language":"ENG","playtime":1200,"items_purged":[],"score":112,"play_id":"48bbe116-ba13-41ca-9697-00652a007da8","local_time":"20210226124351","is_ascension_mode":false,"campfire_choices":[{"data":"sneckomod:TailWhip","floor":6,"key":"SMITH"},{"floor":8,"key":"REST"},{"floor":15,"key":"REST"}],"circlet_count":0,"master_deck":["sneckomod:Strike","sneckomod:Strike","sneckomod:Strike","sneckomod:Defend","sneckomod:Defend","sneckomod:Defend","sneckomod:TailWhip+1","sneckomod:SnekBite","sneckomod:Unknown","sneckomod:Unknown","sneckomod:DiceCrush","sneckomod:Rotation","PanicButton","sneckomod:UnknownExhaust","sneckomod:SoulDraw","sneckomod:UnknownClassGUARDIAN","sneckomod:Nope","sneckomod:QuickMove","sneckomod:SnekBeam","sneckomod:UnknownRareAttack","sneckomod:CheapStock","sneckomod:UnknownClassGUARDIAN","Chrysalis","Deep Breath","ReplayTheSpireMod:Uncanny Aura"],"relics":["sneckomod:SneckoSoul","Girya","infinitespire:CursedDice","infinitespire:Midas Blood","ReplayTheSpireMod:ShopPack"],"acts_visited":["Exordium"],"potions_floor_usage":[7,7,7,7,16,16],"damage_taken":[{"damage":9,"enemies":"2 Louse","floor":1,"turns":3},{"damage":3,"enemies":"Small Slimes","floor":2,"turns":4},{"damage":0,"enemies":"Cultist","floor":5,"turns":4},{"damage":40,"enemies":"Lagavulin","floor":7,"turns":7},{"damage":7,"enemies":"2 Fungi Beasts","floor":10,"turns":4},{"damage":9,"enemies":"Looter","floor":11,"turns":4},{"damage":4,"enemies":"Gremlin Nob","floor":12,"turns":4},{"damage":18,"enemies":"Large Slime","floor":13,"turns":7},{"damage":67,"enemies":"Hexaghost","floor":16,"turns":16}],"seed_played":"-3713458309710574429","potions_obtained":[{"floor":1,"key":"SteroidPotion"},{"floor":2,"key":"EntropicBrew"},{"floor":7,"key":"Languid Potion"}],"is_trial":false,"path_per_floor":["M","M","?","?","M","R","E","R","T","M","M","E","M","$","R","B"],"character_chosen":"THE_SNECKO","items_purchased":["ReplayTheSpireMod:ShopPack","sneckomod:CheapStock","sneckomod:UnknownClassGUARDIAN"],"campfire_rested":2,"item_purchase_floors":[14,14,14],"current_hp_per_floor":[90,87,76,76,76,76,36,65,65,58,49,45,32,32,61,0,0,0],"gold":173,"neow_bonus":"TEN_PERCENT_HP_BONUS","is_daily":false,"chose_seed":false,"campfire_upgraded":1,"win_rate":0.0,"timestamp":1614343431,"path_taken":["M","M","?","?","M","R","E","R","T","M","M","E","?","$","R","BOSS"],"items_purchased_type":["Relic","Card","Card"],"build_version":"2020-12-22","purchased_purges":0,"victory":false,"max_hp_per_floor":[99,99,99,99,99,99,99,99,99,99,99,99,99,99,99,99,99,99],"card_choices":[{"not_picked":["sneckomod:PureSnecko","sneckomod:QuickMove"],"picked":"sneckomod:DiceCrush","floor":1},{"not_picked":["sneckomod:UnknownExhaust","sneckomod:DiceCrush"],"picked":"sneckomod:Rotation","floor":2},{"not_picked":["sneckomod:UnknownCommonSkill","sneckomod:DangerNoodle"],"picked":"sneckomod:SoulDraw","floor":5},{"not_picked":["sneckomod:UnknownCommonSkill","sneckomod:UnknownDraw"],"picked":"sneckomod:UnknownClassGUARDIAN","floor":7},{"not_picked":["sneckomod:IronFang","sneckomod:Unknown1Cost"],"picked":"sneckomod:Nope","floor":10},{"not_picked":["sneckomod:UnknownDexterity","sneckomod:UnknownClassHEXA_GHOST_PURPLE"],"picked":"sneckomod:QuickMove","floor":11},{"not_picked":["sneckomod:UnknownClassGUARDIAN","sneckomod:QuickBite"],"picked":"sneckomod:SnekBeam","floor":12},{"not_picked":["sneckomod:DiceBlock","sneckomod:QuickMove"],"picked":"sneckomod:UnknownRareAttack","floor":13},{"not_picked":["Secret Weapon","Replay:Dark Deal"],"picked":"Chrysalis","floor":14},{"not_picked":["Flash of Steel","Purity"],"picked":"Deep Breath","floor":14},{"not_picked":["Dramatic Entrance","Blind"],"picked":"ReplayTheSpireMod:Uncanny Aura","floor":14}],"player_experience":53610,"relics_obtained":[{"floor":7,"key":"Girya"},{"floor":9,"key":"infinitespire:CursedDice"},{"floor":12,"key":"infinitespire:Midas Blood"}],"event_choices":[{"damage_healed":0,"gold_gain":75,"player_choice":"Gather Gold","damage_taken":11,"max_hp_gain":0,"max_hp_loss":0,"event_name":"World of Goop","floor":3,"gold_loss":0},{"damage_healed":0,"gold_gain":0,"player_choice":"2 cards matched","damage_taken":0,"max_hp_gain":0,"max_hp_loss":0,"event_name":"Match and Keep!","floor":4,"gold_loss":0,"cards_obtained":["PanicButton","sneckomod:UnknownExhaust"]}],"is_beta":false,"boss_relics":[],"items_purged_floors":[],"is_endless":false,"potions_floor_spawned":[1,2,7],"killed_by":"Hexaghost","ascension_level":0}}