{"host":"d2gh6suihlstufn7","time":1614337108,"event":{"mods":["AchievementEnabler","BaseMod","Colored Map","Colored Powertips","Minty Spire (QoL Compilation)","Permanent Neow","Quick Restart","StSLib","SuperFastMode"],"gold_per_floor":[18,18,93,114,34,34,49,49,49,49,49,69,69,69,69,199,199,213,234,159,172,472,472,486,486,486,504,524,50,75,93,93,93,93],"floor_reached":33,"language":"KOR","playtime":995,"items_purged":["Shame"],"score":239,"play_id":"97d41e12-acb7-491a-af36-f9fd4293d7f6","local_time":"20210226195828","is_ascension_mode":false,"campfire_choices":[{"data":"Chill","floor":6.0,"key":"SMITH"},{"data":"Electrodynamics","floor":8.0,"key":"SMITH"},{"floor":10.0,"key":"RECALL"},{"data":"Dualcast","floor":15.0,"key":"SMITH"},{"data":"Machine Learning","floor":23.0,"key":"SMITH"},{"floor":25.0,"key":"REST"},{"floor":32.0,"key":"REST"}],"circlet_count":0,"master_deck":["Strike_B","Strike_B","Strike_B","Strike_B","Defend_B","Defend_B","Defend_B","Zap","Dualcast+1","Chill+1","Electrodynamics+1","Machine Learning+1","Recycle","Multi-Cast","Shame","Genetic Algorithm","Static Discharge"],"relics":["Cracked Core","Dead Branch","Golden Idol","Pear","Cursed Key","Old Coin","White Beast Statue","Bottled Tornado","Bag of Marbles"],"acts_visited":["Exordium","TheCity"],"potions_floor_usage":[33,33],"damage_taken":[{"damage":1.0,"enemies":"2 Louse","floor":1.0,"turns":3.0},{"damage":6.0,"enemies":"Jaw Worm","floor":4.0,"turns":3.0},{"damage":1.0,"enemies":"Small Slimes","floor":7.0,"turns":4.0},{"damage":0.0,"enemies":"2 Fungi Beasts","floor":12.0,"turns":1.0},{"damage":45.0,"enemies":"Slime Boss","floor":16.0,"turns":7.0},{"damage":16.0,"enemies":"Shell Parasite","floor":18.0,"turns":10.0},{"damage":0.0,"enemies":"3 Byrds","floor":19.0,"turns":3.0},{"damage":22.0,"enemies":"Shelled Parasite and Fungi","floor":21.0,"turns":8.0},{"damage":21.0,"enemies":"3 Cultists","floor":24.0,"turns":4.0},{"damage":11.0,"enemies":"Snake Plant","floor":27.0,"turns":3.0},{"damage":12.0,"enemies":"Centurion and Healer","floor":28.0,"turns":4.0},{"damage":12.0,"enemies":"Snecko","floor":30.0,"turns":5.0},{"damage":13.0,"enemies":"Snake Plant","floor":31.0,"turns":4.0},{"damage":26,"enemies":"Automaton","floor":33,"turns":6}],"seed_played":"-2426547646005656892","potions_obtained":[{"floor":12.0,"key":"FearPotion"},{"floor":18.0,"key":"DistilledChaos"},{"floor":27.0,"key":"SneckoOil"},{"floor":28.0,"key":"SteroidPotion"},{"floor":30.0,"key":"DuplicationPotion"},{"floor":31.0,"key":"LiquidMemories"}],"is_trial":false,"path_per_floor":["M","?","?","M","$","R","M","R","T","R","?","M","?","?","R","B",null,"M","M","?","M","?","R","M","R","T","M","M","$","M","M","R","B"],"character_chosen":"DEFECT","items_purchased":["Chill","Bottled Tornado","Bag of Marbles"],"campfire_rested":2,"item_purchase_floors":[5,29,29],"current_hp_per_floor":[74,74,63,57,57,57,56,56,66,66,66,66,66,66,66,21,85,69,69,69,47,47,47,26,51,51,40,28,28,16,3,28,2,2],"gold":93,"neow_bonus":"ONE_RARE_RELIC","is_daily":false,"chose_seed":false,"campfire_upgraded":4,"win_rate":0.0,"timestamp":1614337108,"path_taken":["M","?","?","M","$","R","M","R","T","R","?","M","?","?","R","BOSS","M","M","?","M","?","R","M","R","T","M","M","?","M","M","R","BOSS"],"items_purchased_type":["Card","Relic","Relic"],"build_version":"2020-12-22","purchased_purges":1,"victory":false,"max_hp_per_floor":[75,75,75,75,75,75,75,75,85,85,85,85,85,85,85,85,85,85,85,85,85,85,85,85,85,85,85,85,85,85,85,85,85,85],"card_choices":[{"not_picked":["Rebound","Gash","Barrage"],"picked":"SKIP","floor":1.0},{"not_picked":["Skim","Conserve Battery","Gash"],"picked":"SKIP","floor":4.0},{"not_picked":["Beam Cell","Sweeping Beam"],"picked":"Electrodynamics","floor":7.0},{"not_picked":["Gash","Steam","Rebound"],"picked":"SKIP","floor":12.0},{"not_picked":["Creative AI","Echo Form"],"picked":"Machine Learning","floor":16.0},{"not_picked":["Steam","Gash","Beam Cell"],"picked":"SKIP","floor":18.0},{"not_picked":["Rip and Tear+1","Leap","Darkness"],"picked":"SKIP","floor":19.0},{"not_picked":["Chaos+1","Rebound+1"],"picked":"Recycle","floor":21.0},{"not_picked":["Beam Cell","Cold Snap"],"picked":"Multi-Cast","floor":24.0},{"not_picked":["Turbo","Barrage"],"picked":"Genetic Algorithm","floor":27.0},{"not_picked":["Steam","Barrage","Skim"],"picked":"SKIP","floor":28.0},{"not_picked":["Barrage+1","Go for the Eyes+1","Cold Snap"],"picked":"SKIP","floor":30.0},{"not_picked":["FTL","Blizzard"],"picked":"Static Discharge","floor":31.0}],"player_experience":64949,"relics_obtained":[{"floor":9.0,"key":"Pear"},{"floor":26.0,"key":"White Beast Statue"}],"event_choices":[{"damage_healed":0.0,"max_hp_gain":0.0,"max_hp_loss":0.0,"gold_gain":0.0,"event_name":"Golden Idol","player_choice":"Take Wound","floor":2.0,"gold_loss":0.0,"damage_taken":0.0,"relics_obtained":["Golden Idol"],"cards_obtained":["Injury"]},{"damage_healed":0.0,"max_hp_gain":0.0,"max_hp_loss":0.0,"gold_gain":75.0,"event_name":"World of Goop","player_choice":"Gather Gold","floor":3.0,"gold_loss":0.0,"damage_taken":11.0},{"damage_healed":0.0,"max_hp_gain":0.0,"max_hp_loss":0.0,"gold_gain":0.0,"event_name":"The Cleric","player_choice":"Leave","floor":11.0,"gold_loss":0.0,"damage_taken":0.0},{"damage_healed":0.0,"max_hp_gain":0.0,"max_hp_loss":0.0,"gold_gain":0.0,"event_name":"Dead Adventurer","player_choice":"Searched \u00271\u0027 times","floor":13.0,"gold_loss":0.0,"damage_taken":0.0},{"cards_removed":["Injury"],"damage_healed":0.0,"max_hp_gain":0.0,"max_hp_loss":0.0,"gold_gain":0.0,"event_name":"Living Wall","player_choice":"Forget","floor":14.0,"gold_loss":0.0,"damage_taken":0.0},{"cards_removed":["Defend_B"],"damage_healed":0.0,"max_hp_gain":0.0,"max_hp_loss":0.0,"gold_gain":0.0,"event_name":"Beggar","player_choice":"Gave Gold","floor":20.0,"gold_loss":75.0,"damage_taken":0.0},{"damage_healed":0.0,"max_hp_gain":0.0,"max_hp_loss":0.0,"gold_gain":0.0,"event_name":"Addict","player_choice":"Stole Relic","floor":22.0,"gold_loss":0.0,"damage_taken":0.0,"relics_obtained":["Old Coin"],"cards_obtained":["Shame"]}],"is_beta":false,"boss_relics":[{"not_picked":["Runic Dome","Fusion Hammer"],"picked":"Cursed Key"}],"items_purged_floors":[29],"is_endless":false,"potions_floor_spawned":[12,18,27,28,30,31],"killed_by":"Automaton","ascension_level":0}}