{"host":"mi0eibewekhugwl1","time":1614324818,"event":{"mods":["AchievementEnabler","BaseMod","Colored Map","Colored Powertips","DeckTracker","Keyboard Shortcuts","Minty Spire (QoL Compilation)","Quick Restart","Rare Cards Sparkle","Relic Stats","StSLib","SuperFastMode","everything is the same but u backflip on backflip"],"gold_per_floor":[109,126,91,241,62,62,80,80,80,94,94,110,125,137,137,212,212,222,8,8,74,91,91,91,91],"floor_reached":24,"language":"KOR","playtime":525,"items_purged":["Doubt","Concentrate"],"score":380,"play_id":"06660ba8-d30c-463d-9dcf-adbf0e3fc610","local_time":"20210226163338","is_ascension_mode":true,"campfire_choices":[{"data":"Dash","floor":6,"key":"SMITH"},{"data":"Deadly Poison","floor":8,"key":"SMITH"},{"data":"Neutralize","floor":11,"key":"SMITH"},{"data":"Bouncing Flask","floor":15,"key":"SMITH"},{"floor":23,"key":"REST"}],"circlet_count":0,"master_deck":["AscendersBane","Survivor","Neutralize+1","Poisoned Stab","Dagger Throw","Deadly Poison+1","Dash+1","Masterful Stab","Dagger Spray","Bouncing Flask+1","Well Laid Plans","Adrenaline","Glass Knife","Accuracy","Accuracy","Blade Dance","Endless Agony","PiercingWail","After Image","Terror","Escape Plan"],"relics":["Ring of the Snake","HornCleat","Pandora\u0027s Box","Membership Card","SsserpentHead"],"acts_visited":["Exordium","TheCity"],"potions_floor_usage":[16,21],"damage_taken":[{"damage":41,"enemies":"Jaw Worm","floor":1,"turns":10},{"damage":1,"enemies":"Small Slimes","floor":2,"turns":4},{"damage":1,"enemies":"Cultist","floor":7,"turns":3},{"damage":0,"enemies":"2 Fungi Beasts","floor":10,"turns":3},{"damage":0,"enemies":"Lots of Slimes","floor":12,"turns":5},{"damage":0,"enemies":"Large Slime","floor":13,"turns":5},{"damage":0,"enemies":"Blue Slaver","floor":14,"turns":2},{"damage":30,"enemies":"Hexaghost","floor":16,"turns":10},{"damage":7,"enemies":"3 Byrds","floor":18,"turns":5},{"damage":10,"enemies":"Shell Parasite","floor":21,"turns":4},{"damage":14,"enemies":"Chosen and Byrds","floor":22,"turns":5},{"damage":46,"enemies":"Slavers","floor":24,"turns":4}],"seed_played":"-176565198270288619","potions_obtained":[{"floor":2,"key":"SpeedPotion"},{"floor":10,"key":"EssenceOfSteel"},{"floor":16,"key":"LiquidMemories"},{"floor":21,"key":"SpeedPotion"}],"is_trial":false,"path_per_floor":["M","M","?","?","$","R","M","R","T","M","R","M","M","M","R","B",null,"M","$","?","M","M","R","E"],"character_chosen":"THE_SILENT","items_purchased":["Deadly Poison","Dash","Membership Card"],"campfire_rested":1,"item_purchase_floors":[5,5,19],"current_hp_per_floor":[18,17,33,33,33,33,32,32,32,32,32,32,32,32,32,2,50,43,43,43,33,19,38,0,0],"gold":91,"neow_bonus":"REMOVE_CARD","is_daily":false,"chose_seed":false,"campfire_upgraded":4,"win_rate":0.0,"timestamp":1614324818,"path_taken":["M","M","?","?","?","R","M","R","T","M","R","M","M","M","R","BOSS","M","?","?","?","M","R","E"],"items_purchased_type":["Card","Card","Relic"],"build_version":"2020-12-22","purchased_purges":2,"victory":false,"max_hp_per_floor":[66,66,66,66,66,66,66,66,66,66,66,66,66,66,66,66,66,66,66,66,66,66,66,66,66],"relic_stats":{"SsserpentHead":50,"counters":[12,60],"Pandora\u0027s Box":["Glass Knife","Accuracy","Accuracy","Blade Dance","Endless Agony","PiercingWail","After Image","Concentrate","Terror"],"obtain_stats":[{"SsserpentHead":20,"HornCleat":9,"Pandora\u0027s Box":17,"Membership Card":19,"Ring of the Snake":0},{"SsserpentHead":9,"HornCleat":3,"Pandora\u0027s Box":8,"Membership Card":9,"Ring of the Snake":0},{"SsserpentHead":47,"HornCleat":17,"Pandora\u0027s Box":42,"Membership Card":47,"Ring of the Snake":0}],"Ring of the Snake":[24]},"card_choices":[{"not_picked":["Prepared","Bane"],"picked":"Poisoned Stab","floor":1},{"not_picked":["PiercingWail","Well Laid Plans"],"picked":"Dagger Throw","floor":2},{"not_picked":["Slice","Flechettes","Cloak And Dagger"],"picked":"SKIP","floor":7},{"not_picked":["Dash","Endless Agony"],"picked":"Masterful Stab","floor":10},{"not_picked":["Bane","Underhanded Strike"],"picked":"Dagger Spray","floor":12},{"not_picked":["Burst","All Out Attack"],"picked":"Bouncing Flask","floor":13},{"not_picked":["Bane","Deadly Poison"],"picked":"Well Laid Plans","floor":14},{"not_picked":["Malaise","Doppelganger"],"picked":"Adrenaline","floor":16},{"not_picked":["Masterful Stab","Accuracy","Dagger Spray"],"picked":"SKIP","floor":18},{"not_picked":["Dagger Throw","Dagger Spray+1","All Out Attack"],"picked":"SKIP","floor":21},{"not_picked":["Poisoned Stab+1","Riddle With Holes"],"picked":"Escape Plan","floor":22}],"player_experience":1832099,"relics_obtained":[{"floor":9,"key":"HornCleat"}],"event_choices":[{"damage_healed":16,"gold_gain":0,"player_choice":"Healed","damage_taken":0,"max_hp_gain":0,"max_hp_loss":0,"event_name":"The Cleric","floor":3,"gold_loss":35},{"damage_healed":0,"gold_gain":150,"player_choice":"AGREE","damage_taken":0,"max_hp_gain":0,"max_hp_loss":0,"event_name":"Liars Game","floor":4,"gold_loss":0,"cards_obtained":["Doubt"]},{"damage_healed":0,"gold_gain":0,"player_choice":"Trade","damage_taken":0,"relics_obtained":["SsserpentHead"],"max_hp_gain":0,"max_hp_loss":0,"event_name":"FaceTrader","floor":20,"gold_loss":0}],"is_beta":false,"boss_relics":[{"not_picked":["Busted Crown","SlaversCollar"],"picked":"Pandora\u0027s Box"}],"items_purged_floors":[5,19],"is_endless":false,"potions_floor_spawned":[2,10,14,16,21,22],"killed_by":"Slavers","ascension_level":20}}