{"host":"bux1pdxjwq4dkad9","time":1614320465,"event":{"mods":["100% Spire Juice","BaseMod","Colored Map","Minty Spire (QoL Compilation)","Quick Restart","Spicy Shops","StSLib","SuperFastMode","°æ“≈ŒÔMod°øºÚµ•”Œœ∑"],"gold_per_floor":[93,93,110,123,137,172,172,211,211,231,250,250,37,48,48,152,152,162,87,87,101,110,110,144,144,170,201,201,220,247,275,275,376,376,396,423,438,338,338,338,372,372,372,415,449,486,486,516,276,276,276,276,8,46,46],"floor_reached":56,"language":"ZHS","playtime":2591,"items_purged":["Moonworks:Strike","Moonworks:Strike"],"score":2013,"play_id":"9965cc18-85a9-48bb-984a-b03bad77f50a","local_time":"20210226142105","is_ascension_mode":true,"campfire_choices":[{"data":"Moonworks:SakisCookie","floor":7.0,"key":"SMITH"},{"data":"Moonworks:Ambush","floor":12.0,"key":"SMITH"},{"data":"Moonworks:ForcedRevival","floor":15.0,"key":"SMITH"},{"data":"Moonworks:JonathanRush","floor":23.0,"key":"SMITH"},{"data":"Moonworks:LeapThroughSpace","floor":28.0,"key":"SMITH"},{"floor":32.0,"key":"RECALL"},{"data":"Enlightenment","floor":40.0,"key":"SMITH"},{"data":"Moonworks:AccelHyper","floor":47.0,"key":"SMITH"},{"data":"Moonworks:ScrambledEve","floor":49.0,"key":"SMITH"},{"data":"Purity","floor":52.0,"key":"SMITH"}],"circlet_count":0,"master_deck":["Moonworks:Defend","Moonworks:Defend+1","Moonworks:Defend","Moonworks:Ambush+1","Moonworks:LongDistanceShot","Moonworks:NicePresent+1","Moonworks:SakisCookie+1","Moonworks:BackdoorTrade","Moonworks:ForcedRevival+1","Moonworks:LeapThroughSpace+1","Moonworks:JonathanRush+1","Moonworks:AccelHyper+1","Moonworks:NicePresent","Enlightenment+1","Madness","Purity+1","Moonworks:Gamble","Moonworks:NicePresent","Moonworks:ForcedRevival","Moonworks:ScrambledEve+1","Moonworks:WindyEnchantment","Moonworks:SakisCookie+1","Finesse","Moonworks:WeAreWaruda"],"relics":["Moonworks:BrokenBomb","Moonworks:Homemark","AT_LudenTempest","CeramicFish","Busted Crown","Nloth\u0027s Gift","Calipers","Strawberry","Vajra","Prayer Wheel","Coffee Dripper","Sundial","Ancient Tea Set","War Paint","Moonworks:LittleGull","Bronze Scales","Blue Candle"],"acts_visited":["Exordium","TheCity","TheBeyond","TheEnding"],"potions_floor_usage":[55,55],"damage_taken":[{"damage":0.0,"enemies":"2 Louse","floor":1.0,"turns":2.0},{"damage":0.0,"enemies":"Cultist","floor":3.0,"turns":2.0},{"damage":0.0,"enemies":"Jaw Worm","floor":4.0,"turns":2.0},{"damage":0.0,"enemies":"Large Slime","floor":5.0,"turns":3.0},{"damage":0.0,"enemies":"3 Sentries","floor":6.0,"turns":4.0},{"damage":12.0,"enemies":"Gremlin Nob","floor":8.0,"turns":3.0},{"damage":2.0,"enemies":"Exordium Thugs","floor":10.0,"turns":4.0},{"damage":0.0,"enemies":"Looter","floor":11.0,"turns":2.0},{"damage":0.0,"enemies":"Large Slime","floor":13.0,"turns":3.0},{"damage":0.0,"enemies":"Blue Slaver","floor":14.0,"turns":1.0},{"damage":0.0,"enemies":"Slime Boss","floor":16.0,"turns":3.0},{"damage":0.0,"enemies":"2 Thieves","floor":18.0,"turns":2.0},{"damage":0.0,"enemies":"Chosen","floor":21.0,"turns":2.0},{"damage":22.0,"enemies":"Slavers","floor":24.0,"turns":3.0},{"damage":0.0,"enemies":"Book of Stabbing","floor":27.0,"turns":3.0},{"damage":0.0,"enemies":"Centurion and Healer","floor":29.0,"turns":3.0},{"damage":0.0,"enemies":"Slavers","floor":30.0,"turns":1.0},{"damage":0.0,"enemies":"3 Cultists","floor":31.0,"turns":2.0},{"damage":0.0,"enemies":"Automaton","floor":33.0,"turns":2.0},{"damage":0.0,"enemies":"Orb Walker","floor":35.0,"turns":1.0},{"damage":4.0,"enemies":"3 Shapes","floor":37.0,"turns":1.0},{"damage":0.0,"enemies":"Reptomancer","floor":41.0,"turns":1.0},{"damage":0.0,"enemies":"Giant Head","floor":44.0,"turns":1.0},{"damage":0.0,"enemies":"Writhing Mass","floor":45.0,"turns":1.0},{"damage":0.0,"enemies":"Reptomancer","floor":46.0,"turns":2.0},{"damage":0.0,"enemies":"Transient","floor":48.0,"turns":1.0},{"damage":0.0,"enemies":"Awakened One","floor":50.0,"turns":2.0},{"damage":0,"enemies":"Shield and Spear","floor":54,"turns":1},{"damage":3,"enemies":"The Heart","floor":55,"turns":3}],"seed_played":"8771837450820039976","potions_obtained":[{"floor":3.0,"key":"Dexterity Potion"},{"floor":8.0,"key":"GamblersBrew"},{"floor":10.0,"key":"Weak Potion"},{"floor":14.0,"key":"BlessingOfTheForge"},{"floor":18.0,"key":"Weak Potion"},{"floor":29.0,"key":"Weak Potion"},{"floor":33.0,"key":"DuplicationPotion"},{"floor":41.0,"key":"PowerPotion"}],"is_trial":false,"path_per_floor":["M","?","M","M","M","E","R","E","T","M","M","R","M","M","R","B",null,"M","$","?","M","?","R","E","?","T","E","R","M","E","M","R","B",null,"M","?","M","$","?","R","E","?","T","E","M","E","R","M","R","B",null,"R","$","E","B",null],"character_chosen":"THE_STARBREAKER","items_purchased":["Finesse","Bronze Scales"],"campfire_rested":0,"item_purchase_floors":[53,53],"current_hp_per_floor":[60,60,60,60,60,60,60,48,48,49,52,52,55,60,60,60,60,60,60,60,60,60,60,38,38,45,56,56,67,67,67,67,67,67,67,57,64,64,64,64,67,67,67,67,67,67,67,67,67,67,67,67,67,67,62],"gold":46,"neow_bonus":"HUNDRED_GOLD","is_daily":false,"chose_seed":false,"campfire_upgraded":9,"win_rate":0.0,"timestamp":1614320465,"path_taken":["M","?","M","M","M","E","R","E","T","M","M","R","M","M","R","BOSS","M","$","?","?","?","R","E","?","T","E","R","M","E","M","R","BOSS","M","?","M","$","?","R","E","?","T","E","M","E","R","M","R","BOSS","R","$","E","BOSS"],"items_purchased_type":["Card","Relic"],"build_version":"2020-12-22","purchased_purges":2,"victory":true,"max_hp_per_floor":[60,60,60,60,60,60,60,60,60,60,60,60,60,60,60,60,60,60,60,60,60,60,60,60,60,67,67,67,67,67,67,67,67,67,67,67,67,67,67,67,67,67,67,67,67,67,67,67,67,67,67,67,67,67,67],"card_choices":[{"not_picked":["Moonworks:Heat300Percent","Moonworks:SelfDestruct"],"picked":"Moonworks:NicePresent","floor":1.0},{"not_picked":["Moonworks:JonathanRush","Moonworks:Flamethrower"],"picked":"Moonworks:SakisCookie","floor":3.0},{"not_picked":["Moonworks:SakisCookie","Moonworks:TreasureThief","Moonworks:Accelerator"],"picked":"SKIP","floor":4.0},{"not_picked":["Moonworks:SakisCookie","Moonworks:Assault","Moonworks:BigBangBell"],"picked":"SKIP","floor":5.0},{"not_picked":["Moonworks:AwakeningOfTalent","Moonworks:ImOnFire","Moonworks:Assault"],"picked":"SKIP","floor":6.0},{"not_picked":["Moonworks:BigMagnum","Moonworks:ImmovableObject"],"picked":"Moonworks:BackdoorTrade","floor":8.0},{"not_picked":["Moonworks:SealedMemories","Moonworks:StiffCrystal","Moonworks:CookingTime"],"picked":"SKIP","floor":10.0},{"not_picked":["Moonworks:LulusLuckyEgg","Moonworks:Poppoformation","Moonworks:BigBangBell"],"picked":"SKIP","floor":11.0},{"not_picked":["Moonworks:DeployBits","Moonworks:SakisCookie"],"picked":"Moonworks:ForcedRevival","floor":13.0},{"not_picked":["Moonworks:AwakeningOfTalent","Moonworks:DeployBits","Moonworks:EvilSpyWorkPreparation"],"picked":"SKIP","floor":14.0},{"not_picked":["Moonworks:PlushieMaster","Moonworks:Wanted"],"picked":"Moonworks:LeapThroughSpace","floor":16.0},{"not_picked":["Moonworks:CloudOfSeagulls"],"picked":"SKIP","floor":18.0},{"not_picked":["Moonworks:CloudOfSeagulls+1"],"picked":"SKIP","floor":21.0},{"not_picked":["Moonworks:Heat300Percent+1"],"picked":"SKIP","floor":24.0},{"not_picked":["Moonworks:Gamble"],"picked":"SKIP","floor":27.0},{"not_picked":["Moonworks:Gamble"],"picked":"SKIP","floor":27.0},{"not_picked":["Moonworks:CookingTime"],"picked":"SKIP","floor":29.0},{"not_picked":["Moonworks:JonathanRush"],"picked":"SKIP","floor":30.0},{"not_picked":[],"picked":"Moonworks:AccelHyper","floor":31.0},{"not_picked":[],"picked":"Moonworks:NicePresent","floor":31.0},{"not_picked":["Moonworks:BigMagnum"],"picked":"SKIP","floor":35.0},{"not_picked":["Moonworks:RagingMadness"],"picked":"SKIP","floor":35.0},{"not_picked":[],"picked":"Enlightenment","floor":36.0},{"not_picked":[],"picked":"Madness","floor":36.0},{"not_picked":[],"picked":"Purity","floor":36.0},{"not_picked":["Moonworks:EvilSpyWorkPreparation+1"],"picked":"SKIP","floor":37.0},{"not_picked":["Moonworks:EvilSpyWorkPreparation+1"],"picked":"SKIP","floor":37.0},{"not_picked":["Moonworks:LulusLuckyEgg"],"picked":"SKIP","floor":41.0},{"not_picked":[],"picked":"Moonworks:Gamble","floor":44.0},{"not_picked":[],"picked":"Moonworks:NicePresent","floor":45.0},{"not_picked":[],"picked":"Moonworks:ForcedRevival","floor":45.0},{"not_picked":[],"picked":"Moonworks:ScrambledEve","floor":46.0},{"not_picked":[],"picked":"Moonworks:WindyEnchantment","floor":48.0},{"not_picked":[],"picked":"Moonworks:SakisCookie+1","floor":48.0},{"not_picked":[],"picked":"Moonworks:WeAreWaruda","floor":54}],"player_experience":2364721,"relics_obtained":[{"floor":6.0,"key":"CeramicFish"},{"floor":8.0,"key":"Shuriken"},{"floor":24.0,"key":"Calipers"},{"floor":26.0,"key":"Strawberry"},{"floor":27.0,"key":"Vajra"},{"floor":30.0,"key":"Prayer Wheel"},{"floor":41.0,"key":"Sundial"},{"floor":43.0,"key":"Ancient Tea Set"},{"floor":44.0,"key":"War Paint"},{"floor":46.0,"key":"Moonworks:LittleGull"},{"floor":54,"key":"Blue Candle"}],"event_choices":[{"cards_removed":["Moonworks:Strike"],"damage_healed":0.0,"max_hp_gain":0.0,"max_hp_loss":0.0,"gold_gain":0.0,"event_name":"Living Wall","player_choice":"Forget","floor":2.0,"gold_loss":0.0,"damage_taken":0.0},{"damage_healed":0.0,"max_hp_gain":0.0,"max_hp_loss":0.0,"gold_gain":0.0,"event_name":"N\u0027loth","player_choice":"Traded Relic","floor":20.0,"relics_lost":["Shuriken"],"gold_loss":0.0,"damage_taken":0.0,"relics_obtained":["Nloth\u0027s Gift"]},{"damage_healed":0.0,"max_hp_gain":0.0,"max_hp_loss":0.0,"gold_gain":0.0,"event_name":"The Library","player_choice":"Read","floor":22.0,"gold_loss":0.0,"damage_taken":0.0,"cards_obtained":["Moonworks:JonathanRush"]},{"cards_removed":["Moonworks:Defend"],"damage_healed":0.0,"max_hp_gain":0.0,"max_hp_loss":0.0,"gold_gain":0.0,"event_name":"Purifier","player_choice":"Purged","floor":25.0,"gold_loss":0.0,"damage_taken":0.0},{"damage_healed":0.0,"max_hp_gain":0.0,"max_hp_loss":0.0,"gold_gain":0.0,"event_name":"SensoryStone","player_choice":"Memory 3","floor":36.0,"gold_loss":0.0,"damage_taken":10.0},{"damage_healed":0.0,"max_hp_gain":0.0,"max_hp_loss":0.0,"gold_gain":0.0,"event_name":"Tomb of Lord Red Mask","player_choice":"Ignored","floor":39.0,"gold_loss":0.0,"damage_taken":0.0},{"cards_removed":["Moonworks:Strike"],"damage_healed":0.0,"max_hp_gain":0.0,"max_hp_loss":0.0,"gold_gain":0.0,"event_name":"Falling","player_choice":"Removed Attack","floor":42.0,"gold_loss":0.0,"damage_taken":0.0}],"is_beta":false,"boss_relics":[{"not_picked":["Moonworks:SBBomb","SacredBark"],"picked":"Busted Crown"},{"not_picked":["Sozu","Fusion Hammer"],"picked":"Coffee Dripper"}],"items_purged_floors":[19,38],"is_endless":false,"potions_floor_spawned":[3,8,10,14,18,21,29,33,41,45,48,54],"ascension_level":4}}