{"host":"faxec7zdkweurczj","time":1614350053,"event":{"mods":["Ascension Reborn","BaseMod","Colored Powertips","Conspire","Highlight Path","Minty Spire (QoL Compilation)","Replay The Spire","Shop Mod","StSLib","TestMod","[IsaacMod]以撒尖塔","篝火指南"],"gold_per_floor":[14,104,104,10,33,69,89,89,541,571,639,678,702,716,716,835,835,859,872,713,735,1215,1140,1178,1190,1190,1190,1190,1190,913,951,968,1003,1003,1124,1124,1138,1198,1198,1066,1126,1166,1166,919,1013,737,758,769,572,587,587,587,587,377,230,285,292],"floor_reached":58,"language":"ZHS","playtime":1548,"items_purged":["Strike_R+1","Strike_R+1","Strike_R+1","Defend_R+1","Immolate+1","Defend_R+1","Defend_R+1"],"score":475,"play_id":"2546a815-c10b-4af0-b8fe-4a3ec8e88dd8","local_time":"20210226223413","is_ascension_mode":true,"campfire_choices":[{"data":"Cleave","floor":15,"key":"SMITH"},{"floor":34,"key":"RECALL"},{"data":"EpicFetus","floor":51,"key":"SMITH"}],"circlet_count":0,"master_deck":["Defend_R+2","Bash+1","EpicFetus+1","Cleave+1","AscMod:ascendersbane","Limit Break+1","Demon Form","Inflame+1","Cleave+1","Demon Form","Body Slam+1","Inflame+1","Shrug It Off+1","Barricade","Inflame","Thunderclap+1","Shrug It Off+1","Entrench+1"],"relics":["Burning Blood","HushsDoor","testmod-BatchProcessingSystem","SteamSale","Bird Faced Urn","BookofShadows","ReplayFunnel","Old Coin","Toxic Egg 2","Bronze Scales","Smiling Mask","ReplayTheSpireMod:CursedCoin","Mercury Hourglass","testmod-EqualTreatment","SlaversCollar","BelialBook","testmod-AssaultLearning","Vajra","SalivaCoin","Potion Belt","Matryoshka","AnarchistCookbook","testmod-BouquetWithThorns","PokeGo","Replay:Bottled Snecko","Ginger","testmod-SaigiyounoYou","Onion Ring","testmod-Antiphasic","testmod-Register","Gremlin Horn","ReplayTheSpireMod:Spearhead","Pondfish Scales","testmod-Charity","White Beast Statue","Whetstone","testmod-Acrobat","Garlic","War Paint","BFFS","GuppysPaw","Snack Pack","Replay:Bandana","ReplayTheSpireMod:ShopPack","DoctorsRemote","Blue Candle","conspire:Flyswatter","Simple Rune"],"acts_visited":["Exordium","TheCity","TheBeyond","TheEnding"],"potions_floor_usage":[7,44,57,57,57,57,57,57,57],"damage_taken":[{"damage":0,"enemies":"Small Slimes","floor":1,"turns":2},{"damage":0,"enemies":"Jaw Worm","floor":5,"turns":1},{"damage":0,"enemies":"Gremlin Nob","floor":6,"turns":2},{"damage":0,"enemies":"conspire:RoseBush","floor":7,"turns":1},{"damage":0,"enemies":"Replay:BlueRogue","floor":10,"turns":3},{"damage":0,"enemies":"Blue Slaver","floor":13,"turns":1},{"damage":0,"enemies":"Looter","floor":14,"turns":1},{"damage":0,"enemies":"Hexaghost","floor":16,"turns":6},{"damage":0,"enemies":"Shell Parasite","floor":18,"turns":3},{"damage":0,"enemies":"3 Byrds","floor":19,"turns":2},{"damage":0,"enemies":"conspire:HollyBat","floor":21,"turns":5},{"damage":0,"enemies":"Gremlin Leader","floor":24,"turns":3},{"damage":0,"enemies":"Snake Plant","floor":25,"turns":2},{"damage":0,"enemies":"conspire:SneckoGhost","floor":31,"turns":3},{"damage":0,"enemies":"Centurion and Healer","floor":32,"turns":1},{"damage":0,"enemies":"Gremlin Leader","floor":33,"turns":3},{"damage":0,"enemies":"Champ","floor":35,"turns":3},{"damage":0,"enemies":"3 Darklings","floor":37,"turns":1},{"damage":0,"enemies":"Hiden Room Battle","floor":38,"turns":1},{"damage":0,"enemies":"Hiden Room Battle","floor":41,"turns":1},{"damage":0,"enemies":"Giant Head","floor":42,"turns":3},{"damage":0,"enemies":"Orb Walker","floor":47,"turns":2},{"damage":0,"enemies":"Jaw Worm Horde","floor":48,"turns":2},{"damage":0,"enemies":"Sphere and 2 Shapes","floor":50,"turns":1},{"damage":0,"enemies":"Donu and Deca","floor":52,"turns":3},{"damage":0,"enemies":"Shield and Spear","floor":56,"turns":2},{"damage":0,"enemies":"Delirium","floor":57,"turns":10}],"seed_played":"-6805080091429020422","potions_obtained":[{"floor":1,"key":"Toxic Potion"},{"floor":5,"key":"Adrenaline Potion"},{"floor":7,"key":"testmod-SpacePotion"},{"floor":10,"key":"AttackPotion"},{"floor":11,"key":"Swift Potion"},{"floor":16,"key":"Toxic Potion"},{"floor":24,"key":"Strength Potion"},{"floor":31,"key":"EssenceOfSteel"},{"floor":33,"key":"Dexterity Potion"},{"floor":48,"key":"Dexterity Potion"}],"is_trial":false,"path_per_floor":["M","?","?","$","M","E","M","?","T","E","?","$","M","M","R","B",null,"M","M","$","M","?","?","E","M","T","PTL","PTL","?","$","E","M","E","R","B",null,"M","?","?","$","?","E","?","R","T","$","M","M","$","M","R","B",null,"R","$","E","B",null],"character_chosen":"IRONCLAD","items_purchased":["BookofShadows","ReplayTheSpireMod:CursedCoin","Mercury Hourglass","BelialBook","Demon Form","HeartOfIron","Vajra","SalivaCoin","AnarchistCookbook","testmod-BouquetWithThorns","Inflame+1","EssenceOfSteel","testmod-Register","Inflame","testmod-Charity","testmod-SpacePotion","White Beast Statue","Adrenaline Potion","War Paint","BFFS","GuppysPaw","Snack Pack","Replay:Bandana","ReplayTheSpireMod:ShopPack","DoctorsRemote","Entrench+1","Blue Candle","conspire:Flyswatter"],"campfire_rested":0,"item_purchase_floors":[4,12,12,17,17,17,20,20,30,30,30,36,40,40,44,44,44,44,46,46,46,49,49,49,54,54,54,55],"current_hp_per_floor":[85,74,74,74,82,85,85,78,78,85,64,64,72,80,80,90,72,72,72,72,72,72,72,72,72,72,72,72,72,72,72,72,72,72,77,74,74,74,74,74,74,74,74,74,75,75,79,82,82,100,100,143,143,143,143,168,267],"gold":292,"neow_bonus":"ONE_RARE_RELIC","is_daily":false,"chose_seed":false,"campfire_upgraded":2,"win_rate":0.0,"timestamp":1614350053,"path_taken":["M","?","?","?","?","E","M","?","T","E","?","$","M","M","R","BOSS","M","M","$","M","?","?","E","?","T","PTL","PTL","?","$","E","M","E","R","BOSS","M","?","?","$","?","E","?","R","T","$","M","M","?","M","R","BOSS","R","$","E","BOSS"],"items_purchased_type":["Relic","Relic","Relic","Relic","Card","Potion","Relic","Relic","Relic","Relic","Card","Potion","Relic","Card","Relic","Potion","Relic","Potion","Relic","Relic","Relic","Relic","Relic","Relic","Relic","Card","Relic","Relic"],"build_version":"2020-12-22","purchased_purges":7,"victory":true,"max_hp_per_floor":[85,85,85,85,85,85,85,85,85,85,85,85,85,85,85,90,72,72,72,72,72,72,72,72,72,72,72,72,72,72,72,72,72,72,77,74,74,74,74,74,74,74,74,74,75,75,79,82,82,100,100,143,143,143,143,168,267],"card_choices":[{"not_picked":[],"picked":"EpicFetus","floor":0},{"not_picked":["Havoc","Rampage"],"picked":"Pommel Strike+1","floor":1},{"not_picked":["Armaments","Barricade","Headbutt"],"picked":"SKIP","floor":5},{"not_picked":["Offering","ReplayTheSpireMod:Limb From Limb","Clothesline"],"picked":"SKIP","floor":6},{"not_picked":["Replay:Undeath\u0027s Touch","Sever Soul","Feel No Pain+1"],"picked":"SKIP","floor":6},{"not_picked":["True Grit","Armaments+1","Wild Strike"],"picked":"SKIP","floor":7},{"not_picked":["Barricade","Anger+1"],"picked":"Bomb","floor":10},{"not_picked":["Headbutt","Anger"],"picked":"Cleave","floor":10},{"not_picked":["ReplayTheSpireMod:Corrosion Curse+1","Headbutt+1","Disarm+1"],"picked":"SKIP","floor":13},{"not_picked":["Reckless Charge+1","Sword Boomerang","Flex+1"],"picked":"SKIP","floor":14},{"not_picked":["conspire:HitWhereItHurts","Reaper"],"picked":"Limit Break+1","floor":16},{"not_picked":["Run Through","Clash"],"picked":"Inflame+1","floor":18},{"not_picked":["conspire:Charge","Twin Strike"],"picked":"Cleave","floor":19},{"not_picked":["Perfected Strike+1","Uppercut","Twin Strike"],"picked":"SKIP","floor":21},{"not_picked":["Twin Strike+1","ReplayReversal+1"],"picked":"Demon Form","floor":24},{"not_picked":["Clothesline+1","Ghostly Armor+1"],"picked":"Body Slam+1","floor":25},{"not_picked":["Flex+1","Corruption","conspire:Charge+1"],"picked":"SKIP","floor":31},{"not_picked":["Pummel","Armaments+1"],"picked":"Shrug It Off+1","floor":32},{"not_picked":["Heavy Blade","ReplayTheSpireMod:Corrosion Curse+1","Armaments+1"],"picked":"SKIP","floor":33},{"not_picked":["Demon Form","conspire:Purge+1"],"picked":"Barricade","floor":35},{"not_picked":["Searing Blow","conspire:ExplosiveBarrier+1","Flame Barrier+1"],"picked":"SKIP","floor":37},{"not_picked":["Power Through+1","Rampage+1"],"picked":"Thunderclap+1","floor":41},{"not_picked":["Anger+1","Iron Wave"],"picked":"Shrug It Off+1","floor":42},{"not_picked":["Blood for Blood+1","Twin Strike+1","Flex+1"],"picked":"SKIP","floor":47},{"not_picked":["Feel No Pain","Wild Strike+1","Heavy Blade+1"],"picked":"SKIP","floor":48},{"not_picked":["Clothesline","Clash+1","Wild Strike+1"],"picked":"SKIP","floor":50},{"not_picked":["Havoc+1","Cleave+1","Clash+1"],"picked":"SKIP","floor":56}],"player_experience":1263543,"relics_obtained":[{"floor":6,"key":"ReplayFunnel"},{"floor":9,"key":"Old Coin"},{"floor":9,"key":"Toxic Egg 2"},{"floor":10,"key":"Bronze Scales"},{"floor":11,"key":"Smiling Mask"},{"floor":16,"key":"testmod-EqualTreatment"},{"floor":18,"key":"testmod-AssaultLearning"},{"floor":24,"key":"Potion Belt"},{"floor":26,"key":"Matryoshka"},{"floor":31,"key":"PokeGo"},{"floor":33,"key":"Replay:Bottled Snecko"},{"floor":35,"key":"Ginger"},{"floor":38,"key":"Onion Ring"},{"floor":38,"key":"testmod-Antiphasic"},{"floor":41,"key":"Gremlin Horn"},{"floor":41,"key":"ReplayTheSpireMod:Spearhead"},{"floor":42,"key":"Pondfish Scales"},{"floor":45,"key":"Whetstone"},{"floor":45,"key":"testmod-Acrobat"},{"floor":45,"key":"Garlic"},{"floor":56,"key":"Simple Rune"}],"event_choices":[{"damage_healed":0,"gold_gain":75,"player_choice":"Gather Gold","damage_taken":11,"max_hp_gain":0,"max_hp_loss":0,"event_name":"World of Goop","floor":2,"gold_loss":0},{"cards_removed":["Strike_R"],"damage_healed":0,"gold_gain":0,"player_choice":"Card Removal","damage_taken":7,"max_hp_gain":0,"max_hp_loss":0,"event_name":"Golden Wing","floor":8,"gold_loss":0},{"damage_healed":0,"gold_gain":400,"player_choice":"Sell","damage_taken":0,"max_hp_gain":0,"max_hp_loss":0,"event_name":"恩洛斯的盘子","floor":22,"relics_lost":["testmod-TestBox"],"gold_loss":0},{"cards_removed":["Strike_R"],"damage_healed":0,"gold_gain":0,"player_choice":"Gave Gold","damage_taken":0,"max_hp_gain":0,"max_hp_loss":0,"event_name":"Beggar","floor":23,"gold_loss":75},{"damage_healed":0,"gold_gain":0,"player_choice":"Fight","damage_taken":0,"max_hp_gain":0,"max_hp_loss":0,"event_name":"HidenRoomEvent","floor":38,"gold_loss":0},{"damage_healed":0,"gold_gain":0,"player_choice":"Memory 1","damage_taken":0,"max_hp_gain":0,"max_hp_loss":0,"event_name":"SensoryStone","floor":39,"gold_loss":0},{"damage_healed":0,"gold_gain":0,"player_choice":"Fight","damage_taken":0,"max_hp_gain":0,"max_hp_loss":0,"event_name":"HidenRoomEvent","floor":41,"gold_loss":0},{"damage_healed":0,"gold_gain":0,"player_choice":"Full Heal","damage_taken":0,"max_hp_gain":0,"max_hp_loss":0,"event_name":"Wheel of Change","floor":43,"gold_loss":0}],"is_beta":false,"boss_relics":[{"not_picked":["testmod-HarvestTotem","Busted Crown"],"picked":"SlaversCollar"},{"not_picked":[]},{"not_picked":["Black Blood","testmod-Fanaticism"],"picked":"testmod-SaigiyounoYou"},{"not_picked":[]}],"items_purged_floors":[12,20,30,40,44,46,55],"is_endless":false,"potions_floor_spawned":[1,13,14,18,25,31,35,41,47,48,50,56],"ascension_level":-20}}