{"host":"qcf259yvvmr1jh6w","time":1614349759,"event":{"mods":["AchievementEnabler","Always Whale","BaseMod","BetterRewards","Colored Map","Downfall","Energized Spire","Hubris","Infinite Spire","Jorbs\u0027s Wanderer Trilogy","Minty Spire (QoL Compilation)","Quick Restart","Relic Sorter","Replay The Spire","Shop Mod","StSLib","SuperFastMode"],"gold_per_floor":[109,124,2,14,30,30,60,74,120,138,22,33,33,43,43,141,141,159,179,179,198,198,198],"floor_reached":22,"language":"ENG","playtime":1782,"items_purged":["Regret"],"score":192,"play_id":"cd991614-b1f1-4202-bb9b-b85232e2ab1f","local_time":"20210226152919","is_ascension_mode":false,"campfire_choices":[{"floor":6,"key":"REST"},{"floor":13,"key":"REST"},{"floor":15,"key":"DIG"}],"circlet_count":0,"master_deck":["Survivor","Neutralize","Calculated Gamble","Outmaneuver","Underhanded Strike","Cloak And Dagger","Backflip","Storm of Steel","Hidden Blade","Infinite Blades","Blade Dance","Underhanded Strike","Burst","Endless Agony","Storm of Steel","hubris:Counter","Poisoned Stab","hubris:Sniper","Crippling Poison","ReplayTheSpireMod:Tripwire","Replay:Bag of Tricks","Distraction","hubris:Counter","Prepared","Backflip","hubris:InfiniteBlow","Dagger Throw"],"relics":["Ring of the Snake","Tingsha","Shovel","ReplayFunnel","Whetstone","Pandora\u0027s Box","Medical Kit"],"acts_visited":["Exordium","TheCity"],"potions_floor_usage":[7,16,16,16,22,22],"damage_taken":[{"damage":25,"enemies":"infinitespire:Voidling","floor":1,"turns":6},{"damage":17,"enemies":"2 Louse","floor":2,"turns":3},{"damage":0,"enemies":"Small Slimes","floor":4,"turns":3},{"damage":7,"enemies":"2 Fungi Beasts","floor":5,"turns":4},{"damage":12,"enemies":"Lagavulin","floor":7,"turns":6},{"damage":2,"enemies":"Lots of Slimes","floor":8,"turns":4},{"damage":0,"enemies":"Exordium Wildlife","floor":10,"turns":5},{"damage":0,"enemies":"Red Slaver","floor":12,"turns":1},{"damage":0,"enemies":"Lots of Slimes","floor":14,"turns":1},{"damage":39,"enemies":"The Guardian","floor":16,"turns":11},{"damage":20,"enemies":"2 Thieves","floor":18,"turns":3},{"damage":0,"enemies":"Spheric Guardian","floor":19,"turns":1},{"damage":29,"enemies":"Snake Plant","floor":21,"turns":4},{"damage":25,"enemies":"Centurion and Healer","floor":22,"turns":4}],"seed_played":"3184439329391836412","potions_obtained":[{"floor":1,"key":"champ:CounterPotion"},{"floor":7,"key":"Toxic Potion"},{"floor":8,"key":"Weak Potion"},{"floor":12,"key":"GhostInAJar"},{"floor":16,"key":"Fire Potion"},{"floor":18,"key":"hexamod:SoulburnPotion"}],"is_trial":false,"path_per_floor":["M","M","$","M","M","R","E","M","T","M","$","M","R","M","R_BF","B",null,"M","M","AVR","M","M"],"character_chosen":"THE_SILENT","items_purchased":["Underhanded Strike","Hidden Blade","Infinite Blades"],"campfire_rested":2,"item_purchase_floors":[3,11,11],"current_hp_per_floor":[54,37,37,37,30,51,39,37,37,37,37,37,58,58,58,19,70,50,50,50,21,0,0],"gold":198,"neow_bonus":"RANDOM_EVENT","is_daily":false,"chose_seed":false,"campfire_upgraded":0,"win_rate":0.0,"timestamp":1614349759,"path_taken":["M","M","$","M","?","R","E","M","T","M","$","M","R","?","R_BF","BOSS","M","M","AVR","M","?"],"items_purchased_type":["Card","Card","Card"],"build_version":"2020-12-22","purchased_purges":1,"victory":false,"max_hp_per_floor":[70,70,70,70,70,70,70,70,70,70,70,70,70,70,70,70,70,70,70,70,70,70,70],"card_choices":[{"not_picked":["Flying Knee","hubris:Counter"],"picked":"Calculated Gamble","floor":1},{"not_picked":["Dagger Spray","Masterful Stab"],"picked":"Outmaneuver","floor":2},{"not_picked":["Caltrops","Choke","Bane"],"picked":"SKIP","floor":4},{"not_picked":["Poisoned Stab","Terror"],"picked":"Cloak And Dagger","floor":5},{"not_picked":["Deadly Poison","Corpse Explosion","Underhanded Strike"],"picked":"SKIP","floor":7},{"not_picked":["Deflect","Dodge and Roll"],"picked":"Backflip","floor":8},{"not_picked":["Reflex","hubris:Counter"],"picked":"Storm of Steel","floor":10},{"not_picked":["Quick Slash","Flying Knee"],"picked":"Blade Dance","floor":12},{"not_picked":["Dodge and Roll","Setup"],"picked":"Underhanded Strike","floor":14},{"not_picked":["Atom Bomb","ReplayTheSpireMod:From All Sides"],"picked":"Burst","floor":16},{"not_picked":["Backflip","Flying Knee"],"picked":"Prepared","floor":18},{"not_picked":["Corpse Explosion","Deflect"],"picked":"Backflip","floor":19},{"not_picked":["Blade Dance+1","Crippling Poison"],"picked":"Dagger Throw","floor":21}],"player_experience":132341,"relics_obtained":[{"floor":7,"key":"Shovel"},{"floor":9,"key":"ReplayFunnel"},{"floor":15,"key":"Whetstone"}],"event_choices":[{"damage_healed":0,"gold_gain":0,"player_choice":"Box","damage_taken":0,"relics_obtained":["Tingsha"],"max_hp_gain":0,"max_hp_loss":0,"event_name":"Big Fish","floor":0,"gold_loss":0,"cards_obtained":["Regret"]}],"is_beta":false,"boss_relics":[{"not_picked":["hubris:VirtuousBlindfold","Philosopher\u0027s Stone"],"picked":"Pandora\u0027s Box"}],"items_purged_floors":[3],"is_endless":false,"potions_floor_spawned":[1,7,8,12,14,16,18],"killed_by":"Centurion and Healer","ascension_level":0}}