{"host":"oehe2dxjvdgux73m","time":1614347700,"event":{"mods":["AchievementEnabler","BaseMod","Colored Map","Colored Powertips","DeckTracker","Keyboard Shortcuts","Minty Spire (QoL Compilation)","Permanent Neow","Quick Restart","StSLib","SuperFastMode"],"gold_per_floor":[113,113,132,150,168,195,214,214,214],"floor_reached":8,"language":"KOR","playtime":273,"items_purged":[],"score":120,"play_id":"a8900edc-e32e-4dfb-8313-d5086def6ae1","local_time":"20210226225500","is_ascension_mode":true,"campfire_choices":[],"circlet_count":0,"master_deck":["AscendersBane","Strike_G","Strike_G","Strike_G","Strike_G","Strike_G","Defend_G","Defend_G","Defend_G","Defend_G","Defend_G","Survivor","Neutralize","Die Die Die","Prepared+1","Well Laid Plans","Skewer","Tactician","Backstab","Blade Dance"],"relics":["Ring of the Snake","Du-Vu Doll"],"acts_visited":["Exordium"],"potions_floor_usage":[8,8],"damage_taken":[{"damage":0.0,"enemies":"Small Slimes","floor":1.0,"turns":2.0},{"damage":0.0,"enemies":"Cultist","floor":3.0,"turns":3.0},{"damage":9.0,"enemies":"Jaw Worm","floor":4.0,"turns":4.0},{"damage":11.0,"enemies":"Looter","floor":5.0,"turns":3.0},{"damage":27.0,"enemies":"3 Sentries","floor":6.0,"turns":9.0},{"damage":0.0,"enemies":"Large Slime","floor":7.0,"turns":4.0},{"damage":10,"enemies":"Lagavulin","floor":8,"turns":3}],"seed_played":"4710755629019340471","potions_obtained":[{"floor":3.0,"key":"Swift Potion"},{"floor":6.0,"key":"Fire Potion"},{"floor":7.0,"key":"Explosive Potion"}],"is_trial":false,"path_per_floor":["M","?","M","M","M","E","M","E"],"character_chosen":"THE_SILENT","items_purchased":[],"campfire_rested":0,"item_purchase_floors":[],"current_hp_per_floor":[59,59,59,50,39,12,12,2,2],"gold":214,"neow_bonus":"THREE_RARE_CARDS","is_daily":false,"chose_seed":false,"campfire_upgraded":0,"win_rate":0.0,"timestamp":1614347700,"path_taken":["M","?","M","M","?","E","M","E"],"items_purchased_type":[],"build_version":"2020-12-22","purchased_purges":0,"victory":false,"max_hp_per_floor":[60,60,60,60,60,60,60,60,60],"card_choices":[{"not_picked":["Tools of the Trade","Night Terror"],"picked":"Die Die Die","floor":0.0},{"not_picked":["Quick Slash","Endless Agony"],"picked":"Prepared","floor":1.0},{"not_picked":["Dagger Throw","Blade Dance"],"picked":"Well Laid Plans","floor":3.0},{"not_picked":["PiercingWail","Quick Slash"],"picked":"Skewer","floor":4.0},{"not_picked":["Reflex","Underhanded Strike"],"picked":"Tactician","floor":5.0},{"not_picked":["Concentrate","Dagger Spray"],"picked":"Backstab","floor":6.0},{"not_picked":["Slice","Underhanded Strike"],"picked":"Blade Dance","floor":7.0}],"player_experience":505779,"relics_obtained":[{"floor":6.0,"key":"Du-Vu Doll"}],"event_choices":[{"damage_healed":0.0,"max_hp_gain":0.0,"max_hp_loss":0.0,"gold_gain":0.0,"event_name":"Upgrade Shrine","player_choice":"Upgraded","floor":2.0,"gold_loss":0.0,"damage_taken":0.0,"cards_upgraded":["Prepared"]}],"is_beta":false,"boss_relics":[],"items_purged_floors":[],"is_endless":false,"potions_floor_spawned":[3,6,7],"killed_by":"Lagavulin","ascension_level":20}}