{"host":"ws4mzzemcqsz5e2k","time":1614341415,"event":{"mods":["Act Like it!","BaseMod","Bossed Relics","Colored Powertips","Minty Spire (QoL Compilation)","Quick Restart","Shop Mod","StSLib","【遗物Mod】简单游戏","篝火指南"],"gold_per_floor":[115,115,125,136,136,163,176,176,176],"floor_reached":8,"language":"ZHS","playtime":566,"items_purged":[],"score":216,"play_id":"2d660a25-ffce-477a-80ba-c7dd0c03fd9e","local_time":"20210226201015","daily_mods":["Heirloom","Uncertain Future"],"is_ascension_mode":true,"campfire_choices":[],"circlet_count":0,"master_deck":["AscendersBane","Strike_G","Strike_G","Strike_G","Defend_G","Defend_G","Defend_G","Defend_G","Defend_G","Survivor","Neutralize","Backflip","Dagger Spray"],"relics":["Ring of the Snake","EasyRelic","Tingsha"],"acts_visited":["Exordium"],"potions_floor_usage":[6,8],"damage_taken":[{"damage":0.0,"enemies":"Small Slimes","floor":1.0,"turns":4.0},{"damage":0.0,"enemies":"Cultist","floor":3.0,"turns":3.0},{"damage":0.0,"enemies":"Jaw Worm","floor":4.0,"turns":2.0},{"damage":29,"enemies":"Gremlin Nob","floor":6,"turns":4},{"damage":2,"enemies":"Looter","floor":7,"turns":3},{"damage":19,"enemies":"Lagavulin","floor":8,"turns":6}],"seed_played":"-2537346847873786491","potions_obtained":[{"floor":4.0,"key":"DuplicationPotion"},{"floor":6,"key":"AttackPotion"}],"is_trial":true,"path_per_floor":["M","?","M","M","?","E","M","E"],"character_chosen":"THE_SILENT","items_purchased":[],"campfire_rested":0,"item_purchase_floors":[],"current_hp_per_floor":[59,52,52,52,52,23,21,2,2],"gold":176,"neow_bonus":"","is_daily":false,"chose_seed":false,"campfire_upgraded":0,"win_rate":0.0,"timestamp":1614341415,"path_taken":["M","?","M","M","?","E","?","E"],"items_purchased_type":[],"build_version":"2020-12-22","purchased_purges":0,"victory":false,"max_hp_per_floor":[66,66,66,66,66,66,66,66,66],"card_choices":[{"not_picked":["Cloak And Dagger","Outmaneuver"],"picked":"Backflip","floor":1.0},{"not_picked":["Outmaneuver","Catalyst"],"picked":"Dagger Spray","floor":3.0},{"not_picked":["Outmaneuver","Masterful Stab","PiercingWail"],"picked":"SKIP","floor":4.0},{"not_picked":["Quick Slash","Venomology","Sucker Punch"],"picked":"SKIP","floor":6},{"not_picked":["PiercingWail","Slice","Backstab"],"picked":"SKIP","floor":7}],"player_experience":1624104,"relics_obtained":[],"event_choices":[{"cards_removed":["Strike_G"],"damage_healed":0.0,"max_hp_gain":0.0,"max_hp_loss":0.0,"gold_gain":0.0,"event_name":"Golden Wing","player_choice":"Card Removal","floor":2.0,"gold_loss":0.0,"damage_taken":7.0},{"cards_removed":["Strike_G"],"damage_healed":0.0,"max_hp_gain":0.0,"max_hp_loss":0.0,"gold_gain":0.0,"event_name":"Purifier","player_choice":"Purged","floor":5.0,"gold_loss":0.0,"damage_taken":0.0}],"is_beta":false,"boss_relics":[],"items_purged_floors":[],"is_endless":true,"potions_floor_spawned":[4,6],"killed_by":"Lagavulin","ascension_level":20}}