{"host":"py7qdianp3jrm8dm","time":1614377377,"event":{"mods":["AchievementEnabler","BaseMod","Bestiary","Highlight Path","Minty Spire (QoL Compilation)","Relic Stats","StSLib"],"gold_per_floor":[114,130,142,23,23,57,57,57,80,80,91,125,1,12,12,112,112,129,141,153,153,153],"floor_reached":21,"language":"ENG","playtime":1064,"items_purged":["Strike_P"],"score":281,"play_id":"20a98cd5-0f37-4abf-9d83-fb7fe688c569","local_time":"20210226220937","is_ascension_mode":true,"campfire_choices":[{"data":"Wallop","floor":8,"key":"SMITH"},{"data":"WheelKick","floor":10,"key":"SMITH"},{"floor":15,"key":"REST"}],"circlet_count":0,"master_deck":["Strike_P","Strike_P","Defend_P","Defend_P","Defend_P","Defend_P","Eruption","Vigilance","Establishment","Wallop+1","CrushJoints","Crescendo","WheelKick+1","Evaluate","BowlingBash","Perseverance","SandsOfTime","EmptyFist","Fasting2","Devotion","FollowUp","Protect","ForeignInfluence+1"],"relics":["PureWater","Centennial Puzzle","Vajra","Art of War","Fusion Hammer"],"acts_visited":["Exordium","TheCity"],"potions_floor_usage":[12,16],"damage_taken":[{"damage":7,"enemies":"Jaw Worm","floor":1,"turns":4},{"damage":7,"enemies":"Small Slimes","floor":2,"turns":5},{"damage":0,"enemies":"Cultist","floor":3,"turns":2},{"damage":47,"enemies":"3 Sentries","floor":6,"turns":9},{"damage":0,"enemies":"3 Louse","floor":11,"turns":3},{"damage":0,"enemies":"Gremlin Nob","floor":12,"turns":3},{"damage":5,"enemies":"Exordium Wildlife","floor":14,"turns":2},{"damage":26,"enemies":"Slime Boss","floor":16,"turns":5},{"damage":21,"enemies":"Shell Parasite","floor":18,"turns":4},{"damage":23,"enemies":"2 Thieves","floor":19,"turns":4},{"damage":0,"enemies":"Cultist and Chosen","floor":20,"turns":3},{"damage":14,"enemies":"Snake Plant","floor":21,"turns":1}],"seed_played":"4771192372409149644","potions_obtained":[{"floor":1,"key":"Swift Potion"},{"floor":2,"key":"Swift Potion"},{"floor":12,"key":"CultistPotion"},{"floor":14,"key":"SpeedPotion"}],"is_trial":false,"path_per_floor":["M","M","M","$","?","E","?","R","T","R","M","E","$","M","R","B",null,"M","M","M","M"],"character_chosen":"WATCHER","items_purchased":["WheelKick","Evaluate","EmptyFist"],"campfire_rested":1,"item_purchase_floors":[4,4,13],"current_hp_per_floor":[58,51,51,51,72,25,25,25,25,25,25,25,25,20,41,15,58,37,14,14,0,0],"gold":153,"neow_bonus":"ONE_RANDOM_RARE_CARD","is_daily":false,"chose_seed":false,"campfire_upgraded":2,"win_rate":0.0,"timestamp":1614377377,"path_taken":["M","M","M","$","?","E","?","R","T","R","?","E","$","M","R","BOSS","M","M","M","M"],"items_purchased_type":["Card","Card","Card"],"build_version":"2020-12-22","purchased_purges":1,"victory":false,"max_hp_per_floor":[72,72,72,72,72,72,72,72,72,72,72,72,72,72,72,72,72,72,72,72,72,72],"relic_stats":{"Centennial Puzzle":[15],"counters":[12,45],"Art of War":[3],"obtain_stats":[{"Centennial Puzzle":6,"Vajra":9,"Fusion Hammer":17,"Art of War":12,"PureWater":0},{"Centennial Puzzle":4,"Vajra":4,"Fusion Hammer":8,"Art of War":6,"PureWater":0},{"Centennial Puzzle":20,"Vajra":20,"Fusion Hammer":33,"Art of War":26,"PureWater":0}]},"card_choices":[{"not_picked":["Vengeance","TalkToTheHand"],"picked":"Wallop","floor":1},{"not_picked":["Halt","Nirvana"],"picked":"CrushJoints","floor":2},{"not_picked":["PathToVictory","Wallop"],"picked":"Crescendo","floor":3},{"not_picked":["Protect","JustLucky"],"picked":"BowlingBash","floor":6},{"not_picked":["Indignation","SashWhip"],"picked":"Perseverance","floor":11},{"not_picked":["Indignation","EmptyMind"],"picked":"SandsOfTime","floor":12},{"not_picked":["WaveOfTheHand","FearNoEvil"],"picked":"Fasting2","floor":14},{"not_picked":["Wish","SpiritShield"],"picked":"Devotion","floor":16},{"not_picked":["Indignation","BowlingBash"],"picked":"FollowUp","floor":18},{"not_picked":["Weave","Evaluate"],"picked":"Protect","floor":19},{"not_picked":["EmptyBody","BowlingBash+1"],"picked":"ForeignInfluence+1","floor":20}],"player_experience":597872,"relics_obtained":[{"floor":6,"key":"Centennial Puzzle"},{"floor":9,"key":"Vajra"},{"floor":12,"key":"Art of War"}],"event_choices":[{"damage_healed":24,"gold_gain":0,"player_choice":"Banana","damage_taken":0,"max_hp_gain":0,"max_hp_loss":0,"event_name":"Big Fish","floor":5,"gold_loss":0},{"cards_removed":["Strike_P"],"damage_healed":0,"gold_gain":0,"player_choice":"Purged","damage_taken":0,"max_hp_gain":0,"max_hp_loss":0,"event_name":"Purifier","floor":7,"gold_loss":0}],"is_beta":false,"boss_relics":[{"not_picked":["Coffee Dripper","HolyWater"],"picked":"Fusion Hammer"}],"items_purged_floors":[13],"is_endless":false,"potions_floor_spawned":[1,2,12,14],"killed_by":"Snake Plant","ascension_level":6}}