{"host":"gzk4gkgy3zij1c51","time":1614330788,"event":{"mods":["BaseMod","Colored Map","Downfall","Highlight Path","Marked Mod","Minty Spire (QoL Compilation)","Relic Stats","StSLib","The Cursed","everything is the same but u backflip on backflip"],"gold_per_floor":[99,3,19,19,4,16,39,39,39,59,94,94,128,145,155,254,254,54,70,80,80,80,80,126,26,51,70,70,87,105,119,132,236,236,236,251,264,281,65,82,82,132,163,163,181,207,219,219,230,230,230,257,28,28,28,28],"floor_reached":57,"language":"ENG","playtime":7735,"items_purged":[],"score":1482,"play_id":"24f6f02e-eefb-45e0-be13-11f14cd91d26","local_time":"20210226091307","is_ascension_mode":true,"campfire_choices":[{"data":"TheCursedMod:CursedWand","floor":1.0,"key":"SMITH"},{"floor":8.0,"key":"RECALL"},{"data":"TheCursedMod:ManaBullet","floor":12.0,"key":"SMITH"},{"data":"TheCursedMod:LuckyCharm","floor":18.0,"key":"SMITH"},{"data":"TheCursedMod:CircleOfWindfury","floor":25.0,"key":"SMITH"},{"data":"TheCursedMod:Grudge","floor":28.0,"key":"SMITH"},{"data":"TheCursedMod:AntiAging","floor":35,"key":"SMITH"},{"data":"TheCursedMod:Hemoplague","floor":54,"key":"SMITH"}],"circlet_count":0,"master_deck":["TheCursedMod:Strike_TheCursed","TheCursedMod:Strike_TheCursed","TheCursedMod:Strike_TheCursed","TheCursedMod:Defend_TheCursed","TheCursedMod:Defend_TheCursed","TheCursedMod:Defend_TheCursed","TheCursedMod:Defend_TheCursed","TheCursedMod:CursedWand+1","TheCursedMod:CleanUpWorkshop","TheCursedMod:Dregs","TheCursedMod:VitalStrike","TheCursedMod:FleshFromBone","TheCursedMod:StingEye","TheCursedMod:CircleOfWindfury+1","TheCursedMod:CircleOfCorruption+1","TheCursedMod:Wield","TheCursedMod:TroublousMinions","TheCursedMod:ManaBullet+1","TheCursedMod:HellsGateOpen+1","TheCursedMod:FuryStrike","TheCursedMod:LuckyCharm+1","TheCursedMod:VoidForm","TheCursedMod:CursedShiv","TheCursedMod:Stigma+1","TheCursedMod:Grudge+1","TheCursedMod:BlessingInDisguise","TheCursedMod:Mangle","TheCursedMod:WearCloak","TheCursedMod:CircleOfFlame","TheCursedMod:SpitefulStrike+1","TheCursedMod:AntiAging+1","CurseOfTheBell","TheCursedMod:RavingStaff+1","TheCursedMod:SurpriseAttack+1","TheCursedMod:DarkBarrier+1","TheCursedMod:ForbiddenAlchemy","TheCursedMod:SmokeScreen","TheCursedMod:SurpriseAttack","TheCursedMod:TacticalStrike+1","TheCursedMod:Stigma+1","TheCursedMod:Torture+1","TheCursedMod:VitalStrike+1","TheCursedMod:CircleOfFlame+1","TheCursedMod:FuryStrike","TheCursedMod:CircleOfCorruption+1","TheCursedMod:Hemoplague+1"],"relics":["TheCursedMod:BlackMagic101","TheCursedMod:CrystalBall","Blood Vial","sneckomod:SneckoTalon","downfall:HeartBlessingRed","downfall:HeartBlessingGreen","Enchiridion","Happy Flower","downfall:HeartBlessingBlue","Guardian:PocketSentry","Calling Bell","Art of War","Blue Candle","Turnip","Pen Nib","TheCursedMod:Tack","TheCursedMod:BloodyHarpoon","Prayer Wheel","bronze:BronzeIdol","War Paint","Lee\u0027s Waffle"],"acts_visited":["Exordium","TheCity","TheBeyond","TheEnding"],"potions_floor_usage":[33,33,36,38,38,39,40,43,45,45,45,46,47,47,47,47,47,50,50,50,50,52,52,52,52,52,55,55,56],"damage_taken":[{"damage":0.0,"enemies":"downfall:FleeingMerchant","floor":2.0,"turns":4.0},{"damage":5.0,"enemies":"2 Louse","floor":3.0,"turns":2.0},{"damage":0.0,"enemies":"downfall:FleeingMerchant","floor":5.0,"turns":4.0},{"damage":0.0,"enemies":"Small Slimes","floor":6.0,"turns":4.0},{"damage":0.0,"enemies":"Cultist","floor":9.0,"turns":1.0},{"damage":5.0,"enemies":"Large Slime","floor":10.0,"turns":7.0},{"damage":22.0,"enemies":"3 Sentries","floor":11.0,"turns":12.0},{"damage":10.0,"enemies":"Gremlin Nob","floor":13.0,"turns":3.0},{"damage":3.0,"enemies":"Blue Slaver","floor":14.0,"turns":3.0},{"damage":0.0,"enemies":"3 Louse","floor":15.0,"turns":3.0},{"damage":27.0,"enemies":"IC_STATUS_ARCHETYPE","floor":16.0,"turns":9.0},{"damage":0.0,"enemies":"3 Byrds","floor":19.0,"turns":4.0},{"damage":39.0,"enemies":"Shell Parasite","floor":20.0,"turns":5.0},{"damage":7.0,"enemies":"Book of Stabbing","floor":26.0,"turns":4.0},{"damage":0.0,"enemies":"Chosen and Byrds","floor":27.0,"turns":3.0},{"damage":0.0,"enemies":"Centurion and Healer","floor":29.0,"turns":4.0},{"damage":2.0,"enemies":"Shelled Parasite and Fungi","floor":30.0,"turns":4.0},{"damage":2,"enemies":"Snecko","floor":31,"turns":4},{"damage":17,"enemies":"3 Cultists","floor":32,"turns":4},{"damage":12,"enemies":"SI_MIRROR_ARCHETYPE","floor":33,"turns":7},{"damage":1,"enemies":"3 Darklings","floor":36,"turns":5},{"damage":0,"enemies":"3 Shapes","floor":37,"turns":3},{"damage":14,"enemies":"Writhing Mass","floor":38,"turns":3},{"damage":5,"enemies":"downfall:FleeingMerchant","floor":39,"turns":4},{"damage":5,"enemies":"downfall:FleeingMerchant","floor":40,"turns":4},{"damage":17,"enemies":"downfall:FleeingMerchant","floor":42,"turns":4},{"damage":17,"enemies":"4 Shapes","floor":43,"turns":5},{"damage":1,"enemies":"Maw","floor":45,"turns":6},{"damage":3,"enemies":"Giant Head","floor":46,"turns":7},{"damage":37,"enemies":"Writhing Mass","floor":47,"turns":4},{"damage":13,"enemies":"Spire Growth","floor":49,"turns":4},{"damage":50,"enemies":"DF_ARCHETYPE_ORBS","floor":50,"turns":8},{"damage":17,"enemies":"downfall:CharBossMerchant","floor":52,"turns":5},{"damage":11,"enemies":"downfall:NeowBoss","floor":55,"turns":12},{"damage":45,"enemies":"downfall:NeowBossFinal","floor":56,"turns":7}],"seed_played":"-5791416358965375774","potions_obtained":[{"floor":3.0,"key":"AttackPotion"},{"floor":10.0,"key":"Guardian:BlockOnCardUsePotion"},{"floor":11.0,"key":"Fire Potion"},{"floor":13.0,"key":"DuplicationPotion"},{"floor":15.0,"key":"DistilledChaos"},{"floor":26.0,"key":"AttackPotion"},{"floor":27.0,"key":"champ:CounterPotion"},{"floor":29.0,"key":"Explosive Potion"},{"floor":30,"key":"CultistPotion"},{"floor":32,"key":"hexamod:SoulburnPotion"},{"floor":33,"key":"AttackPotion"},{"floor":36,"key":"LiquidMemories"},{"floor":37,"key":"Energy Potion"},{"floor":42,"key":"ColorlessPotion"},{"floor":43,"key":"Dexterity Potion"},{"floor":47,"key":"hexamod:SoulburnPotion"}],"is_trial":false,"path_per_floor":["R","$","M","?","$","M","T","R","M","M","E","R","E","M","M","B",null,"R","M","M","?","?","?","T","R","E","M","R","M","M","M","M","B",null,"R","M","M","M","?","$","T","?","M","?","M","E","M","?","M","B",null,"E","$","R","B","B",null],"character_chosen":"THE_CURSED","items_purchased":["TheCursedMod:StingEye","Pen Nib","champ:CounterPotion","TheCursedMod:Tack","TheCursedMod:ForbiddenAlchemy","TheCursedMod:SmokeScreen","TheCursedMod:Hemoplague","Lee\u0027s Waffle"],"campfire_rested":0,"item_purchase_floors":[2,39,39,40,40,40,53,53],"current_hp_per_floor":[75,75,70,70,70,70,70,70,70,65,43,43,33,32,34,9,75,75,75,36,61,45,37,37,47,42,44,44,46,46,46,31,21,85,85,87,88,77,77,74,74,59,44,44,48,50,15,87,74,29,90,76,100,100,92,52],"gold":28,"neow_bonus":"TRANSFORM_CARD","is_daily":false,"chose_seed":false,"campfire_upgraded":7,"win_rate":0.0,"timestamp":1614330787,"path_taken":["R","$","M","?","$","M","T","R","M","M","E","R","E","M","M","BOSS","R","M","M","?","?","?","T","R","E","M","R","M","M","?","M","BOSS","R","M","M","M","?","$","T","?","M","?","?","E","M","?","M","BOSS","E","$","R","BOSS","BOSS"],"items_purchased_type":["Card","Relic","Potion","Relic","Card","Card","Card","Relic"],"build_version":"2020-12-22","purchased_purges":0,"victory":true,"max_hp_per_floor":[75,75,75,75,75,75,75,75,75,75,75,75,75,75,75,75,75,75,75,75,75,75,75,75,85,85,85,85,85,85,85,85,85,85,85,88,88,91,94,94,94,94,94,94,97,100,100,87,87,90,90,93,100,100,103,106],"relic_stats":{"Blood Vial":39,"Lee\u0027s Waffle":24,"Happy Flower":[37],"counters":[35,172],"Blue Candle":[40],"Prayer Wheel":4,"Turnip":[10],"Pen Nib":[17],"Art of War":[2],"War Paint":["TheCursedMod:CircleOfCorruption","TheCursedMod:DarkBarrier"],"obtain_stats":[{"TheCursedMod:BloodyHarpoon":41,"TheCursedMod:BlackMagic101":0,"Lee\u0027s Waffle":53,"downfall:HeartBlessingRed":18,"Happy Flower":24,"Blue Candle":34,"TheCursedMod:Tack":40,"Enchiridion":22,"downfall:HeartBlessingGreen":18,"Pen Nib":39,"Guardian:PocketSentry":26,"War Paint":52,"sneckomod:SneckoTalon":17,"bronze:BronzeIdol":46,"Blood Vial":13,"Calling Bell":34,"downfall:BrokenWingStatue":4,"downfall:HeartBlessingBlue":25,"TheCursedMod:CrystalBall":11,"Prayer Wheel":42,"Turnip":34,"Art of War":34},{"TheCursedMod:BloodyHarpoon":25,"TheCursedMod:BlackMagic101":0,"Lee\u0027s Waffle":33,"downfall:HeartBlessingRed":11,"Happy Flower":13,"Blue Candle":20,"TheCursedMod:Tack":25,"Enchiridion":13,"downfall:HeartBlessingGreen":11,"Pen Nib":24,"Guardian:PocketSentry":14,"War Paint":33,"sneckomod:SneckoTalon":11,"bronze:BronzeIdol":29,"Blood Vial":8,"Calling Bell":20,"downfall:BrokenWingStatue":2,"downfall:HeartBlessingBlue":13,"TheCursedMod:CrystalBall":7,"Prayer Wheel":26,"Turnip":20,"Art of War":20},{"TheCursedMod:BloodyHarpoon":110,"TheCursedMod:BlackMagic101":0,"Lee\u0027s Waffle":153,"downfall:HeartBlessingRed":52,"Happy Flower":61,"Blue Candle":91,"TheCursedMod:Tack":110,"Enchiridion":61,"downfall:HeartBlessingGreen":52,"Pen Nib":106,"Guardian:PocketSentry":65,"War Paint":153,"sneckomod:SneckoTalon":52,"bronze:BronzeIdol":132,"Blood Vial":37,"Calling Bell":91,"downfall:BrokenWingStatue":6,"downfall:HeartBlessingBlue":61,"TheCursedMod:CrystalBall":34,"Prayer Wheel":114,"Turnip":91,"Art of War":91}]},"card_choices":[{"not_picked":["TheCursedMod:CursedSpellbook","TheCursedMod:CursedBlade"],"picked":"TheCursedMod:FleshFromBone","floor":2.0},{"not_picked":["TheCursedMod:RavingStaff","TheCursedMod:Evocation"],"picked":"TheCursedMod:CircleOfWindfury","floor":3.0},{"not_picked":["TheCursedMod:CursedRelics","TheCursedMod:RapidMovement"],"picked":"TheCursedMod:CircleOfCorruption","floor":5.0},{"not_picked":["TheCursedMod:CircleOfWindfury","TheCursedMod:Torture"],"picked":"TheCursedMod:Wield","floor":6.0},{"not_picked":["TheCursedMod:ReleasedKnowledge","TheCursedMod:Obscuration"],"picked":"TheCursedMod:TroublousMinions","floor":9.0},{"not_picked":["TheCursedMod:Grudge","TheCursedMod:CircleOfCorruption","TheCursedMod:CircleOfWindfury"],"picked":"SKIP","floor":10.0},{"not_picked":["TheCursedMod:DemonicPact","TheCursedMod:BlessingInDisguise"],"picked":"TheCursedMod:ManaBullet","floor":11.0},{"not_picked":["TheCursedMod:SpitefulStrike","TheCursedMod:Wield"],"picked":"TheCursedMod:HellsGateOpen","floor":13.0},{"not_picked":["TheCursedMod:CursedAmulet","TheCursedMod:StingEye"],"picked":"TheCursedMod:FuryStrike","floor":14.0},{"not_picked":["TheCursedMod:AshesToAshes","TheCursedMod:CursedBlade"],"picked":"TheCursedMod:LuckyCharm","floor":15.0},{"not_picked":["TheCursedMod:UltimatePain","TheCursedMod:DemonicPact"],"picked":"TheCursedMod:VoidForm","floor":16.0},{"not_picked":["TheCursedMod:FleshFromBone","TheCursedMod:CursedArmor"],"picked":"TheCursedMod:CursedShiv","floor":19.0},{"not_picked":["TheCursedMod:FleshFromBone+1","TheCursedMod:CircleOfAbyss"],"picked":"TheCursedMod:Stigma+1","floor":20.0},{"not_picked":["TheCursedMod:Stigma","TheCursedMod:CursedBoomerang+1"],"picked":"TheCursedMod:Grudge","floor":26.0},{"not_picked":["TheCursedMod:SmokeScreen","TheCursedMod:CursedSpellbook"],"picked":"TheCursedMod:BlessingInDisguise","floor":27.0},{"not_picked":["TheCursedMod:Stretching+1","TheCursedMod:HellsGateOpen"],"picked":"TheCursedMod:Mangle","floor":29.0},{"not_picked":["TheCursedMod:Stigma","TheCursedMod:PrepareRite"],"picked":"TheCursedMod:WearCloak","floor":30},{"not_picked":["TheCursedMod:Stretching","TheCursedMod:BloodBarrier"],"picked":"TheCursedMod:CircleOfFlame","floor":31},{"not_picked":["TheCursedMod:CircleOfFlame","TheCursedMod:ShockAndAwe"],"picked":"TheCursedMod:SpitefulStrike+1","floor":32},{"not_picked":["TheCursedMod:CursedRelics","TheCursedMod:CircleOfAbyss"],"picked":"TheCursedMod:AntiAging","floor":33},{"not_picked":["TheCursedMod:TroublousMinions+1","TheCursedMod:AshesToAshes+1"],"picked":"TheCursedMod:RavingStaff+1","floor":36},{"not_picked":["TheCursedMod:RavingStaff","TheCursedMod:Torture"],"picked":"TheCursedMod:SurpriseAttack+1","floor":37},{"not_picked":["TheCursedMod:CursedBoomerang+1","TheCursedMod:StingEye+1"],"picked":"TheCursedMod:EmpowerCircles","floor":38},{"not_picked":["TheCursedMod:Wield+1","TheCursedMod:FleshFromBone"],"picked":"TheCursedMod:DarkBarrier","floor":39},{"not_picked":["TheCursedMod:Stigma","TheCursedMod:DoubleShield","TheCursedMod:ManaBullet"],"picked":"SKIP","floor":40},{"not_picked":["TheCursedMod:FuryStrike+1","TheCursedMod:WearCloak"],"picked":"TheCursedMod:SurpriseAttack","floor":42},{"not_picked":["TheCursedMod:CircleOfFlame+1","TheCursedMod:ParallelWorld"],"picked":"TheCursedMod:TacticalStrike+1","floor":43},{"not_picked":["TheCursedMod:BlessingInDisguise","TheCursedMod:Obscuration"],"picked":"TheCursedMod:Stigma+1","floor":43},{"not_picked":["TheCursedMod:CursedSpellbook","TheCursedMod:Stigma+1"],"picked":"TheCursedMod:Torture+1","floor":45},{"not_picked":["TheCursedMod:CursedMace+1","TheCursedMod:Obscuration+1"],"picked":"TheCursedMod:VitalStrike+1","floor":45},{"not_picked":["TheCursedMod:Stigma","TheCursedMod:Wield+1","TheCursedMod:Obscuration+1"],"picked":"SKIP","floor":46},{"not_picked":["TheCursedMod:RavingStaff+1","TheCursedMod:Obscuration+1"],"picked":"TheCursedMod:CircleOfFlame+1","floor":47},{"not_picked":["TheCursedMod:CursedBlade","TheCursedMod:Mangle","TheCursedMod:PrepareRite+1"],"picked":"SKIP","floor":47},{"not_picked":["TheCursedMod:ReleasedKnowledge+1","TheCursedMod:StingEye"],"picked":"TheCursedMod:FuryStrike","floor":49},{"not_picked":["TheCursedMod:RavingStaff","TheCursedMod:FuryStrike+1","TheCursedMod:SmokeScreen+1"],"picked":"SKIP","floor":49},{"not_picked":["TheCursedMod:CursedBlade+1","TheCursedMod:ShockAndAwe"],"picked":"TheCursedMod:CircleOfCorruption+1","floor":52}],"player_experience":1258010,"relics_obtained":[{"floor":11.0,"key":"TheCursedMod:CrystalBall"},{"floor":13.0,"key":"Blood Vial"},{"floor":22.0,"key":"Enchiridion"},{"floor":24.0,"key":"Happy Flower"},{"floor":26.0,"key":"Guardian:PocketSentry"},{"floor":34,"key":"Art of War"},{"floor":34,"key":"Blue Candle"},{"floor":34,"key":"Turnip"},{"floor":41,"key":"TheCursedMod:BloodyHarpoon"},{"floor":42,"key":"Prayer Wheel"},{"floor":46,"key":"bronze:BronzeIdol"},{"floor":52,"key":"War Paint"}],"event_choices":[{"damage_healed":25.0,"max_hp_gain":0.0,"max_hp_loss":0.0,"gold_gain":0.0,"event_name":"The Library","player_choice":"Heal","floor":21.0,"gold_loss":0.0,"damage_taken":0.0},{"cards_removed":["TheCursedMod:EmpowerCircles"],"damage_healed":0,"gold_gain":0,"player_choice":"Removed Power","damage_taken":0,"max_hp_gain":0,"max_hp_loss":0,"event_name":"Falling","floor":44,"gold_loss":0}],"is_beta":false,"boss_relics":[{"not_picked":["SlaversCollar","Fusion Hammer"],"picked":"sneckomod:SneckoTalon"},{"not_picked":["TheCursedMod:BlackMagicAdvanced","SacredBark"],"picked":"Calling Bell"}],"items_purged_floors":[],"is_endless":false,"potions_floor_spawned":[3,10,11,13,15,26,27,29,30,32,33,36,37,42,43,47],"ascension_level":4}}