{"host":"of8gj1gadsx6jhxl","time":1614371085,"event":{"mods":["BaseMod","Bestiary","Colored Map","Minty Spire (QoL Compilation)","Reliquary","Shop Mod","StSLib"],"gold_per_floor":[117,134,145,159,159,175,175,175,198,215,215,247,277,305,317,427,439,465,495,507,531,592,604,649,661,673,701,713,83,83,98,98,193,193,213,226,236,255,87,118,118,152,177,189,208,208,208],"floor_reached":46,"language":"ENG","playtime":8228,"items_purged":["Defend_P+1"],"score":717,"play_id":"c42cafc7-d852-4a0e-9590-d0bccaa77dac","local_time":"20210226152445","is_ascension_mode":true,"campfire_choices":[{"floor":11,"key":"REST"},{"data":"BattleHymn","floor":15,"key":"SMITH"},{"floor":23,"key":"REST"},{"floor":32,"key":"REST"},{"floor":41,"key":"RECALL"}],"circlet_count":0,"master_deck":["Strike_P+1","Strike_P+1","Strike_P+1","Strike_P+1","Defend_P+1","Defend_P+1","Defend_P+1","Eruption","Vigilance","Apotheosis","Halt","FollowUp+1","EmptyFist","BattleHymn+1","Scrawl","Scrawl","Halt","Consecrate","Wish","CurseOfTheBell","TalkToTheHand","ClearTheMind","Prostrate+1","Prostrate+1","Worship","Ghostly+1","Ghostly","Ghostly","Ghostly","Ghostly","FollowUp+1","Ragnarok+1","Panache","MentalFortress","Adaptation","Establishment","Collect","Wireheading","FlurryOfBlows+1","Weave+1","WheelKick+1"],"relics":["PureWater","Bronze Scales","MawBank","Calling Bell","reliquary:Spinner","Meat on the Bone","reliquary:Dhvaja","Smiling Mask","Molten Egg 2","Mummified Hand","reliquary:CitrusReamer","Busted Crown","reliquary:PurpleTingedLeaf","Bottled Flame","Orichalcum"],"acts_visited":["Exordium","TheCity","TheBeyond"],"potions_floor_usage":[10,16,21,21,33,38,42,45],"damage_taken":[{"damage":21.0,"enemies":"Jaw Worm","floor":1.0,"turns":4.0},{"damage":5.0,"enemies":"Small Slimes","floor":2.0,"turns":3.0},{"damage":3.0,"enemies":"2 Louse","floor":3.0,"turns":2.0},{"damage":0,"enemies":"Looter","floor":4,"turns":3},{"damage":6,"enemies":"2 Fungi Beasts","floor":6,"turns":3},{"damage":0,"enemies":"Gremlin Gang","floor":10,"turns":3},{"damage":0,"enemies":"Lagavulin","floor":12,"turns":4},{"damage":11,"enemies":"Lots of Slimes","floor":13,"turns":4},{"damage":0,"enemies":"Large Slime","floor":14,"turns":2},{"damage":4,"enemies":"Hexaghost","floor":16,"turns":6},{"damage":35,"enemies":"3 Byrds","floor":18,"turns":4},{"damage":9,"enemies":"2 Thieves","floor":19,"turns":3},{"damage":20,"enemies":"Cultist and Chosen","floor":21,"turns":5},{"damage":8,"enemies":"Snecko","floor":22,"turns":6},{"damage":44,"enemies":"Gremlin Leader","floor":24,"turns":5},{"damage":2,"enemies":"Snake Plant","floor":27,"turns":5},{"damage":0,"enemies":"Chosen and Byrds","floor":31,"turns":6},{"damage":0,"enemies":"Collector","floor":33,"turns":9},{"damage":0,"enemies":"Orb Walker","floor":35,"turns":3},{"damage":0,"enemies":"3 Shapes","floor":36,"turns":4},{"damage":1,"enemies":"Spire Growth","floor":37,"turns":4},{"damage":0,"enemies":"Sphere and 2 Shapes","floor":38,"turns":4},{"damage":0,"enemies":"Giant Head","floor":40,"turns":5},{"damage":5,"enemies":"Nemesis","floor":42,"turns":7},{"damage":0,"enemies":"Transient","floor":44,"turns":5},{"damage":0,"enemies":"3 Darklings","floor":45,"turns":4},{"damage":38,"enemies":"Reptomancer","floor":46,"turns":2}],"seed_played":"-4591335352687027427","potions_obtained":[{"floor":2.0,"key":"DistilledChaos"},{"floor":3,"key":"Fire Potion"},{"floor":6,"key":"ColorlessPotion"},{"floor":14,"key":"Weak Potion"},{"floor":19,"key":"SpeedPotion"},{"floor":22,"key":"SpeedPotion"},{"floor":27,"key":"Explosive Potion"},{"floor":31,"key":"LiquidMemories"},{"floor":35,"key":"Energy Potion"},{"floor":42,"key":"DistilledChaos"}],"is_trial":false,"path_per_floor":["M","M","M","M","?","M","?","?","T","M","R","E","M","M","R","B",null,"M","M","?","M","M","R","E","?","T","M","?","$","?","M","R","B",null,"M","M","M","M","$","E","R","E","T","M","M","E"],"character_chosen":"WATCHER","items_purchased":["Panache","MentalFortress","Mummified Hand","reliquary:CitrusReamer","Wireheading","FlurryOfBlows+1"],"campfire_rested":3,"item_purchase_floors":[29,29,29,29,39,39],"current_hp_per_floor":[51,46,43,43,43,37,61,47,47,47,68,68,57,57,57,53,72,37,40,40,32,36,57,25,25,25,23,23,23,23,23,33,33,36,36,36,35,35,35,35,35,31,31,33,34,0,0],"gold":208,"neow_bonus":"RANDOM_COLORLESS_2","is_daily":false,"chose_seed":false,"campfire_upgraded":1,"win_rate":0.0,"timestamp":1614371085,"path_taken":["M","M","M","M","?","M","?","?","T","M","R","E","M","M","R","BOSS","M","M","?","M","M","R","E","?","T","M","?","$","?","M","R","BOSS","M","?","?","M","$","E","R","E","T","M","?","E"],"items_purchased_type":["Card","Card","Relic","Relic","Card","Card"],"build_version":"2020-12-22","purchased_purges":1,"victory":false,"max_hp_per_floor":[72,72,72,72,72,72,72,72,72,72,72,72,72,72,72,72,72,72,72,72,72,72,72,72,36,36,36,36,36,36,36,36,36,36,36,36,36,36,36,36,36,36,36,36,36,36,36],"card_choices":[{"not_picked":["Master of Strategy","Violence"],"picked":"Apotheosis","floor":0.0},{"not_picked":["EmptyFist","DeceiveReality"],"picked":"Halt","floor":1.0},{"not_picked":["Evaluate","WindmillStrike"],"picked":"FollowUp","floor":2.0},{"not_picked":["EmptyBody","CrushJoints"],"picked":"EmptyFist","floor":3},{"not_picked":["FollowUp","Adaptation"],"picked":"BattleHymn","floor":4},{"not_picked":["Protect","BowlingBash","WheelKick"],"picked":"SKIP","floor":6},{"not_picked":["Crescendo","WheelKick"],"picked":"Scrawl","floor":10},{"not_picked":["SashWhip","Adaptation"],"picked":"Scrawl","floor":12},{"not_picked":["CutThroughFate","Crescendo"],"picked":"Halt","floor":13},{"not_picked":["Sanctity","SashWhip"],"picked":"Consecrate","floor":14},{"not_picked":["LessonLearned","ConjureBlade"],"picked":"Wish","floor":16},{"not_picked":["JustLucky","WheelKick"],"picked":"TalkToTheHand","floor":18},{"not_picked":["FollowUp","BattleHymn"],"picked":"ClearTheMind","floor":19},{"not_picked":["WaveOfTheHand","PathToVictory"],"picked":"Prostrate+1","floor":21},{"not_picked":["SashWhip","Halt"],"picked":"Prostrate+1","floor":22},{"not_picked":["Tantrum+1","JustLucky+1"],"picked":"Worship","floor":24},{"not_picked":["ThirdEye","Evaluate+1"],"picked":"FollowUp+1","floor":27},{"not_picked":["Fasting2+1","Evaluate"],"picked":"Adaptation","floor":31},{"not_picked":["Blasphemy","Scrawl"],"picked":"Establishment","floor":33},{"not_picked":["Tantrum+1"],"picked":"SKIP","floor":35},{"not_picked":["Crescendo+1"],"picked":"SKIP","floor":36},{"not_picked":[],"picked":"Collect","floor":37},{"not_picked":[],"picked":"Weave+1","floor":40},{"not_picked":["EmptyBody"],"picked":"SKIP","floor":42},{"not_picked":[],"picked":"WheelKick+1","floor":44},{"not_picked":["BattleHymn"],"picked":"SKIP","floor":45},{"not_picked":["BattleHymn"],"picked":"SKIP","floor":45}],"player_experience":175153,"relics_obtained":[{"floor":9,"key":"Bronze Scales"},{"floor":12,"key":"MawBank"},{"floor":17,"key":"reliquary:Spinner"},{"floor":17,"key":"Meat on the Bone"},{"floor":17,"key":"reliquary:Dhvaja"},{"floor":24,"key":"Smiling Mask"},{"floor":26,"key":"Molten Egg 2"},{"floor":40,"key":"reliquary:PurpleTingedLeaf"},{"floor":42,"key":"Bottled Flame"},{"floor":43,"key":"Orichalcum"}],"event_choices":[{"cards_removed":["Regret"],"damage_healed":0,"gold_gain":0,"player_choice":"Forget","damage_taken":0,"max_hp_gain":0,"max_hp_loss":0,"event_name":"Living Wall","floor":5,"gold_loss":0},{"damage_healed":24,"gold_gain":0,"player_choice":"Banana","damage_taken":0,"max_hp_gain":0,"max_hp_loss":0,"event_name":"Big Fish","floor":7,"gold_loss":0},{"damage_healed":0,"gold_gain":0,"player_choice":"Entered Light","damage_taken":14,"max_hp_gain":0,"max_hp_loss":0,"event_name":"Shining Light","floor":8,"gold_loss":0,"cards_upgraded":["FollowUp","Defend_P"]},{"damage_healed":0,"gold_gain":0,"player_choice":"Simplicity","damage_taken":0,"max_hp_gain":0,"max_hp_loss":0,"event_name":"Back to Basics","floor":20,"gold_loss":0,"cards_upgraded":["Strike_P","Strike_P","Strike_P","Strike_P","Defend_P","Defend_P","Defend_P"]},{"damage_healed":0,"gold_gain":0,"player_choice":"Became a Ghost","damage_taken":0,"max_hp_gain":0,"max_hp_loss":36,"event_name":"Ghosts","floor":25,"gold_loss":0,"cards_obtained":["Ghostly","Ghostly","Ghostly","Ghostly","Ghostly"]},{"damage_healed":0,"gold_gain":0,"player_choice":"Read","damage_taken":0,"max_hp_gain":0,"max_hp_loss":0,"event_name":"The Library","floor":28,"gold_loss":0,"cards_obtained":["Ragnarok"]},{"damage_healed":0,"gold_gain":0,"player_choice":"Upgraded","damage_taken":0,"max_hp_gain":0,"max_hp_loss":0,"event_name":"Upgrade Shrine","floor":30,"gold_loss":0,"cards_upgraded":["Ghostly"]}],"is_beta":false,"boss_relics":[{"not_picked":["SlaversCollar","Velvet Choker"],"picked":"Calling Bell"},{"not_picked":["reliquary:RustamsPendant","Runic Dome"],"picked":"Busted Crown"}],"items_purged_floors":[39],"is_endless":false,"potions_floor_spawned":[2,3,6,14,19,22,27,31,35,37,42],"killed_by":"Reptomancer","ascension_level":1}}