{"host":"mithrandi","time":1614334477,"event":{"mods":["BaseMod","Colored Map","Highlight Path","Minty Spire (QoL Compilation)","SuperFastMode"],"gold_per_floor":[15,15,27,37,37,37,70,70,95,95,106,138,155,169,169,245,245,220,234,2,277,2,2,2],"floor_reached":23,"language":"ENG","playtime":999,"items_purged":["Pain","Regret"],"score":452,"play_id":"b3ca38e7-1ef7-4396-99a3-e6947ef85c42","local_time":"20210226121437","is_ascension_mode":true,"campfire_choices":[{"data":"Sunder","floor":6.0,"key":"SMITH"},{"data":"Self Repair","floor":10,"key":"SMITH"},{"data":"Coolheaded","floor":15,"key":"SMITH"}],"circlet_count":0,"master_deck":["AscendersBane","Zap","Dualcast","Sunder+1","Rip and Tear","Reinforced Body","Self Repair+1","Meteor Strike","Genetic Algorithm","Coolheaded+1","Chill","Recycle","Genetic Algorithm","Loop","Reprogram","Echo Form","Meteor Strike","Redo+1","Compile Driver","Self Repair","Ball Lightning","Chill"],"relics":["Cracked Core","Akabeko","WarpedTongs","Toy Ornithopter","Pen Nib","Pandora\u0027s Box","Juzu Bracelet"],"acts_visited":["Exordium","TheCity"],"potions_floor_usage":[7,12,16,16],"damage_taken":[{"damage":5.0,"enemies":"Small Slimes","floor":1.0,"turns":4.0},{"damage":0.0,"enemies":"Cultist","floor":3.0,"turns":3.0},{"damage":0.0,"enemies":"2 Louse","floor":4.0,"turns":1.0},{"damage":0,"enemies":"Gremlin Nob","floor":7,"turns":2},{"damage":15,"enemies":"Red Slaver","floor":11,"turns":2},{"damage":17,"enemies":"Lagavulin","floor":12,"turns":6},{"damage":3,"enemies":"Blue Slaver","floor":13,"turns":5},{"damage":13,"enemies":"2 Fungi Beasts","floor":14,"turns":4},{"damage":32,"enemies":"Hexaghost","floor":16,"turns":9},{"damage":35,"enemies":"2 Thieves","floor":18,"turns":4},{"damage":23,"enemies":"Chosen","floor":19,"turns":6},{"damage":27,"enemies":"Snake Plant","floor":23,"turns":4}],"seed_played":"2111188514081307360","potions_obtained":[{"floor":1.0,"key":"FearPotion"},{"floor":3.0,"key":"Weak Potion"},{"floor":11,"key":"LiquidBronze"},{"floor":12,"key":"Block Potion"},{"floor":19,"key":"PowerPotion"}],"is_trial":false,"path_per_floor":["M","?","M","M","$","R","E","?","T","R","M","E","M","M","R","B",null,"M","M","$","?","$","M"],"character_chosen":"DEFECT","items_purchased":["Juzu Bracelet","Self Repair","Ball Lightning","Chill"],"campfire_rested":0,"item_purchase_floors":[20,22,22,22],"current_hp_per_floor":[59,59,59,59,59,59,59,59,59,59,54,52,59,56,56,44,64,49,26,26,26,26,0,0],"gold":2,"neow_bonus":"REMOVE_TWO","is_daily":false,"chose_seed":false,"campfire_upgraded":3,"win_rate":0.0,"timestamp":1614334477,"path_taken":["M","?","M","?","$","R","E","?","T","R","M","E","?","M","R","BOSS","M","M","$","?","$","M"],"items_purchased_type":["Relic","Card","Card","Card"],"build_version":"2020-12-18","purchased_purges":2,"victory":false,"max_hp_per_floor":[71,71,71,71,71,71,71,71,71,71,71,71,71,71,71,71,71,71,71,71,71,71,71,71],"card_choices":[{"not_picked":["Glacier","Rebound"],"picked":"Sunder","floor":1.0},{"not_picked":["Sweeping Beam","Rebound"],"picked":"Reinforced Body","floor":3.0},{"not_picked":["Reinforced Body","Doom and Gloom"],"picked":"Self Repair","floor":4.0},{"not_picked":["Beam Cell","Gash"],"picked":"Meteor Strike","floor":7},{"not_picked":["Self Repair","Redo"],"picked":"Genetic Algorithm","floor":11},{"not_picked":["Streamline","Steam"],"picked":"Coolheaded","floor":12},{"not_picked":["Auto Shields","Fusion"],"picked":"Chill","floor":13},{"not_picked":["Sweeping Beam","Darkness","White Noise"],"picked":"SKIP","floor":14},{"not_picked":["Genetic Algorithm","Lockon"],"picked":"Redo+1","floor":18},{"not_picked":["Force Field","Lockon+1"],"picked":"Compile Driver","floor":19}],"player_experience":3138694,"relics_obtained":[{"floor":7,"key":"Akabeko"},{"floor":9,"key":"Toy Ornithopter"},{"floor":12,"key":"Pen Nib"}],"event_choices":[{"damage_healed":0.0,"max_hp_gain":0.0,"max_hp_loss":0.0,"gold_gain":0.0,"event_name":"Match and Keep!","player_choice":"1 cards matched","floor":2.0,"gold_loss":0.0,"damage_taken":0.0,"cards_obtained":["Rip and Tear"]},{"damage_healed":0,"gold_gain":0,"player_choice":"Rummage","damage_taken":0,"relics_obtained":["WarpedTongs"],"max_hp_gain":0,"max_hp_loss":0,"event_name":"Accursed Blacksmith","floor":8,"gold_loss":0,"cards_obtained":["Pain"]},{"damage_healed":0,"gold_gain":275,"player_choice":"Desecrate","damage_taken":0,"max_hp_gain":0,"max_hp_loss":0,"event_name":"Golden Shrine","floor":21,"gold_loss":0,"cards_obtained":["Regret"]}],"is_beta":true,"boss_relics":[{"not_picked":["FrozenCore","Velvet Choker"],"picked":"Pandora\u0027s Box"}],"items_purged_floors":[20,22],"is_endless":false,"potions_floor_spawned":[1,3,11,12,13,19],"killed_by":"Snake Plant","ascension_level":20}}