{"host":"i0nufhl6g9ryeroh","time":1614328906,"event":{"mods":["2.2 Compatiblity","Act Like it!","Aspiration","Bard","BaseMod","ChefMod","Conspire","Dark Map","Downfall","Fox Events","Friendly Minions","GifTheSpireLib","Gremlin Mod","Halation","Hallownest","Hermit","Hubris","Infinite Spire","Jedi Mod","Jorbs\u0027s Wanderer Trilogy","Minty Spire (QoL Compilation)","Pale of the Ancients","Potionbrewer","QueenMod","Relic Sorter","Relic Stats","Replay The Spire","SIMod","Shop Mod","StSLib","Strawberry Spire","Stuff the Spire","The Blackbeard","The Blue Laboratory","The Bug Knight","The Construct","The Cursed","The Disciple","The Dragon Tamer","The Gatherer","The Hayseed","The Judge","The Jungle","The Marked","The Runesmith","The Sage","The Servant 0.9.4","The Showman","TheBandit","TheVacant","Thieving Mod","Useless Jewels Mod","Wandering Minibosses"],"gold_per_floor":[116,116,127,142,142,142,173,173,173,187,187,202,202,231,231,329,329,346,360,360,375,375,375,402,402,426,426,439,439,106,106,106,203,203,213,231,231,5,5,5,30,49,49,60,71,71,71],"floor_reached":46,"language":"RUS","playtime":3295,"items_purged":["theMarked:Strike","Pride"],"score":503,"play_id":"bb8fdf02-56df-4429-a50d-d4bb2db8f0fb","local_time":"20210226114146","is_ascension_mode":false,"campfire_choices":[{"data":"theMarked:EmpowerWeapon","floor":6,"key":"SMITH"},{"data":"theMarked:ParalyzingBlade","floor":8,"key":"SMITH"},{"data":"theMarked:MuscleMemory","floor":13,"key":"SMITH"},{"data":"theMarked:ParalyzingBlade","floor":15,"key":"SMITH"},{"data":"theMarked:TurnInvisible","floor":23,"key":"SMITH"},{"data":"theMarked:SoldierOfQuellstein","floor":25,"key":"SMITH"},{"data":"theMarked:SwordAndMagic","floor":27,"key":"SMITH"},{"floor":29,"key":"REST"},{"floor":32,"key":"RECALL"},{"data":"theMarked:BiggerThanFate","floor":40,"key":"SMITH"}],"circlet_count":0,"master_deck":["theMarked:Strike","theMarked:Strike","theMarked:Strike","theMarked:Defend","theMarked:Defend","theMarked:Defend","theMarked:Defend","theMarked:SoldierOfQuellstein+1","theMarked:ParalyzingBlade+1","theMarked:ParalyzingBlade+1","theMarked:MuscleMemory+1","theMarked:SwordAndMagic+1","theMarked:TurnInvisible+1","theMarked:Improvise+1","theMarked:EmpowerWeapon+1","theMarked:BiggerThanFate+1"],"relics":["theMarked:ArtifactOfAir","halation:PinkSoulGem","Regal Pillow","conspire:GlowingRock","Hallownest:DreamNailRelic","jedi:Pinwheel","infinitespire:Cupcake","aspiration:Stabinomicon","MealTicket","MerchantsRug","strawberrySpire:InflatableHammer","Chameleon Ring","blackbeard:HipFlask","StuffTheSpire:Experiment12","Frozen Egg 2"],"acts_visited":["Hallownest:Greenpath","TheCity","Hallownest:KingdomsEdge"],"potions_floor_usage":[16,28,41,41,44,44,45],"damage_taken":[{"damage":2,"enemies":"Hallownest:2_Baldur","floor":1,"turns":4},{"damage":5,"enemies":"Hallownest:monsterHuskWarrior","floor":3,"turns":4},{"damage":2,"enemies":"Hallownest:monsterHuskGuard","floor":4,"turns":4},{"damage":6,"enemies":"Hallownest:eliteVengeflyKing","floor":7,"turns":6},{"damage":20,"enemies":"Hallownest:Guard_and_Warrior","floor":10,"turns":5},{"damage":1,"enemies":"Hallownest:2_Tiktiks_1_Baldur_1_Crawlid","floor":12,"turns":5},{"damage":1,"enemies":"Hallownest:eliteCrystalGuardian","floor":14,"turns":5},{"damage":43,"enemies":"Hallownest:BossFalseKnight","floor":16,"turns":7},{"damage":2,"enemies":"Chosen","floor":18,"turns":5},{"damage":8,"enemies":"Shell Parasite","floor":19,"turns":4},{"damage":26,"enemies":"Shelled Parasite and Fungi","floor":21,"turns":5},{"damage":22,"enemies":"Nightmare","floor":24,"turns":7},{"damage":0,"enemies":"conspire:HollyBat","floor":28,"turns":6},{"damage":20,"enemies":"conspire:MysteriousRune","floor":33,"turns":7},{"damage":20,"enemies":"Hallownest:Shield_Heavy","floor":35,"turns":4},{"damage":27,"enemies":"Hallownest:3_Siblings","floor":36,"turns":4},{"damage":17,"enemies":"Nightmare","floor":41,"turns":4},{"damage":9,"enemies":"Hallownest:2_Great","floor":42,"turns":6},{"damage":3,"enemies":"Hallownest:Xero_Hu_Marmu","floor":44,"turns":3},{"damage":4,"enemies":"Hallownest:monsterPrimalAspid","floor":45,"turns":4},{"damage":2,"enemies":"Hallownest:StalkingDevout","floor":46,"turns":4}],"seed_played":"5023743600940660296","potions_obtained":[{"floor":3,"key":"BlessingOfTheForge"},{"floor":4,"key":"Dexterity Potion"},{"floor":14,"key":"blueLaboratory:BubblePotion"},{"floor":16,"key":"blueLaboratory:BottleOfRum"},{"floor":18,"key":"blueLaboratory:FrostheartPotion"},{"floor":35,"key":"blueLaboratory:BottledHope"},{"floor":42,"key":"potionbrewer:HastePotion"},{"floor":44,"key":"Dexterity Potion"}],"is_trial":false,"path_per_floor":["M","?","M","M","?","R","E","R","T","M","?","M","R","E","R","B",null,"M","M","?","M","?","R","NM","R","T","R","M","R","$","?","R","B",null,"M","M","?","$","?","R","NM","M","T","M","M","E"],"character_chosen":"THE_DEFAULT","items_purchased":["MerchantsRug","strawberrySpire:InflatableHammer","Chameleon Ring"],"campfire_rested":1,"item_purchase_floors":[30,30,38],"current_hp_per_floor":[77,77,72,70,78,78,72,72,72,52,52,51,51,50,50,7,79,77,69,69,43,27,27,5,5,5,5,5,43,58,61,61,41,82,62,35,35,50,35,35,18,9,9,6,2,0,0],"gold":71,"neow_bonus":"TEN_PERCENT_HP_BONUS","is_daily":false,"chose_seed":false,"campfire_upgraded":8,"win_rate":0.0,"timestamp":1614328906,"path_taken":["M","?","M","M","?","R","E","R","T","?","?","?","R","E","R","BOSS","M","M","?","?","?","R","NM","R","T","R","?","R","$","?","R","BOSS","M","M","?","$","?","R","NM","M","T","M","?","E"],"items_purchased_type":["Relic","Relic","Relic"],"build_version":"2020-12-22","purchased_purges":2,"victory":false,"max_hp_per_floor":[79,79,79,79,79,79,79,79,79,79,79,79,79,79,79,79,79,79,79,79,79,79,79,79,79,79,79,79,79,79,82,82,82,82,82,82,82,82,82,82,82,82,82,82,82,82,82],"relic_stats":{"Regal Pillow":15,"counters":[21,103],"MealTicket":30,"obtain_stats":[{"MerchantsRug":30,"jedi:command_common":39,"Regal Pillow":7,"Hallownest:DreamNailRelic":11,"aspiration:Stabinomicon":22,"jedi:Pinwheel":14,"Frozen Egg 2":43,"blackbeard:HipFlask":39,"theMarked:ArtifactOfAir":0,"StuffTheSpire:Experiment12":41,"conspire:GlowingRock":9,"Chameleon Ring":38,"StuffTheSpire:Mouthbags":24,"MealTicket":26,"strawberrySpire:InflatableHammer":30,"hubris:CrackedHourglass":34,"halation:PinkSoulGem":2,"infinitespire:Cupcake":17},{"MerchantsRug":13,"jedi:command_common":16,"Regal Pillow":4,"Hallownest:DreamNailRelic":5,"aspiration:Stabinomicon":11,"jedi:Pinwheel":7,"Frozen Egg 2":18,"blackbeard:HipFlask":16,"theMarked:ArtifactOfAir":0,"StuffTheSpire:Experiment12":17,"conspire:GlowingRock":4,"Chameleon Ring":16,"StuffTheSpire:Mouthbags":12,"MealTicket":12,"strawberrySpire:InflatableHammer":13,"hubris:CrackedHourglass":14,"halation:PinkSoulGem":1,"infinitespire:Cupcake":8},{"MerchantsRug":67,"jedi:command_common":82,"Regal Pillow":18,"Hallownest:DreamNailRelic":23,"aspiration:Stabinomicon":54,"jedi:Pinwheel":33,"Frozen Egg 2":92,"blackbeard:HipFlask":82,"theMarked:ArtifactOfAir":0,"StuffTheSpire:Experiment12":86,"conspire:GlowingRock":18,"Chameleon Ring":82,"StuffTheSpire:Mouthbags":61,"MealTicket":61,"strawberrySpire:InflatableHammer":67,"hubris:CrackedHourglass":74,"halation:PinkSoulGem":4,"infinitespire:Cupcake":40}]},"card_choices":[{"not_picked":["theMarked:Memento","theMarked:WardOff"],"picked":"theMarked:ParalyzingBlade","floor":1},{"not_picked":["theMarked:EnhanceMovement","theMarked:Opportunist"],"picked":"theMarked:EmpowerWeapon","floor":3},{"not_picked":["theMarked:ResourceFulStrike","theMarked:ChainLightning"],"picked":"theMarked:ParalyzingBlade","floor":4},{"not_picked":["theMarked:Determination","theMarked:Defy","theMarked:WastefulAttack"],"picked":"SKIP","floor":7},{"not_picked":["theMarked:ResourceFulStrike","theMarked:HeightenedSenses","theMarked:Memento"],"picked":"SKIP","floor":10},{"not_picked":["theMarked:RogueSparks","theMarked:TakeCover"],"picked":"theMarked:MuscleMemory","floor":12},{"not_picked":["theMarked:RepellingDischarge","theMarked:EnhanceMovement"],"picked":"theMarked:SwordAndMagic","floor":14},{"not_picked":["theMarked:MagusForm","theMarked:DispelDoubt"],"picked":"theMarked:TurnInvisible","floor":16},{"not_picked":["theMarked:Parry","theMarked:Frustration","theMarked:ParalyzingBlade+1"],"picked":"SKIP","floor":18},{"not_picked":["theMarked:Improvise+1","theMarked:Maelstrom+1","theMarked:BanishingStrike"],"picked":"SKIP","floor":19},{"not_picked":["theMarked:Improvise+1","theMarked:Maelstrom+1","theMarked:BanishingStrike"],"picked":"SKIP","floor":19},{"not_picked":["theMarked:TakeCover","theMarked:ElectricStrings"],"picked":"theMarked:Improvise+1","floor":21},{"not_picked":["theMarked:Static+1","theMarked:WastefulAttack","theMarked:Improvise"],"picked":"SKIP","floor":24},{"not_picked":["theMarked:Opportunist+1","theMarked:PowerFlow+1","theMarked:TurnInvisible"],"picked":"SKIP","floor":28},{"not_picked":["theMarked:Snap","theMarked:Levitate"],"picked":"theMarked:BiggerThanFate","floor":33},{"not_picked":["theMarked:WardOff","theMarked:Improvise+1","theMarked:ResourceFulStrike"],"picked":"SKIP","floor":35},{"not_picked":["theMarked:ElectricStrings","theMarked:SwordAndMagic+1","theMarked:ResourceFulStrike+1"],"picked":"SKIP","floor":36},{"not_picked":["theMarked:LightningStrikesTwice","theMarked:ElectricStrings+1","theMarked:Improvise"],"picked":"SKIP","floor":41},{"not_picked":["theMarked:Convert+1","theMarked:LightningStrikesTwice","theMarked:SwordAndMagic+1"],"picked":"SKIP","floor":42},{"not_picked":["theMarked:HeightenedSenses","theMarked:Generate","theMarked:SelfDefenseTraining"],"picked":"SKIP","floor":44},{"not_picked":["theMarked:BanishingStrike","theMarked:WardOff+1","theMarked:TwofoldDefense+1"],"picked":"SKIP","floor":45}],"player_experience":460204,"relics_obtained":[{"floor":7,"key":"Regal Pillow"},{"floor":9,"key":"conspire:GlowingRock"},{"floor":14,"key":"jedi:Pinwheel"},{"floor":22,"key":"aspiration:Stabinomicon"},{"floor":24,"key":"StuffTheSpire:Mouthbags"},{"floor":26,"key":"MealTicket"},{"floor":41,"key":"StuffTheSpire:Experiment12"},{"floor":43,"key":"Frozen Egg 2"}],"event_choices":[{"cards_removed":["theMarked:Strike"],"damage_healed":0,"gold_gain":0,"player_choice":"Purged","damage_taken":0,"max_hp_gain":0,"max_hp_loss":0,"event_name":"Purifier","floor":20,"gold_loss":0},{"damage_healed":0,"gold_gain":0,"player_choice":"Obtained Book","damage_taken":16,"max_hp_gain":0,"max_hp_loss":0,"event_name":"Cursed Tome","floor":22,"gold_loss":0}],"is_beta":false,"boss_relics":[{"not_picked":["Honey Jar","theMarked:BronzeBlade"],"picked":"infinitespire:Cupcake"},{"not_picked":["Replay:Bronze Core","halation:Risk"],"picked":"hubris:CrackedHourglass"}],"items_purged_floors":[30,38],"is_endless":true,"potions_floor_spawned":[3,4,14,16,18,19,35,42,44],"killed_by":"Hallownest:StalkingDevout","ascension_level":0}}