{"host":"pgavbdzzfv24grxe","time":1614359692,"event":{"mods":["Act Like it!","Aspiration","BaseMod","Better Note","Better Vampires","DeckTracker","Defuse TimeMaze Blight","Dio Mod","Dota2Spire","Gensokyo","GifTheSpireLib","Hallownest","Highlight Path","Kratos Character Expansion","Marisa（F雨　魔理沙）","Minty Spire (QoL Compilation)","SOS（斯巴达之子）","Shop Mod","StSLib","The Bug Knight","The Cursed","The Hierophant","Waifu the Spire","【功能Mod】聪明的最终Boss","篝火指南"],"gold_per_floor":[118,43,43,43,58,58,74,99,125,125,125,125,125,160,10,108,108,122,18,61,61,26,26,26,72,151,212,241,316,890,602,47,186,198,252,279,20,20,38,97,97,97,123,140,182,97,122,2,2,32],"floor_reached":51,"language":"ZHS","playtime":15698,"items_purged":["HollowMod:FocusHealStart","HollowMod:QuickDashStart"],"score":774,"play_id":"a6a9fb7a-ea94-47d5-812e-929b97b7d4b2","local_time":"20210226121452","is_ascension_mode":false,"campfire_choices":[{"data":"HollowMod:LifebloodCocoon","floor":10.0,"key":"SMITH"},{"data":"HollowMod:LifebloodCocoon","floor":13.0,"key":"SMITH"},{"data":"HollowMod:BrokenVessel","floor":24.0,"key":"SMITH"},{"data":"Apotheosis","floor":49,"key":"SMITH"}],"circlet_count":0,"master_deck":["HollowMod:NailStrikeStart","HollowMod:NailStrikeStart","HollowMod:NailStrikeStart","HollowMod:NailStrikeStart","HollowMod:QuickDashStart","CurseOfTheBell","HollowMod:LifebloodCocoon+1","HollowMod:LifebloodCocoon+1","HollowMod:NewJinnsSoul","HollowMod:InfectedCysts","HollowMod:TaintedHusks","HollowMod:BrokenVessel+1","HollowMod:LifebloodCore+1","HollowMod:MantisMark+1","HollowMod:InfectedAttack","HollowMod:CloakDash+1","HollowMod:InfectionAssault","HollowMod:DashSlash","HollowMod:NewLastStag","Apotheosis+1","HollowMod:PaleKingsBlessing","HollowMod:TaintedHusks","Panache","HollowMod:CloakDash+1","HollowMod:CloakDash+1","HollowMod:SiblingsSouls","Pride","Injury","HollowMod:InfectedCysts","HollowMod:HuntersJournal+1","Hallownest:skillKingdomsEdgeMap","HollowMod:MonarchWings"],"relics":["Bronze Scales","aspiration:SeaSaltIceCream","Ice Cream","aspiration:Nostalgia","PureWater","Hallownest:BankAccountRelic","Du-Vu Doll","HollowMod:PaleOreRelic","Regal Pillow","Hallownest:DreamNailRelic","Nunchaku","Dota2Spire:RefresherOrb","Dota2Spire:HandOfMidas","Darkstone Periapt","MawBank","Pen Nib","Ginger","Cursed Key","Dota2Spire:BladeMail","Bird Faced Urn","Hallownest:BeastSealRelic","Dota2Spire:PowerTreads","aspiration:HiddenCompartment","Hallownest:SoulVesselRelic"],"acts_visited":["Hallownest:Greenpath","Hallownest:CityofTears","Hallownest:KingdomsEdge"],"potions_floor_usage":[50,50],"damage_taken":[{"damage":4.0,"enemies":"Hallownest:2_Tiktiks_and_1_Crawlid","floor":1.0,"turns":2.0},{"damage":0.0,"enemies":"2_ Uuma","floor":5.0,"turns":4.0},{"damage":0.0,"enemies":"Hallownest:monsterHuskGuard","floor":7.0,"turns":3.0},{"damage":0.0,"enemies":"Hallownest:eliteMossKnight","floor":8.0,"turns":7.0},{"damage":19.0,"enemies":"Hallownest:eliteCrystalGuardian","floor":14.0,"turns":6.0},{"damage":25.0,"enemies":"Hallownest:BossBrokenVessel","floor":16.0,"turns":8.0},{"damage":25.0,"enemies":"Hallownest:Guard_and_Sentry","floor":18.0,"turns":4.0},{"damage":2.0,"enemies":"Hallownest:2_Mistakes","floor":20.0,"turns":6.0},{"damage":5.0,"enemies":"Hallownest:2_Husk_Sentries","floor":25.0,"turns":4.0},{"damage":11.0,"enemies":"Hallownest:eliteSoulWarrior","floor":27.0,"turns":6.0},{"damage":0.0,"enemies":"Hallownest:2_Flukemon","floor":28.0,"turns":4.0},{"damage":0.0,"enemies":"Hallownest:Nosk","floor":29.0,"turns":6.0},{"damage":21.0,"enemies":"Hallownest:BossSoulMaster","floor":33.0,"turns":7.0},{"damage":20.0,"enemies":"Hallownest:3_Siblings","floor":35.0,"turns":5.0},{"damage":0,"enemies":"Hallownest:Shield_Heavy","floor":36,"turns":3},{"damage":17,"enemies":"Hallownest:2_Great","floor":39,"turns":3},{"damage":10,"enemies":"Hallownest:StalkingDevout","floor":40,"turns":4},{"damage":27,"enemies":"Hallownest:monsterPrimalAspid","floor":44,"turns":2},{"damage":15,"enemies":"Hallownest:Xero_Hu_Marmu","floor":45,"turns":3},{"damage":46,"enemies":"Hallownest:eliteCollector","floor":47,"turns":4},{"damage":19,"enemies":"Hallownest:BossGreyPrinceZote","floor":50,"turns":4}],"seed_played":"2780448594314182778","potions_obtained":[{"floor":7.0,"key":"Dexterity Potion"},{"floor":14.0,"key":"SmokeBomb"},{"floor":18.0,"key":"DistilledChaos"},{"floor":28.0,"key":"SpeedPotion"},{"floor":40,"key":"CultistPotion"},{"floor":45,"key":"SkillPotion"}],"is_trial":false,"path_per_floor":["M","?","?","T","M","R","M","E","T","R","?","?","R","E","R","B",null,"M","$","M","?","$","?","R","M","T","E","M","E","?","?","R","B",null,"M","M","$","?","M","E","?","?","T","M","M","?","E","?","R","B",null],"character_chosen":"THE_BUGKNIGHT","items_purchased":["HollowMod:MantisMark","HollowMod:BrokenVessel","Dota2Spire:HandOfMidas","Ginger","Apotheosis","Dota2Spire:BladeMail","Panache"],"campfire_rested":0,"item_purchase_floors":[15,15,19,32,32,37,37],"current_hp_per_floor":[71,71,71,71,71,71,71,71,71,71,71,71,71,52,52,27,75,50,50,48,48,48,48,48,43,43,32,32,32,32,32,32,11,75,67,75,75,75,69,75,75,81,87,62,61,61,35,35,35,38],"gold":32,"neow_bonus":"BOSS_RELIC","is_daily":false,"chose_seed":false,"campfire_upgraded":4,"win_rate":0.0,"timestamp":1614359692,"path_taken":["M","?","?","?","M","R","M","E","T","R","?","?","R","E","R","BOSS","M","$","M","?","$","?","R","M","T","E","M","E","?","?","R","BOSS","M","M","$","?","M","E","?","?","T","M","M","?","E","?","R","BOSS"],"items_purchased_type":["Card","Card","Relic","Relic","Card","Relic","Card"],"build_version":"2020-12-22","purchased_purges":2,"victory":true,"max_hp_per_floor":[75,75,75,75,75,75,75,75,75,75,75,75,75,75,75,75,75,75,75,75,75,75,75,75,75,75,75,75,75,75,75,75,75,75,75,75,75,75,75,75,75,81,87,87,87,87,87,87,87,87],"card_choices":[{"not_picked":["HollowMod:CloakDash","HollowMod:InfectionAssault"],"picked":"HollowMod:LifebloodCocoon","floor":1.0},{"not_picked":["HollowMod:CornifersMapStart","HollowMod:ElderbugsWisdom"],"picked":"HollowMod:LifebloodCocoon","floor":5.0},{"not_picked":["HollowMod:ChannelNail","HollowMod:DoubleDash"],"picked":"HollowMod:NewJinnsSoul","floor":7.0},{"not_picked":["HollowMod:GreatSlash","HollowMod:ShadowDash"],"picked":"HollowMod:InfectedCysts","floor":8.0},{"not_picked":["HollowMod:SoulSplash","HollowMod:SoulVessel"],"picked":"HollowMod:TaintedHusks","floor":14.0},{"not_picked":["HollowMod:AwokenDreamNail","HollowMod:SoulMaster"],"picked":"HollowMod:LifebloodCore","floor":16.0},{"not_picked":["HollowMod:CycloneSlash+1","HollowMod:SoulShaman"],"picked":"HollowMod:MantisMark+1","floor":18.0},{"not_picked":["HollowMod:BaldurShell","HollowMod:DoubleDash","HollowMod:RecoilStrike"],"picked":"SKIP","floor":20.0},{"not_picked":["HollowMod:MonarchWings","HollowMod:TaintedHusks"],"picked":"HollowMod:InfectedAttack","floor":25.0},{"not_picked":["HollowMod:ZotesMagnificence","HollowMod:NewLittleFool+1"],"picked":"HollowMod:CloakDash+1","floor":27.0},{"not_picked":["HollowMod:NewLittleFool","HollowMod:HowlingWraiths"],"picked":"HollowMod:InfectionAssault","floor":28.0},{"not_picked":["HollowMod:AbyssShriek","HollowMod:SoulSplash"],"picked":"HollowMod:DashSlash","floor":29.0},{"not_picked":["HollowMod:PureVessel","HollowMod:LordofShades"],"picked":"HollowMod:PaleKingsBlessing","floor":33.0},{"not_picked":["HollowMod:SoulSplash+1","HollowMod:SoulStrike+1","HollowMod:BaldurShell+1"],"picked":"SKIP","floor":35},{"not_picked":["HollowMod:SoulSplash+1","HollowMod:SoulStrike"],"picked":"HollowMod:TaintedHusks","floor":36},{"not_picked":["HollowMod:CornifersMapStart+1","HollowMod:HeavyBlow+1","HollowMod:LuriensSpire+1"],"picked":"SKIP","floor":39},{"not_picked":["HollowMod:BlackTendrils+1","HollowMod:CrystalDash"],"picked":"HollowMod:SiblingsSouls","floor":40},{"not_picked":["HollowMod:DungDefenderAura","HollowMod:WraithStrike"],"picked":"HollowMod:InfectedCysts","floor":44},{"not_picked":["HollowMod:DashSlash","HollowMod:CornifersMapStart+1"],"picked":"HollowMod:HuntersJournal+1","floor":45},{"not_picked":["HollowMod:AbyssShriek+1","HollowMod:MonomonsArchive"],"picked":"HollowMod:MonarchWings","floor":47}],"player_experience":287308,"relics_obtained":[{"floor":0.0,"key":"Bronze Scales"},{"floor":0.0,"key":"aspiration:SeaSaltIceCream"},{"floor":0.0,"key":"Ice Cream"},{"floor":4.0,"key":"Du-Vu Doll"},{"floor":8.0,"key":"HollowMod:PaleOreRelic"},{"floor":9.0,"key":"Regal Pillow"},{"floor":14.0,"key":"Nunchaku"},{"floor":26.0,"key":"Darkstone Periapt"},{"floor":27.0,"key":"MawBank"},{"floor":29.0,"key":"Pen Nib"},{"floor":40,"key":"Bird Faced Urn"},{"floor":43,"key":"Dota2Spire:PowerTreads"},{"floor":47,"key":"aspiration:HiddenCompartment"}],"event_choices":[],"is_beta":false,"boss_relics":[{"not_picked":["Tiny House","aspiration:MarisaSkillbook"],"picked":"Dota2Spire:RefresherOrb"},{"not_picked":["aspiration:RitualDagger","SacredBark"],"picked":"Cursed Key"}],"items_purged_floors":[22,32],"is_endless":false,"potions_floor_spawned":[7,14,18,28,40,45],"ascension_level":0}}