{"host":"vrsxkkch9ccrec7k","time":1614326952,"event":{"mods":["Act Like it!","BaseMod","Bestiary","Better Altar","Better Match","Better Note","Better Sensory Stone","Better Skull","Better Third Choice","Better Vampires","Downfall","Minty Spire (QoL Compilation)","Permanent Neow","Relic Stats","Spicy Shops","StSLib"],"gold_per_floor":[99,109,126,126,141,141,141,159,159,14,14,41,56,56,75,149,149,149,168,187,200,200,200,200,200,200,235,10,29,29,48,64,64,64,64],"floor_reached":33,"language":"ENG","playtime":1950,"items_purged":["champ:Strike"],"score":484,"play_id":"afc8794a-4097-4495-a056-9a7850753568","local_time":"20210226030912","is_ascension_mode":true,"campfire_choices":[{"data":"champ:Execute","floor":1,"key":"SMITH"},{"data":"champ:Duel","floor":6,"key":"SMITH"},{"data":"champ:Taunt","floor":11,"key":"SMITH"},{"data":"champ:BerserkersShout","floor":18,"key":"SMITH"},{"floor":23,"key":"REST"},{"floor":30,"key":"REST"}],"circlet_count":0,"master_deck":["AscendersBane","champ:Strike","champ:Strike","champ:Strike","champ:Defend","champ:Defend","champ:Defend","champ:Defend","champ:Execute+1","champ:Taunt+1","champ:FanOfKnives","champ:Duel+1","champ:CrookedStrike","champ:SwordSigil","champ:FocusedBerserking","champ:BerserkersShout+1","champ:SwordSigil","Parasite","champ:GladiatorForm","champ:Improvising","champ:EndlessRage+1","champ:DeathBlow","champ:RecklessLeap","champ:Haymaker","champ:EndlessRage","champ:RecklessLeap"],"relics":["champ:ChampionCrown","Juzu Bracelet","StoneCalendar","InkBottle","MealTicket","Snecko Eye","NlothsMask","champ:FightingForDummies","Pantograph","Bag of Preparation"],"acts_visited":["Exordium","TheCity"],"potions_floor_usage":[12,15,21,21,21,21,21,21,27,32,33],"damage_taken":[{"damage":17,"enemies":"Cultist","floor":2,"turns":4},{"damage":18,"enemies":"Small Slimes","floor":3,"turns":4},{"damage":4,"enemies":"Jaw Worm","floor":5,"turns":3},{"damage":16,"enemies":"2 Fungi Beasts","floor":8,"turns":4},{"damage":25,"enemies":"downfall:FleeingMerchant","floor":10,"turns":4},{"damage":22,"enemies":"Gremlin Nob","floor":12,"turns":4},{"damage":17,"enemies":"Lots of Slimes","floor":13,"turns":3},{"damage":20,"enemies":"Blue Slaver","floor":15,"turns":2},{"damage":123,"enemies":"DF_ARCHETYPE_STREAMLINE","floor":16,"turns":7},{"damage":43,"enemies":"3 Byrds","floor":19,"turns":4},{"damage":91,"enemies":"Shell Parasite","floor":20,"turns":4},{"damage":48,"enemies":"Snecko","floor":21,"turns":4},{"damage":43,"enemies":"Slavers","floor":27,"turns":5},{"damage":79,"enemies":"downfall:FleeingMerchant","floor":28,"turns":4},{"damage":24,"enemies":"Snake Plant","floor":29,"turns":6},{"damage":71,"enemies":"Centurion and Healer","floor":31,"turns":5},{"damage":51,"enemies":"Snecko","floor":32,"turns":4},{"damage":151,"enemies":"IC_MUSHROOM_ARCHETYPE","floor":33,"turns":6}],"seed_played":"-1647807379633546535","potions_obtained":[{"floor":5,"key":"Weak Potion"},{"floor":12,"key":"FairyPotion"},{"floor":15,"key":"SteroidPotion"},{"floor":19,"key":"Dexterity Potion"},{"floor":20,"key":"EntropicBrew"},{"floor":25,"key":"CultistPotion"},{"floor":29,"key":"FearPotion"},{"floor":31,"key":"BlessingOfTheForge"},{"floor":32,"key":"Ancient Potion"}],"is_trial":false,"path_per_floor":["R","M","M","?","M","R","T","M","?","$","R","E","M","?","M","B",null,"R","M","M","M","?","R","T","?","?","E","$","M","R","M","M","B"],"character_chosen":"THE_CHAMP","items_purchased":["SkillPotion","Bag of Preparation","champ:RecklessLeap"],"campfire_rested":2,"item_purchase_floors":[10,28,28],"current_hp_per_floor":[73,66,63,63,59,59,59,58,58,58,58,46,39,59,59,27,68,68,50,29,29,29,53,53,53,53,40,55,41,65,59,58,0,0,0],"gold":64,"neow_bonus":"RANDOM_COMMON_RELIC","is_daily":false,"chose_seed":false,"campfire_upgraded":4,"win_rate":0.0,"timestamp":1614326952,"path_taken":["R","M","M","?","M","R","T","M","?","$","R","E","M","?","M","BOSS","R","M","M","M","?","R","T","?","?","E","$","M","R","M","M","BOSS"],"items_purchased_type":["Potion","Relic","Card"],"build_version":"2020-12-22","purchased_purges":1,"victory":false,"max_hp_per_floor":[81,81,81,81,81,81,81,81,81,81,81,81,81,81,81,81,81,81,81,81,81,81,81,81,81,81,81,81,81,81,81,81,81,81,81],"relic_stats":{"counters":[18,77],"Pantograph":23,"Snecko Eye":[81,87,70,93],"StoneCalendar":[3],"MealTicket":15,"Juzu Bracelet":1,"Bag of Preparation":[8],"obtain_stats":[{"Pantograph":27,"Snecko Eye":17,"champ:ChampionCrown":0,"StoneCalendar":4,"MealTicket":12,"Juzu Bracelet":0,"Bag of Preparation":28,"champ:FightingForDummies":26,"InkBottle":7,"NlothsMask":22},{"Pantograph":13,"Snecko Eye":9,"champ:ChampionCrown":0,"StoneCalendar":2,"MealTicket":6,"Juzu Bracelet":0,"Bag of Preparation":14,"champ:FightingForDummies":12,"InkBottle":3,"NlothsMask":12},{"Pantograph":52,"Snecko Eye":35,"champ:ChampionCrown":0,"StoneCalendar":8,"MealTicket":23,"Juzu Bracelet":0,"Bag of Preparation":56,"champ:FightingForDummies":47,"InkBottle":11,"NlothsMask":47}],"InkBottle":[24]},"card_choices":[{"not_picked":["champ:DefensiveShout","champ:FlashCut"],"picked":"champ:FanOfKnives","floor":2},{"not_picked":["champ:BladeFlurry","champ:PreciseThrust"],"picked":"champ:Duel","floor":3},{"not_picked":["champ:BladeFlurry","champ:TornadoPunch"],"picked":"champ:CrookedStrike","floor":5},{"not_picked":["champ:CrookedStrike","champ:FanOfKnives"],"picked":"champ:SwordSigil","floor":8},{"not_picked":["champ:AdrenalArmor","champ:ShieldSigil"],"picked":"champ:FocusedBerserking","floor":10},{"not_picked":["champ:BladeFlurry","champ:DefensiveShout"],"picked":"champ:BerserkersShout","floor":12},{"not_picked":["champ:DefensiveShout","champ:DeathBlow"],"picked":"champ:SwordSigil","floor":13},{"not_picked":["champ:ShieldSigil","champ:CrookedStrike"],"picked":"champ:GladiatorForm","floor":15},{"not_picked":["champ:LastStand","champ:DancingMaster"],"picked":"champ:Improvising","floor":16},{"not_picked":["champ:RapidStrikes","champ:FlashCut"],"picked":"champ:EndlessRage+1","floor":19},{"not_picked":["champ:ShieldSigil","champ:Parry","champ:Shatter"],"picked":"SKIP","floor":20},{"not_picked":["champ:DefensiveShout","champ:PerfectedStrike+1"],"picked":"champ:DeathBlow","floor":21},{"not_picked":["champ:SwordSigil","champ:BladeFlurry+1","champ:FanOfKnives"],"picked":"SKIP","floor":27},{"not_picked":["champ:SkillfulDodge","champ:Shatter","champ:CrownThrow"],"picked":"SKIP","floor":28},{"not_picked":["champ:BladeFlurry","champ:BerserkerStyle"],"picked":"champ:Haymaker","floor":29},{"not_picked":["champ:ShieldSigil","champ:PreemptiveStrike"],"picked":"champ:EndlessRage","floor":31},{"not_picked":["champ:FalseCounter","champ:BladeFlurry"],"picked":"champ:RecklessLeap","floor":32}],"player_experience":2039260,"relics_obtained":[{"floor":7,"key":"InkBottle"},{"floor":12,"key":"MealTicket"},{"floor":27,"key":"Pantograph"}],"event_choices":[{"damage_healed":0,"gold_gain":1,"player_choice":"LEAVE","damage_taken":0,"max_hp_gain":0,"max_hp_loss":0,"event_name":"betterThird:BetterScrap","floor":9,"gold_loss":0,"cards_obtained":["Ghostly Armor"]},{"damage_healed":20,"gold_gain":0,"player_choice":"Healed and dodged fight","damage_taken":0,"max_hp_gain":0,"max_hp_loss":0,"event_name":"Mushrooms","floor":14,"gold_loss":0,"cards_obtained":["Parasite"]},{"damage_healed":0,"gold_gain":0,"player_choice":"Trade","damage_taken":0,"relics_obtained":["NlothsMask"],"max_hp_gain":0,"max_hp_loss":0,"event_name":"FaceTrader","floor":22,"gold_loss":0}],"is_beta":false,"boss_relics":[{"not_picked":["SlaversCollar","Fusion Hammer"],"picked":"Snecko Eye"}],"items_purged_floors":[10],"is_endless":false,"potions_floor_spawned":[5,12,15,19,20,29,31,32],"killed_by":"IC_MUSHROOM_ARCHETYPE","ascension_level":16}}