{"host":"sav7uxregyirlf69","time":1614301877,"event":{"mods":["AchievementEnabler","BaseMod","Colored Map","DeckTracker","Keyboard Shortcuts","Minty Spire (QoL Compilation)","READ ME - Guardian Mod","StSLib","SuperFastMode"],"gold_per_floor":[112,112,112,131,56,91,103,121,173,173,189,189,200,219,219,296,296,313,323,340,340,340,340,340],"floor_reached":23,"language":"KOR","playtime":541,"items_purged":["Defend_B"],"score":440,"play_id":"9e778fea-b5b7-4f3d-9f4d-c637cc62b0c6","local_time":"20210226101117","is_ascension_mode":true,"campfire_choices":[{"data":"Coolheaded","floor":12,"key":"SMITH"},{"data":"1","floor":15,"key":"LIFT"}],"circlet_count":0,"master_deck":["AscendersBane","Strike_B","Strike_B","Defend_B","Defend_B","Defend_B","Zap","Dualcast","Streamline","Gash","Reinforced Body","Hologram","Machine Learning","Chill","Coolheaded+1","Gash","Go for the Eyes","All For One","Capacitor","Consume"],"relics":["Cracked Core","NeowsBlessing","Symbiotic Virus","Blood Vial","Girya","Nuclear Battery"],"acts_visited":["Exordium","TheCity"],"potions_floor_usage":[13,13,16,23],"damage_taken":[{"damage":0.0,"enemies":"Cultist","floor":1.0,"turns":1.0},{"damage":0,"enemies":"Small Slimes","floor":4,"turns":1},{"damage":0,"enemies":"Gremlin Nob","floor":6,"turns":1},{"damage":0,"enemies":"2 Louse","floor":7,"turns":3},{"damage":1,"enemies":"Large Slime","floor":8,"turns":6},{"damage":8,"enemies":"3 Louse","floor":11,"turns":3},{"damage":4,"enemies":"Gremlin Gang","floor":13,"turns":5},{"damage":0,"enemies":"Red Slaver","floor":14,"turns":3},{"damage":22,"enemies":"Hexaghost","floor":16,"turns":7},{"damage":0,"enemies":"Chosen","floor":18,"turns":3},{"damage":17,"enemies":"Shell Parasite","floor":19,"turns":6},{"damage":11,"enemies":"3 Cultists","floor":20,"turns":5},{"damage":67,"enemies":"Gremlin Leader","floor":23,"turns":5}],"seed_played":"-2217351141162873127","potions_obtained":[{"floor":6,"key":"GamblersBrew"},{"floor":8,"key":"DuplicationPotion"},{"floor":13,"key":"CultistPotion"},{"floor":14,"key":"SkillPotion"},{"floor":16,"key":"FairyPotion"}],"is_trial":false,"path_per_floor":["M","?","?","M","$","E","M","M","T","T","M","R","M","M","R","B",null,"M","M","M","?","?","E"],"character_chosen":"DEFECT","items_purchased":[],"campfire_rested":0,"item_purchase_floors":[],"current_hp_per_floor":[64,64,64,64,64,64,64,63,63,63,57,57,55,57,57,37,63,65,50,41,41,41,0,0],"gold":340,"neow_bonus":"THREE_ENEMY_KILL","is_daily":false,"chose_seed":false,"campfire_upgraded":1,"win_rate":0.0,"timestamp":1614301877,"path_taken":["M","?","?","?","$","E","M","M","T","?","M","R","?","M","R","BOSS","M","M","?","?","?","E"],"items_purchased_type":[],"build_version":"2020-12-22","purchased_purges":1,"victory":false,"max_hp_per_floor":[71,71,71,71,71,71,71,71,71,71,71,71,71,71,71,71,71,71,71,71,71,71,71,71],"card_choices":[{"not_picked":["Conserve Battery","Go for the Eyes"],"picked":"Streamline","floor":1.0},{"not_picked":["Leap","Hologram","Double Energy"],"picked":"SKIP","floor":4},{"not_picked":["White Noise","Compile Driver","Stack"],"picked":"SKIP","floor":6},{"not_picked":["Barrage","Buffer"],"picked":"Chill","floor":7},{"not_picked":["Coolheaded","Leap","Sweeping Beam"],"picked":"SKIP","floor":8},{"not_picked":["Sweeping Beam","Storm"],"picked":"Coolheaded","floor":11},{"not_picked":["Go for the Eyes","Rebound"],"picked":"Gash","floor":13},{"not_picked":["Turbo","Leap"],"picked":"Go for the Eyes","floor":14},{"not_picked":["Fission","Buffer"],"picked":"All For One","floor":16},{"not_picked":["Doom and Gloom","Glacier"],"picked":"Capacitor","floor":18},{"not_picked":["Aggregate","Rebound","Barrage+1"],"picked":"SKIP","floor":19},{"not_picked":["Cold Snap","Conserve Battery+1","Blizzard"],"picked":"SKIP","floor":20}],"player_experience":1703528,"relics_obtained":[{"floor":6,"key":"Symbiotic Virus"},{"floor":9,"key":"Blood Vial"},{"floor":10,"key":"Girya"}],"event_choices":[{"damage_healed":0.0,"max_hp_gain":0.0,"max_hp_loss":0.0,"gold_gain":0.0,"cards_transformed":["Strike_B"],"event_name":"Living Wall","player_choice":"Change","floor":2.0,"gold_loss":0.0,"damage_taken":0.0,"cards_obtained":["Gash"]},{"damage_healed":0,"gold_gain":0,"player_choice":"3 cards matched","damage_taken":0,"max_hp_gain":0,"max_hp_loss":0,"event_name":"Match and Keep!","floor":3,"gold_loss":0,"cards_obtained":["Reinforced Body","Hologram","Machine Learning"]},{"damage_healed":0,"gold_gain":0,"player_choice":"Read","damage_taken":0,"max_hp_gain":0,"max_hp_loss":0,"event_name":"The Library","floor":21,"gold_loss":0,"cards_obtained":["Consume"]},{"cards_removed":["Strike_B"],"damage_healed":0,"gold_gain":0,"player_choice":"Elegance","damage_taken":0,"max_hp_gain":0,"max_hp_loss":0,"event_name":"Back to Basics","floor":22,"gold_loss":0}],"is_beta":false,"boss_relics":[{"not_picked":["Ectoplasm","Philosopher\u0027s Stone"],"picked":"Nuclear Battery"}],"items_purged_floors":[5],"is_endless":false,"potions_floor_spawned":[6,8,13,14,16,18,19],"killed_by":"Gremlin Leader","ascension_level":20}}