{"host":"opdum64sdiqzxm7l","time":1614357052,"event":{"mods":["Act Like it!","Aspiration","BaseMod","Bossed Relics","CapriCore","Colored Powertips","Conspire","Energized Spire","Friendly Minions","Gold Saver","Hubris","Jedi Mod","Lobotomy","LobotomyExtend","Minty Spire (QoL Compilation)","MostiFishMod","Pale of the Ancients","Poor People Problems","Quick Restart","Reliquary","Replay The Spire","RumiaBox-露米娅的神秘盒子","Ryuuou龙王","Slay the Relics Exporter","Spicy Shops","StSLib","TestMod","Transform Curses","UnlockEverythingMod","Waifu the Spire","Weighted Paths","[IsaacMod]以撒尖塔","[功能]功能增强和修复MOD","【功能Mod】混沌之环修复补丁","【功能Mod】聪明的最终Boss","【遗物卡牌】REMEMod","残留之物"],"gold_per_floor":[111,111,28,102,102,102,134,134,134,161,177,207,381,390,390,493,493,493,493,305,305,212,245,245,225,225,162,162,175,204,213,213,308,308,325,374,383,427,201,201,226,138,163,163,22,22,46,46,46,46],"floor_reached":51,"language":"ZHS","playtime":1831,"items_purged":["PlaceholderMod:BaseDefend","Writhe","Doubt","Dazed","PlaceholderMod:BaseDefend","Dazed"],"score":1319,"play_id":"30806c0c-a2cb-4d6b-a3d6-3dad857d31d4","local_time":"20210227003052","is_ascension_mode":false,"campfire_choices":[{"data":"PlaceholderMod:TriggerStrike","floor":6,"key":"SMITH"},{"data":"PlaceholderMod:AttackAsDefend","floor":8,"key":"SMITH"},{"data":"PlaceholderMod:SeverePoisonStrike","floor":15,"key":"SMITH"},{"data":"REME_ProfessionalPlagiarism","floor":32,"key":"SMITH"},{"data":"MostiFishMod:Kaleido","floor":40,"key":"SMITH"},{"data":"PlaceholderMod:SeverePoisonStrike","floor":46,"key":"SMITH"},{"data":"PlaceholderMod:CrystallizationStrike","floor":49,"key":"SMITH"}],"circlet_count":0,"master_deck":["PlaceholderMod:BaseStrike","PlaceholderMod:BaseStrike","PlaceholderMod:BaseStrike","PlaceholderMod:BaseStrike","PlaceholderMod:BaseStrike","PlaceholderMod:BaseDefend","PlaceholderMod:BaseDefend","PlaceholderMod:BaseDefend","PlaceholderMod:Crystal","PlaceholderMod:PoisonWhip","Impervious+1","PlaceholderMod:TriggerStrike+1","PlaceholderMod:AttackAsDefend+1","PlaceholderMod:SeverePoisonStrike+1","PlaceholderMod:ProliferateStrike+1","Dazed","PlaceholderMod:BlastSpray+1","PlaceholderMod:Assimilation+1","PlaceholderMod:HighConcentration","REME_ProfessionalPlagiarism+1","PlaceholderMod:InnerSoften","PlaceholderMod:Eat","PlaceholderMod:HardStrike","PlaceholderMod:TriggerStrike","PlaceholderMod:SeverePoisonStrike+1","PlaceholderMod:CrystallizationStrike+1","MostiFishMod:Kaleido+1","Finesse","testmod-BloodShelter","PlaceholderMod:SeverePoisonStrike+1","PlaceholderMod:SeverePoisonStrike","Eclipse"],"relics":["PlaceholderMod:Tancle","REME_ComplimentaryCards","DaveBox","testmod-TestBox","HushsDoor","SteamSale","testmod-HeartOfStrike","SentryEyes","NeowsBlessing","LetterFromLob","MagicBullet_r","testmod-Charity","Vajra","MoneyPower","Letter Opener","Replay:Rubber Ducky","PatriotShield","Moonlight_r","Regal Pillow","Civilization","MostiFishMod:AdaptiveDefenses","testmod-Antiphasic","PlaceholderMod:FlatBlood","conspire:GlowingRock","hubris:Icosahedron","Blood Vial","Pear","testmod-Nyarlathotep","hubris:Zylophone","testmod-ConstraintPeriapt","testmod-CardMagician","GuppysCollar","GuppysHead","hubris:DisguiseKit","Chameleon Ring","ReplayTheSpireMod:ShopPack","Anchor","SharpPlug","reliquary:SharkskinSheath","hubris:EmptyBottle","PlaceholderMod:UnterZeeKulten"],"acts_visited":["Exordium","TheCity","TheBeyond"],"potions_floor_usage":[25,51,51],"damage_taken":[{"damage":0,"enemies":"2 Louse","floor":1,"turns":1},{"damage":0,"enemies":"Gremlin Nob","floor":7,"turns":1},{"damage":0,"enemies":"Replay:BlueRogue","floor":10,"turns":1},{"damage":0,"enemies":"Jaw Worm","floor":11,"turns":1},{"damage":0,"enemies":"Lagavulin","floor":12,"turns":2},{"damage":0,"enemies":"conspire:RoseBush","floor":14,"turns":1},{"damage":0,"enemies":"Fading Forest","floor":16,"turns":10},{"damage":20,"enemies":"conspire:SneckoGhost","floor":23,"turns":2},{"damage":0,"enemies":"Gremlin Leader","floor":25,"turns":2},{"damage":0,"enemies":"Shell Parasite","floor":29,"turns":1},{"damage":0,"enemies":"REME_1_Revenger","floor":30,"turns":2},{"damage":0,"enemies":"3 Byrds","floor":31,"turns":1},{"damage":0,"enemies":"Pondfish","floor":33,"turns":2},{"damage":0,"enemies":"Orb Walker","floor":35,"turns":1},{"damage":20,"enemies":"3 Darklings","floor":37,"turns":2},{"damage":0,"enemies":"2 Orb Walkers","floor":38,"turns":2},{"damage":0,"enemies":"Reptomancer","floor":41,"turns":2},{"damage":0,"enemies":"R_Hoarder","floor":47,"turns":1},{"damage":0,"enemies":"Time Eater","floor":50,"turns":2},{"damage":0,"enemies":"Malkuth","floor":51,"turns":2},{"damage":0,"enemies":"Netzach","floor":51,"turns":2},{"damage":0,"enemies":"Chesed","floor":51,"turns":3},{"damage":0,"enemies":"Hokma","floor":51,"turns":3},{"damage":0,"enemies":"Angela","floor":51,"turns":3}],"seed_played":"8766575874564820289","potions_obtained":[{"floor":7,"key":"ColorlessPotion"},{"floor":7,"key":"jedi:StrikingPotion"},{"floor":11,"key":"PlaceholderMod:PlaceholderPotion"},{"floor":14,"key":"jedi:StrikingPotion"},{"floor":14,"key":"Elixir"},{"floor":25,"key":"DuplicationPotion"},{"floor":47,"key":"Block Potion"},{"floor":47,"key":"testmod-TestPotion"}],"is_trial":false,"path_per_floor":["M","?","$","?","?","R","E","R","T","E","M","E","?","M","R","B",null,"M","?","$","?","$","E","?","E","T","$","?","M","E","M","R","B",null,"M","?","M","?","$","R","E","$","T","?","$","R","E","?","R","B",null],"character_chosen":"THE_PLACEHOLDER","items_purchased":["testmod-Charity","PlaceholderMod:ComplexForm","PlaceholderMod:Assimilation","Civilization","MostiFishMod:AdaptiveDefenses","testmod-Antiphasic","PlaceholderMod:HighConcentration","REME_ProfessionalPlagiarism","PlaceholderMod:FlatBlood","testmod-Nyarlathotep","hubris:Zylophone","GuppysCollar","PlaceholderMod:CrystallizationStrike","hubris:DisguiseKit","Chameleon Ring","ReplayTheSpireMod:ShopPack","Anchor","hubris:EmptyBottle","PlaceholderMod:SeverePoisonStrike"],"campfire_rested":0,"item_purchase_floors":[3,3,17,20,20,20,20,20,22,27,27,34,39,39,39,39,39,45,45],"current_hp_per_floor":[78,78,78,68,68,68,69,69,69,70,71,72,73,74,74,85,83,51,51,51,51,51,49,49,52,62,62,62,68,75,83,83,91,106,112,98,110,119,119,119,128,128,129,129,129,129,150,150,150,155],"gold":46,"neow_bonus":"THREE_ENEMY_KILL","is_daily":false,"chose_seed":false,"campfire_upgraded":7,"win_rate":0.0,"timestamp":1614357052,"path_taken":["M","?","$","?","?","R","E","R","T","E","?","E","?","?","R","BOSS","M","?","$","?","$","E","?","E","T","$","?","?","E","?","R","BOSS","M","?","?","?","$","R","E","?","T","?","$","R","E","?","R","BOSS"],"items_purchased_type":["Relic","Card","Card","Relic","Relic","Relic","Card","Card","Relic","Relic","Relic","Relic","Card","Relic","Relic","Relic","Relic","Relic","Card"],"build_version":"2020-12-22","purchased_purges":6,"victory":true,"max_hp_per_floor":[78,79,79,80,80,80,81,81,81,82,83,84,85,86,86,87,83,83,83,83,83,83,85,85,88,98,98,98,102,107,113,113,119,106,112,113,119,125,125,125,131,131,132,132,132,132,150,150,150,155],"card_choices":[{"not_picked":["PlaceholderMod:AttackAsDefend","PlaceholderMod:UnpureUse"],"picked":"PlaceholderMod:TriggerStrike","floor":1},{"not_picked":["PlaceholderMod:NutritionAbsorb","PlaceholderMod:SprayAttack"],"picked":"PlaceholderMod:AttackAsDefend","floor":7},{"not_picked":["PlaceholderMod:Internalization","PlaceholderMod:AbsorbTouch"],"picked":"PlaceholderMod:SeverePoisonStrike","floor":10},{"not_picked":["PlaceholderMod:HardStinger","PlaceholderMod:SubstitutionNucleophilic1"],"picked":"PlaceholderMod:ProliferateStrike","floor":11},{"not_picked":["Bomb","PlaceholderMod:ChainPoly"],"picked":"PlaceholderMod:InnerStable","floor":12},{"not_picked":["PlaceholderMod:ParasiteChange","PlaceholderMod:PoisonAbsorb"],"picked":"PlaceholderMod:SelectReaction","floor":14},{"not_picked":["PlaceholderMod:ReactionCatalyze","PlaceholderMod:InnerSoften"],"picked":"PlaceholderMod:BlastSpray","floor":16},{"not_picked":["PlaceholderMod:HighConcentration","PlaceholderMod:StrongAcid","PlaceholderMod:Turn"],"picked":"SKIP","floor":23},{"not_picked":["PlaceholderMod:PoisonAbsorb","PlaceholderMod:ContinueSpray","PlaceholderMod:SpinBlade+1"],"picked":"SKIP","floor":25},{"not_picked":["PlaceholderMod:EvolutionSpray+1","PlaceholderMod:ChainPoly"],"picked":"PlaceholderMod:InnerSoften","floor":29},{"not_picked":["PlaceholderMod:Internalization","PlaceholderMod:PoisonAbsorb","PlaceholderMod:RadicalHit"],"picked":"SKIP","floor":30},{"not_picked":["PlaceholderMod:PoisonExcitation","PlaceholderMod:RadicalHit+1","PlaceholderMod:HardStinger+1"],"picked":"SKIP","floor":31},{"not_picked":["PlaceholderMod:ReactionCatalyze","PlaceholderMod:CorePoison"],"picked":"PlaceholderMod:Eat","floor":33},{"not_picked":["PlaceholderMod:TriggerStrike","PlaceholderMod:ChainPoly+1"],"picked":"PlaceholderMod:HardStrike","floor":35},{"not_picked":["PlaceholderMod:UnpureUse+1","PlaceholderMod:StressReaction+1"],"picked":"PlaceholderMod:TriggerStrike","floor":37},{"not_picked":["PlaceholderMod:DirectingGroup","PlaceholderMod:PoisonExcitation+1"],"picked":"PlaceholderMod:SeverePoisonStrike+1","floor":38},{"not_picked":["testmod-FightingIntention","ReplayTheSpireMod:Uncanny Aura","ChaosCard"],"picked":"MostiFishMod:Kaleido","floor":39},{"not_picked":["Enlightenment","testmod-PocketStoneCalender","EpicFetus"],"picked":"Finesse","floor":39},{"not_picked":["testmod-TradeIn","REME_HeartOfCthun","testmod-VirtualReality"],"picked":"testmod-BloodShelter","floor":39},{"not_picked":["PlaceholderMod:StressReaction+1","PlaceholderMod:SelfCoupling","PlaceholderMod:Package+1","Headbutt"],"picked":"SKIP","floor":41},{"not_picked":["PlaceholderMod:HornyBlast","PlaceholderMod:Hyperplasia","PlaceholderMod:OHStrongAttack"],"picked":"Eclipse","floor":47}],"player_experience":9618,"relics_obtained":[{"floor":1,"key":"LetterFromLob"},{"floor":7,"key":"Vajra"},{"floor":9,"key":"MoneyPower"},{"floor":10,"key":"Letter Opener"},{"floor":12,"key":"Replay:Rubber Ducky"},{"floor":23,"key":"conspire:GlowingRock"},{"floor":25,"key":"Blood Vial"},{"floor":26,"key":"Pear"},{"floor":30,"key":"testmod-ConstraintPeriapt"},{"floor":38,"key":"GuppysHead"},{"floor":41,"key":"SharpPlug"},{"floor":47,"key":"PlaceholderMod:UnterZeeKulten"}],"event_choices":[{"damage_healed":0,"gold_gain":75,"player_choice":"Gather Gold","damage_taken":11,"max_hp_gain":0,"max_hp_loss":0,"event_name":"World of Goop","floor":4,"gold_loss":0},{"damage_healed":0,"gold_gain":0,"player_choice":"Leave","damage_taken":0,"max_hp_gain":0,"max_hp_loss":0,"event_name":"conspire:Investor","floor":5,"gold_loss":0},{"damage_healed":0,"gold_gain":175,"player_choice":"AGREE","damage_taken":0,"max_hp_gain":0,"max_hp_loss":0,"event_name":"Liars Game","floor":13,"gold_loss":0,"cards_obtained":["Doubt"]},{"damage_healed":0,"gold_gain":0,"player_choice":"Opened","damage_taken":0,"relics_obtained":["Regal Pillow"],"max_hp_gain":0,"max_hp_loss":0,"event_name":"The Mausoleum","floor":19,"gold_loss":0,"cards_obtained":["Writhe"]},{"damage_healed":0,"gold_gain":0,"player_choice":"Bought 0 Potions","damage_taken":0,"max_hp_gain":0,"max_hp_loss":0,"event_name":"The Woman in Blue","floor":28,"gold_loss":0},{"damage_healed":0,"gold_gain":0,"player_choice":"Fight","damage_taken":0,"max_hp_gain":0,"max_hp_loss":0,"event_name":"Mysterious Sphere","floor":38,"gold_loss":0},{"damage_healed":0,"gold_gain":0,"player_choice":"Gave Potion","damage_taken":0,"relics_obtained":["reliquary:SharkskinSheath"],"max_hp_gain":0,"max_hp_loss":0,"event_name":"WeMeetAgain","floor":44,"gold_loss":0}],"is_beta":false,"boss_relics":[{"not_picked":["aspiration:PoetsPen","energizedSpire:StickyHand"],"picked":"PatriotShield"},{"not_picked":[]},{"not_picked":["testmod-SaigiyounoYou","conspire:SlowCooker"],"picked":"testmod-CardMagician"},{"not_picked":[]}],"items_purged_floors":[3,20,22,39,42,45],"is_endless":false,"potions_floor_spawned":[7,7,11,12,12,14,14,23,25,29,37,41,47,47],"ascension_level":0}}