{"host":"0cm5wy4nhuju7tij","time":1614377545,"event":{"mods":["2.2 Compatiblity","AchievementEnabler","BaseMod","Better Third Choice","BetterRewards","Colored Powertips","Curses Come First","Custom Start","Displayed Cursed Tome","Downfall","Energized Spire","Evolution","Filter the Spire","Fireblade Mod","Highlight Path","Jess\u0027s Bottle","KinomotoSakuraMod(????)","Minty Spire (QoL Compilation)","Permanent Neow","Poor People Problems","Relic Filter Mod","Relic Stats","Shop Mod","Spicy Shops","StSLib","The Cursed","The Servant 0.9.4","TheSwordswoman","TheVacant","Weighted Paths"],"gold_per_floor":[110,125,135,148,158,158,187,187,187,218,238,258,17,32,32,132,132,152,165,181,198,298,298,315,315,338,338,379,397,397,71,71,174,174,185,213,213,213],"floor_reached":37,"language":"ENG","playtime":2182,"items_purged":[],"score":455,"play_id":"ecbdcc8d-4bc6-46ba-9260-c962a76a9030","local_time":"20210226171225","is_ascension_mode":false,"campfire_choices":[{"data":"FireBladeMod:LightningCombo","floor":6,"key":"SMITH"},{"data":"FireBladeMod:AdrenalineBoost","floor":8,"key":"SMITH"},{"data":"FireBladeMod:Unbalance","floor":15,"key":"SMITH"},{"data":"FireBladeMod:Unbalance","floor":23,"key":"SMITH"},{"data":"FireBladeMod:DeathBlade","floor":25,"key":"SMITH"},{"floor":27,"key":"REST"},{"floor":30,"key":"REST"},{"floor":32,"key":"RECALL"}],"circlet_count":0,"master_deck":["FireBladeMod:BackhandSwing","FireBladeMod:BackhandSwing","FireBladeMod:BackhandSwing","FireBladeMod:BackhandSwing","FireBladeMod:Turtle","FireBladeMod:Turtle","FireBladeMod:Turtle","FireBladeMod:Turtle","FireBladeMod:FlamingSword","FireBladeMod:FireBarrier","FireBladeMod:LightningCombo+1","FireBladeMod:AdrenalineBoost+1","FireBladeMod:Feint","FireBladeMod:Flames","FireBladeMod:ComplexAttack","FireBladeMod:Speed+1","FireBladeMod:Refreshment","FireBladeMod:Robust","FireBladeMod:SoulSword+1","FireBladeMod:Robust","FireBladeMod:Unbalance+1","FireBladeMod:DeathBlade+1","FireBladeMod:Unbalance+1","FireBladeMod:Unbalance+1","FireBladeMod:HealthyEndurance+1","FireBladeMod:Flames","FireBladeMod:ThirdDegree+1","FireBladeMod:IronEndurance+1"],"relics":["FireBladeMod:DuelistLocket","EVO:Axolotl","Art of War","Frozen Egg 2","Blue Candle","Odd Mushroom","Strange Spoon","Busted Crown","CeramicFish","Bottled Flame","PreservedInsect","FireBladeMod:Matches","Snecko Eye"],"acts_visited":["Exordium","TheCity","TheBeyond"],"potions_floor_usage":[21],"damage_taken":[{"damage":0,"enemies":"2 Louse","floor":1,"turns":2},{"damage":0,"enemies":"Jaw Worm","floor":2,"turns":3},{"damage":0,"enemies":"Cultist","floor":3,"turns":3},{"damage":0,"enemies":"Large Slime","floor":4,"turns":7},{"damage":0,"enemies":"Exordium Wildlife","floor":5,"turns":3},{"damage":8,"enemies":"Lagavulin","floor":7,"turns":7},{"damage":8,"enemies":"Gremlin Nob","floor":10,"turns":3},{"damage":0,"enemies":"The Mushroom Lair","floor":11,"turns":5},{"damage":3,"enemies":"Exordium Thugs","floor":12,"turns":5},{"damage":0,"enemies":"Looter","floor":14,"turns":4},{"damage":14,"enemies":"Hexaghost","floor":16,"turns":10},{"damage":2,"enemies":"2 Thieves","floor":18,"turns":4},{"damage":6,"enemies":"Shell Parasite","floor":19,"turns":2},{"damage":12,"enemies":"Centurion and Healer","floor":20,"turns":5},{"damage":9,"enemies":"Snake Plant","floor":21,"turns":4},{"damage":16,"enemies":"Shelled Parasite and Fungi","floor":24,"turns":5},{"damage":14,"enemies":"Book of Stabbing","floor":28,"turns":7},{"damage":18,"enemies":"Sentry and Sphere","floor":29,"turns":9},{"damage":32,"enemies":"Champ","floor":33,"turns":11},{"damage":49,"enemies":"3 Shapes","floor":35,"turns":4},{"damage":6,"enemies":"Orb Walker","floor":36,"turns":4},{"damage":36,"enemies":"Jaw Worm Horde","floor":37,"turns":3}],"seed_played":"5892637472637259450","potions_obtained":[{"floor":2,"key":"Block Potion"},{"floor":5,"key":"SkillPotion"},{"floor":10,"key":"GamblersBrew"},{"floor":28,"key":"Strength Potion"},{"floor":36,"key":"BlessingOfTheForge"}],"is_trial":false,"path_per_floor":["M","M","M","M","M","R","E","R","T","E","?","M","$","M","R","B",null,"M","M","M","M","?","R","M","R","T","R","E","M","R","$","R","B",null,"M","M","M"],"character_chosen":"THE_FIREBLADE","items_purchased":["FireBladeMod:SoulSword+1","Strange Spoon","FireBladeMod:Robust","PreservedInsect","FireBladeMod:ThirdDegree+1","FireBladeMod:Matches"],"campfire_rested":2,"item_purchase_floors":[13,13,13,31,31,31],"current_hp_per_floor":[73,73,73,73,73,73,65,65,65,57,57,54,54,54,54,48,73,71,65,53,44,44,44,36,36,36,57,43,33,54,54,54,46,73,26,28,0,0],"gold":213,"neow_bonus":"ONE_RANDOM_RARE_CARD","is_daily":false,"chose_seed":false,"campfire_upgraded":5,"win_rate":0.0,"timestamp":1614377545,"path_taken":["M","M","M","M","M","R","E","R","T","E","?","M","$","M","R","BOSS","M","M","M","M","?","R","M","R","T","R","E","M","R","$","R","BOSS","M","M","M"],"items_purchased_type":["Card","Relic","Card","Relic","Card","Relic"],"build_version":"2020-12-22","purchased_purges":0,"victory":false,"max_hp_per_floor":[73,73,73,73,73,73,73,73,73,73,73,73,73,73,73,73,73,73,73,73,73,73,73,73,73,73,73,73,73,73,73,73,73,73,73,73,73,73],"relic_stats":{"Strange Spoon":[30],"Busted Crown":20,"counters":[22,110],"Blue Candle":[0],"CeramicFish":27,"Snecko Eye":[28,16,22,26],"PreservedInsect":0,"Art of War":[17],"obtain_stats":[{"FireBladeMod:DuelistLocket":0,"Blue Candle":10,"CeramicFish":26,"PreservedInsect":31,"FireBladeMod:Matches":31,"EVO:Axolotl":0,"Frozen Egg 2":9,"Odd Mushroom":11,"Strange Spoon":13,"Bottled Flame":28,"Busted Crown":17,"Snecko Eye":34,"Art of War":7},{"FireBladeMod:DuelistLocket":0,"Blue Candle":7,"CeramicFish":16,"PreservedInsect":18,"FireBladeMod:Matches":18,"EVO:Axolotl":0,"Frozen Egg 2":6,"Odd Mushroom":8,"Strange Spoon":9,"Bottled Flame":17,"Busted Crown":11,"Snecko Eye":19,"Art of War":6},{"FireBladeMod:DuelistLocket":0,"Blue Candle":28,"CeramicFish":72,"PreservedInsect":88,"FireBladeMod:Matches":88,"EVO:Axolotl":0,"Frozen Egg 2":25,"Odd Mushroom":33,"Strange Spoon":38,"Bottled Flame":79,"Busted Crown":52,"Snecko Eye":99,"Art of War":25}]},"card_choices":[{"not_picked":["FireBladeMod:ScorchingStrike","FireBladeMod:FinishingBarrage"],"picked":"FireBladeMod:AdrenalineBoost","floor":1},{"not_picked":["FireBladeMod:EruptionSlash","FireBladeMod:MomentumStrikes"],"picked":"FireBladeMod:Feint","floor":2},{"not_picked":["FireBladeMod:Turtle","FireBladeMod:BasicSmash"],"picked":"FireBladeMod:Flames","floor":3},{"not_picked":["FireBladeMod:Reposition","FireBladeMod:BackhandSwing","FireBladeMod:FinalSmash"],"picked":"SKIP","floor":4},{"not_picked":["FireBladeMod:FerventSlash","FireBladeMod:StingingSlash"],"picked":"FireBladeMod:ComplexAttack","floor":5},{"not_picked":["FireBladeMod:Improvise","FireBladeMod:ArmSmash","FireBladeMod:BackhandSwing"],"picked":"SKIP","floor":7},{"not_picked":["FireBladeMod:WellPrepared","FireBladeMod:SoulStrike"],"picked":"FireBladeMod:Speed+1","floor":10},{"not_picked":["FireBladeMod:BackhandSwing","FireBladeMod:BasicSmash"],"picked":"FireBladeMod:Refreshment","floor":11},{"not_picked":["FireBladeMod:Reposition","FireBladeMod:OverCharge"],"picked":"FireBladeMod:Robust","floor":12},{"not_picked":["FireBladeMod:SteadyEndurance","FireBladeMod:SoulStrike"],"picked":"FireBladeMod:Unbalance","floor":14},{"not_picked":["FireBladeMod:LayeredDefense","FireBladeMod:LightningCombo"],"picked":"FireBladeMod:DeathBlade","floor":16},{"not_picked":[],"picked":"FireBladeMod:Unbalance+1","floor":18},{"not_picked":["FireBladeMod:ComplexAttack"],"picked":"SKIP","floor":19},{"not_picked":[],"picked":"FireBladeMod:Unbalance","floor":20},{"not_picked":[],"picked":"FireBladeMod:HealthyEndurance+1","floor":21},{"not_picked":["FireBladeMod:Robust"],"picked":"SKIP","floor":24},{"not_picked":[],"picked":"FireBladeMod:Flames","floor":28},{"not_picked":["FireBladeMod:SoulStrike"],"picked":"SKIP","floor":29},{"not_picked":["FireBladeMod:StunningBlow+1"],"picked":"SKIP","floor":35},{"not_picked":[],"picked":"FireBladeMod:IronEndurance+1","floor":36}],"player_experience":473370,"relics_obtained":[{"floor":7,"key":"Art of War"},{"floor":9,"key":"Frozen Egg 2"},{"floor":10,"key":"Blue Candle"},{"floor":11,"key":"Odd Mushroom"},{"floor":26,"key":"CeramicFish"},{"floor":28,"key":"Bottled Flame"}],"event_choices":[{"damage_healed":0,"gold_gain":0,"player_choice":"Fought Mushrooms","damage_taken":0,"max_hp_gain":0,"max_hp_loss":0,"event_name":"Mushrooms","floor":11,"gold_loss":0},{"damage_healed":0,"gold_gain":100,"player_choice":"Pray","damage_taken":0,"max_hp_gain":0,"max_hp_loss":0,"event_name":"Golden Shrine","floor":22,"gold_loss":0}],"is_beta":false,"boss_relics":[{"not_picked":["Coffee Dripper","Velvet Choker"],"picked":"Busted Crown"},{"not_picked":["energizedSpire:OgreHead","energizedSpire:MagnifyingGlass"],"picked":"Snecko Eye"}],"items_purged_floors":[],"is_endless":false,"potions_floor_spawned":[2,5,10,11,16,19,24,28,29,36],"killed_by":"Jaw Worm Horde","ascension_level":0}}