{"host":"ggy1mjjy92c62u6a","time":1614330502,"event":{"mods":["10 clothes from DAL","ATMod(阿瑾Mod)","Act Like it!","BaseMod","Colored Powertips","GifTheSpireLib","Infinite Spire","Library of Ruina","Library of Ruina Extra","Lobotomy","LobotomyExtend","Marisa（F雨　魔理沙）","Minty Spire (QoL Compilation)","Quick Restart","Relic Filter Mod","Relic Stats","Reliquary","Remilia（蕾米莉亚）","Replay The Spire","RumiaBox-露米娅的神秘盒子","Shop Mod","Spicy Shops","StSLib","SuperFastMode","UnlockEverythingMod","Youmu（魂魄妖梦）","[功能]功能增强和修复MOD","【功能Mod】混沌之环修复补丁","【遗物Mod】死灵法师NEW","【遗物卡牌】REMEMod"],"gold_per_floor":[109,259,270,270,38,38,38],"floor_reached":6,"language":"ZHS","playtime":159,"items_purged":[],"score":68,"play_id":"ab73aa37-77e5-4226-a95a-d42461a8ce63","local_time":"20210226170822","is_ascension_mode":true,"campfire_choices":[],"circlet_count":0,"master_deck":["AscendersBane","Strike_G","Strike_G","Strike_G","Strike_G","Strike_G","Defend_G","Defend_G","Defend_G","Defend_G","Defend_G","Survivor","Neutralize","FantasyOfEnteringEnlightenment","AT_ShrugMaster","AT_ThistleTea","Doubt"],"relics":["Ring of the Snake","REME_ComplimentaryCards","AT_ATBox","CogitoBucket","Baka","LetterFromLob","AT_TheCollector","AT_TheCollector","RedMistMask","ReplayTheSpireMod:Lightbulb","SSSystem","PageOfSingingMachine"],"acts_visited":["Exordium"],"potions_floor_usage":[6],"damage_taken":[{"damage":3.0,"enemies":"Cultist","floor":1.0,"turns":4.0},{"damage":28,"enemies":"Small Slimes","floor":3,"turns":4},{"damage":0,"enemies":"Gremlin Nob","floor":6,"turns":1}],"seed_played":"2871160398718904220","potions_obtained":[{"floor":1,"key":"AttackPotion"},{"floor":3,"key":"SpeedPotion"}],"is_trial":false,"path_per_floor":["M","?","M","?","$","E"],"character_chosen":"THE_SILENT","items_purchased":["SSSystem","PageOfSingingMachine"],"campfire_rested":0,"item_purchase_floors":[5,5],"current_hp_per_floor":[56,56,28,10,10,10,10],"gold":38,"neow_bonus":"","is_daily":false,"chose_seed":false,"campfire_upgraded":0,"win_rate":0.0,"timestamp":1614330502,"path_taken":["M","?","M","?","$","E"],"items_purchased_type":["Relic","Relic"],"build_version":"2020-12-22","purchased_purges":0,"victory":false,"max_hp_per_floor":[66,66,66,66,66,66,66],"relic_stats":{"counters":[3,9],"obtain_stats":[{"CogitoBucket":0,"AT_ATBox":0,"AT_TheCollector":3,"SSSystem":5,"RedMistMask":3,"Baka":1,"LetterFromLob":1,"PageOfSingingMachine":5,"ReplayTheSpireMod:Lightbulb":4,"Ring of the Snake":0,"REME_ComplimentaryCards":0},{"CogitoBucket":0,"AT_ATBox":0,"AT_TheCollector":2,"SSSystem":2,"RedMistMask":2,"Baka":1,"LetterFromLob":1,"PageOfSingingMachine":2,"ReplayTheSpireMod:Lightbulb":2,"Ring of the Snake":0,"REME_ComplimentaryCards":0},{"CogitoBucket":0,"AT_ATBox":0,"AT_TheCollector":8,"SSSystem":8,"RedMistMask":8,"Baka":4,"LetterFromLob":4,"PageOfSingingMachine":8,"ReplayTheSpireMod:Lightbulb":8,"Ring of the Snake":0,"REME_ComplimentaryCards":0}],"Ring of the Snake":[6]},"card_choices":[{"not_picked":["PiercingWail","Deflect"],"picked":"AT_ThistleTea","floor":1},{"not_picked":["Quick Slash","Poisoned Stab","Replay:Poison Smokescreen"],"picked":"SKIP","floor":3}],"player_experience":172934,"relics_obtained":[{"floor":1,"key":"Baka"},{"floor":1,"key":"LetterFromLob"},{"floor":3,"key":"AT_TheCollector"},{"floor":3,"key":"AT_TheCollector"},{"floor":3,"key":"RedMistMask"}],"event_choices":[{"damage_healed":0,"gold_gain":150,"player_choice":"AGREE","damage_taken":0,"max_hp_gain":0,"max_hp_loss":0,"event_name":"Liars Game","floor":2,"gold_loss":0,"cards_obtained":["Doubt"]},{"damage_healed":0,"gold_gain":0,"player_choice":"Success","damage_taken":18,"relics_obtained":["ReplayTheSpireMod:Lightbulb"],"max_hp_gain":0,"max_hp_loss":0,"event_name":"Scrap Ooze","floor":4,"gold_loss":0}],"is_beta":false,"boss_relics":[],"items_purged_floors":[],"is_endless":false,"potions_floor_spawned":[1,3],"killed_by":"Gremlin Nob","ascension_level":20}}