{"host":"v4nyfngrgywi7zc6","time":1614322377,"event":{"mods":["2.2 Compatiblity","Act Like it!","BaseMod","Custom Start","Friendly Minions","Library of Ruina","Minty Spire (QoL Compilation)","Reliquary","Ruina","Shop Mod","StSLib"],"gold_per_floor":[118,118,118,118,135,135,167,167,190,140,154,167,179,198,198,303,303,322,337,235,249,266,298,313,348,348,348,348,103,123,134,134,232,232,252,266,283,297,297,326,326,342,389,419,436,131,131,144,144,144,144,144,144,178,178],"floor_reached":56,"language":"ENG","playtime":6177,"items_purged":["LightAttack","LightAttack+1","Decay"],"score":1305,"play_id":"f7d4c314-c4c5-4d51-8cdd-622d0367019c","local_time":"20210226005257","is_ascension_mode":false,"campfire_choices":[{"floor":6.0,"key":"REST"},{"floor":8.0,"key":"RECALL"},{"data":"SharpNails","floor":15,"key":"SMITH"},{"floor":27,"key":"DIG"},{"floor":32,"key":"DIG"},{"floor":41,"key":"DIG"},{"floor":47,"key":"DIG"},{"floor":49,"key":"DIG"},{"floor":52,"key":"DIG"}],"circlet_count":0,"master_deck":["LightDefense","LightDefense","LightDefense","ChargeAndCover","Commandeering+1","Endure","SharpNails+1","SharpenedBlade","Decapitation","LawAndOrder","TendonChords","DesperateStruggle","Quickness","TendonChords+1","BackAttack","HighSpeedStabbing","Mayhem"],"relics":["PageOfLibrarian","reliquary:WeakTea","Ancient Tea Set","reliquary:SilkGlove","reliquary:RoseTintedGlasses","Sozu","Shovel","PageOfTheQueenOfHatred","PageOfTheKnightOfDespair","Anchor","PageOfTodaysShyLook","PageOfScarecrow","Black Star","Toxic Egg 2","PageOfGreed","Meat on the Bone","Blood Vial","PageOfWrath","PageOfNihil","reliquary:TridentHead","PageOfSingingMachine","PageOfOzma","reliquary:Vitrine","PageOfNosferatu"],"acts_visited":["Exordium","Exordium","TheBeyond","TheEnding"],"potions_floor_usage":[13,18,18,23],"damage_taken":[{"damage":0.0,"enemies":"2 Louse","floor":1.0,"turns":3.0},{"damage":0.0,"enemies":"Small Slimes","floor":5.0,"turns":4.0},{"damage":14.0,"enemies":"Gremlin Nob","floor":7.0,"turns":4.0},{"damage":0.0,"enemies":"Jaw Worm","floor":11.0,"turns":2.0},{"damage":8.0,"enemies":"Lots of Slimes","floor":12.0,"turns":9.0},{"damage":0,"enemies":"Exordium Wildlife","floor":13,"turns":5},{"damage":16,"enemies":"Gremlin Gang","floor":14,"turns":8},{"damage":0,"enemies":"The Guardian","floor":16,"turns":15},{"damage":0,"enemies":"ruina:3_Bats","floor":18,"turns":6},{"damage":0,"enemies":"ruina:2_Scarecrows","floor":19,"turns":5},{"damage":8,"enemies":"ruina:KingOfGreed","floor":21,"turns":6},{"damage":13,"enemies":"ruina:3_Scarecrows","floor":22,"turns":5},{"damage":20,"enemies":"ruina:Mountain","floor":23,"turns":8},{"damage":9,"enemies":"ruina:QueenOfHate","floor":24,"turns":5},{"damage":24,"enemies":"ruina:ServantOfWrath","floor":25,"turns":5},{"damage":4,"enemies":"ruina:KingOfGreed","floor":30,"turns":5},{"damage":2,"enemies":"ruina:KnightOfDespair","floor":31,"turns":4},{"damage":8,"enemies":"ruina:Red_and_Wolf","floor":33,"turns":10},{"damage":2,"enemies":"Orb Walker","floor":35,"turns":2},{"damage":12,"enemies":"3 Darklings","floor":36,"turns":3},{"damage":9,"enemies":"4 Shapes","floor":37,"turns":5},{"damage":2,"enemies":"Transient","floor":38,"turns":5},{"damage":24,"enemies":"Nemesis","floor":40,"turns":7},{"damage":2,"enemies":"Jaw Worm Horde","floor":42,"turns":4},{"damage":22,"enemies":"Reptomancer","floor":44,"turns":5},{"damage":57,"enemies":"4 Shapes","floor":45,"turns":8},{"damage":0,"enemies":"3 Darklings","floor":48,"turns":2},{"damage":13,"enemies":"Time Eater","floor":50,"turns":5},{"damage":5,"enemies":"Shield and Spear","floor":54,"turns":4},{"damage":70,"enemies":"The Heart","floor":55,"turns":6}],"seed_played":"-7126845185713444325","potions_obtained":[{"floor":11.0,"key":"Swift Potion"},{"floor":12,"key":"Swift Potion"},{"floor":14,"key":"DuplicationPotion"},{"floor":16,"key":"SkillPotion"}],"is_trial":false,"path_per_floor":["M","?","?","?","M","R","E","R","T","?","M","M","M","M","R","B",null,"M","M","$","M","M","E","M","E","T","R","?","$","M","M","R","B",null,"M","M","M","M","?","E","R","M","T","E","M","$","R","M","R","B",null,"R","$","E","B",null],"character_chosen":"Librarian","items_purchased":["DesperateStruggle","PageOfTodaysShyLook","Mayhem"],"campfire_rested":1,"item_purchase_floors":[20,29,46],"current_hp_per_floor":[60,44,44,37,37,60,46,46,46,46,46,43,48,55,55,78,78,78,78,78,78,72,75,78,65,65,60,60,60,74,86,86,86,86,86,84,86,86,86,86,86,86,86,84,86,86,86,86,86,86,86,86,86,86,72],"gold":178,"neow_bonus":"RANDOM_COMMON_RELIC","is_daily":false,"chose_seed":false,"campfire_upgraded":1,"win_rate":0.0,"timestamp":1614322377,"path_taken":["M","?","?","?","M","R","E","R","T","?","M","?","M","M","R","BOSS","M","M","?","M","M","E","M","E","T","R","?","?","?","M","R","BOSS","M","?","M","M","?","E","R","?","T","E","M","?","R","M","R","BOSS","R","$","E","BOSS"],"items_purchased_type":["Card","Relic","Card"],"build_version":"2020-12-22","purchased_purges":3,"victory":true,"max_hp_per_floor":[78,78,78,78,70,78,68,78,78,78,62,62,63,78,78,78,78,78,78,78,78,78,78,78,78,78,78,78,78,86,86,86,86,86,86,86,86,86,86,86,86,86,86,86,86,86,86,86,86,86,86,86,86,86,86],"card_choices":[{"not_picked":["ElectricShock","FaintMemories","IngredientHunt","GreatSerpentsImpact","Parry2","HighKick","Wallop_lor","Parry"],"picked":"Commandeering","floor":1.0},{"not_picked":["ElectricShock","FleetFootsteps","Multislash","Parry","BiAn","SmokingPipe","EndlessBattle","BulkyImpact"],"picked":"Endure","floor":5.0},{"not_picked":["FieryDragonSlash","Feast","HandleRequest","SunsetBlade","Thrust","FierceCharge","Gamble","EnergyStrike","Duel_lor"],"picked":"SKIP","floor":7.0},{"not_picked":["EmotionalTurbulence","SmokingPipe","DarkCloud","SharpSwipe","StructuralAnalysis","EnergyStrike","TimeForALittleTest","UndertakePrescript"],"picked":"SharpNails","floor":11.0},{"not_picked":["GrazeTheGrass","RhinoRam","BiXi","Rewind","FervidEmotions","FlyingSword","SetFire","TheArtOfRapidSteps","IronWall"],"picked":"SKIP","floor":12},{"not_picked":["GuidanceOfTheGears","Pound","PinpointShot","HighKick","MultiBlock","StrongStrike","Reload","Faith"],"picked":"SharpenedBlade","floor":13},{"not_picked":["SharpNails","SnakeSlit","Thrust","UpbeatPerformance","AutomatedMovement","MultiHit","HeavyPeaks","EnergyShield","Reload"],"picked":"SKIP","floor":14},{"not_picked":["MirageStorm","Eradication"],"picked":"Decapitation","floor":16},{"not_picked":["FieryDragonSlash","BurningFlash","Mutilate","Faith","Rewind","Outburst","EndlessBattle","SmokingPipe"],"picked":"LawAndOrder","floor":18},{"not_picked":["Quickness","FieryWaltz","PreemptiveStrike","BlowItUp+1","FierceCharge","Guardian_lor+1","SparkingSpear","VioletBlade"],"picked":"TendonChords","floor":19},{"not_picked":["Reload","Diversion","GuidanceOfTheGears","EnergyShield","FierceCharge","Parry","Eject","QuickSuppression","Retaliate+1"],"picked":"SKIP","floor":21},{"not_picked":["HiddenBlade","ViolentFlame+1","UnavoidableGaze+1","StartinOutLightly","Unlock1+1","Pound","DarkCloud","Ripple","StrikeDown"],"picked":"SKIP","floor":22},{"not_picked":["HiddenBlade","SmokingPipe","PreemptiveStrike","LossOfSenses","TheArtOfRapidSteps","Ripple","QuickAttack","Standoff+1","MultiHit"],"picked":"SKIP","floor":23},{"not_picked":["HiddenBlade","SmokingPipe","PreemptiveStrike","LossOfSenses","TheArtOfRapidSteps","Ripple","QuickAttack","Standoff+1","MultiHit"],"picked":"SKIP","floor":23},{"not_picked":["FierceCharge+1","FeelinGood+1","CutIn","EndlessBattle","TieShanKao","SerpentineBarrier","FleetFootsteps","HiddenBlade+1"],"picked":"Quickness","floor":24},{"not_picked":["Quickness","CircusKnives","PinpointShot","SuanNi","ToOvercomeCrisis","Wallop_lor","UncannyStrike","Zzzzzap+1"],"picked":"TendonChords+1","floor":25},{"not_picked":["MultiHit","EnergyStrike","YourShield","BlazingStrike","Fence","AsThePrescriptOrders","IdentifyWeakpoint","DefenseOrder","SturdyDefense"],"picked":"SKIP","floor":30},{"not_picked":["PreemptiveStrike","FleetEdge","SpearedSweep","RipSpace","Multislash","BulkyImpact","SkitterAway","SinglePointStab"],"picked":"BackAttack","floor":31},{"not_picked":["YoureAHindrance","Unlock1","Marionette","UpbeatPerformance","HandleRequest","InkOver+1","BattleCommand+1","YouOnlyLiveOnce","EnergyCycle+1"],"picked":"SKIP","floor":35},{"not_picked":["FleetFootsteps","FlyingSword+1","Outburst","HiddenBlade","StrikeDown","EnergyConversion+1","BackAttack","SilentNight","ShockRound"],"picked":"SKIP","floor":36},{"not_picked":["Thirst","Unlock1+1","BindingArms","DirtyBlow","ShockRound+1","ClassAndRespect+1","EnergyStrike+1","Track","QuickSuppression"],"picked":"SKIP","floor":37},{"not_picked":["Parry","Thrust+1","PreparedMind+1","Reload+1","GaleKick+1","Faith","TheRedNotes","EnergyShield","SomberProcuration"],"picked":"SKIP","floor":38},{"not_picked":["ChiWen","HiddenBlade+1","ShockingBlow","IronWall+1","WillOfThePrescript+1","SuppressingShot+1","FeatherShield+1","Faith+1"],"picked":"HighSpeedStabbing","floor":40},{"not_picked":["SinglePointStab","DefenseOrder+1","DevastatingThrash+1","WillOfThePrescript+1","CutIn+1","SpearedSweep+1","FleetFootsteps+1","AGoldenOpportunity+1","SummaryJudgment+1"],"picked":"SKIP","floor":42},{"not_picked":["Ripple","AssaultOrder","SunsetBlade+1","OpportunitySpotted+1","SuppressingShot","Outburst","RipSpace","CoordinatedAssault+1","EnergyCycle"],"picked":"SKIP","floor":44},{"not_picked":["Reload+1","Quickness+1","GuardingStance+1","SuppressingShot","GrazeTheGrass","Concentration+1","TieShanKao","SunsetBlade+1","Overpower"],"picked":"SKIP","floor":45},{"not_picked":["MultiBlock+1","Leap_lor+1","PreemptiveStrike+1","MultiHit+1","Wallop_lor+1","WillOfThePrescript+1","StructuralAnalysis+1","Reload+1","RushDown"],"picked":"SKIP","floor":48},{"not_picked":["DesperateStruggle+1","SkyClearingCut+1","SnakesPrey+1","TheArtOfRapidSteps+1","FlamingDragonFist","GuidanceOfTheGears+1","SerpentSwordTechnique+1","Leap_lor","Reload+1"],"picked":"SKIP","floor":54}],"player_experience":216882,"relics_obtained":[{"floor":7.0,"key":"reliquary:SilkGlove"},{"floor":9.0,"key":"reliquary:RoseTintedGlasses"},{"floor":23,"key":"Shovel"},{"floor":25,"key":"PageOfTheQueenOfHatred"},{"floor":26,"key":"PageOfTheKnightOfDespair"},{"floor":27,"key":"Anchor"},{"floor":32,"key":"PageOfScarecrow"},{"floor":40,"key":"Toxic Egg 2"},{"floor":40,"key":"PageOfGreed"},{"floor":41,"key":"Meat on the Bone"},{"floor":44,"key":"Blood Vial"},{"floor":44,"key":"PageOfWrath"},{"floor":45,"key":"PageOfNihil"},{"floor":47,"key":"reliquary:TridentHead"},{"floor":49,"key":"PageOfSingingMachine"},{"floor":52,"key":"PageOfOzma"},{"floor":54,"key":"reliquary:Vitrine"},{"floor":54,"key":"PageOfNosferatu"}],"event_choices":[{"damage_healed":0.0,"max_hp_gain":0.0,"max_hp_loss":0.0,"gold_gain":0.0,"event_name":"Shining Light","player_choice":"Entered Light","floor":2.0,"gold_loss":0.0,"damage_taken":16.0,"cards_upgraded":["LightAttack","Commandeering"]},{"cards_removed":["Dodge"],"damage_healed":0.0,"max_hp_gain":0.0,"max_hp_loss":0.0,"gold_gain":0.0,"event_name":"Living Wall","player_choice":"Forget","floor":3.0,"gold_loss":0.0,"damage_taken":0.0},{"damage_healed":0.0,"max_hp_gain":0.0,"max_hp_loss":0.0,"gold_gain":0.0,"event_name":"Scrap Ooze","player_choice":"Success","floor":4.0,"gold_loss":0.0,"damage_taken":7.0,"relics_obtained":["Ancient Tea Set"]},{"cards_removed":["LightDefense"],"damage_healed":0.0,"max_hp_gain":0.0,"max_hp_loss":0.0,"gold_gain":0.0,"event_name":"The Cleric","player_choice":"Card Removal","floor":10.0,"gold_loss":50.0,"damage_taken":0.0},{"damage_healed":0,"gold_gain":0,"player_choice":"Cursed","damage_taken":0,"max_hp_gain":0,"max_hp_loss":0,"event_name":"Wheel of Change","floor":39,"gold_loss":0,"cards_obtained":["Decay"]}],"is_beta":false,"boss_relics":[{"not_picked":["Busted Crown","Calling Bell"],"picked":"Sozu"},{"not_picked":["reliquary:RedPaperclip","reliquary:WritOfMandamus"],"picked":"Black Star"}],"items_purged_floors":[20,29,46],"is_endless":false,"potions_floor_spawned":[11,12,14,16,18,19,21,31,33,37,42,44,45],"ascension_level":0}}