{"host":"2l5k2wp87eek7qja","time":1614372198,"event":{"mods":["BaseMod","Colored Map","Minty Spire (QoL Compilation)","Relic Stats"],"gold_per_floor":[116,116,0,50,64,99,99,125,150,184,200,220,220,234,234,308,308,326,326,326,341,10,35,35,35,35],"floor_reached":25,"language":"ENG","playtime":642,"items_purged":["Strike_G"],"score":578,"play_id":"22df0cbb-25c9-45cf-855e-59ce36bbcb97","local_time":"20210226224318","is_ascension_mode":true,"campfire_choices":[{"data":"Terror","floor":7,"key":"SMITH"},{"data":"Noxious Fumes","floor":15,"key":"SMITH"},{"floor":24,"key":"REST"}],"circlet_count":0,"master_deck":["AscendersBane","Strike_G","Strike_G","Strike_G","Defend_G","Defend_G","Defend_G","Defend_G","Defend_G","Survivor","Neutralize","Dagger Throw","Crippling Poison","Terror+1","Glass Knife","Noxious Fumes+1","Catalyst","Corpse Explosion","Caltrops","Burst"],"relics":["Ring of the Snake","NeowsBlessing","Tiny Chest","Ninja Scroll","MealTicket","Shovel","Orichalcum","Black Star","ClockworkSouvenir","Darkstone Periapt","Smiling Mask"],"acts_visited":["Exordium","TheCity"],"potions_floor_usage":[8,18,21],"damage_taken":[{"damage":0,"enemies":"2 Louse","floor":1,"turns":1},{"damage":0,"enemies":"Small Slimes","floor":5,"turns":1},{"damage":0,"enemies":"Gremlin Nob","floor":6,"turns":1},{"damage":29,"enemies":"Lagavulin","floor":8,"turns":9},{"damage":0,"enemies":"Gremlin Nob","floor":10,"turns":3},{"damage":0,"enemies":"Cultist","floor":11,"turns":2},{"damage":3,"enemies":"Blue Slaver","floor":12,"turns":3},{"damage":2,"enemies":"Exordium Thugs","floor":14,"turns":3},{"damage":7,"enemies":"Hexaghost","floor":16,"turns":8},{"damage":7,"enemies":"Shell Parasite","floor":18,"turns":5},{"damage":0,"enemies":"3 Byrds","floor":21,"turns":2},{"damage":33,"enemies":"Slavers","floor":23,"turns":3},{"damage":33,"enemies":"Book of Stabbing","floor":25,"turns":3}],"seed_played":"-4577626994737804650","potions_obtained":[{"floor":1,"key":"AttackPotion"},{"floor":8,"key":"Weak Potion"},{"floor":12,"key":"Weak Potion"},{"floor":14,"key":"AttackPotion"},{"floor":18,"key":"CultistPotion"}],"is_trial":false,"path_per_floor":["M","?","$","?","M","E","R","E","T","E","M","M","?","M","R","B",null,"M","?","?","M","$","E","R","E"],"character_chosen":"THE_SILENT","items_purchased":["Crippling Poison","ClockworkSouvenir","Burst"],"campfire_rested":1,"item_purchase_floors":[3,22,22],"current_hp_per_floor":[59,52,52,52,52,52,52,23,23,23,23,20,20,18,18,11,52,45,27,27,27,42,9,30,0,0],"gold":35,"neow_bonus":"THREE_ENEMY_KILL","is_daily":false,"chose_seed":false,"campfire_upgraded":2,"win_rate":0.0,"timestamp":1614372198,"path_taken":["M","?","$","?","?","E","R","E","T","E","M","M","?","M","R","BOSS","M","?","?","M","$","E","R","E"],"items_purchased_type":["Card","Relic","Card"],"build_version":"2020-12-22","purchased_purges":1,"victory":false,"max_hp_per_floor":[66,66,66,66,66,66,66,66,66,66,66,66,66,66,66,66,66,66,71,71,71,71,71,71,71,71],"relic_stats":{"Darkstone Periapt":0,"Shovel":0,"counters":[13,44],"Tiny Chest":0,"MealTicket":15,"Black Star":1,"Orichalcum":[90],"Smiling Mask":0,"obtain_stats":[{"Darkstone Periapt":23,"Shovel":10,"NeowsBlessing":0,"Ninja Scroll":8,"Tiny Chest":6,"MealTicket":9,"Black Star":17,"Orichalcum":13,"Smiling Mask":23,"Ring of the Snake":0,"ClockworkSouvenir":22},{"Darkstone Periapt":12,"Shovel":5,"NeowsBlessing":0,"Ninja Scroll":4,"Tiny Chest":3,"MealTicket":4,"Black Star":9,"Orichalcum":7,"Smiling Mask":12,"Ring of the Snake":0,"ClockworkSouvenir":11},{"Darkstone Periapt":41,"Shovel":15,"NeowsBlessing":0,"Ninja Scroll":12,"Tiny Chest":3,"MealTicket":12,"Black Star":31,"Orichalcum":20,"Smiling Mask":41,"Ring of the Snake":0,"ClockworkSouvenir":38}],"Ring of the Snake":[26]},"card_choices":[{"not_picked":["Flechettes","Quick Slash"],"picked":"Dagger Throw","floor":1},{"not_picked":["Leg Sweep","Outmaneuver","Distraction"],"picked":"SKIP","floor":5},{"not_picked":["Slice","PiercingWail"],"picked":"Terror","floor":6},{"not_picked":["Calculated Gamble","Choke"],"picked":"Glass Knife","floor":8},{"not_picked":["Heel Hook","Crippling Poison"],"picked":"Noxious Fumes","floor":10},{"not_picked":["Flechettes","Dagger Throw","Expertise"],"picked":"SKIP","floor":11},{"not_picked":["Noxious Fumes","Calculated Gamble"],"picked":"Catalyst","floor":12},{"not_picked":["Eviscerate","Underhanded Strike","Bane"],"picked":"SKIP","floor":14},{"not_picked":["Night Terror","Malaise"],"picked":"Corpse Explosion","floor":16},{"not_picked":["Quick Slash","Dagger Throw","Slice"],"picked":"SKIP","floor":18},{"not_picked":["Masterful Stab","Cloak And Dagger"],"picked":"Caltrops","floor":21},{"not_picked":["Underhanded Strike","Skewer","After Image"],"picked":"SKIP","floor":23}],"player_experience":914350,"relics_obtained":[{"floor":6,"key":"Tiny Chest"},{"floor":8,"key":"Ninja Scroll"},{"floor":9,"key":"MealTicket"},{"floor":10,"key":"Shovel"},{"floor":23,"key":"Darkstone Periapt"},{"floor":23,"key":"Smiling Mask"}],"event_choices":[{"cards_removed":["Strike_G"],"damage_healed":0,"gold_gain":0,"player_choice":"Card Removal","damage_taken":7,"max_hp_gain":0,"max_hp_loss":0,"event_name":"Golden Wing","floor":2,"gold_loss":0},{"damage_healed":0,"gold_gain":50,"player_choice":"Pray","damage_taken":0,"max_hp_gain":0,"max_hp_loss":0,"event_name":"Golden Shrine","floor":4,"gold_loss":0},{"damage_healed":0,"gold_gain":0,"player_choice":"Gave Potion","damage_taken":0,"relics_obtained":["Orichalcum"],"max_hp_gain":0,"max_hp_loss":0,"event_name":"WeMeetAgain","floor":13,"gold_loss":0},{"damage_healed":0,"gold_gain":0,"player_choice":"Shed Blood","damage_taken":23,"max_hp_gain":5,"max_hp_loss":0,"event_name":"Forgotten Altar","floor":19,"gold_loss":0},{"damage_healed":0,"gold_gain":0,"player_choice":"Ignored","damage_taken":0,"max_hp_gain":0,"max_hp_loss":0,"event_name":"The Mausoleum","floor":20,"gold_loss":0}],"is_beta":false,"boss_relics":[{"not_picked":["Busted Crown","SlaversCollar"],"picked":"Black Star"}],"items_purged_floors":[3],"is_endless":false,"potions_floor_spawned":[1,8,12,14,18],"killed_by":"Book of Stabbing","ascension_level":20}}