{"host":"avjwtc49fhlk6kym","time":1614379045,"event":{"mods":["AchievementEnabler","BaseMod","Better Match","Better Note","Better Third Choice","Colored Map","Colored Powertips","Displayed Cursed Tome","Highlight Path","Minty Spire (QoL Compilation)","Permanent Neow","Quick Restart","StSLib"],"gold_per_floor":[111,24,36,56,73,73,103,103,127,127,144,164,8,28,28,128,128,142,142,63,63,10,10,25,37,37,37,49,81,81,81],"floor_reached":30,"language":"ENG","playtime":1099,"items_purged":[],"score":277,"play_id":"ddfbba9d-08a6-42ee-8b80-10f998a3460c","local_time":"20210226173725","is_ascension_mode":true,"campfire_choices":[{"data":"BattleHymn","floor":6.0,"key":"SMITH"},{"floor":8.0,"key":"REST"},{"data":"Trip","floor":10.0,"key":"SMITH"},{"floor":15,"key":"REST"},{"data":"Eruption","floor":23,"key":"SMITH"},{"floor":27,"key":"REST"}],"circlet_count":0,"master_deck":["Strike_P+1","Strike_P+1","Strike_P+1","Strike_P+1","Defend_P+1","Defend_P+1","Defend_P+1","Defend_P+1","Eruption+1","Vigilance","Trip+1","ThirdEye","LikeWater","CrushJoints+1","BattleHymn+1","FlurryOfBlows+1","ClearTheMind","Devotion","FollowUp","DeusExMachina","Devotion","PathToVictory","ReachHeaven","BowlingBash","ThirdEye","Establishment","Consecrate+1","ThirdEye"],"relics":["PureWater","Bag of Preparation","Regal Pillow","Omamori","Cursed Key","Whetstone"],"acts_visited":["Exordium","TheCity"],"potions_floor_usage":[14,18,28,29,30],"damage_taken":[{"damage":5.0,"enemies":"Small Slimes","floor":1.0,"turns":4.0},{"damage":0.0,"enemies":"Jaw Worm","floor":3.0,"turns":2.0},{"damage":0.0,"enemies":"Cultist","floor":4.0,"turns":4.0},{"damage":4.0,"enemies":"Large Slime","floor":5.0,"turns":4.0},{"damage":26.0,"enemies":"Lagavulin","floor":7.0,"turns":5.0},{"damage":6.0,"enemies":"Exordium Wildlife","floor":11.0,"turns":3.0},{"damage":4.0,"enemies":"2 Fungi Beasts","floor":12.0,"turns":4.0},{"damage":6,"enemies":"Exordium Thugs","floor":14,"turns":4},{"damage":10,"enemies":"The Guardian","floor":16,"turns":9},{"damage":17,"enemies":"2 Thieves","floor":18,"turns":4},{"damage":10,"enemies":"3 Byrds","floor":24,"turns":4},{"damage":28,"enemies":"Snake Plant","floor":25,"turns":4},{"damage":20,"enemies":"3 Cultists","floor":28,"turns":5},{"damage":24,"enemies":"Book of Stabbing","floor":29,"turns":4},{"damage":14,"enemies":"Centurion and Healer","floor":30,"turns":1}],"seed_played":"941803667084482973","potions_obtained":[{"floor":4.0,"key":"BottledMiracle"},{"floor":5.0,"key":"BlessingOfTheForge"},{"floor":12.0,"key":"Fire Potion"},{"floor":16,"key":"Dexterity Potion"},{"floor":18,"key":"Fire Potion"},{"floor":28,"key":"EssenceOfSteel"},{"floor":29,"key":"Ancient Potion"}],"is_trial":false,"path_per_floor":["M","$","M","M","M","R","E","R","T","R","M","M","$","M","R","B",null,"M","?","$","?","$","R","M","M","T","R","M","E","M"],"character_chosen":"WATCHER","items_purchased":["LikeWater","CrushJoints","Omamori","ReachHeaven","BowlingBash"],"campfire_rested":3,"item_purchase_floors":[2,2,13,20,22],"current_hp_per_floor":[67,67,67,67,63,63,37,58,58,58,52,48,48,42,72,62,72,55,55,55,55,55,55,45,17,17,53,33,9,0,0],"gold":81,"neow_bonus":"RANDOM_COLORLESS","is_daily":false,"chose_seed":false,"campfire_upgraded":3,"win_rate":0.0,"timestamp":1614379045,"path_taken":["M","$","M","M","M","R","E","R","T","R","M","M","$","M","R","BOSS","M","?","$","?","?","R","M","?","T","R","M","E","M"],"items_purchased_type":["Card","Card","Relic","Card","Card"],"build_version":"2020-12-22","purchased_purges":0,"victory":false,"max_hp_per_floor":[72,72,72,72,72,72,72,72,72,72,72,72,72,72,72,72,72,72,72,72,72,72,72,72,72,72,72,72,72,72,72],"card_choices":[{"not_picked":["Jack Of All Trades","Purity"],"picked":"Trip","floor":0.0},{"not_picked":["DeceiveReality","Wireheading"],"picked":"ThirdEye","floor":1.0},{"not_picked":["FearNoEvil","WheelKick"],"picked":"BattleHymn","floor":3.0},{"not_picked":["JustLucky","EmptyBody"],"picked":"FlurryOfBlows","floor":4.0},{"not_picked":["Study","Adaptation"],"picked":"ClearTheMind","floor":5.0},{"not_picked":["BowlingBash","Sanctity"],"picked":"Devotion","floor":7.0},{"not_picked":["FlyingSleeves","Collect","BattleHymn"],"picked":"SKIP","floor":11.0},{"not_picked":["Halt","EmptyBody"],"picked":"FollowUp","floor":12.0},{"not_picked":["Sanctity","WindmillStrike"],"picked":"DeusExMachina","floor":14},{"not_picked":["Judgement","Brilliance"],"picked":"Devotion","floor":16},{"not_picked":["Evaluate","FollowUp"],"picked":"PathToVictory","floor":18},{"not_picked":["Perseverance","ClearTheMind+1"],"picked":"ThirdEye","floor":24},{"not_picked":["ThirdEye+1","Wireheading"],"picked":"Establishment","floor":25},{"not_picked":["Prostrate+1","WaveOfTheHand"],"picked":"Consecrate+1","floor":28},{"not_picked":["ReachHeaven","ClearTheMind"],"picked":"ThirdEye","floor":29}],"player_experience":468526,"relics_obtained":[{"floor":7.0,"key":"Bag of Preparation"},{"floor":9.0,"key":"Regal Pillow"},{"floor":29,"key":"Whetstone"}],"event_choices":[{"damage_healed":0,"gold_gain":0,"player_choice":"Simplicity","damage_taken":0,"max_hp_gain":0,"max_hp_loss":8,"event_name":"betterThird:BetterWriting","floor":19,"gold_loss":0},{"damage_healed":0,"gold_gain":0,"player_choice":"Ignored","damage_taken":0,"max_hp_gain":0,"max_hp_loss":0,"event_name":"Ghosts","floor":21,"gold_loss":0}],"is_beta":false,"boss_relics":[{"not_picked":["Pandora\u0027s Box","SlaversCollar"],"picked":"Cursed Key"}],"items_purged_floors":[],"is_endless":false,"potions_floor_spawned":[4,5,12,16,18,28,29],"killed_by":"Centurion and Healer","ascension_level":2}}