{"host":"i58uscbei3sy5089","time":1614356082,"event":{"mods":["ATMod(阿瑾Mod)","Act Like it!","BaseMod","Challenge The Spire","Colored Powertips","Conspire","Gensokyo","Infinite Spire","Lobotomy","LobotomyExtend","Minty Spire (QoL Compilation)","MostiFishMod","Quick Restart","Reliquary","Replay The Spire","Shop Mod","Spicy Shops","StSLib","TestMod","UnlockEverythingMod","[IsaacMod]以撒尖塔","【功能Mod】混沌之环修复补丁","【遗物卡牌】REMEMod","篝火指南"],"gold_per_floor":[520,1,11,22,22,22,340,540,540],"floor_reached":8,"language":"ZHS","playtime":404,"items_purged":[],"score":79,"play_id":"41940719-cee3-43c1-a767-c15395f6a314","local_time":"20210227001442","is_ascension_mode":true,"campfire_choices":[],"circlet_count":0,"master_deck":["AscendersBane","SpecialBullet","SpecialBullet","SpecialBullet","SpecialBullet","SpecialBullet","SpecialBullet","SpecialBullet","SpecialBullet","testmod-Reproduce","AT_FamilyPortrait","Gensokyo:BlemishedSteel","OSAHOGD","SecurityCode","InformationCode","Adoration+1","DaCapo","WallGazer"],"relics":["CogitoBucket","testmod-TestBox","HushsDoor","DaveBox","AT_ATBox","REME_ComplimentaryCards","D6","RhineSuit","SynthV:TestCard","LetterFromLob","Civilization","SteamSale","SteamSale"],"acts_visited":["Exordium"],"potions_floor_usage":[],"damage_taken":[{"damage":5,"enemies":"Gensokyo:3_Fairies","floor":1,"turns":3},{"damage":0,"enemies":"Gensokyo:2_Kodama","floor":3,"turns":1},{"damage":20,"enemies":"Gensokyo:Gryphon","floor":4,"turns":3},{"damage":19,"enemies":"Gensokyo:VengefulSpirit","floor":7,"turns":5},{"damage":18,"enemies":"Gensokyo:Cirno","floor":8,"turns":5}],"seed_played":"3414955813795863711","potions_obtained":[{"floor":1,"key":"Elixir"},{"floor":7,"key":"AttackPotion"}],"is_trial":false,"path_per_floor":["M","COS","M","M","?","R","M","E"],"character_chosen":"Angela","items_purchased":[],"campfire_rested":0,"item_purchase_floors":[],"current_hp_per_floor":[40,40,42,25,25,25,18,0,0],"gold":540,"neow_bonus":"TWO_FIFTY_GOLD","is_daily":false,"chose_seed":false,"campfire_upgraded":0,"win_rate":0.0,"timestamp":1614356082,"path_taken":["M","COS","M","M","?","R","M","E"],"items_purchased_type":[],"build_version":"2020-12-22","purchased_purges":0,"victory":false,"max_hp_per_floor":[70,70,72,75,75,75,79,79,79],"card_choices":[{"not_picked":["SolemnVow","RedEyes"],"picked":"SKIP","floor":1},{"not_picked":["RedEyes","Tough","Penitence","Beak"],"picked":"SKIP","floor":3},{"not_picked":["WallGazer","PunishingBird"],"picked":"OSAHOGD","floor":4},{"not_picked":["Regret_ego","Tough","Noise","CherryBlossom"],"picked":"SKIP","floor":4},{"not_picked":["Horn+1","MagicBullet+1","Discord+1"],"picked":"Adoration+1","floor":7},{"not_picked":["SoundOfStar","Mimicry","Twilight"],"picked":"DaCapo","floor":7},{"not_picked":["GreedKing","VoidDream"],"picked":"WallGazer","floor":7},{"not_picked":["Regret_ego","WristCuter","Noise","InTheNameOfLoveAndHate"],"picked":"SKIP","floor":7}],"player_experience":645041,"relics_obtained":[{"floor":1,"key":"SynthV:TestCard"},{"floor":1,"key":"LetterFromLob"}],"event_choices":[{"damage_healed":0,"gold_gain":0,"player_choice":"Swap Relic","damage_taken":0,"relics_obtained":["SteamSale"],"max_hp_gain":0,"max_hp_loss":0,"event_name":"给自己的盒子","floor":5,"relics_lost":["testmod-CardMagician"],"gold_loss":0}],"is_beta":false,"boss_relics":[],"items_purged_floors":[],"is_endless":false,"potions_floor_spawned":[1,7],"killed_by":"Gensokyo:Cirno","ascension_level":13}}