{"host":"ocllwaoi18j60ltd","time":1614359322,"event":{"mods":["BaseMod","DeckTracker","Minty Spire (QoL Compilation)","Permanent Neow","Quick Restart","StSLib","SuperFastMode"],"gold_per_floor":[109,128,143,154,171,171,196,196,196,207,238,254,254,283,283,386,386,402,4,14,27,44,44,73,73,100,140,166,192,204,316,328,437,449,478,490,402,402,164,164,178,178,178,194,222,240,5,41,41,41],"floor_reached":51,"language":"KOR","playtime":1760,"items_purged":["Strike_B","Strike_B","Shame","Strike_B"],"score":1017,"play_id":"9d806ae1-c48a-45c7-83d4-6335a7f42888","local_time":"20210227020842","is_ascension_mode":true,"campfire_choices":[{"data":"Sunder","floor":6.0,"key":"SMITH"},{"data":"Beam Cell","floor":8.0,"key":"SMITH"},{"data":"Go for the Eyes","floor":13.0,"key":"SMITH"},{"data":"Darkness","floor":15.0,"key":"SMITH"},{"data":"Buffer","floor":25.0,"key":"SMITH"},{"floor":30.0,"key":"REST"},{"data":"Zap","floor":32.0,"key":"SMITH"},{"data":"Master of Strategy","floor":40.0,"key":"SMITH"},{"data":"Master of Strategy","floor":42.0,"key":"SMITH"},{"data":"Skim","floor":49,"key":"SMITH"}],"circlet_count":0,"master_deck":["Defend_B","Defend_B","Defend_B","Defend_B","Zap+1","Dualcast","Compile Driver","Sunder+1","Undo","Beam Cell+1","Sweeping Beam","Go for the Eyes+1","Conserve Battery","Darkness+1","Buffer+1","Gash+1","Master of Strategy+1","Glacier","Cold Snap+1","Coolheaded+1","Gash+1","White Noise+1","Master of Strategy+1","Skim+1"],"relics":["Cracked Core","Matryoshka","Strawberry","HornCleat","Gremlin Horn","Anchor","Black Star","PreservedInsect","Happy Flower","Tiny Chest","Dream Catcher","MawBank","Ornamental Fan","Boot","Cursed Key","The Courier","Mango","Bottled Flame","Oddly Smooth Stone","Sundial","CeramicFish"],"acts_visited":["Exordium","TheCity","TheBeyond"],"potions_floor_usage":[50],"damage_taken":[{"damage":2.0,"enemies":"Jaw Worm","floor":1.0,"turns":3.0},{"damage":1.0,"enemies":"Cultist","floor":2.0,"turns":3.0},{"damage":0.0,"enemies":"2 Louse","floor":3.0,"turns":2.0},{"damage":1.0,"enemies":"Red Slaver","floor":4.0,"turns":4.0},{"damage":5.0,"enemies":"Lots of Slimes","floor":5.0,"turns":2.0},{"damage":15.0,"enemies":"3 Sentries","floor":7.0,"turns":6.0},{"damage":0.0,"enemies":"Exordium Thugs","floor":10.0,"turns":3.0},{"damage":10.0,"enemies":"Lagavulin","floor":11.0,"turns":5.0},{"damage":0.0,"enemies":"Large Slime","floor":12.0,"turns":2.0},{"damage":0.0,"enemies":"Gremlin Nob","floor":14.0,"turns":3.0},{"damage":29.0,"enemies":"The Guardian","floor":16.0,"turns":8.0},{"damage":0.0,"enemies":"Chosen","floor":18.0,"turns":4.0},{"damage":13.0,"enemies":"Spheric Guardian","floor":20.0,"turns":5.0},{"damage":19.0,"enemies":"Snecko","floor":21.0,"turns":6.0},{"damage":10.0,"enemies":"Centurion and Healer","floor":22.0,"turns":8.0},{"damage":0.0,"enemies":"Slavers","floor":24.0,"turns":2.0},{"damage":0.0,"enemies":"Gremlin Leader","floor":27.0,"turns":4.0},{"damage":3.0,"enemies":"Shelled Parasite and Fungi","floor":28.0,"turns":6.0},{"damage":0.0,"enemies":"Snake Plant","floor":29.0,"turns":5.0},{"damage":8.0,"enemies":"Collector","floor":33.0,"turns":11.0},{"damage":0.0,"enemies":"3 Darklings","floor":35.0,"turns":4.0},{"damage":0.0,"enemies":"3 Shapes","floor":41.0,"turns":3.0},{"damage":1,"enemies":"Spire Growth","floor":44,"turns":6},{"damage":13,"enemies":"Nemesis","floor":45,"turns":5},{"damage":0,"enemies":"Transient","floor":46,"turns":5},{"damage":0,"enemies":"Reptomancer","floor":48,"turns":4},{"damage":15,"enemies":"Awakened One","floor":50,"turns":12}],"seed_played":"2090380346984010486","potions_obtained":[{"floor":2.0,"key":"Fire Potion"},{"floor":7.0,"key":"ColorlessPotion"},{"floor":11.0,"key":"EntropicBrew"},{"floor":12.0,"key":"PowerPotion"},{"floor":24.0,"key":"Explosive Potion"},{"floor":27.0,"key":"SteroidPotion"},{"floor":29.0,"key":"DistilledChaos"},{"floor":33.0,"key":"Fire Potion"},{"floor":44,"key":"CultistPotion"},{"floor":48,"key":"DistilledChaos"}],"is_trial":false,"path_per_floor":["M","M","M","M","M","R","E","R","T","M","E","M","R","E","R","B",null,"M","$","M","M","M","$","E","R","T","E","M","M","R","?","R","B",null,"M","T","$","T","$","R","M","R","T","M","E","M","$","E","R","B",null],"character_chosen":"DEFECT","items_purchased":["PreservedInsect","Master of Strategy","Master of Strategy","Oddly Smooth Stone"],"campfire_rested":1,"item_purchase_floors":[19,19,39,47],"current_hp_per_floor":[73,72,72,71,66,66,51,51,58,58,48,48,48,48,48,19,82,82,82,69,50,40,40,40,40,40,40,37,37,61,61,61,53,82,82,82,82,82,82,82,82,82,82,81,82,82,82,82,82,67],"gold":41,"neow_bonus":"TRANSFORM_CARD","is_daily":false,"chose_seed":false,"campfire_upgraded":9,"win_rate":0.0,"timestamp":1614359322,"path_taken":["M","M","M","M","M","R","E","R","T","M","E","M","R","E","R","BOSS","M","$","M","M","M","$","E","R","T","E","M","M","R","?","R","BOSS","M","?","?","?","$","R","M","R","T","?","E","M","$","E","R","BOSS"],"items_purchased_type":["Relic","Card","Card","Relic"],"build_version":"2020-12-22","purchased_purges":4,"victory":true,"max_hp_per_floor":[75,75,75,75,75,75,75,75,82,82,82,82,82,82,82,82,82,82,82,82,82,82,82,82,82,82,82,82,82,82,82,82,82,82,82,82,82,82,82,82,82,82,82,82,96,96,96,96,96,96],"card_choices":[{"not_picked":["Steam","Melter","Force Field"],"picked":"SKIP","floor":1.0},{"not_picked":["Coolheaded","Melter"],"picked":"Sunder","floor":2.0},{"not_picked":["Aggregate","Scrape"],"picked":"Undo","floor":3.0},{"not_picked":["White Noise","Steam Power"],"picked":"Beam Cell","floor":4.0},{"not_picked":["Beam Cell","Redo","Auto Shields"],"picked":"SKIP","floor":5.0},{"not_picked":["Reprogram","Rainbow"],"picked":"Sweeping Beam","floor":7.0},{"not_picked":["Sweeping Beam","Rebound","Redo"],"picked":"SKIP","floor":10.0},{"not_picked":["Gash","Double Energy"],"picked":"Go for the Eyes","floor":11.0},{"not_picked":["Beam Cell","Rebound"],"picked":"Conserve Battery","floor":12.0},{"not_picked":["Stack","Defragment"],"picked":"Darkness","floor":14.0},{"not_picked":["Core Surge","Meteor Strike"],"picked":"Buffer","floor":16.0},{"not_picked":["Go for the Eyes","BootSequence+1"],"picked":"Gash+1","floor":18.0},{"not_picked":["Storm","Steam Power"],"picked":"Glacier","floor":20.0},{"not_picked":["Beam Cell","Blizzard","Go for the Eyes"],"picked":"SKIP","floor":21.0},{"not_picked":["Beam Cell+1","Ball Lightning"],"picked":"Cold Snap+1","floor":22.0},{"not_picked":["Doom and Gloom","Go for the Eyes+1"],"picked":"Coolheaded+1","floor":24.0},{"not_picked":["Melter+1","Lockon","Thunder Strike"],"picked":"SKIP","floor":27.0},{"not_picked":["Beam Cell","Recycle","Barrage"],"picked":"SKIP","floor":28.0},{"not_picked":["Beam Cell","Recycle","Barrage"],"picked":"SKIP","floor":28.0},{"not_picked":["Coolheaded","Lockon"],"picked":"Gash+1","floor":29.0},{"not_picked":["Leap+1","Redo+1"],"picked":"White Noise+1","floor":35.0},{"not_picked":["Redo+1","Self Repair","Compile Driver+1"],"picked":"SKIP","floor":41.0},{"not_picked":["Force Field","Stack+1","Reinforced Body"],"picked":"SKIP","floor":44},{"not_picked":["Core Surge","Rip and Tear+1","Fusion"],"picked":"SKIP","floor":45},{"not_picked":["Doom and Gloom+1","Go for the Eyes","Lockon+1"],"picked":"SKIP","floor":46},{"not_picked":["Beam Cell","Rip and Tear+1"],"picked":"Skim","floor":48}],"player_experience":597152,"relics_obtained":[{"floor":7.0,"key":"Matryoshka"},{"floor":9.0,"key":"Strawberry"},{"floor":9.0,"key":"HornCleat"},{"floor":11.0,"key":"Gremlin Horn"},{"floor":14.0,"key":"Anchor"},{"floor":24.0,"key":"Happy Flower"},{"floor":24.0,"key":"Tiny Chest"},{"floor":26.0,"key":"Dream Catcher"},{"floor":26.0,"key":"MawBank"},{"floor":27.0,"key":"Ornamental Fan"},{"floor":27.0,"key":"Boot"},{"floor":38.0,"key":"The Courier"},{"floor":45,"key":"Mango"},{"floor":45,"key":"Bottled Flame"},{"floor":48,"key":"Sundial"},{"floor":48,"key":"CeramicFish"}],"event_choices":[{"damage_healed":0.0,"max_hp_gain":0.0,"max_hp_loss":0.0,"gold_gain":100.0,"event_name":"Golden Shrine","player_choice":"Pray","floor":31.0,"gold_loss":0.0,"damage_taken":0.0}],"is_beta":false,"boss_relics":[{"not_picked":["Inserter","Runic Pyramid"],"picked":"Black Star"},{"not_picked":["SlaversCollar","Calling Bell"],"picked":"Cursed Key"}],"items_purged_floors":[19,37,39,47],"is_endless":false,"potions_floor_spawned":[2,7,11,12,21,24,27,29,33,44,48],"ascension_level":3}}