{"host":"30jsp143e4v19aze","time":1614365429,"event":{"mods":["BaseMod","Colored Map","Colored Powertips","Curses Come First","DeckTracker","Highlight Path","Minty Spire (QoL Compilation)","Quick Restart","Relic Stats","StSLib","everything is the same but u backflip on backflip","slay the spire mod where everything is the same but ironclad has a cowboy hat"],"gold_per_floor":[109,121,132,13,27,52,52,86,86,86,86],"floor_reached":10,"language":"ENG","playtime":324,"items_purged":[],"score":156,"play_id":"e3d5fcba-0120-4251-ad51-53c3ad6d6be3","local_time":"20210226195029","is_ascension_mode":true,"campfire_choices":[{"data":"Inflame","floor":7,"key":"SMITH"}],"circlet_count":0,"master_deck":["AscendersBane","Strike_R","Strike_R","Strike_R","Strike_R","Strike_R","Defend_R","Defend_R","Defend_R","Defend_R","Bash","Shrug It Off","Combust","Shrug It Off","Sword Boomerang","Inflame+1","True Grit","Feed"],"relics":["Burning Blood","Toxic Egg 2","Bag of Marbles","Dream Catcher"],"acts_visited":["Exordium"],"potions_floor_usage":[6,8],"damage_taken":[{"damage":6,"enemies":"Cultist","floor":1,"turns":3},{"damage":19,"enemies":"Jaw Worm","floor":2,"turns":5},{"damage":1,"enemies":"2 Louse","floor":3,"turns":4},{"damage":18,"enemies":"Lots of Slimes","floor":5,"turns":3},{"damage":29,"enemies":"Lagavulin","floor":6,"turns":6},{"damage":10,"enemies":"3 Sentries","floor":8,"turns":6},{"damage":31,"enemies":"Lagavulin","floor":10,"turns":3}],"seed_played":"-4182002127829958370","potions_obtained":[{"floor":1,"key":"Ancient Potion"},{"floor":2,"key":"FearPotion"},{"floor":6,"key":"HeartOfIron"}],"is_trial":false,"path_per_floor":["M","M","M","$","M","E","R","E","T","E"],"character_chosen":"IRONCLAD","items_purchased":["Inflame","True Grit"],"campfire_rested":0,"item_purchase_floors":[4,4],"current_hp_per_floor":[68,55,60,60,48,25,25,24,24,0,0],"gold":86,"neow_bonus":"THREE_CARDS","is_daily":false,"chose_seed":false,"campfire_upgraded":1,"win_rate":0.0,"timestamp":1614365429,"path_taken":["M","M","M","$","?","E","R","E","T","E"],"items_purchased_type":["Card","Card"],"build_version":"2020-12-22","purchased_purges":0,"victory":false,"max_hp_per_floor":[75,75,75,75,75,75,75,78,78,78,78],"relic_stats":{"Dream Catcher":0,"counters":[7,30],"obtain_stats":[{"Dream Catcher":9,"Bag of Marbles":8,"Toxic Egg 2":6,"Burning Blood":0},{"Dream Catcher":6,"Bag of Marbles":6,"Toxic Egg 2":5,"Burning Blood":0},{"Dream Catcher":27,"Bag of Marbles":27,"Toxic Egg 2":21,"Burning Blood":0}],"Burning Blood":36},"card_choices":[{"not_picked":["Body Slam","Havoc"],"picked":"Shrug It Off","floor":0},{"not_picked":["Carnage","Warcry"],"picked":"Combust","floor":1},{"not_picked":["Armaments","Flex"],"picked":"Shrug It Off","floor":2},{"not_picked":["Bloodletting","Dark Embrace"],"picked":"Sword Boomerang","floor":3},{"not_picked":["Warcry","Headbutt","Anger"],"picked":"SKIP","floor":5},{"not_picked":["Flame Barrier+1","Sword Boomerang"],"picked":"Feed","floor":6},{"not_picked":["Twin Strike","Pommel Strike","Iron Wave"],"picked":"SKIP","floor":8}],"player_experience":3312434,"relics_obtained":[{"floor":6,"key":"Toxic Egg 2"},{"floor":8,"key":"Bag of Marbles"},{"floor":9,"key":"Dream Catcher"}],"event_choices":[],"is_beta":false,"boss_relics":[],"items_purged_floors":[],"is_endless":false,"potions_floor_spawned":[1,2,6],"killed_by":"Lagavulin","ascension_level":20}}