{"host":"8t5dkgm85abdp22d","time":1614328109,"event":{"mods":["100% Spire Juice","ATMod(阿瑾Mod)","Act Like it!","BaseMod","Colored Powertips","Conspire","Gensokyo","Hallownest","Library of Ruina","Library of Ruina Extra","Marisa（F雨　魔理沙）","Minty Spire (QoL Compilation)","MostiFishMod","Remilia（蕾米莉亚）","RumiaBox-露米娅的神秘盒子","StSLib","The Bug Knight","UnlockEverythingMod","Waifu the Spire","WarShipGirlsR/战舰少女R mod","Wide Potions","Yakumo Yukari mod"],"gold_per_floor":[114,134,134,84,96,121,136,164,464,493,504,116,132,159,159,255,255,273,273,283,301,46,75,100,137,149,260,372,416,428,459,471,581,593,624,686,87,102,118,143,153,153,153,181,0,10,28,54,54,54,54],"floor_reached":52,"language":"ZHS","playtime":1276,"items_purged":["StructuralAnalysis","DegradedChain"],"score":1666,"play_id":"a0f70251-0517-4ebe-ae27-0967d95aaa70","local_time":"20210226162829","is_ascension_mode":true,"campfire_choices":[{"data":"FormingStorm","floor":15,"key":"SMITH"},{"data":"TheRedNotes","floor":30,"key":"SMITH"},{"data":"Faith","floor":32,"key":"SMITH"},{"data":"SenseQuarry","floor":42,"key":"SMITH"},{"data":"UnforgettableMelody","floor":49,"key":"SMITH"}],"circlet_count":0,"master_deck":["DegradedFairy","DegradedFairy","DegradedFairy","DegradedChain","DegradedLock","DegradedPillar+1","DegradedPillar+1","DegradedShockwave+1","TheRedNotes+1","CleanUp+1","Faith+1","WillOfThePrescript+1","FormingStorm+1","TrashDisposal","Parry2","ViolentFlame+1","CrackOfDawn","TendonChords+1","SenseQuarry+1","LeRegole","UnforgettableMelody+1"],"relics":["PageOfLibrarian","DaveBox","PatriotShield","SynthV:TestCard","PageOfTheSilentOrchestra","AT_SilvercatRing","SentryEyes","Old Coin","Smiling Mask","Technique","Lantern","ArrowTower","conspire:RoyalGoblet","Nloth\u0027s Gift","AT_RedNoBalance","MawBank","Ancient Tea Set","PageOfApocalypseBird","ThornShield","Bottled Lightning","Oddly Smooth Stone","AddBug","Ancient Tea Set","AT_RabadonDeathcap","AT_ChloranthyRing","Matryoshka","Chemical X","War Paint","PageOfMountain","ArrowTower","ScarletDevilRocket","Red Mask","Potion Belt"],"acts_visited":["Exordium","TheCity","TheBeyond"],"potions_floor_usage":[],"damage_taken":[{"damage":0,"enemies":"Small Slimes","floor":1,"turns":1},{"damage":0,"enemies":"Jaw Worm","floor":2,"turns":1},{"damage":0,"enemies":"Cultist","floor":5,"turns":1},{"damage":0,"enemies":"Lagavulin","floor":6,"turns":2},{"damage":0,"enemies":"Gremlin Gang","floor":7,"turns":2},{"damage":0,"enemies":"Gremlin Nob","floor":8,"turns":1},{"damage":0,"enemies":"3 Sentries","floor":10,"turns":1},{"damage":0,"enemies":"Large Slime","floor":11,"turns":1},{"damage":0,"enemies":"3 Louse","floor":13,"turns":1},{"damage":0,"enemies":"Lagavulin","floor":14,"turns":1},{"damage":0,"enemies":"Hexaghost","floor":16,"turns":3},{"damage":0,"enemies":"Chosen","floor":18,"turns":1},{"damage":0,"enemies":"3 Byrds","floor":20,"turns":1},{"damage":0,"enemies":"Centurion and Healer","floor":21,"turns":1},{"damage":0,"enemies":"HollowMod:Nosk","floor":23,"turns":1},{"damage":0,"enemies":"Snecko","floor":24,"turns":2},{"damage":0,"enemies":"Book of Stabbing","floor":25,"turns":2},{"damage":0,"enemies":"Colosseum Slavers","floor":28,"turns":1},{"damage":0,"enemies":"Colosseum Nobs","floor":28,"turns":2},{"damage":0,"enemies":"conspire:Head Lice","floor":29,"turns":2},{"damage":0,"enemies":"Snake Plant","floor":31,"turns":1},{"damage":0,"enemies":"KingOfGreed","floor":33,"turns":3},{"damage":0,"enemies":"Orb Walker","floor":35,"turns":1},{"damage":0,"enemies":"Mind Bloom Boss Battle","floor":36,"turns":1},{"damage":0,"enemies":"3 Darklings","floor":38,"turns":1},{"damage":0,"enemies":"Spire Growth","floor":39,"turns":1},{"damage":0,"enemies":"Nemesis","floor":40,"turns":1},{"damage":0,"enemies":"3 Darklings","floor":41,"turns":1},{"damage":0,"enemies":"Giant Head","floor":44,"turns":1},{"damage":0,"enemies":"Jaw Worm Horde","floor":46,"turns":1},{"damage":0,"enemies":"Transient","floor":47,"turns":3},{"damage":0,"enemies":"Nemesis","floor":48,"turns":1},{"damage":48,"enemies":"conspire:OrnateMirror","floor":50,"turns":4}],"seed_played":"-423326188118005297","potions_obtained":[{"floor":1,"key":"GamblersBrew"},{"floor":6,"key":"LiquidMemories"},{"floor":7,"key":"PowerPotion"}],"is_trial":false,"path_per_floor":["M","M","?","?","M","E","M","E","T","E","M","$","M","E","R","B",null,"M","?","M","M","$","E","M","E","T","?","?","E","R","M","R","B",null,"M","?","$","M","M","E","M","R","T","E","?","M","M","E","R","B",null,null],"character_chosen":"Librarian","items_purchased":["Technique","Lantern","StructuralAnalysis","AT_SilverBalance","AT_ChloranthyRing","Matryoshka","Chemical X"],"campfire_rested":0,"item_purchase_floors":[12,12,12,22,37,37,37],"current_hp_per_floor":[69,69,69,69,69,69,69,69,69,69,69,69,69,69,69,69,99,99,99,99,99,99,57,57,57,57,57,67,67,67,67,67,75,99,99,99,99,99,99,99,99,99,99,99,99,99,99,99,99,57,64],"gold":54,"neow_bonus":"TEN_PERCENT_HP_BONUS","is_daily":false,"chose_seed":false,"campfire_upgraded":5,"win_rate":0.0,"timestamp":1614328109,"path_taken":["M","M","?","?","M","E","M","E","T","E","M","$","M","E","R","BOSS","M","?","M","?","$","E","?","E","T","?","?","E","R","M","R","BOSS","M","?","$","M","M","E","M","R","T","E","?","M","M","E","R","BOSS"],"items_purchased_type":["Relic","Relic","Card","Relic","Relic","Relic","Relic"],"build_version":"2020-12-22","purchased_purges":2,"victory":true,"max_hp_per_floor":[99,99,99,99,99,99,99,99,99,99,99,99,99,99,99,99,99,99,99,99,99,99,99,99,99,99,99,99,99,99,99,99,99,99,99,99,99,99,99,99,99,99,99,99,99,99,99,99,99,99,99],"card_choices":[{"not_picked":["LoosenUp","SmokingPipe","HandleRequest","SharpSwipe","BiAn","BindingArms","BurningFlash","Creak","Eject"],"picked":"SKIP","floor":1},{"not_picked":["SmokingPipe","DevastatingThrash","Pound","BlazingStrike","BackstreetsDash","SerpentineBarrier","Wallop_lor","Execute_lor","UpbeatPerformance","FleetFootsteps","SteelKnuckles"],"picked":"SKIP","floor":2},{"not_picked":["RulesOfTheBackstreets","DesperateStruggle","Leap_lor","MultiHit","HiddenBlade","Clone","SinglePointStab","HandleRequest","StrikeDown","BizarreAttack"],"picked":"TheRedNotes","floor":5},{"not_picked":["Ripple","BiAn","BackAttack","BulkyImpact","TasteMyFlamingBat","UpbeatPerformance","FieryWaltz","IdentifyWeakpoint","PinpointShot","IronWall","AsThePrescriptOrders"],"picked":"SKIP","floor":6},{"not_picked":["Reload","BlowItUp","ToOvercomeCrisis","ExtractFuel","QuickAttack","ClassAndRespect","InhaleSmoke","StrikeDown","BiAn","MultiHit"],"picked":"CleanUp","floor":7},{"not_picked":["GrazeTheGrass","FierceCharge","DesperateStruggle","MindPrepared","IdentifyWeakpoint","SunsetBlade","StrikeDown","HandleRequest","CoordinatedAssault","MirageStorm","ForTheFamily"],"picked":"SKIP","floor":8},{"not_picked":["RhinoRam","StrongStrike","ForTheFamily","QuickSuppression","Track","NonstopAssault","GrazeTheGrass","UndertakePrescript","EndlessBattle","EnergyCycle"],"picked":"Faith","floor":10},{"not_picked":["ClassAndRespect","WaitUp","FrontalAssault","Overcharge","AsThePrescriptOrders","SweepTheBackstreets","SpearedSweep","Eradication","Leap_lor","SharpNails"],"picked":"WillOfThePrescript","floor":11},{"not_picked":["ViolentFlame","FleetEdge","FierceCharge","BackAttack","SmokingPipe","RatsGuideToSurvival","FlowOfTheSword","DarkCloud","Standoff","Leap_lor","TrimTheIngredients"],"picked":"SKIP","floor":13},{"not_picked":["WillOfThePrescript","VenomousFangs","FrontalAssault","HighKick","EmotionalTurbulence","Track","GrazeTheGrass","GuardingStance","Commandeering","Thrust"],"picked":"FormingStorm","floor":14},{"not_picked":["TieShanKao","SilentNight","Eradication","Transpierce"],"picked":"TrashDisposal","floor":16},{"not_picked":["DefenseOrder","SmokingPipe","AGoldenOpportunity","RushDown","NightInTheBackstreets","HandleRequest","TieShanKao","TheArtOfRapidSteps","MultiBlock","StructuralAnalysis+1"],"picked":"Parry2","floor":18},{"not_picked":["Observe","WillBeTasty","HandlingWork+1","BackstreetsDash+1","BiAn","QuickSuppression+1","SmokingPipe","Eliminate","AsThePrescriptOrders","TendonChords"],"picked":"ViolentFlame+1","floor":20},{"not_picked":["QuickAttack","FeatherShield","AssaultOrder+1","SnakeSlit","YourShield","PreemptiveStrike","SmokingPipe","TendonChords+1","Collision+1","GreatSerpentsImpact+1","RulesOfTheBackstreets"],"picked":"SKIP","floor":21},{"not_picked":["TimeForALittleTest","FlamingDragonFist","ElectricShock","Parry","SenseQuarry","ExtractFuel","SharpSwipe+1","WildCard","MindWhip","DaringDecision"],"picked":"CrackOfDawn","floor":23},{"not_picked":["UpbeatPerformance+1","BindingChains","StrikeDown+1","WillProduceFineSilk","Multislash","YourShield","ShockRound","GrazeTheGrass+1","DarkCloud","Wallop_lor+1","Struggle"],"picked":"SKIP","floor":24},{"not_picked":["Creak","WillProduceFineSilk","AsThePrescriptOrders","BackAttack+1","Zzzzzap","Rewind+1","Track","Faith","Crush","AGoldenOpportunity","RushDown"],"picked":"SKIP","floor":25},{"not_picked":["CumulusWall+1","Parry","NightInTheBackstreets","Tttonst","FieryWaltz","InnerArdor+1","NonstopAssault+1","BackstreetsDash","MindCrush","StayCalm","FervidEmotions"],"picked":"SKIP","floor":29},{"not_picked":["CoordinatedAssault","EnergyCycle","SharpSwipe","TheRedNotes","Thrust+1","GrazeTheGrass","PinpointShot+1","PreemptiveStrike","ChargeUp","QuickAttack","SharpenedBlade+1"],"picked":"SKIP","floor":31},{"not_picked":["Rewind+1","RapidGashes+1","AlloutWar","Preparation+1","MindWhip+1","IdentifyWeakpoint+1","RatsGuideToSurvival+1","CoordinatedAssault","Fence","Leap_lor+1"],"picked":"TendonChords+1","floor":35},{"not_picked":["SharpSwipe+1","ViolentFlame+1","SnakesPrey","SuppressingShot+1","PuppetBlockade","StructuralAnalysis+1","WillOfThePrescript","LoosenUp","Diversion","Struggle+1"],"picked":"SenseQuarry","floor":38},{"not_picked":["Faith+1","Castigation","IronWall+1","AGoldenOpportunity+1","FocusFire","Quickness","HandleRequest+1","CoordinatedAssault+1","Brawl","EnergyStrike","GreatSerpentsImpact"],"picked":"SKIP","floor":39},{"not_picked":["MirageStorm","ChargeUp","TraceOfFumes+1","TrimTheIngredients+1","StartinOutLightly+1","BlazingStrike","Feast+1","DarkCloud+1","MindCrush","SkyClearingCut","Pound"],"picked":"SKIP","floor":40},{"not_picked":["DefenseOrder+1","UnavoidableGaze","HardRehearsal","SinglePointStab","EndlessBattle+1","HighKick+1","EnergyShield+1","QuickAttack+1","GuardingStance+1","Ripple","UpbeatPerformance"],"picked":"SKIP","floor":41},{"not_picked":["SomberProcuration","FleetFootsteps+1","Guardian_lor","AbsorbImpact+1","IdentifyWeakpoint","Quickness+1","GrazeTheGrass","Eradication","ForTheFamily+1","ScratchThat"],"picked":"LeRegole","floor":44},{"not_picked":["MultiHit+1","GreatSerpentsImpact+1","FleetFootsteps","Pound","CoordinatedAssault","TendonChords+1","Castigation","SteelKnuckles+1","ToOvercomeCrisis+1","AsThePrescriptOrders+1","BoundaryOfDeath"],"picked":"SKIP","floor":46},{"not_picked":["HighKick","Reload","UnavoidableGaze","FrontalAssault+1","SunsetBlade+1","Parry+1","PreparedMind+1","HighSpeedStabbing+1","Pound","GuidanceOfTheGears+1","IllEndYou+1"],"picked":"SKIP","floor":47},{"not_picked":["TieShanKao","SomberProcuration","Reload+1","SilentNight","SharpSwipe+1","EnergyCycle","BoundaryOfDeath","BiteOff+1","FleetEdge","TheRedNotes+1"],"picked":"UnforgettableMelody","floor":48}],"player_experience":139617,"relics_obtained":[{"floor":1,"key":"SynthV:TestCard"},{"floor":6,"key":"AT_SilvercatRing"},{"floor":8,"key":"SentryEyes"},{"floor":9,"key":"Old Coin"},{"floor":10,"key":"Smiling Mask"},{"floor":14,"key":"ArrowTower"},{"floor":23,"key":"MawBank"},{"floor":25,"key":"Ancient Tea Set"},{"floor":26,"key":"PageOfApocalypseBird"},{"floor":28,"key":"ThornShield"},{"floor":28,"key":"Bottled Lightning"},{"floor":29,"key":"Oddly Smooth Stone"},{"floor":35,"key":"Ancient Tea Set"},{"floor":36,"key":"AT_RabadonDeathcap"},{"floor":43,"key":"War Paint"},{"floor":43,"key":"PageOfMountain"},{"floor":44,"key":"ArrowTower"},{"floor":44,"key":"ScarletDevilRocket"},{"floor":48,"key":"Potion Belt"}],"event_choices":[{"damage_healed":0,"gold_gain":0,"player_choice":"Box","damage_taken":0,"relics_obtained":["PageOfTheSilentOrchestra"],"max_hp_gain":0,"max_hp_loss":0,"event_name":"Big Fish","floor":3,"gold_loss":0,"cards_obtained":["Regret"]},{"cards_removed":["Regret"],"damage_healed":0,"gold_gain":0,"player_choice":"Card Removal","damage_taken":0,"max_hp_gain":0,"max_hp_loss":0,"event_name":"The Cleric","floor":4,"gold_loss":50},{"damage_healed":0,"gold_gain":0,"player_choice":"Traded Relic","damage_taken":0,"relics_obtained":["Nloth\u0027s Gift"],"max_hp_gain":0,"max_hp_loss":0,"event_name":"N\u0027loth","floor":19,"relics_lost":["AT_ATBox"],"gold_loss":0},{"damage_healed":0,"gold_gain":99,"player_choice":"Stole From Cult","damage_taken":0,"max_hp_gain":0,"max_hp_loss":0,"event_name":"Nest","floor":27,"gold_loss":0},{"damage_healed":0,"gold_gain":0,"player_choice":"Fight","damage_taken":0,"max_hp_gain":0,"max_hp_loss":0,"event_name":"Colosseum","floor":28,"gold_loss":0},{"damage_healed":0,"gold_gain":0,"player_choice":"Fought Nobs","damage_taken":0,"max_hp_gain":0,"max_hp_loss":0,"event_name":"Colosseum","floor":28,"gold_loss":0},{"damage_healed":0,"gold_gain":0,"player_choice":"Fight","damage_taken":0,"max_hp_gain":0,"max_hp_loss":0,"event_name":"MindBloom","floor":36,"gold_loss":0},{"damage_healed":0,"gold_gain":0,"player_choice":"Paid","damage_taken":0,"relics_obtained":["Red Mask"],"max_hp_gain":0,"max_hp_loss":0,"event_name":"Tomb of Lord Red Mask","floor":45,"gold_loss":181}],"is_beta":false,"boss_relics":[{"not_picked":["GuanYuAspect","EasyGame_NEW"],"picked":"conspire:RoyalGoblet"},{"not_picked":["SacredBark","Astrolabe"],"picked":"AddBug"}],"items_purged_floors":[12,37],"is_endless":false,"potions_floor_spawned":[1,6,7,14,16,25,28,28,31,33,35,36,39,44,47],"ascension_level":4}}