{"host":"iv24d026eac8pm4e","time":1614376350,"event":{"mods":["BaseMod","Minty Spire (QoL Compilation)"],"gold_per_floor":[116,133,151,151,167,167,180,180,180,180,0,39,59,95,95,184,184,228,178,224,249,249],"floor_reached":21,"language":"ENG","playtime":844,"items_purged":[],"score":431,"play_id":"dcf6955c-a9b1-4df1-91c7-6923b1e49a2c","local_time":"20210226135230","is_ascension_mode":true,"campfire_choices":[{"data":"Zap","floor":6,"key":"SMITH"},{"floor":10,"key":"REST"},{"data":"HandOfGreed","floor":15,"key":"SMITH"}],"circlet_count":0,"master_deck":["AscendersBane","Strike_B","Strike_B","Strike_B","Defend_B","Defend_B","Defend_B","Defend_B","Zap+1","Dualcast","Genetic Algorithm","Ball Lightning","Compile Driver","Coolheaded","Ball Lightning","HandOfGreed+1","Ball Lightning","Electrodynamics","Compile Driver","Multi-Cast","Genetic Algorithm+1","Skim"],"relics":["Cracked Core","Golden Idol","Cables","Potion Belt","Snecko Eye"],"acts_visited":["Exordium","TheCity"],"potions_floor_usage":[3,12,14,21],"damage_taken":[{"damage":1,"enemies":"Cultist","floor":1,"turns":4},{"damage":9,"enemies":"Small Slimes","floor":2,"turns":4},{"damage":4,"enemies":"Jaw Worm","floor":3,"turns":3},{"damage":19,"enemies":"Exordium Thugs","floor":5,"turns":5},{"damage":5,"enemies":"2 Fungi Beasts","floor":7,"turns":4},{"damage":8,"enemies":"Gremlin Nob","floor":12,"turns":3},{"damage":0,"enemies":"Red Slaver","floor":13,"turns":2},{"damage":15,"enemies":"Lots of Slimes","floor":14,"turns":4},{"damage":0,"enemies":"Slime Boss","floor":16,"turns":5},{"damage":13,"enemies":"Shell Parasite","floor":18,"turns":4},{"damage":7,"enemies":"3 Byrds","floor":20,"turns":2},{"damage":58,"enemies":"Shelled Parasite and Fungi","floor":21,"turns":3}],"seed_played":"-914492510169297903","potions_obtained":[{"floor":3,"key":"Fruit Juice"},{"floor":5,"key":"Ancient Potion"},{"floor":13,"key":"Regen Potion"},{"floor":18,"key":"SkillPotion"}],"is_trial":false,"path_per_floor":["M","M","M","?","M","R","M","?","T","R","$","E","M","M","R","B",null,"M","?","M","M"],"character_chosen":"DEFECT","items_purchased":["HandOfGreed"],"campfire_rested":1,"item_purchase_floors":[11],"current_hp_per_floor":[59,50,51,44,25,25,20,20,20,44,44,36,36,33,33,33,69,56,56,49,0,0],"gold":249,"neow_bonus":"TWENTY_PERCENT_HP_BONUS","is_daily":false,"chose_seed":false,"campfire_upgraded":2,"win_rate":0.0,"timestamp":1614376350,"path_taken":["M","M","M","?","M","R","M","?","T","R","?","E","?","M","R","BOSS","M","?","?","?"],"items_purchased_type":["Card"],"build_version":"2020-12-22","purchased_purges":0,"victory":false,"max_hp_per_floor":[85,85,90,90,90,90,90,81,81,81,81,81,81,81,81,81,81,81,81,81,81,81],"card_choices":[{"not_picked":["Ball Lightning","Turbo"],"picked":"Genetic Algorithm","floor":1},{"not_picked":["Hologram","Glacier"],"picked":"Ball Lightning","floor":2},{"not_picked":["Aggregate","Redo"],"picked":"Compile Driver","floor":3},{"not_picked":["Skim","Blizzard"],"picked":"Coolheaded","floor":5},{"not_picked":["White Noise","Streamline"],"picked":"Ball Lightning","floor":7},{"not_picked":["Coolheaded","Gash"],"picked":"Ball Lightning","floor":12},{"not_picked":["Rebound","Compile Driver"],"picked":"Electrodynamics","floor":13},{"not_picked":["Aggregate","Ball Lightning"],"picked":"Compile Driver","floor":14},{"not_picked":["All For One","Buffer"],"picked":"Multi-Cast","floor":16},{"not_picked":["Skim","Sweeping Beam"],"picked":"Genetic Algorithm+1","floor":18},{"not_picked":["Lockon","Redo"],"picked":"Skim","floor":20}],"player_experience":2641990,"relics_obtained":[{"floor":9,"key":"Cables"},{"floor":12,"key":"Potion Belt"}],"event_choices":[{"cards_removed":["Strike_B"],"damage_healed":0,"gold_gain":0,"player_choice":"Card Removal","damage_taken":7,"max_hp_gain":0,"max_hp_loss":0,"event_name":"Golden Wing","floor":4,"gold_loss":0},{"damage_healed":0,"gold_gain":0,"player_choice":"Lose Max HP","damage_taken":0,"relics_obtained":["Golden Idol"],"max_hp_gain":0,"max_hp_loss":9,"event_name":"Golden Idol","floor":8,"gold_loss":0},{"damage_healed":0,"gold_gain":0,"player_choice":"Bet on Owner","damage_taken":0,"max_hp_gain":0,"max_hp_loss":0,"event_name":"The Joust","floor":19,"gold_loss":50}],"is_beta":false,"boss_relics":[{"not_picked":["Fusion Hammer","Coffee Dripper"],"picked":"Snecko Eye"}],"items_purged_floors":[],"is_endless":false,"potions_floor_spawned":[3,5,13,18],"killed_by":"Shelled Parasite and Fungi","ascension_level":17}}