{"host":"6r762osam2bvfm66","time":1614303652,"event":{"mods":["AchievementEnabler","BaseMod","Colored Map","Highlight Path","Minty Spire (QoL Compilation)","Relic Stats","ojb\u0027s Info Mod"],"gold_per_floor":[109,128,140,157,157,189,189,215,240,18,18,31,31,42,42,144,144,161,161,161,179,192,192,3,3,3,23,35,51,83,93,93,198,198,209,225,125,135,135,149,149,184,184,184,184,203,203,203],"floor_reached":47,"language":"ENG","playtime":6462,"items_purged":["Strike_B","Strike_B"],"score":730,"play_id":"a685f8b5-43eb-4d24-9ed7-846e38cf478c","local_time":"20210225194052","is_ascension_mode":true,"campfire_choices":[{"floor":7,"key":"REST"},{"data":"Madness","floor":11,"key":"SMITH"},{"data":"Sunder","floor":13,"key":"SMITH"},{"data":"Zap","floor":15,"key":"SMITH"},{"data":"Blizzard","floor":23,"key":"SMITH"},{"data":"Defragment","floor":25,"key":"SMITH"},{"data":"Defragment","floor":32,"key":"SMITH"},{"data":"Blizzard","floor":41,"key":"SMITH"},{"floor":45,"key":"REST"}],"circlet_count":0,"master_deck":["Strike_B","Strike_B","Defend_B","Defend_B","Defend_B","Defend_B","Zap+1","Dualcast+1","Madness+1","Rip and Tear","Go for the Eyes","Sunder+1","Reinforced Body","Cold Snap","Leap","Barrage","All For One","Blizzard+1","Blizzard+1","Defragment+1","Defragment+1","Core Surge","Rainbow","Coolheaded","Purity","Purity","Blizzard+1"],"relics":["FrozenCore","Oddly Smooth Stone","Orichalcum","Akabeko","Runic Capacitor","DollysMirror","StoneCalendar","MealTicket","Sozu","Molten Egg 2"],"acts_visited":["Exordium","TheCity","TheBeyond"],"potions_floor_usage":[6,8,16,28,28,29,30,33,33,47],"damage_taken":[{"damage":9,"enemies":"2 Louse","floor":1,"turns":2},{"damage":0,"enemies":"Cultist","floor":2,"turns":3},{"damage":2,"enemies":"Jaw Worm","floor":3,"turns":3},{"damage":15,"enemies":"3 Louse","floor":4,"turns":3},{"damage":31,"enemies":"Lagavulin","floor":6,"turns":7},{"damage":14,"enemies":"Gremlin Nob","floor":8,"turns":4},{"damage":0,"enemies":"Lots of Slimes","floor":12,"turns":4},{"damage":2,"enemies":"Exordium Thugs","floor":14,"turns":4},{"damage":2,"enemies":"Hexaghost","floor":16,"turns":7},{"damage":12,"enemies":"2 Thieves","floor":18,"turns":4},{"damage":0,"enemies":"Chosen","floor":21,"turns":4},{"damage":1,"enemies":"Snake Plant","floor":22,"turns":6},{"damage":0,"enemies":"Sentry and Sphere","floor":27,"turns":6},{"damage":2,"enemies":"Shelled Parasite and Fungi","floor":28,"turns":6},{"damage":0,"enemies":"Centurion and Healer","floor":29,"turns":7},{"damage":9,"enemies":"Book of Stabbing","floor":30,"turns":7},{"damage":2,"enemies":"Cultist and Chosen","floor":31,"turns":7},{"damage":0,"enemies":"Collector","floor":33,"turns":9},{"damage":4,"enemies":"3 Shapes","floor":35,"turns":7},{"damage":12,"enemies":"3 Darklings","floor":36,"turns":7},{"damage":4,"enemies":"Transient","floor":38,"turns":5},{"damage":2,"enemies":"4 Shapes","floor":40,"turns":7},{"damage":33,"enemies":"Nemesis","floor":42,"turns":7},{"damage":16,"enemies":"3 Darklings","floor":46,"turns":4},{"damage":34,"enemies":"Transient","floor":47,"turns":4}],"seed_played":"8066963038241842183","potions_obtained":[{"floor":5,"key":"BlessingOfTheForge"},{"floor":5,"key":"PotionOfCapacity"},{"floor":5,"key":"Fire Potion"},{"floor":6,"key":"Block Potion"},{"floor":8,"key":"PowerPotion"},{"floor":12,"key":"Weak Potion"},{"floor":16,"key":"ColorlessPotion"},{"floor":28,"key":"Block Potion"},{"floor":29,"key":"Swift Potion"},{"floor":31,"key":"PotionOfCapacity"},{"floor":33,"key":"Explosive Potion"}],"is_trial":false,"path_per_floor":["M","M","M","M","?","E","R","E","T","$","R","M","R","M","R","B",null,"M","?","?","M","M","R","$","R","T","M","M","M","E","M","R","B",null,"M","M","$","M","?","M","R","E","T","?","R","M","M"],"character_chosen":"DEFECT","items_purchased":["Runic Capacitor","Defragment","DollysMirror"],"campfire_rested":2,"item_purchase_floors":[10,24,24],"current_hp_per_floor":[59,59,57,42,42,11,33,19,19,19,19,19,19,17,17,15,60,48,48,48,48,47,47,47,47,47,47,45,45,36,34,34,34,65,61,49,64,60,50,48,48,15,15,15,37,21,0,0],"gold":203,"neow_bonus":"RANDOM_COLORLESS","is_daily":false,"chose_seed":false,"campfire_upgraded":7,"win_rate":0.0,"timestamp":1614303652,"path_taken":["M","M","M","M","?","E","R","E","T","?","R","M","R","M","R","BOSS","M","?","?","M","M","R","$","R","T","M","M","M","E","?","R","BOSS","M","M","$","M","?","M","R","E","T","?","R","M","?"],"items_purchased_type":["Relic","Card","Relic"],"build_version":"2020-12-22","purchased_purges":2,"victory":false,"max_hp_per_floor":[75,75,75,75,75,75,75,75,75,75,75,75,75,75,75,75,75,75,75,75,75,75,75,75,75,75,75,75,75,75,75,75,75,75,75,75,75,75,75,75,75,75,75,75,75,75,75,75],"relic_stats":{"Sozu":2,"counters":[25,134],"StoneCalendar":[249],"MealTicket":15,"Orichalcum":[300],"obtain_stats":[{"Sozu":34,"DollysMirror":24,"Oddly Smooth Stone":6,"StoneCalendar":26,"MealTicket":30,"Molten Egg 2":42,"Runic Capacitor":10,"Orichalcum":8,"Cracked Core":0,"Akabeko":9,"FrozenCore":17},{"Sozu":18,"DollysMirror":12,"Oddly Smooth Stone":5,"StoneCalendar":12,"MealTicket":16,"Molten Egg 2":23,"Runic Capacitor":6,"Orichalcum":6,"Cracked Core":0,"Akabeko":6,"FrozenCore":9},{"Sozu":93,"DollysMirror":51,"Oddly Smooth Stone":18,"StoneCalendar":51,"MealTicket":77,"Molten Egg 2":126,"Runic Capacitor":22,"Orichalcum":22,"Cracked Core":0,"Akabeko":22,"FrozenCore":37}],"FrozenCore":[55]},"card_choices":[{"not_picked":["Deep Breath","Purity"],"picked":"Madness","floor":0},{"not_picked":["Coolheaded","Stack"],"picked":"Rip and Tear","floor":1},{"not_picked":["Turbo","Barrage"],"picked":"Go for the Eyes","floor":2},{"not_picked":["FTL","Double Energy"],"picked":"Sunder","floor":3},{"not_picked":["Conserve Battery","Stack"],"picked":"Reinforced Body","floor":4},{"not_picked":["Go for the Eyes","Hyperbeam"],"picked":"Cold Snap","floor":6},{"not_picked":["Recycle","FTL"],"picked":"Leap","floor":8},{"not_picked":["Melter","Sweeping Beam"],"picked":"Barrage","floor":12},{"not_picked":["Go for the Eyes","Redo","Compile Driver"],"picked":"SKIP","floor":14},{"not_picked":["Rainbow","Machine Learning"],"picked":"All For One","floor":16},{"not_picked":["Sweeping Beam","Gash","Chaos"],"picked":"SKIP","floor":18},{"not_picked":["Double Energy","Gash","Leap"],"picked":"SKIP","floor":21},{"not_picked":["Hologram","Loop"],"picked":"Blizzard","floor":22},{"not_picked":["Gash","Heatsinks","Turbo"],"picked":"SKIP","floor":27},{"not_picked":["Storm","Sweeping Beam","Cold Snap"],"picked":"SKIP","floor":28},{"not_picked":["Compile Driver+1","Sweeping Beam"],"picked":"Core Surge","floor":29},{"not_picked":["Steam","Heatsinks","Compile Driver"],"picked":"SKIP","floor":30},{"not_picked":["Sunder","Barrage","Fission"],"picked":"SKIP","floor":31},{"not_picked":["Fission","Meteor Strike"],"picked":"Rainbow","floor":33},{"not_picked":["Turbo","Beam Cell","Heatsinks+1"],"picked":"SKIP","floor":35},{"not_picked":["Fusion","Auto Shields+1"],"picked":"Coolheaded","floor":36},{"not_picked":["Coolheaded","Rip and Tear","Rebound"],"picked":"SKIP","floor":38},{"not_picked":["Jack Of All Trades","Secret Technique"],"picked":"Purity","floor":39},{"not_picked":["PanicButton","Madness"],"picked":"Purity","floor":39},{"not_picked":["Leap+1","Lockon+1","Barrage"],"picked":"SKIP","floor":40},{"not_picked":["Reboot","Sunder+1"],"picked":"Blizzard+1","floor":42},{"not_picked":["Double Energy+1","Undo+1","Go for the Eyes+1"],"picked":"SKIP","floor":46}],"player_experience":147259,"relics_obtained":[{"floor":6,"key":"Oddly Smooth Stone"},{"floor":8,"key":"Orichalcum"},{"floor":9,"key":"Akabeko"},{"floor":26,"key":"StoneCalendar"},{"floor":30,"key":"MealTicket"},{"floor":42,"key":"Molten Egg 2"}],"event_choices":[{"damage_healed":0,"gold_gain":0,"player_choice":"Got Potions","damage_taken":0,"max_hp_gain":0,"max_hp_loss":0,"event_name":"Lab","floor":5,"gold_loss":0},{"damage_healed":0,"gold_gain":0,"player_choice":"Read","damage_taken":0,"max_hp_gain":0,"max_hp_loss":0,"event_name":"The Library","floor":19,"gold_loss":0,"cards_obtained":["Blizzard"]},{"damage_healed":0,"gold_gain":0,"player_choice":"Bought 0 Potions","damage_taken":0,"max_hp_gain":0,"max_hp_loss":0,"event_name":"The Woman in Blue","floor":20,"gold_loss":0},{"damage_healed":0,"gold_gain":0,"player_choice":"Memory 3","damage_taken":10,"max_hp_gain":0,"max_hp_loss":0,"event_name":"SensoryStone","floor":39,"gold_loss":0},{"damage_healed":0,"gold_gain":0,"player_choice":"Forge","damage_taken":0,"max_hp_gain":0,"max_hp_loss":0,"event_name":"Accursed Blacksmith","floor":44,"gold_loss":0,"cards_upgraded":["Dualcast"]}],"is_beta":false,"boss_relics":[{"not_picked":["Busted Crown","Tiny House"],"picked":"FrozenCore"},{"not_picked":["Fusion Hammer","Black Star"],"picked":"Sozu"}],"items_purged_floors":[10,37],"is_endless":false,"potions_floor_spawned":[6,8,12,16,22,28,29,31,33,40,46],"killed_by":"Transient","ascension_level":7}}