{"host":"5ueuk67tsx07ylcu","time":1614363836,"event":{"mods":["BaseMod","Colored Map","Colored Powertips","Downfall","Duelist Mod","GifTheSpireLib","Hermit","Infinite Spire","Lobotomy","Minty Spire (QoL Compilation)","StSLib","The Animator"],"gold_per_floor":[113,38,38,57,57,57,89,106,106,106,106,116,116,135,135,135,135],"floor_reached":16,"language":"ENG","playtime":600,"items_purged":["Strike_R"],"score":110,"play_id":"9ef1ae7f-c16a-466d-9835-9b6b4fe7b035","local_time":"20210226132356","is_ascension_mode":true,"campfire_choices":[{"floor":6,"key":"DIG"},{"floor":10,"key":"DIG"},{"floor":13,"key":"DIG"},{"floor":15,"key":"DIG"}],"circlet_count":0,"master_deck":["Strike_R","Strike_R","Strike_R","Strike_R","Defend_R","Defend_R","Defend_R","Defend_R","Bash","Sword Boomerang","Disarm","Searing Blow"],"relics":["Burning Blood","Shovel","Oddly Smooth Stone","infinitespire:Lucky Rock","Mummified Hand","Toy Ornithopter"],"acts_visited":["Exordium"],"potions_floor_usage":[7,16,16],"damage_taken":[{"damage":1,"enemies":"Cultist","floor":1,"turns":3},{"damage":14,"enemies":"Small Slimes","floor":4,"turns":3},{"damage":68,"enemies":"Lagavulin","floor":7,"turns":10},{"damage":0,"enemies":"2 Louse","floor":8,"turns":3},{"damage":8,"enemies":"2 Fungi Beasts","floor":12,"turns":4},{"damage":0,"enemies":"Large Slime","floor":14,"turns":6},{"damage":51,"enemies":"Slime Boss","floor":16,"turns":7}],"seed_played":"7308331622756190303","potions_obtained":[{"floor":1,"key":"Regen Potion"},{"floor":12,"key":"sneckomod:MuddlingPotion"},{"floor":14,"key":"Swift Potion"}],"is_trial":false,"path_per_floor":["M","$","?","M","?","R","E","M","T","R","?","M","R","M","R","B"],"character_chosen":"IRONCLAD","items_purchased":[],"campfire_rested":0,"item_purchase_floors":[],"current_hp_per_floor":[88,88,88,80,62,62,15,21,21,21,26,24,24,30,30,0,0],"gold":135,"neow_bonus":"TEN_PERCENT_HP_BONUS","is_daily":false,"chose_seed":false,"campfire_upgraded":0,"win_rate":0.0,"timestamp":1614363836,"path_taken":["M","$","?","M","?","R","E","M","T","R","?","M","R","M","R","BOSS"],"items_purchased_type":[],"build_version":"2020-12-22","purchased_purges":1,"victory":false,"max_hp_per_floor":[88,88,88,88,88,88,88,88,88,88,93,93,93,93,93,93,93],"card_choices":[{"not_picked":["Twin Strike","Cleave"],"picked":"Sword Boomerang","floor":1},{"not_picked":["Thunderclap","Entrench"],"picked":"Disarm","floor":4},{"not_picked":["True Grit","Flex"],"picked":"Searing Blow","floor":7},{"not_picked":["Whirlwind","Heavy Blade","Spot Weakness"],"picked":"SKIP","floor":8},{"not_picked":["True Grit","Wild Strike","Seeing Red"],"picked":"SKIP","floor":12},{"not_picked":["Perfected Strike","Ghostly Armor","Havoc"],"picked":"SKIP","floor":14}],"player_experience":344681,"relics_obtained":[{"floor":6,"key":"Oddly Smooth Stone"},{"floor":7,"key":"infinitespire:Lucky Rock"},{"floor":10,"key":"Mummified Hand"},{"floor":15,"key":"Toy Ornithopter"}],"event_choices":[{"damage_healed":0,"gold_gain":0,"player_choice":"Success","damage_taken":18,"relics_obtained":["Shovel"],"max_hp_gain":0,"max_hp_loss":0,"event_name":"Scrap Ooze","floor":5,"gold_loss":0},{"damage_healed":0,"gold_gain":0,"player_choice":"Donut","damage_taken":0,"max_hp_gain":5,"max_hp_loss":0,"event_name":"Big Fish","floor":11,"gold_loss":0}],"is_beta":false,"boss_relics":[],"items_purged_floors":[2],"is_endless":false,"potions_floor_spawned":[1,12,14],"killed_by":"Slime Boss","ascension_level":2}}