{"host":"dhv3u8yhd2rnugsp","time":1614305946,"event":{"mods":["BaseMod","Block Reminder","Colored Map","Googly Eyes","Highlight Path","Minty Spire (QoL Compilation)","Permanent Neow","Quick Restart","Random Character Button","StSLib"],"gold_per_floor":[116,127,202,216,7,34,34,34,104,104,104],"floor_reached":10,"language":"ENG","playtime":340,"items_purged":["Normality"],"score":132,"play_id":"47a3f254-4934-43fe-a4ab-998380fc4558","local_time":"20210225201906","is_ascension_mode":true,"campfire_choices":[{"data":"Footwork","floor":7,"key":"SMITH"}],"circlet_count":0,"master_deck":["AscendersBane","Strike_G","Strike_G","Strike_G","Strike_G","Strike_G","Defend_G","Defend_G","Defend_G","Defend_G","Defend_G","Survivor","Neutralize","Deadly Poison","Infinite Blades","Cloak And Dagger","Footwork+1","Backflip","Cloak And Dagger"],"relics":["Ring of the Snake","Calipers","Bag of Preparation","Pear"],"acts_visited":["Exordium"],"potions_floor_usage":[6],"damage_taken":[{"damage":5,"enemies":"Small Slimes","floor":1,"turns":4},{"damage":1,"enemies":"2 Louse","floor":2,"turns":3},{"damage":9,"enemies":"Jaw Worm","floor":4,"turns":5},{"damage":7,"enemies":"Lagavulin","floor":6,"turns":8},{"damage":55,"enemies":"Gremlin Nob","floor":10,"turns":4}],"seed_played":"6161089430399159173","potions_obtained":[{"floor":2,"key":"SkillPotion"}],"is_trial":false,"path_per_floor":["M","M","?","M","$","E","R","?","T","E"],"character_chosen":"THE_SILENT","items_purchased":["Footwork","Backflip"],"campfire_rested":0,"item_purchase_floors":[5,5],"current_hp_per_floor":[54,53,42,33,33,26,26,26,36,0,0],"gold":104,"neow_bonus":"ONE_RARE_RELIC","is_daily":false,"chose_seed":false,"campfire_upgraded":1,"win_rate":0.0,"timestamp":1614305946,"path_taken":["M","M","?","M","$","E","R","?","T","E"],"items_purchased_type":["Card","Card"],"build_version":"2020-12-22","purchased_purges":1,"victory":false,"max_hp_per_floor":[66,66,66,66,66,66,66,66,76,76,76],"card_choices":[{"not_picked":["PiercingWail","Well Laid Plans"],"picked":"Deadly Poison","floor":1},{"not_picked":["Escape Plan","Endless Agony"],"picked":"Infinite Blades","floor":2},{"not_picked":["Quick Slash","Choke"],"picked":"Cloak And Dagger","floor":4},{"not_picked":["Deadly Poison","Underhanded Strike"],"picked":"Cloak And Dagger","floor":6}],"player_experience":1709050,"relics_obtained":[{"floor":6,"key":"Bag of Preparation"},{"floor":9,"key":"Pear"}],"event_choices":[{"damage_healed":0,"gold_gain":75,"player_choice":"Gather Gold","damage_taken":11,"max_hp_gain":0,"max_hp_loss":0,"event_name":"World of Goop","floor":3,"gold_loss":0},{"damage_healed":0,"gold_gain":0,"player_choice":"Ignored","damage_taken":0,"max_hp_gain":0,"max_hp_loss":0,"event_name":"Liars Game","floor":8,"gold_loss":0}],"is_beta":false,"boss_relics":[],"items_purged_floors":[5],"is_endless":false,"potions_floor_spawned":[2],"killed_by":"Gremlin Nob","ascension_level":20}}