{"host":"kcg3v0hgymzitgl9","time":1614352811,"event":{"mods":["BaseMod","Colored Map","Minty Spire (QoL Compilation)","Relic Stats","Weighted Paths"],"gold_per_floor":[119,138,156,45,55,55,85,85,85,85,103,103,114,132,132,236,236,256,272,104,104,123,123,139,139,139],"floor_reached":25,"language":"ENG","playtime":1110,"items_purged":["Strike_G","Strike_G"],"score":232,"play_id":"6b837514-ae77-46a2-a916-3c4953ad590d","local_time":"20210227022011","is_ascension_mode":false,"campfire_choices":[{"floor":8.0,"key":"REST"},{"data":"Glass Knife","floor":12.0,"key":"SMITH"},{"floor":15.0,"key":"REST"},{"floor":23.0,"key":"REST"}],"circlet_count":0,"master_deck":["Strike_G","Strike_G","Defend_G","Defend_G","Defend_G","Defend_G","Defend_G","Survivor","Neutralize","Glass Knife+1","Deadly Poison","Slice","Sucker Punch","Noxious Fumes","Slice","Outmaneuver","PiercingWail","Cloak And Dagger","Corpse Explosion","Backstab","Bouncing Flask","Crippling Poison","Ghostly","Ghostly","Ghostly","Ghostly","Ghostly","Backflip","Burst"],"relics":["Ring of the Snake","Singing Bowl","Paper Crane","SlaversCollar"],"acts_visited":["Exordium","TheCity"],"potions_floor_usage":[],"damage_taken":[{"damage":0.0,"enemies":"Small Slimes","floor":1.0,"turns":2.0},{"damage":0.0,"enemies":"2 Louse","floor":2.0,"turns":2.0},{"damage":0.0,"enemies":"Cultist","floor":3.0,"turns":2.0},{"damage":0.0,"enemies":"Blue Slaver","floor":5.0,"turns":4.0},{"damage":24.0,"enemies":"Gremlin Nob","floor":7.0,"turns":4.0},{"damage":6.0,"enemies":"Exordium Wildlife","floor":11.0,"turns":5.0},{"damage":8.0,"enemies":"Lots of Slimes","floor":13.0,"turns":4.0},{"damage":8.0,"enemies":"2 Fungi Beasts","floor":14.0,"turns":3.0},{"damage":66.0,"enemies":"Slime Boss","floor":16.0,"turns":15.0},{"damage":32.0,"enemies":"Spheric Guardian","floor":18.0,"turns":6.0},{"damage":26.0,"enemies":"2 Thieves","floor":19.0,"turns":4.0},{"damage":3.0,"enemies":"Sentry and Sphere","floor":22.0,"turns":5.0},{"damage":3.0,"enemies":"Centurion and Healer","floor":24.0,"turns":7.0},{"damage":6,"enemies":"Shelled Parasite and Fungi","floor":25,"turns":6}],"seed_played":"-1432707467469503761","potions_obtained":[{"floor":1.0,"key":"EntropicBrew"},{"floor":3.0,"key":"GhostInAJar"},{"floor":16.0,"key":"Weak Potion"},{"floor":19.0,"key":"Fire Potion"},{"floor":22.0,"key":"FearPotion"},{"floor":24.0,"key":"Strength Potion"}],"is_trial":false,"path_per_floor":["M","M","M","$","M","?","E","R","T","?","M","R","M","M","R","B",null,"M","M","$","?","M","R","M","M"],"character_chosen":"THE_SILENT","items_purchased":["Noxious Fumes","Crippling Poison"],"campfire_rested":3,"item_purchase_floors":[4,20],"current_hp_per_floor":[70,70,70,70,70,70,46,67,67,67,61,61,55,47,68,2,72,40,14,14,14,11,21,18,12,12],"gold":139,"neow_bonus":"ONE_RANDOM_RARE_CARD","is_daily":false,"chose_seed":false,"campfire_upgraded":1,"win_rate":0.0,"timestamp":1614352811,"path_taken":["M","M","M","$","M","?","E","R","T","?","M","R","M","?","R","BOSS","M","M","$","?","M","R","M","M"],"items_purchased_type":["Card","Card"],"build_version":"2020-12-22","purchased_purges":2,"victory":false,"max_hp_per_floor":[70,70,70,70,70,70,70,70,70,70,70,70,72,72,72,72,72,72,72,72,36,36,36,36,36,36],"relic_stats":{"Singing Bowl":2,"counters":[14,69],"obtain_stats":[{"SlaversCollar":17,"Singing Bowl":7,"Paper Crane":9,"Ring of the Snake":0},{"SlaversCollar":9,"Singing Bowl":5,"Paper Crane":5,"Ring of the Snake":0},{"SlaversCollar":41,"Singing Bowl":14,"Paper Crane":14,"Ring of the Snake":0}],"Ring of the Snake":[28]},"card_choices":[{"not_picked":["All Out Attack","Dodge and Roll"],"picked":"Deadly Poison","floor":1.0},{"not_picked":["All Out Attack","Dagger Spray"],"picked":"Slice","floor":2.0},{"not_picked":["Distraction","Slice"],"picked":"Sucker Punch","floor":3.0},{"not_picked":["Blur","A Thousand Cuts"],"picked":"Slice","floor":5.0},{"not_picked":["Finisher","Flechettes"],"picked":"Outmaneuver","floor":7.0},{"not_picked":["Deflect","Caltrops"],"picked":"PiercingWail","floor":11.0},{"not_picked":["All Out Attack","Sucker Punch","Setup"],"picked":"Singing Bowl","floor":13.0},{"not_picked":["Reflex","Dagger Spray"],"picked":"Cloak And Dagger","floor":14.0},{"not_picked":["Bullet Time","Tools of the Trade"],"picked":"Corpse Explosion","floor":16.0},{"not_picked":["Caltrops+1","PiercingWail"],"picked":"Backstab","floor":18.0},{"not_picked":["Heel Hook","Dagger Spray+1"],"picked":"Bouncing Flask","floor":19.0},{"not_picked":["Outmaneuver","Deflect"],"picked":"Backflip","floor":22.0},{"not_picked":["Sucker Punch","Prepared"],"picked":"Burst","floor":24.0}],"player_experience":348824,"relics_obtained":[{"floor":7.0,"key":"Singing Bowl"},{"floor":9.0,"key":"Paper Crane"}],"event_choices":[{"damage_healed":0.0,"max_hp_gain":0.0,"max_hp_loss":0.0,"gold_gain":0.0,"event_name":"Liars Game","player_choice":"Ignored","floor":6.0,"gold_loss":0.0,"damage_taken":0.0},{"cards_removed":["Strike_G"],"damage_healed":0.0,"max_hp_gain":0.0,"max_hp_loss":0.0,"gold_gain":0.0,"event_name":"Bonfire Elementals","player_choice":"Offered Basic","floor":10.0,"gold_loss":0.0,"damage_taken":0.0},{"damage_healed":0.0,"max_hp_gain":0.0,"max_hp_loss":36.0,"gold_gain":0.0,"event_name":"Ghosts","player_choice":"Became a Ghost","floor":21.0,"gold_loss":0.0,"damage_taken":0.0,"cards_obtained":["Ghostly","Ghostly","Ghostly","Ghostly","Ghostly"]}],"is_beta":false,"boss_relics":[{"not_picked":["Calling Bell","SacredBark"],"picked":"SlaversCollar"}],"items_purged_floors":[4,20],"is_endless":false,"potions_floor_spawned":[1,3,7,16,19,22,24],"killed_by":"Shelled Parasite and Fungi","ascension_level":0}}