{"host":"jx3f6ezc0g3s9edc","time":1614303045,"event":{"mods":["AchievementEnabler","BaseMod","Bestiary","Colored Map","Highlight Path","Minty Spire (QoL Compilation)","StSLib"],"gold_per_floor":[114,114,16,33,51,51,151,151,175,186,186,198,198,217,217,313,313,325,325,225,225],"floor_reached":20,"language":"ENG","playtime":981,"items_purged":["Strike_B","Strike_B"],"score":164,"play_id":"17062fd1-c4e0-4c72-8fab-005092412ae0","local_time":"20210225203045","is_ascension_mode":false,"campfire_choices":[{"data":"Creative AI","floor":6,"key":"SMITH"},{"data":"Ball Lightning","floor":8,"key":"SMITH"},{"data":"Consume","floor":11,"key":"SMITH"},{"data":"Hologram","floor":15,"key":"SMITH"}],"circlet_count":0,"master_deck":["Strike_B","Strike_B","Defend_B","Defend_B","Defend_B","Defend_B","Zap","Dualcast","Coolheaded","Sweeping Beam","Creative AI+1","Ball Lightning+1","Consume+1","Hologram+1","Stack","Echo Form","White Noise+1","Necronomicurse"],"relics":["Nuclear Battery","Necronomicon"],"acts_visited":["Exordium","TheCity"],"potions_floor_usage":[16],"damage_taken":[{"damage":5,"enemies":"Jaw Worm","floor":1,"turns":4},{"damage":0,"enemies":"Cultist","floor":4,"turns":4},{"damage":0,"enemies":"Small Slimes","floor":5,"turns":4},{"damage":3,"enemies":"Looter","floor":10,"turns":3},{"damage":14,"enemies":"Exordium Wildlife","floor":12,"turns":4},{"damage":6,"enemies":"3 Louse","floor":14,"turns":3},{"damage":12,"enemies":"Slime Boss","floor":16,"turns":8},{"damage":13,"enemies":"Shell Parasite","floor":18,"turns":5}],"seed_played":"-4567566060819152679","potions_obtained":[{"floor":4,"key":"SkillPotion"},{"floor":12,"key":"Regen Potion"},{"floor":14,"key":"FocusPotion"}],"is_trial":false,"path_per_floor":["M","?","$","M","M","R","?","R","T","M","R","M","T","M","R","B",null,"M","?","$"],"character_chosen":"DEFECT","items_purchased":["Sweeping Beam"],"campfire_rested":0,"item_purchase_floors":[3],"current_hp_per_floor":[70,70,70,70,70,70,70,70,70,67,67,53,53,47,47,35,75,62,46,46,46],"gold":225,"neow_bonus":"BOSS_RELIC","is_daily":false,"chose_seed":false,"campfire_upgraded":4,"win_rate":0.0,"timestamp":1614303045,"path_taken":["M","?","?","M","?","R","?","R","T","M","R","?","?","M","R","BOSS","M","?","$"],"items_purchased_type":["Card"],"build_version":"2020-12-22","purchased_purges":2,"victory":false,"max_hp_per_floor":[75,75,75,75,75,75,75,75,75,75,75,75,75,75,75,75,75,75,75,75,75],"card_choices":[{"not_picked":["Steam","Steam Power"],"picked":"Coolheaded","floor":1},{"not_picked":["Redo","Compile Driver"],"picked":"Creative AI","floor":4},{"not_picked":["BootSequence","Conserve Battery"],"picked":"Ball Lightning","floor":5},{"not_picked":["Rebound","FTL"],"picked":"Consume","floor":10},{"not_picked":["BootSequence","Gash"],"picked":"Hologram","floor":12},{"not_picked":["Steam","Coolheaded"],"picked":"Stack","floor":14},{"not_picked":["Machine Learning","Hyperbeam"],"picked":"Echo Form","floor":16},{"not_picked":["Ball Lightning+1","Rebound"],"picked":"White Noise+1","floor":18}],"player_experience":902816,"relics_obtained":[{"floor":19,"key":"Necronomicon"}],"event_choices":[{"damage_healed":0,"gold_gain":0,"player_choice":"Ignored","damage_taken":0,"max_hp_gain":0,"max_hp_loss":0,"event_name":"Golden Idol","floor":2,"gold_loss":0},{"damage_healed":0,"gold_gain":100,"player_choice":"Pray","damage_taken":0,"max_hp_gain":0,"max_hp_loss":0,"event_name":"Golden Shrine","floor":7,"gold_loss":0},{"damage_healed":0,"gold_gain":0,"player_choice":"Obtained Book","damage_taken":16,"max_hp_gain":0,"max_hp_loss":0,"event_name":"Cursed Tome","floor":19,"gold_loss":0}],"is_beta":false,"boss_relics":[{"not_picked":["Busted Crown","SlaversCollar","Black Star"]}],"items_purged_floors":[3,20],"is_endless":false,"potions_floor_spawned":[4,12,14],"ascension_level":0}}