{"host":"bxn2em57qlx5u4i0","time":1614306620,"event":{"mods":["BaseMod","Colored Map","Colored Powertips","Highlight Path","Minty Spire (QoL Compilation)","Random Character Button","Relic Sorter","Relic Stats","StSLib","SuperFastMode"],"gold_per_floor":[112,123,123,123,140,140,65,65,65,95,110,35,48,67,67,138,138,151,162,77,97,97,97,111,145,145,145,158,158,158],"floor_reached":29,"language":"ENG","playtime":849,"items_purged":["Strike_G"],"score":544,"play_id":"d1c833a5-0f14-432c-a089-4d8b430eac9e","local_time":"20210225213020","is_ascension_mode":true,"campfire_choices":[{"data":"Neutralize","floor":6.0,"key":"SMITH"},{"data":"Dagger Throw","floor":8.0,"key":"SMITH"},{"data":"Burst","floor":15.0,"key":"SMITH"},{"data":"Noxious Fumes","floor":23.0,"key":"SMITH"}],"circlet_count":0,"master_deck":["AscendersBane","Strike_G","Strike_G+1","Defend_G","Defend_G","Defend_G","Defend_G","Defend_G","Survivor","Neutralize+1","Dagger Throw+1","Bouncing Flask+1","Backflip","Predator+1","Burst+1","Prepared","Leg Sweep","A Thousand Cuts","Dagger Spray","Noxious Fumes+1","Acrobatics","Bullet Time","Backflip"],"relics":["Ring of the Snake","NeowsBlessing","Tough Bandages","Whetstone","Coffee Dripper","Sundial","Pen Nib","Kunai"],"acts_visited":["Exordium","TheCity"],"potions_floor_usage":[],"damage_taken":[{"damage":0.0,"enemies":"Cultist","floor":1.0,"turns":1.0},{"damage":0.0,"enemies":"Small Slimes","floor":2.0,"turns":1.0},{"damage":0.0,"enemies":"2 Louse","floor":5.0,"turns":1.0},{"damage":41.0,"enemies":"3 Sentries","floor":10.0,"turns":12.0},{"damage":0.0,"enemies":"Exordium Wildlife","floor":11.0,"turns":2.0},{"damage":0.0,"enemies":"Blue Slaver","floor":13.0,"turns":3.0},{"damage":0.0,"enemies":"3 Louse","floor":14.0,"turns":3.0},{"damage":12.0,"enemies":"Slime Boss","floor":16.0,"turns":9.0},{"damage":0.0,"enemies":"Spheric Guardian","floor":18.0,"turns":2.0},{"damage":0.0,"enemies":"Shell Parasite","floor":19.0,"turns":3.0},{"damage":10.0,"enemies":"3 Cultists","floor":21.0,"turns":5.0},{"damage":15.0,"enemies":"Cultist and Chosen","floor":24.0,"turns":5.0},{"damage":0.0,"enemies":"Gremlin Leader","floor":25.0,"turns":8.0},{"damage":0.0,"enemies":"Chosen and Byrds","floor":28.0,"turns":5.0},{"damage":30,"enemies":"Slavers","floor":29,"turns":4}],"seed_played":"-2215108315410726631","potions_obtained":[{"floor":5.0,"key":"Fruit Juice"},{"floor":10.0,"key":"Block Potion"},{"floor":11.0,"key":"ColorlessPotion"},{"floor":16.0,"key":"Block Potion"},{"floor":18.0,"key":"Swift Potion"},{"floor":19.0,"key":"FearPotion"},{"floor":21.0,"key":"ColorlessPotion"}],"is_trial":false,"path_per_floor":["M","M","?","?","M","R","?","R","T","E","M","$","M","M","R","B",null,"M","M","?","M","?","R","M","E","T","?","M","E"],"character_chosen":"THE_SILENT","items_purchased":[],"campfire_rested":0,"item_purchase_floors":[],"current_hp_per_floor":[59,59,52,52,52,52,52,52,52,11,16,16,16,16,16,4,54,54,54,54,44,44,44,29,29,29,29,29,0,0],"gold":158,"neow_bonus":"THREE_ENEMY_KILL","is_daily":false,"chose_seed":false,"campfire_upgraded":4,"win_rate":0.0,"timestamp":1614306620,"path_taken":["M","?","?","?","M","R","?","R","T","E","?","$","M","M","R","BOSS","M","M","?","M","?","R","M","E","T","?","M","E"],"items_purchased_type":[],"build_version":"2020-12-22","purchased_purges":1,"victory":false,"max_hp_per_floor":[66,66,66,66,66,66,66,66,66,66,71,71,71,71,71,71,71,71,71,71,71,71,71,71,71,71,71,71,71,71],"relic_stats":{"Tough Bandages":[135],"counters":[15,64],"Sundial":[4],"Pen Nib":[1],"Whetstone":["Strike_G","Predator"],"Kunai":[0],"obtain_stats":[{"Tough Bandages":9,"NeowsBlessing":0,"Sundial":20,"Pen Nib":25,"Coffee Dripper":17,"Whetstone":10,"Kunai":26,"Ring of the Snake":0},{"Tough Bandages":3,"NeowsBlessing":0,"Sundial":10,"Pen Nib":13,"Coffee Dripper":8,"Whetstone":4,"Kunai":13,"Ring of the Snake":0},{"Tough Bandages":3,"NeowsBlessing":0,"Sundial":37,"Pen Nib":55,"Coffee Dripper":32,"Whetstone":15,"Kunai":55,"Ring of the Snake":0}],"Ring of the Snake":[30]},"card_choices":[{"not_picked":["Dodge and Roll","Cloak And Dagger"],"picked":"Dagger Throw","floor":1.0},{"not_picked":["Backflip","Outmaneuver"],"picked":"Bouncing Flask","floor":2.0},{"not_picked":["Blade Dance","Masterful Stab"],"picked":"Backflip","floor":5.0},{"not_picked":["Backflip","Endless Agony"],"picked":"Predator","floor":10.0},{"not_picked":["Cloak And Dagger","Backflip"],"picked":"Burst","floor":11.0},{"not_picked":["Outmaneuver","Slice"],"picked":"Prepared","floor":13.0},{"not_picked":["Outmaneuver","Dodge and Roll"],"picked":"Leg Sweep","floor":14.0},{"not_picked":["Die Die Die","Doppelganger"],"picked":"A Thousand Cuts","floor":16.0},{"not_picked":["Finisher","Distraction"],"picked":"Dagger Spray","floor":18.0},{"not_picked":["Escape Plan+1","Slice"],"picked":"Noxious Fumes","floor":19.0},{"not_picked":["Backflip","Quick Slash"],"picked":"Acrobatics","floor":21.0},{"not_picked":["Sucker Punch","Prepared"],"picked":"Bullet Time","floor":24.0},{"not_picked":["Sucker Punch","Predator","Underhanded Strike"],"picked":"SKIP","floor":25.0},{"not_picked":["Prepared","Leg Sweep"],"picked":"Backflip","floor":28.0}],"player_experience":3053489,"relics_obtained":[{"floor":9.0,"key":"Tough Bandages"},{"floor":10.0,"key":"Whetstone"},{"floor":25.0,"key":"Pen Nib"},{"floor":26.0,"key":"Kunai"}],"event_choices":[{"cards_removed":["Strike_G"],"damage_healed":0.0,"max_hp_gain":0.0,"max_hp_loss":0.0,"gold_gain":0.0,"event_name":"Golden Wing","player_choice":"Card Removal","floor":3.0,"gold_loss":0.0,"damage_taken":7.0},{"damage_healed":0.0,"max_hp_gain":0.0,"max_hp_loss":0.0,"gold_gain":0.0,"event_name":"Living Wall","player_choice":"Grow","floor":4.0,"gold_loss":0.0,"damage_taken":0.0,"cards_upgraded":["Bouncing Flask"]},{"cards_removed":["Strike_G"],"damage_healed":0.0,"max_hp_gain":0.0,"max_hp_loss":0.0,"gold_gain":0.0,"event_name":"The Cleric","player_choice":"Card Removal","floor":7.0,"gold_loss":75.0,"damage_taken":0.0},{"damage_healed":0.0,"max_hp_gain":0.0,"max_hp_loss":0.0,"gold_gain":0.0,"event_name":"Addict","player_choice":"Obtained Relic","floor":20.0,"gold_loss":85.0,"damage_taken":0.0,"relics_obtained":["Sundial"]},{"damage_healed":0.0,"max_hp_gain":0.0,"max_hp_loss":0.0,"gold_gain":0.0,"event_name":"The Mausoleum","player_choice":"Ignored","floor":22.0,"gold_loss":0.0,"damage_taken":0.0},{"damage_healed":0.0,"max_hp_gain":0.0,"max_hp_loss":0.0,"gold_gain":0.0,"event_name":"Cursed Tome","player_choice":"Ignored","floor":27.0,"gold_loss":0.0,"damage_taken":0.0}],"is_beta":false,"boss_relics":[{"not_picked":["Runic Pyramid","Tiny House"],"picked":"Coffee Dripper"}],"items_purged_floors":[12],"is_endless":false,"potions_floor_spawned":[5,10,11,16,18,19,21],"killed_by":"Slavers","ascension_level":20}}