{"host":"fwdkxxz7291ipt0p","time":1614352004,"event":{"mods":["Act Like it!","BaseMod","Bossed Relics","Dota2Spire","Energized Spire","Marked Mod","Minty Spire (QoL Compilation)","Relic Filter Mod","StSLib","The Cursed","The Hierophant","The Runesmith","Youmu£®ªÍ∆«—˝√Œ£©"],"gold_per_floor":[109,125,45,45,45,71,71,96,120,136,136,149,149,169,169,169,169],"floor_reached":16,"language":"ZHS","playtime":542,"items_purged":[],"score":102,"play_id":"96d13558-46ee-42bf-a7fd-511d562e7136","local_time":"20210226230644","is_ascension_mode":false,"campfire_choices":[{"floor":15,"key":"REST"}],"circlet_count":0,"master_deck":["TheCursedMod:Strike_TheCursed","TheCursedMod:Strike_TheCursed","TheCursedMod:Strike_TheCursed","TheCursedMod:Defend_TheCursed","TheCursedMod:Defend_TheCursed","TheCursedMod:Defend_TheCursed","TheCursedMod:Defend_TheCursed","TheCursedMod:CursedWand","TheCursedMod:CleanUpWorkshop+1","TheCursedMod:Dregs","TheCursedMod:SurpriseAttack","TheCursedMod:Wield","TheCursedMod:LuckyCharm","TheCursedMod:TacticalStrike","TheCursedMod:DoubleShield","TheCursedMod:CircleOfCorruption"],"relics":["TheCursedMod:BlackMagic101","Juzu Bracelet","Smiling Mask","Golden Idol","PreservedInsect","Dota2Spire:ShadowBlade"],"acts_visited":["Exordium"],"potions_floor_usage":[],"damage_taken":[{"damage":1.0,"enemies":"2 Louse","floor":1.0,"turns":4.0},{"damage":1.0,"enemies":"Cultist","floor":2.0,"turns":4.0},{"damage":34.0,"enemies":"Gremlin Nob","floor":6.0,"turns":6.0},{"damage":1.0,"enemies":"Jaw Worm","floor":8.0,"turns":3.0},{"damage":0.0,"enemies":"3 Louse","floor":10.0,"turns":4.0},{"damage":3.0,"enemies":"Blue Slaver","floor":12.0,"turns":2.0},{"damage":15,"enemies":"Exordium Thugs","floor":14,"turns":5},{"damage":17,"enemies":"The Guardian","floor":16,"turns":7}],"seed_played":"-2682605450387364149","potions_obtained":[{"floor":8.0,"key":"SpeedPotion"},{"floor":12.0,"key":"SteroidPotion"}],"is_trial":false,"path_per_floor":["M","M","$","?","?","E","?","M","T","M","?","M","?","M","R","B"],"character_chosen":"THE_CURSED","items_purchased":["TheCursedMod:LuckyCharm"],"campfire_rested":1,"item_purchase_floors":[3],"current_hp_per_floor":[74,73,73,66,66,32,32,31,31,31,24,21,21,6,26,9,9],"gold":169,"neow_bonus":"RANDOM_COMMON_RELIC","is_daily":false,"chose_seed":false,"campfire_upgraded":0,"win_rate":0.0,"timestamp":1614352004,"path_taken":["M","M","$","?","?","E","?","M","T","M","?","M","?","M","R","BOSS"],"items_purchased_type":["Card"],"build_version":"2020-12-22","purchased_purges":0,"victory":false,"max_hp_per_floor":[75,75,75,75,75,75,69,69,69,69,69,69,69,69,69,69,69],"card_choices":[{"not_picked":["TheCursedMod:CircleOfCorruption","TheCursedMod:SoulCrush"],"picked":"TheCursedMod:SurpriseAttack","floor":1.0},{"not_picked":["TheCursedMod:CursedBlade","TheCursedMod:CursedAmulet"],"picked":"TheCursedMod:Wield","floor":2.0},{"not_picked":["TheCursedMod:SpitefulPray","TheCursedMod:SpitefulStrike","TheCursedMod:CircleOfCorruption"],"picked":"SKIP","floor":6.0},{"not_picked":["TheCursedMod:DoubleShield","TheCursedMod:PrepareRite"],"picked":"TheCursedMod:TacticalStrike","floor":8.0},{"not_picked":["TheCursedMod:DoubleShield","TheCursedMod:VitalStrike","TheCursedMod:CircleOfFlame"],"picked":"SKIP","floor":10.0},{"not_picked":["TheCursedMod:CircleOfFlame","TheCursedMod:SurpriseAttack"],"picked":"TheCursedMod:DoubleShield","floor":12.0},{"not_picked":["TheCursedMod:SaltUponWound","TheCursedMod:VitalStrike"],"picked":"TheCursedMod:CircleOfCorruption","floor":14}],"player_experience":566053,"relics_obtained":[{"floor":6.0,"key":"Smiling Mask"},{"floor":9.0,"key":"PreservedInsect"}],"event_choices":[{"cards_removed":["TheCursedMod:Strike_TheCursed"],"damage_healed":0.0,"max_hp_gain":0.0,"max_hp_loss":0.0,"gold_gain":0.0,"event_name":"Golden Wing","player_choice":"Card Removal","floor":4.0,"gold_loss":0.0,"damage_taken":7.0},{"damage_healed":0.0,"max_hp_gain":0.0,"max_hp_loss":0.0,"gold_gain":0.0,"event_name":"Accursed Blacksmith","player_choice":"Forge","floor":5.0,"gold_loss":0.0,"damage_taken":0.0,"cards_upgraded":["TheCursedMod:CleanUpWorkshop"]},{"damage_healed":0.0,"max_hp_gain":0.0,"max_hp_loss":6.0,"gold_gain":0.0,"event_name":"Golden Idol","player_choice":"Lose Max HP","floor":7.0,"gold_loss":0.0,"damage_taken":0.0,"relics_obtained":["Golden Idol"]},{"damage_healed":0.0,"max_hp_gain":0.0,"max_hp_loss":0.0,"gold_gain":0.0,"event_name":"Scrap Ooze","player_choice":"Success","floor":11.0,"gold_loss":0.0,"damage_taken":7.0,"relics_obtained":["Dota2Spire:ShadowBlade"]},{"damage_healed":0.0,"max_hp_gain":0.0,"max_hp_loss":0.0,"gold_gain":0.0,"event_name":"Shining Light","player_choice":"Ignored","floor":13.0,"gold_loss":0.0,"damage_taken":0.0}],"is_beta":false,"boss_relics":[],"items_purged_floors":[],"is_endless":false,"potions_floor_spawned":[8,12],"killed_by":"The Guardian","ascension_level":0}}