{"host":"6uq6591iqph6da66","time":1614351070,"event":{"mods":["Act Like it!","BaseMod","CapriCore","Highlight Path","KomeijiMod","Library of Ruina","Library of Ruina Extra","Marisa（F雨　魔理沙）","Minty Spire (QoL Compilation)","Quick Restart","Reimu（博丽灵梦）","RumiaBox-露米娅的神秘盒子","StSLib","TestMod","The Immortal","noobMod","【功能Mod】混沌之环修复补丁"],"gold_per_floor":[116,116,130,80,40,65,65,85,138,150,76,103,151,171,171,266,266,282,262,187,147,147,147,178,178,204,234,265,277,321,333,345,459,471,495,522,545,576,598,610,649,661,673,718,730,742,781,793,805,817,829,841,853,572,607,607],"floor_reached":57,"language":"ZHS","playtime":1694,"items_purged":["RapidGashes"],"score":1774,"play_id":"33250af5-da1a-4b5a-a35c-6cc02d8390ef","local_time":"20210226225110","is_ascension_mode":true,"campfire_choices":[{"floor":7,"key":"RECALL"},{"data":"SwordOfVolition","floor":15,"key":"SMITH"},{"data":"RagingStormLove","floor":23,"key":"SMITH"},{"data":"TrashDisposal","floor":25,"key":"SMITH"},{"data":"CoordinatedAssault","floor":32,"key":"SMITH"},{"data":"CrackOfDawn","floor":40,"key":"SMITH"},{"data":"Outburst","floor":49,"key":"SMITH"},{"data":"MirageStorm","floor":53,"key":"SMITH"}],"circlet_count":0,"master_deck":["Dodge","LightDefense","LightAttack","LightAttack","LightDefense","LightDefense","LightDefense","ChargeAndCover","FocusedStrikes","GreatSerpentsImpact","CutIn","StartinOutLightly","TrashDisposal+1","SwordOfVolition+1","FlyingSword","RagingStormLove+1","BoundaryOfDeath","CoordinatedAssault+1","BackAttack+1","MirageStorm+1","Collision+1","Writhe","RulesOfTheBackstreets+1","CrackOfDawn+1","ProselytesBlade+1","FleetEdge+1","Outburst+1","Mutilate+1","InkOver+1","FlowOfTheSword+1","TheWillOfTheCity","CoordinatedAssault"],"relics":["PageOfLibrarian","testmod-TestBox","ice","testmod-Déjàvu","PageOfSnowWhitesApple","testmod-Antiphasic","MealTicket","testmod-LifeArmor","SlaversCollar","ZunR:ReiMu","Juzu Bracelet","Tiny Chest","PageOfPorccubus","MawBank","Pantograph","Nunchaku","Nilry\u0027s Codex","EasyGame_NEW","PlanX","Question Card","PageOfTodaysShyLook","PageOfWrath","PageOfTheQueenOfHatred","PageOfScorchedGirl","PageOfTheKnightOfDespair"],"acts_visited":["Exordium","TheCity","TheBeyond","TheEnding"],"potions_floor_usage":[],"damage_taken":[{"damage":6,"enemies":"2 Louse","floor":1,"turns":2},{"damage":12,"enemies":"Jaw Worm","floor":3,"turns":2},{"damage":33,"enemies":"Lagavulin","floor":6,"turns":4},{"damage":0,"enemies":"Cultist","floor":8,"turns":2},{"damage":0,"enemies":"Blue Slaver","floor":10,"turns":2},{"damage":10,"enemies":"3 Sentries","floor":12,"turns":5},{"damage":0,"enemies":"3 Louse","floor":14,"turns":3},{"damage":0,"enemies":"Hexaghost","floor":16,"turns":4},{"damage":0,"enemies":"Spheric Guardian","floor":18,"turns":3},{"damage":7,"enemies":"Slavers","floor":24,"turns":2},{"damage":10,"enemies":"Book of Stabbing","floor":27,"turns":3},{"damage":5,"enemies":"Shell Parasite","floor":28,"turns":2},{"damage":16,"enemies":"Gremlin Leader","floor":30,"turns":4},{"damage":45,"enemies":"Champ","floor":33,"turns":4},{"damage":0,"enemies":"3 Shapes","floor":35,"turns":2},{"damage":0,"enemies":"Orb Walker","floor":36,"turns":2},{"damage":0,"enemies":"3 Darklings","floor":37,"turns":2},{"damage":15,"enemies":"4 Shapes","floor":38,"turns":3},{"damage":7,"enemies":"Maw","floor":39,"turns":5},{"damage":56,"enemies":"Giant Head","floor":41,"turns":6},{"damage":0,"enemies":"Reptomancer","floor":44,"turns":2},{"damage":45,"enemies":"Nemesis","floor":47,"turns":3},{"damage":51,"enemies":"Donu and Deca","floor":50,"turns":5},{"damage":45,"enemies":"Shield and Spear","floor":55,"turns":2},{"damage":64,"enemies":"The Heart","floor":56,"turns":4}],"seed_played":"1831819524245722904","potions_obtained":[{"floor":3,"key":"ColorlessPotion"},{"floor":6,"key":"Energy Potion"},{"floor":12,"key":"Dexterity Potion"},{"floor":16,"key":"DistilledChaos"}],"is_trial":false,"path_per_floor":["M","$","M","?","?","E","R","M","T","M","$","E","T","M","R","B",null,"M","?","$","?","?","R","E","R","T","E","M","?","E","?","R","B",null,"M","M","M","M","M","R","E","$","T","E","?","T","E","$","R","B",null,null,"R","$","E","B",null],"character_chosen":"Librarian","items_purchased":["SwordOfVolition","PageOfScorchedGirl","TheWillOfTheCity"],"campfire_rested":0,"item_purchase_floors":[11,54,54],"current_hp_per_floor":[54,54,42,42,42,9,9,9,9,9,9,13,13,17,17,21,67,71,71,82,82,82,82,75,75,75,77,74,74,68,58,58,44,76,76,82,82,74,75,75,36,51,51,57,57,57,19,34,34,38,38,79,79,93,68,42],"gold":607,"neow_bonus":"RANDOM_COMMON_RELIC","is_daily":false,"chose_seed":false,"campfire_upgraded":7,"win_rate":0.0,"timestamp":1614351070,"path_taken":["M","$","M","?","?","E","R","M","T","M","$","E","?","M","R","BOSS","M","?","?","?","?","R","E","R","T","E","M","?","E","?","R","BOSS","M","M","M","M","M","R","E","$","T","E","?","?","E","?","R","BOSS","R","$","E","BOSS"],"items_purchased_type":["Card","Relic","Card"],"build_version":"2020-12-22","purchased_purges":1,"victory":true,"max_hp_per_floor":[60,60,60,60,60,82,82,82,82,82,82,82,82,82,82,82,82,82,82,82,82,82,82,82,82,82,82,82,82,82,82,82,87,87,87,86,86,86,86,86,91,91,91,91,91,91,93,93,93,93,93,93,93,93,93,98],"card_choices":[{"not_picked":["Reload","SunsetBlade","Bvapour","SenseQuarry","Thirst","VioletBlade","BackAttack","GuardingStance"],"picked":"GreatSerpentsImpact","floor":1},{"not_picked":["BladeWhirl","StrongStrike","Rewind","SunsetBlade","BackAttack","FierceCharge","Crush","BlindFaith"],"picked":"CutIn","floor":3},{"not_picked":["Transpierce","ReadyUp","GuardingStance","FierceOnslaught","SpearedSweep","MirageStorm","SilentMist","FierceCharge"],"picked":"RapidGashes","floor":6},{"not_picked":["UncannyStrike","SomberProcuration","ClassAndRespect","GuardingStance","LoosenUp","SharpSwipe","DefenseOrder","Standoff"],"picked":"StartinOutLightly","floor":8},{"not_picked":["VenomousFangs","SinglePointStab","DeepDrag","TendonChords","BulkyImpact","GuidanceOfTheGears","CumulusWall","CutIn"],"picked":"TrashDisposal","floor":10},{"not_picked":["Deflect_lor","TheRedNotes","EnergyShield","Wallop_lor","Fence","BackAttack","EnergyStrike","SteelKnuckles"],"picked":"FlyingSword","floor":12},{"not_picked":["GuidanceOfTheGears","EnergyStrike","GrazeTheGrass","OpportunitySpotted","Endure","RulesOfTheBackstreets","MultiBlock","SnakeSlit"],"picked":"RagingStormLove","floor":14},{"not_picked":["GoinFirst","Disposal"],"picked":"BoundaryOfDeath","floor":16},{"not_picked":["QuickAttack+1","TheArtOfRapidSteps+1","Wallop_lor+1","JiaoTu","PinpointShot+1","Mutilate+1","GuardingStance","FrontalAssault"],"picked":"CoordinatedAssault","floor":18},{"not_picked":["MultiBlock","InnerArdor","EndlessBattle","Quickness","BoundaryOfDeath","BiAn","Rewind+1","SharpSwipe"],"picked":"BackAttack+1","floor":24},{"not_picked":["DefenseOrder+1","FrontalAssault+1","Cruelty","InkOver+1","UpbeatPerformance","Standoff","FleetEdge","ScratchThat"],"picked":"MirageStorm","floor":27},{"not_picked":["Parry","ChopItOff","YoureAHindrance","InhaleSmoke","AGoldenOpportunity+1","SinglePointStab","SunsetBlade","Quickness"],"picked":"Collision+1","floor":28},{"not_picked":["FleshFillet","BiAn","AGoldenOpportunity","CumulusWall+1","UnavoidableGaze","DestructiveImpact+1","WillOfThePrescript+1","Parry"],"picked":"RulesOfTheBackstreets+1","floor":30},{"not_picked":["SavageMode","Lock"],"picked":"CrackOfDawn","floor":33},{"not_picked":["QuickSuppression","Eject","UnavoidableGaze","ViolentFlame+1","MultiBlock+1","Zzzzzap+1","GuidanceOfTheGears+1","MindWhip+1"],"picked":"ProselytesBlade+1","floor":35},{"not_picked":["GuidanceOfTheGears+1","PreemptiveStrike+1","DevastatingThrash","StartinOutLightly+1","MindWhip+1","BlindFaith+1","ButterflySlash+1","ReadyUp+1","SturdyDefense+1"],"picked":"SKIP","floor":36},{"not_picked":["MultiHit+1","Thirst+1","Standoff","InhaleSmoke+1","Execute_lor","Diversion","SnakesPrey","UnavoidableGaze+1"],"picked":"FleetEdge+1","floor":37},{"not_picked":["Leap_lor","StrikeDown","TheWillOfTheCity","DesperateStruggle","Diversion+1","Mutilate","UnforgettableMelody","Quickness+1"],"picked":"Outburst","floor":38},{"not_picked":["ClassAndRespect+1","FaintMemories","Multislash+1","Standoff+1","ViolentFlame+1","SharpNails+1","SavageMode","Wallop_lor"],"picked":"Mutilate+1","floor":39},{"not_picked":["YoureAHindrance+1","RushDown","DesperateStruggle+1","BlindFaith+1","DarkCloud+1","FrontalAssault","HeavyPeaks","ChargeUp"],"picked":"InkOver+1","floor":41},{"not_picked":["SharpSwipe","EnergyCycle","Overpower","UndertakePrescript+1","DeepDrag+1","Juggling+1","HighSpeedStabbing+1","SmokingPipe+1","ElectricShock"],"picked":"FlowOfTheSword+1","floor":44},{"not_picked":["DefenseOrder+1","SinglePointStab+1","SomberProcuration","QuickSuppression","Parry2","Clone","EnergyShield","BizarreAttack","HighKick","TasteMyFlamingBat"],"picked":"SKIP","floor":47},{"not_picked":["ChargeUp","BizarreAttack+1","SomberProcuration","MindWhip","PreemptiveStrike","FeatherShield","AutonomousRush+1","SnakesPrey","BackstreetsDash"],"picked":"CoordinatedAssault","floor":55}],"player_experience":653658,"relics_obtained":[{"floor":6,"key":"testmod-Antiphasic"},{"floor":12,"key":"MealTicket"},{"floor":13,"key":"testmod-LifeArmor"},{"floor":24,"key":"Tiny Chest"},{"floor":26,"key":"PageOfPorccubus"},{"floor":27,"key":"MawBank"},{"floor":30,"key":"Nunchaku"},{"floor":31,"key":"Nilry\u0027s Codex"},{"floor":41,"key":"PlanX"},{"floor":43,"key":"Question Card"},{"floor":44,"key":"PageOfTodaysShyLook"},{"floor":46,"key":"PageOfWrath"},{"floor":47,"key":"PageOfTheQueenOfHatred"},{"floor":55,"key":"PageOfTheKnightOfDespair"}],"event_choices":[{"cards_removed":["LightAttack"],"damage_healed":0,"gold_gain":0,"player_choice":"Card Removal","damage_taken":0,"max_hp_gain":0,"max_hp_loss":0,"event_name":"The Cleric","floor":4,"gold_loss":50},{"damage_healed":0,"gold_gain":0,"player_choice":"塞钱","damage_taken":0,"relics_obtained":["PaintedHorse:ReiMu"],"max_hp_gain":0,"max_hp_loss":0,"event_name":"yidonshenshe","floor":5,"gold_loss":40},{"damage_healed":0,"gold_gain":0,"player_choice":"Bought 1 Potion","damage_taken":0,"max_hp_gain":0,"max_hp_loss":0,"event_name":"The Woman in Blue","floor":19,"gold_loss":0},{"damage_healed":0,"gold_gain":0,"player_choice":"购买神酒","damage_taken":0,"relics_obtained":["ZunR:ReiMu"],"max_hp_gain":0,"max_hp_loss":0,"event_name":"ZunEvent","floor":21,"gold_loss":40},{"damage_healed":0,"gold_gain":0,"player_choice":"Swap Relic","damage_taken":0,"relics_obtained":["Juzu Bracelet"],"max_hp_gain":0,"max_hp_loss":0,"event_name":"给自己的盒子","floor":22,"relics_lost":["PaintedHorse:ReiMu"],"gold_loss":0},{"damage_healed":0,"gold_gain":0,"player_choice":"Opened","damage_taken":0,"relics_obtained":["Pantograph"],"max_hp_gain":0,"max_hp_loss":0,"event_name":"The Mausoleum","floor":29,"gold_loss":0,"cards_obtained":["Writhe"]},{"damage_healed":0,"gold_gain":0,"player_choice":"Obtained Book","damage_taken":16,"max_hp_gain":0,"max_hp_loss":0,"event_name":"Cursed Tome","floor":31,"gold_loss":0},{"damage_healed":0,"gold_gain":0,"player_choice":"Ignored","damage_taken":0,"max_hp_gain":0,"max_hp_loss":0,"event_name":"Tomb of Lord Red Mask","floor":45,"gold_loss":0}],"is_beta":false,"boss_relics":[{"not_picked":["testmod-StringDisintegrator","testmod-GoldenSoul"],"picked":"SlaversCollar"},{"not_picked":["testmod-EnergyCheck","RedLine:ReiMu"],"picked":"EasyGame_NEW"}],"items_purged_floors":[20],"is_endless":false,"potions_floor_spawned":[3,6,12,16,18,28,30,33,35,36,38,39,47,55],"ascension_level":5}}