{"host":"bxn2em57qlx5u4i0","time":1614303275,"event":{"mods":["BaseMod","Colored Map","Colored Powertips","Highlight Path","Minty Spire (QoL Compilation)","Random Character Button","Relic Sorter","Relic Stats","StSLib","SuperFastMode"],"gold_per_floor":[114,6,26,26,26,51,51,70,122,122,152,164,199,68,68,145,145,160,180,180,8,8,8],"floor_reached":22,"language":"ENG","playtime":413,"items_purged":["Strike_G"],"score":529,"play_id":"aef2bef7-37a5-4390-b06e-f46530509862","local_time":"20210225203435","is_ascension_mode":true,"campfire_choices":[{"data":"Riddle With Holes","floor":7.0,"key":"SMITH"},{"data":"Terror","floor":10.0,"key":"SMITH"},{"data":"Wraith Form v2","floor":15.0,"key":"SMITH"}],"circlet_count":0,"master_deck":["AscendersBane","Strike_G","Strike_G","Strike_G","Strike_G","Defend_G","Defend_G","Defend_G","Defend_G+1","Defend_G","Survivor","Neutralize","Riddle With Holes+1","Dagger Spray+1","Terror+1","Blur+1","Wraith Form v2+1","Backflip","Bullet Time","Quick Slash+1"],"relics":["Ring of the Snake","NeowsBlessing","Darkstone Periapt","Unceasing Top","War Paint","Pear","Strawberry","Cursed Key","Bag of Preparation"],"acts_visited":["Exordium","TheCity"],"potions_floor_usage":[18],"damage_taken":[{"damage":0.0,"enemies":"2 Louse","floor":1.0,"turns":1.0},{"damage":0.0,"enemies":"Jaw Worm","floor":3.0,"turns":1.0},{"damage":0.0,"enemies":"3 Sentries","floor":6.0,"turns":1.0},{"damage":1.0,"enemies":"Cultist","floor":8.0,"turns":3.0},{"damage":0.0,"enemies":"Lagavulin","floor":11.0,"turns":3.0},{"damage":10.0,"enemies":"Looter","floor":12.0,"turns":4.0},{"damage":18.0,"enemies":"Gremlin Nob","floor":13.0,"turns":4.0},{"damage":2.0,"enemies":"Slime Boss","floor":16.0,"turns":9.0},{"damage":4,"enemies":"Spheric Guardian","floor":18,"turns":5},{"damage":12,"enemies":"Shell Parasite","floor":19,"turns":5},{"damage":58,"enemies":"Cultist and Chosen","floor":22,"turns":4}],"seed_played":"2267114820507159189","potions_obtained":[{"floor":1.0,"key":"BlessingOfTheForge"},{"floor":3.0,"key":"CunningPotion"},{"floor":12.0,"key":"Fruit Juice"},{"floor":13.0,"key":"Fire Potion"},{"floor":16.0,"key":"CultistPotion"}],"is_trial":false,"path_per_floor":["M","$","M","?","T","E","R","M","T","R","E","M","E","$","R","B",null,"M","M","?","$","M"],"character_chosen":"THE_SILENT","items_purchased":["Dagger Spray","SteroidPotion","Strength Potion","Bag of Preparation"],"campfire_rested":0,"item_purchase_floors":[2,2,14,21],"current_hp_per_floor":[59,59,59,59,59,59,59,58,58,58,68,58,47,52,52,50,79,75,63,37,37,0,0],"gold":8,"neow_bonus":"THREE_ENEMY_KILL","is_daily":false,"chose_seed":false,"campfire_upgraded":3,"win_rate":0.0,"timestamp":1614303275,"path_taken":["M","$","M","?","?","E","R","M","T","R","E","M","E","$","R","BOSS","M","M","?","$","M"],"items_purchased_type":["Card","Potion","Potion","Relic"],"build_version":"2020-12-22","purchased_purges":1,"victory":false,"max_hp_per_floor":[66,66,66,66,66,66,66,66,66,66,76,76,83,88,88,88,88,88,88,93,93,93,93],"relic_stats":{"Darkstone Periapt":0,"counters":[11,40],"Bag of Preparation":[2],"War Paint":["Blur","Defend_G"],"Cursed Key":0,"obtain_stats":[{"Darkstone Periapt":5,"Pear":11,"NeowsBlessing":0,"Strawberry":13,"Bag of Preparation":21,"War Paint":9,"Cursed Key":17,"Unceasing Top":6,"Ring of the Snake":0},{"Darkstone Periapt":2,"Pear":5,"NeowsBlessing":0,"Strawberry":7,"Bag of Preparation":10,"War Paint":4,"Cursed Key":8,"Unceasing Top":3,"Ring of the Snake":0},{"Darkstone Periapt":2,"Pear":9,"NeowsBlessing":0,"Strawberry":17,"Bag of Preparation":36,"War Paint":6,"Cursed Key":26,"Unceasing Top":3,"Ring of the Snake":0}],"Unceasing Top":[2],"Ring of the Snake":[22]},"card_choices":[{"not_picked":["Flying Knee","Backflip"],"picked":"Riddle With Holes","floor":1.0},{"not_picked":["Finisher","Eviscerate","Deflect"],"picked":"SKIP","floor":3.0},{"not_picked":["Eviscerate","Blade Dance"],"picked":"Terror","floor":6.0},{"not_picked":["Flying Knee","Poisoned Stab"],"picked":"Blur","floor":8.0},{"not_picked":["Dagger Spray","Well Laid Plans"],"picked":"Wraith Form v2","floor":11.0},{"not_picked":["Masterful Stab","Outmaneuver","Poisoned Stab"],"picked":"SKIP","floor":12.0},{"not_picked":["Bane","Caltrops"],"picked":"Backflip","floor":13.0},{"not_picked":["Tools of the Trade","Glass Knife"],"picked":"Bullet Time","floor":16.0},{"not_picked":["Infinite Blades","Cloak And Dagger"],"picked":"Quick Slash+1","floor":18},{"not_picked":["Flying Knee","Cloak And Dagger","Blade Dance"],"picked":"SKIP","floor":19}],"player_experience":3051286,"relics_obtained":[{"floor":5.0,"key":"Darkstone Periapt"},{"floor":6.0,"key":"Unceasing Top"},{"floor":9.0,"key":"War Paint"},{"floor":11.0,"key":"Pear"},{"floor":13.0,"key":"Strawberry"}],"event_choices":[{"damage_healed":0.0,"max_hp_gain":0.0,"max_hp_loss":0.0,"gold_gain":0.0,"event_name":"Living Wall","player_choice":"Grow","floor":4.0,"gold_loss":0.0,"damage_taken":0.0,"cards_upgraded":["Dagger Spray"]},{"damage_healed":0,"gold_gain":0,"player_choice":"Shed Blood","damage_taken":31,"max_hp_gain":5,"max_hp_loss":0,"event_name":"Forgotten Altar","floor":20,"gold_loss":0}],"is_beta":false,"boss_relics":[{"not_picked":["Astrolabe","Velvet Choker"],"picked":"Cursed Key"}],"items_purged_floors":[14],"is_endless":false,"potions_floor_spawned":[1,3,12,13,16],"killed_by":"Cultist and Chosen","ascension_level":20}}