{"host":"gc8yb33y1dm65mio","time":1614306002,"event":{"mods":["BaseMod","Bestiary","Colored Map","Colored Powertips","Curses Come First","Highlight Path","Minty Spire (QoL Compilation)","Quick Restart","Relic Stats","StSLib"],"gold_per_floor":[214,233,233,233,233,233,273,273,273,273,311,329,329,329,329,428,428,452,475,475,223,223,223,264,264,264,355,54,113,113,13,13,108,171,186,519,166,201,217,251,251,279,279,323,105,105,159,176,176,201],"floor_reached":51,"language":"ENG","playtime":2347,"items_purged":["Strike_B","Zap","Dualcast"],"score":1450,"play_id":"eeeb0fb1-2678-49c9-afe6-949d9ec0d20b","local_time":"20210225182002","is_ascension_mode":true,"campfire_choices":[{"data":"Rip and Tear","floor":6,"key":"SMITH"},{"data":"Hyperbeam","floor":10,"key":"SMITH"},{"data":"Go for the Eyes","floor":13,"key":"SMITH"},{"data":"FTL","floor":15,"key":"SMITH"},{"data":"HandOfGreed","floor":23,"key":"SMITH"},{"data":"Undo","floor":25,"key":"SMITH"},{"data":"Gash","floor":30,"key":"SMITH"},{"data":"Gash","floor":32,"key":"SMITH"},{"data":"Buffer","floor":41,"key":"SMITH"},{"data":"Hologram","floor":46,"key":"SMITH"},{"floor":49,"key":"REST"}],"circlet_count":0,"master_deck":["AscendersBane","Defend_B","Defend_B","Defend_B","Defend_B+1","Rip and Tear+1","FTL+1","Steam","Hyperbeam+1","Go for the Eyes+1","Echo Form","Rebound","Gash+1","HandOfGreed+1","Gash+1","Undo+1","Machine Learning","Conserve Battery","Gash+1","Hyperbeam","Redo","All For One","Gash","Buffer+1","Hologram+1","FTL+1","Beam Cell+1"],"relics":["Cracked Core","The Courier","Pantograph","Ornamental Fan","Cables","Nuclear Battery","Oddly Smooth Stone","Blue Candle","Red Mask","Lee\u0027s Waffle","Regal Pillow","Tiny House","Medical Kit","Toy Ornithopter","Omamori","Molten Egg 2","Kunai","Blood Vial"],"acts_visited":["Exordium","TheCity","TheBeyond"],"potions_floor_usage":[7,24,33,39,40,44,47,50],"damage_taken":[{"damage":4,"enemies":"Jaw Worm","floor":1,"turns":5},{"damage":5,"enemies":"Small Slimes","floor":2,"turns":2},{"damage":12,"enemies":"3 Sentries","floor":7,"turns":7},{"damage":19,"enemies":"Lagavulin","floor":11,"turns":6},{"damage":0,"enemies":"2 Louse","floor":12,"turns":1},{"damage":41,"enemies":"Hexaghost","floor":16,"turns":10},{"damage":1,"enemies":"Chosen","floor":18,"turns":4},{"damage":1,"enemies":"2 Thieves","floor":19,"turns":2},{"damage":17,"enemies":"Book of Stabbing","floor":24,"turns":5},{"damage":18,"enemies":"Masked Bandits","floor":27,"turns":4},{"damage":29,"enemies":"Gremlin Leader","floor":29,"turns":6},{"damage":13,"enemies":"Collector","floor":33,"turns":7},{"damage":0,"enemies":"3 Darklings","floor":35,"turns":1},{"damage":6,"enemies":"Orb Walker","floor":38,"turns":3},{"damage":3,"enemies":"Transient","floor":39,"turns":5},{"damage":36,"enemies":"Reptomancer","floor":40,"turns":7},{"damage":7,"enemies":"Nemesis","floor":42,"turns":7},{"damage":0,"enemies":"Maw","floor":44,"turns":8},{"damage":0,"enemies":"Reptomancer","floor":47,"turns":6},{"damage":0,"enemies":"Spire Growth","floor":48,"turns":2},{"damage":12,"enemies":"Awakened One","floor":50,"turns":11}],"seed_played":"2208487769012082146","potions_obtained":[{"floor":2,"key":"SkillPotion"},{"floor":16,"key":"BlessingOfTheForge"},{"floor":19,"key":"FearPotion"},{"floor":27,"key":"ColorlessPotion"},{"floor":33,"key":"BlessingOfTheForge"},{"floor":34,"key":"AttackPotion"},{"floor":39,"key":"LiquidMemories"},{"floor":42,"key":"GamblersBrew"},{"floor":44,"key":"DistilledChaos"},{"floor":48,"key":"FocusPotion"}],"is_trial":false,"path_per_floor":["M","M","?","?","?","R","E","T","T","R","E","M","R","?","R","B",null,"M","M","?","$","?","R","E","R","T","?","$","E","R","$","R","B",null,"M","?","$","M","M","E","R","E","T","M","$","R","E","M","R","B",null],"character_chosen":"DEFECT","items_purchased":["HandOfGreed","Gash","Lee\u0027s Waffle","Conserve Battery","Gash","All For One","Gash","Medical Kit","Buffer","Kunai"],"campfire_rested":1,"item_purchase_floors":[21,21,28,28,28,37,37,37,37,45],"current_hp_per_floor":[60,55,55,55,48,48,36,36,36,36,17,17,17,17,17,1,48,47,46,46,46,46,46,29,29,29,11,71,42,42,42,42,54,72,72,72,72,66,63,27,27,20,20,25,25,25,30,32,69,64],"gold":201,"neow_bonus":"HUNDRED_GOLD","is_daily":false,"chose_seed":false,"campfire_upgraded":10,"win_rate":0.0,"timestamp":1614306002,"path_taken":["M","M","?","?","?","R","E","?","T","R","E","?","R","?","R","BOSS","M","M","?","$","?","R","E","R","T","?","?","E","R","$","R","BOSS","M","?","$","M","M","E","R","E","T","M","$","R","E","M","R","BOSS"],"items_purchased_type":["Card","Card","Relic","Card","Card","Card","Card","Relic","Card","Relic"],"build_version":"2020-12-22","purchased_purges":3,"victory":true,"max_hp_per_floor":[71,71,71,64,64,64,64,64,64,64,64,64,64,64,64,64,64,64,64,64,64,64,64,64,64,64,64,71,71,71,71,71,71,76,76,76,76,76,76,76,76,76,76,76,76,76,76,76,76,76],"relic_stats":{"Blood Vial":4,"Lee\u0027s Waffle":60,"Regal Pillow":15,"counters":[21,109],"Ornamental Fan":[244],"Pantograph":55,"Blue Candle":[0],"Kunai":[21],"Medical Kit":[2],"obtain_stats":[{"Lee\u0027s Waffle":28,"Regal Pillow":29,"Tiny House":34,"Golden Idol":4,"Blue Candle":26,"Oddly Smooth Stone":24,"The Courier":7,"Omamori":42,"Medical Kit":37,"Cables":11,"Nuclear Battery":17,"Blood Vial":47,"Ornamental Fan":9,"Pantograph":8,"Molten Egg 2":43,"Red Mask":27,"Kunai":45,"Cracked Core":0,"Toy Ornithopter":40},{"Lee\u0027s Waffle":10,"Regal Pillow":11,"Tiny House":12,"Golden Idol":2,"Blue Candle":9,"Oddly Smooth Stone":9,"The Courier":3,"Omamori":17,"Medical Kit":13,"Cables":4,"Nuclear Battery":6,"Blood Vial":19,"Ornamental Fan":3,"Pantograph":3,"Molten Egg 2":17,"Red Mask":10,"Kunai":18,"Cracked Core":0,"Toy Ornithopter":16},{"Lee\u0027s Waffle":46,"Regal Pillow":52,"Tiny House":59,"Golden Idol":7,"Blue Candle":42,"Oddly Smooth Stone":42,"The Courier":14,"Omamori":82,"Medical Kit":60,"Cables":20,"Nuclear Battery":31,"Blood Vial":96,"Ornamental Fan":14,"Pantograph":14,"Molten Egg 2":82,"Red Mask":46,"Kunai":90,"Cracked Core":0,"Toy Ornithopter":75}],"Toy Ornithopter":10,"Cables":[68,31,0,0,37]},"card_choices":[{"not_picked":["Steam","Conserve Battery"],"picked":"Rip and Tear","floor":1},{"not_picked":["Loop","Steam"],"picked":"FTL","floor":2},{"not_picked":["Barrage","Redo"],"picked":"Hyperbeam","floor":7},{"not_picked":["Steam Power","Compile Driver"],"picked":"Go for the Eyes","floor":11},{"not_picked":["Sweeping Beam","Blizzard","Steam"],"picked":"SKIP","floor":12},{"not_picked":["Electrodynamics","Hyperbeam"],"picked":"Echo Form","floor":16},{"not_picked":["Double Energy","Heatsinks"],"picked":"Rebound","floor":18},{"not_picked":["Go for the Eyes","Ball Lightning+1"],"picked":"Gash+1","floor":19},{"not_picked":["Turbo+1","Cold Snap"],"picked":"Machine Learning","floor":24},{"not_picked":["Echo Form","Coolheaded","Machine Learning"],"picked":"SKIP","floor":29},{"not_picked":["Buffer","Machine Learning"],"picked":"Hyperbeam","floor":33},{"not_picked":["Genetic Algorithm","Conserve Battery"],"picked":"Redo","floor":34},{"not_picked":["Steam","Melter","Coolheaded"],"picked":"SKIP","floor":35},{"not_picked":["Scrape","Sunder","Steam"],"picked":"SKIP","floor":38},{"not_picked":["Gash","Leap","Ball Lightning"],"picked":"SKIP","floor":39},{"not_picked":["Go for the Eyes+1","Leap"],"picked":"Hologram","floor":40},{"not_picked":["Barrage","Heatsinks","Rip and Tear+1"],"picked":"SKIP","floor":42},{"not_picked":["Barrage+1","Stack"],"picked":"FTL+1","floor":44},{"not_picked":["Redo","Electrodynamics"],"picked":"Beam Cell+1","floor":47},{"not_picked":["Conserve Battery+1","Go for the Eyes+1","Stack"],"picked":"SKIP","floor":48}],"player_experience":1100949,"relics_obtained":[{"floor":7,"key":"The Courier"},{"floor":8,"key":"Pantograph"},{"floor":9,"key":"Ornamental Fan"},{"floor":11,"key":"Cables"},{"floor":24,"key":"Oddly Smooth Stone"},{"floor":26,"key":"Blue Candle"},{"floor":27,"key":"Red Mask"},{"floor":29,"key":"Regal Pillow"},{"floor":40,"key":"Toy Ornithopter"},{"floor":42,"key":"Omamori"},{"floor":43,"key":"Molten Egg 2"},{"floor":47,"key":"Blood Vial"}],"event_choices":[{"damage_healed":0,"gold_gain":0,"cards_transformed":["Strike_B"],"player_choice":"Change","damage_taken":0,"max_hp_gain":0,"max_hp_loss":0,"event_name":"Living Wall","floor":3,"gold_loss":0,"cards_obtained":["Steam"]},{"damage_healed":0,"gold_gain":0,"player_choice":"Lose Max HP","damage_taken":0,"relics_obtained":["Golden Idol"],"max_hp_gain":0,"max_hp_loss":7,"event_name":"Golden Idol","floor":4,"gold_loss":0},{"cards_removed":["Strike_B"],"damage_healed":0,"gold_gain":0,"player_choice":"Card Removal","damage_taken":7,"max_hp_gain":0,"max_hp_loss":0,"event_name":"Golden Wing","floor":5,"gold_loss":0},{"cards_removed":["Strike_B"],"damage_healed":0,"gold_gain":0,"player_choice":"Purged","damage_taken":0,"max_hp_gain":0,"max_hp_loss":0,"event_name":"Purifier","floor":14,"gold_loss":0},{"damage_healed":0,"gold_gain":0,"player_choice":"Ignored","damage_taken":0,"max_hp_gain":0,"max_hp_loss":0,"event_name":"Vampires","floor":20,"gold_loss":0},{"damage_healed":0,"gold_gain":0,"player_choice":"Read","damage_taken":0,"max_hp_gain":0,"max_hp_loss":0,"event_name":"The Library","floor":22,"gold_loss":0,"cards_obtained":["Undo"]},{"damage_healed":0,"gold_gain":0,"player_choice":"Fought Bandits","damage_taken":0,"max_hp_gain":0,"max_hp_loss":0,"event_name":"Masked Bandits","floor":27,"gold_loss":0},{"damage_healed":0,"gold_gain":333,"player_choice":"Gave Idol","damage_taken":0,"max_hp_gain":0,"max_hp_loss":0,"event_name":"The Moai Head","floor":36,"relics_lost":["Golden Idol"],"gold_loss":0}],"is_beta":false,"boss_relics":[{"not_picked":["Astrolabe","FrozenCore"],"picked":"Nuclear Battery"},{"not_picked":["SacredBark","Busted Crown"],"picked":"Tiny House"}],"items_purged_floors":[21,28,31],"is_endless":false,"potions_floor_spawned":[2,16,19,27,33,39,42,44,48],"ascension_level":16}}