{"host":"gsjtu2nhjj0xfoom","time":1614366050,"event":{"mods":["BaseMod","Colored Map","Colored Powertips","Highlight Path","Minty Spire (QoL Compilation)","Permanent Neow","StSLib"],"gold_per_floor":[111,186,199,211,9,9,21,36,36,62,62,97,78,47,47,47,47],"floor_reached":16,"language":"ENG","playtime":573,"items_purged":[],"score":168,"play_id":"6dac4054-95de-488c-b513-ad85ab8d840f","local_time":"20210226200050","is_ascension_mode":true,"campfire_choices":[{"data":"Rampage","floor":6,"key":"SMITH"},{"data":"Feed","floor":11,"key":"SMITH"},{"data":"Armaments","floor":15,"key":"SMITH"}],"circlet_count":0,"master_deck":["AscendersBane","Strike_R","Strike_R","Strike_R","Strike_R","Strike_R","Defend_R","Defend_R","Defend_R","Defend_R","Bash","Clumsy","Reaper","Rampage+1","Spot Weakness","Spot Weakness","Shrug It Off","Disarm","Feed+1","Shrug It Off","Armaments+1"],"relics":["Burning Blood","Medical Kit","Lizard Tail","Prayer Wheel","CaptainsWheel"],"acts_visited":["Exordium"],"potions_floor_usage":[10,12],"damage_taken":[{"damage":14.0,"enemies":"Jaw Worm","floor":1.0,"turns":9.0},{"damage":6,"enemies":"Cultist","floor":3,"turns":3},{"damage":10,"enemies":"Small Slimes","floor":4,"turns":3},{"damage":4,"enemies":"2 Fungi Beasts","floor":7,"turns":5},{"damage":23,"enemies":"3 Louse","floor":8,"turns":3},{"damage":43,"enemies":"Gremlin Nob","floor":10,"turns":5},{"damage":34,"enemies":"Lagavulin","floor":12,"turns":9},{"damage":16,"enemies":"Exordium Thugs","floor":13,"turns":4},{"damage":34,"enemies":"The Guardian","floor":16,"turns":3}],"seed_played":"-4530535364797757157","potions_obtained":[{"floor":1.0,"key":"Energy Potion"},{"floor":7,"key":"BlessingOfTheForge"},{"floor":10,"key":"LiquidBronze"},{"floor":13,"key":"FearPotion"}],"is_trial":false,"path_per_floor":["M","?","M","M","$","R","M","M","T","E","R","E","M","?","R","B"],"character_chosen":"IRONCLAD","items_purchased":["Medical Kit","Shrug It Off"],"campfire_rested":0,"item_purchase_floors":[5,5],"current_hp_per_floor":[68,60,64,65,65,65,77,80,80,43,43,19,13,13,13,44,44],"gold":47,"neow_bonus":"THREE_RARE_CARDS","is_daily":false,"chose_seed":false,"campfire_upgraded":3,"win_rate":0.0,"timestamp":1614366050,"path_taken":["M","?","M","M","$","R","?","M","T","E","R","E","M","?","R","BOSS"],"items_purchased_type":["Relic","Card"],"build_version":"2020-12-22","purchased_purges":0,"victory":false,"max_hp_per_floor":[80,80,80,80,80,80,80,80,80,80,80,84,88,88,88,88,88],"card_choices":[{"not_picked":["Offering","Corruption"],"picked":"Reaper","floor":0.0},{"not_picked":["Reckless Charge","Armaments"],"picked":"Rampage","floor":1.0},{"not_picked":["Sever Soul","Pommel Strike"],"picked":"Spot Weakness","floor":3},{"not_picked":["Cleave","Body Slam"],"picked":"Spot Weakness","floor":4},{"not_picked":["Warcry","Pommel Strike"],"picked":"Disarm","floor":7},{"not_picked":["Reckless Charge","Body Slam","Feel No Pain"],"picked":"SKIP","floor":8},{"not_picked":["Wild Strike","Metallicize"],"picked":"Feed","floor":10},{"not_picked":["Body Slam","Sword Boomerang"],"picked":"Shrug It Off","floor":12},{"not_picked":["Dropkick","Iron Wave"],"picked":"Armaments","floor":13},{"not_picked":["Carnage","Clothesline","Flex"],"picked":"SKIP","floor":13}],"player_experience":1391445,"relics_obtained":[{"floor":9,"key":"Lizard Tail"},{"floor":10,"key":"Prayer Wheel"},{"floor":12,"key":"CaptainsWheel"}],"event_choices":[{"damage_healed":0,"gold_gain":75,"player_choice":"Touch","damage_taken":8,"max_hp_gain":0,"max_hp_loss":0,"event_name":"FaceTrader","floor":2,"gold_loss":0},{"damage_healed":0,"gold_gain":0,"player_choice":"Left Gold","damage_taken":0,"max_hp_gain":0,"max_hp_loss":0,"event_name":"World of Goop","floor":14,"gold_loss":31}],"is_beta":false,"boss_relics":[],"items_purged_floors":[],"is_endless":false,"potions_floor_spawned":[1,7,10,13],"killed_by":"The Guardian","ascension_level":10}}