{"host":"w14xfy17z3c5mpoi","time":1614358850,"event":{"mods":["AchievementEnabler","BaseMod","Minty Spire (QoL Compilation)","Relic Stats"],"gold_per_floor":[119,119,139,157,176,176,206,206,259,284,284,311,45,59,59,138,188,206,226,226,242,242,273,287,287,287,297,297,81,81,100,100,100,100],"floor_reached":33,"language":"ENG","playtime":2518,"items_purged":["Strike_G"],"score":531,"play_id":"d5e4a44b-098f-4015-bcaf-488eebd4487e","local_time":"20210226120050","is_ascension_mode":true,"campfire_choices":[{"data":"Venomology","floor":6,"key":"SMITH"},{"data":"Calculated Gamble","floor":8,"key":"SMITH"},{"data":"Sucker Punch","floor":15,"key":"SMITH"},{"data":"Glass Knife","floor":28,"key":"SMITH"},{"data":"Neutralize","floor":30,"key":"SMITH"},{"floor":32,"key":"REST"}],"circlet_count":0,"master_deck":["AscendersBane","Strike_G","Strike_G","Strike_G","Defend_G","Defend_G","Defend_G","Defend_G","Defend_G","Survivor","Neutralize+1","Unload","Underhanded Strike","Venomology+1","Flying Knee","Sucker Punch+1","Calculated Gamble+1","Blade Dance","Bouncing Flask","Tools of the Trade+1","Blade Dance","Glass Knife+1","Dagger Spray","Accuracy","Predator","Cloak And Dagger","Dagger Throw","Writhe","Neutralize","Blade Dance","Glass Knife+1","Venomology+1","Finisher"],"relics":["Ring of the Snake","Meat on the Bone","Vajra","PreservedInsect","Pocketwatch","InkBottle","Paper Crane","Nloth\u0027s Gift","Smiling Mask","Toxic Egg 2"],"acts_visited":["Exordium","TheCity"],"potions_floor_usage":[5,7,7,12,16,16,18,19,21,23,23,24,24,27,31,31,33],"damage_taken":[{"damage":0,"enemies":"Cultist","floor":1,"turns":4},{"damage":1,"enemies":"Small Slimes","floor":3,"turns":3},{"damage":0,"enemies":"2 Louse","floor":4,"turns":2},{"damage":31,"enemies":"Exordium Thugs","floor":5,"turns":7},{"damage":27,"enemies":"Lagavulin","floor":7,"turns":4},{"damage":18,"enemies":"Gremlin Nob","floor":10,"turns":4},{"damage":10,"enemies":"3 Sentries","floor":12,"turns":3},{"damage":6,"enemies":"Looter","floor":14,"turns":3},{"damage":18,"enemies":"The Guardian","floor":16,"turns":7},{"damage":9,"enemies":"Shell Parasite","floor":18,"turns":5},{"damage":10,"enemies":"Chosen","floor":19,"turns":5},{"damage":16,"enemies":"Centurion and Healer","floor":21,"turns":5},{"damage":12,"enemies":"Book of Stabbing","floor":23,"turns":5},{"damage":12,"enemies":"Sentry and Sphere","floor":24,"turns":4},{"damage":7,"enemies":"Chosen and Byrds","floor":27,"turns":3},{"damage":1,"enemies":"Cultist and Chosen","floor":31,"turns":3},{"damage":55,"enemies":"Collector","floor":33,"turns":6}],"seed_played":"-5240890003355883373","potions_obtained":[{"floor":4,"key":"EssenceOfSteel"},{"floor":10,"key":"PowerPotion"},{"floor":16,"key":"Weak Potion"},{"floor":17,"key":"GhostInAJar"},{"floor":19,"key":"DuplicationPotion"},{"floor":23,"key":"Ancient Potion"},{"floor":27,"key":"SneckoOil"}],"is_trial":false,"path_per_floor":["M","T","M","M","M","R","E","R","T","E","?","E","$","M","R","B",null,"M","M","?","M","?","E","M","?","T","M","R","$","R","M","R","B"],"character_chosen":"THE_SILENT","items_purchased":["Paper Crane","Venomology+1"],"campfire_rested":1,"item_purchase_floors":[13,29],"current_hp_per_floor":[59,59,58,58,39,39,24,24,24,18,18,20,20,26,26,20,55,46,36,36,32,32,32,32,32,32,37,37,37,37,36,55,0,0],"gold":100,"neow_bonus":"THREE_RARE_CARDS","is_daily":false,"chose_seed":false,"campfire_upgraded":5,"win_rate":0.0,"timestamp":1614358850,"path_taken":["M","?","?","M","M","R","E","R","T","E","?","E","$","M","R","BOSS","M","M","?","?","?","E","?","?","T","M","R","?","R","M","R","BOSS"],"items_purchased_type":["Relic","Card"],"build_version":"2020-12-22","purchased_purges":1,"victory":false,"max_hp_per_floor":[60,60,60,60,60,60,60,60,60,60,60,60,60,60,60,60,65,65,65,65,65,65,65,65,65,65,65,65,65,65,65,65,65,65],"relic_stats":{"counters":[17,73],"PreservedInsect":96,"Nloth\u0027s Gift":1,"Smiling Mask":25,"obtain_stats":[{"Tiny House":17,"Vajra":7,"PreservedInsect":9,"Nloth\u0027s Gift":20,"Paper Crane":13,"Toxic Egg 2":26,"Smiling Mask":23,"InkBottle":12,"Ring of the Snake":0,"Meat on the Bone":2,"Pocketwatch":10},{"Tiny House":9,"Vajra":5,"PreservedInsect":5,"Nloth\u0027s Gift":11,"Paper Crane":7,"Toxic Egg 2":14,"Smiling Mask":13,"InkBottle":7,"Ring of the Snake":0,"Meat on the Bone":1,"Pocketwatch":6},{"Tiny House":37,"Vajra":20,"PreservedInsect":20,"Nloth\u0027s Gift":47,"Paper Crane":27,"Toxic Egg 2":61,"Smiling Mask":57,"InkBottle":27,"Ring of the Snake":0,"Meat on the Bone":4,"Pocketwatch":24}],"InkBottle":[25],"Ring of the Snake":[34],"Meat on the Bone":120,"Pocketwatch":[30]},"card_choices":[{"not_picked":["Malaise","Burst"],"picked":"Unload","floor":0},{"not_picked":["Prepared","Cloak And Dagger"],"picked":"Underhanded Strike","floor":1},{"not_picked":["Deflect","Flechettes"],"picked":"Venomology","floor":3},{"not_picked":["Underhanded Strike","Distraction"],"picked":"Flying Knee","floor":4},{"not_picked":["Finisher","Deflect"],"picked":"Sucker Punch","floor":5},{"not_picked":["Backstab","Dagger Spray"],"picked":"Calculated Gamble","floor":7},{"not_picked":["Quick Slash","Deflect"],"picked":"Blade Dance","floor":10},{"not_picked":["Reflex","Deadly Poison"],"picked":"Tools of the Trade","floor":12},{"not_picked":["Prepared","Infinite Blades"],"picked":"Blade Dance","floor":14},{"not_picked":["A Thousand Cuts","Unload"],"picked":"Glass Knife","floor":16},{"not_picked":["Infinite Blades","Deadly Poison"],"picked":"Dagger Spray","floor":17},{"not_picked":["Sucker Punch","Skewer+1"],"picked":"Accuracy","floor":18},{"not_picked":["Poisoned Stab","Bane"],"picked":"Predator","floor":19},{"not_picked":["Setup","Deflect"],"picked":"Cloak And Dagger","floor":21},{"not_picked":["Dagger Throw","Endless Agony"],"picked":"Blade Dance","floor":23},{"not_picked":["Acrobatics","Dagger Throw+1"],"picked":"Glass Knife","floor":24},{"not_picked":["Dagger Spray","Flying Knee","Flechettes"],"picked":"SKIP","floor":27},{"not_picked":["Caltrops","Poisoned Stab"],"picked":"Finisher","floor":31}],"player_experience":825483,"relics_obtained":[{"floor":2,"key":"Meat on the Bone"},{"floor":7,"key":"Vajra"},{"floor":9,"key":"PreservedInsect"},{"floor":10,"key":"Pocketwatch"},{"floor":12,"key":"InkBottle"},{"floor":23,"key":"Smiling Mask"},{"floor":26,"key":"Toxic Egg 2"}],"event_choices":[{"damage_healed":0,"gold_gain":0,"cards_transformed":["Strike_G"],"player_choice":"Transformed","damage_taken":0,"max_hp_gain":0,"max_hp_loss":0,"event_name":"Transmorgrifier","floor":11,"gold_loss":0,"cards_obtained":["Bouncing Flask"]},{"damage_healed":0,"gold_gain":0,"player_choice":"Traded Relic","damage_taken":0,"relics_obtained":["Nloth\u0027s Gift"],"max_hp_gain":0,"max_hp_loss":0,"event_name":"N\u0027loth","floor":20,"relics_lost":["Tiny House"],"gold_loss":0},{"damage_healed":0,"gold_gain":0,"player_choice":"3 cards matched","damage_taken":0,"max_hp_gain":0,"max_hp_loss":0,"event_name":"Match and Keep!","floor":22,"gold_loss":0,"cards_obtained":["Dagger Throw","Writhe","Neutralize"]},{"damage_healed":0,"gold_gain":0,"player_choice":"Upgraded","damage_taken":0,"max_hp_gain":0,"max_hp_loss":0,"event_name":"Upgrade Shrine","floor":25,"gold_loss":0,"cards_upgraded":["Glass Knife"]}],"is_beta":false,"boss_relics":[{"not_picked":["Runic Pyramid","Fusion Hammer"],"picked":"Tiny House"}],"items_purged_floors":[29],"is_endless":false,"potions_floor_spawned":[4,5,10,16,19,23,27],"killed_by":"Collector","ascension_level":17}}