{"host":"z37g2hkgkh2zjyzk","time":1614369797,"event":{"mods":["2.2 Compatiblity","AchievementEnabler","BaseMod","Bestiary","Colored Map","Colored Powertips","Curses Come First","Highlight Path","Keyboard Shortcuts","Minty Spire (QoL Compilation)","Relic Stats","StSLib","SuperFastMode"],"gold_per_floor":[115,125,200,218,218,244,244,43,69,69,69,89,89,116,116,213,213,223,238,1,1,11,11,43,43,43,143,143,143,176,191,191,290,290,300,300,313,313,313,313,313,313],"floor_reached":41,"language":"ENG","playtime":2474,"items_purged":["Strike_B"],"score":728,"play_id":"c6e308c4-16bf-4f9e-9cd9-9295076e36a3","local_time":"20210226210317","is_ascension_mode":true,"campfire_choices":[{"floor":7.0,"key":"REST"},{"data":"Zap","floor":11.0,"key":"SMITH"},{"floor":13.0,"key":"REST"},{"data":"Sweeping Beam","floor":15.0,"key":"SMITH"},{"floor":23.0,"key":"REST"},{"floor":25.0,"key":"REST"},{"floor":28.0,"key":"REST"},{"floor":32.0,"key":"REST"},{"data":"Biased Cognition","floor":40.0,"key":"SMITH"}],"circlet_count":0,"master_deck":["AscendersBane","Strike_B","Strike_B","Strike_B","Defend_B","Defend_B","Defend_B","Defend_B","Zap+1","Dualcast","Sweeping Beam+1","BootSequence","Ball Lightning","Leap","Echo Form","Streamline","Static Discharge+1","Seek","Steam","Go for the Eyes","Injury","Loop","Auto Shields","Biased Cognition+1"],"relics":["Cracked Core","Nunchaku","Oddly Smooth Stone","ClockworkSouvenir","Regal Pillow","Mummified Hand","Bag of Marbles","Cursed Key","Blood Vial","Lantern","Turnip","The Courier","Meat on the Bone","Philosopher\u0027s Stone"],"acts_visited":["Exordium","TheCity","TheBeyond"],"potions_floor_usage":[41,41],"damage_taken":[{"damage":2.0,"enemies":"Jaw Worm","floor":1.0,"turns":3.0},{"damage":0.0,"enemies":"2 Louse","floor":2.0,"turns":2.0},{"damage":1.0,"enemies":"Cultist","floor":4.0,"turns":3.0},{"damage":38.0,"enemies":"Lagavulin","floor":6.0,"turns":9.0},{"damage":16.0,"enemies":"Exordium Thugs","floor":12.0,"turns":4.0},{"damage":4.0,"enemies":"3 Sentries","floor":14.0,"turns":5.0},{"damage":0.0,"enemies":"Slime Boss","floor":16.0,"turns":5.0},{"damage":16.0,"enemies":"2 Thieves","floor":18.0,"turns":4.0},{"damage":0.0,"enemies":"Chosen","floor":19.0,"turns":4.0},{"damage":19.0,"enemies":"Centurion and Healer","floor":22.0,"turns":5.0},{"damage":41.0,"enemies":"Gremlin Leader","floor":24.0,"turns":6.0},{"damage":9.0,"enemies":"Colosseum Slavers","floor":27.0,"turns":4.0},{"damage":43.0,"enemies":"Colosseum Nobs","floor":27.0,"turns":5.0},{"damage":32.0,"enemies":"Book of Stabbing","floor":30.0,"turns":5.0},{"damage":16.0,"enemies":"Cultist and Chosen","floor":31.0,"turns":4.0},{"damage":58.0,"enemies":"Collector","floor":33.0,"turns":9.0},{"damage":7.0,"enemies":"3 Shapes","floor":35.0,"turns":4.0},{"damage":0.0,"enemies":"Orb Walker","floor":37.0,"turns":3.0},{"damage":84,"enemies":"Reptomancer","floor":41,"turns":6}],"seed_played":"1582963395723779789","potions_obtained":[{"floor":2.0,"key":"Explosive Potion"},{"floor":6.0,"key":"DuplicationPotion"},{"floor":12.0,"key":"Ancient Potion"},{"floor":18.0,"key":"LiquidBronze"},{"floor":27.0,"key":"Block Potion"},{"floor":30.0,"key":"Energy Potion"},{"floor":31.0,"key":"Energy Potion"},{"floor":33.0,"key":"Strength Potion"}],"is_trial":false,"path_per_floor":["M","M","?","M","?","E","R","$","T","?","R","M","R","E","R","B",null,"M","M","$","?","M","R","E","R","T","?","R","?","E","M","R","B",null,"M","?","M","?","T","R","E"],"character_chosen":"DEFECT","items_purchased":["Ball Lightning","ClockworkSouvenir","Seek"],"campfire_rested":6,"item_purchase_floors":[8,8,20],"current_hp_per_floor":[66,66,55,54,47,9,31,31,31,31,31,15,52,48,48,48,68,52,52,52,52,33,70,29,66,66,18,55,55,25,23,60,16,60,55,55,57,57,57,57,0,0],"gold":313,"neow_bonus":"THREE_CARDS","is_daily":false,"chose_seed":false,"campfire_upgraded":3,"win_rate":0.0,"timestamp":1614369797,"path_taken":["M","M","?","M","?","E","R","?","T","?","R","M","R","E","R","BOSS","M","?","$","?","M","R","E","R","T","?","R","?","E","?","R","BOSS","M","?","M","?","?","R","E"],"items_purchased_type":["Card","Relic","Card"],"build_version":"2020-12-22","purchased_purges":1,"victory":false,"max_hp_per_floor":[75,75,75,75,75,75,75,75,75,75,75,75,75,75,75,75,75,75,75,75,75,75,75,75,75,75,75,75,75,75,75,75,75,75,75,75,75,75,75,75,75,75],"relic_stats":{"Blood Vial":16,"Nunchaku":[15],"Regal Pillow":75,"counters":[19,90],"Mummified Hand":[27],"Turnip":[3],"Cursed Key":1,"obtain_stats":[{"Regal Pillow":9,"Lantern":26,"Oddly Smooth Stone":6,"The Courier":27,"Cursed Key":17,"ClockworkSouvenir":8,"Blood Vial":24,"Nunchaku":5,"Mummified Hand":10,"Philosopher\u0027s Stone":34,"Turnip":27,"Bag of Marbles":14,"Cracked Core":0,"Meat on the Bone":30},{"Regal Pillow":4,"Lantern":11,"Oddly Smooth Stone":4,"The Courier":13,"Cursed Key":7,"ClockworkSouvenir":4,"Blood Vial":11,"Nunchaku":3,"Mummified Hand":4,"Philosopher\u0027s Stone":16,"Turnip":13,"Bag of Marbles":6,"Cracked Core":0,"Meat on the Bone":14},{"Regal Pillow":17,"Lantern":50,"Oddly Smooth Stone":17,"The Courier":59,"Cursed Key":31,"ClockworkSouvenir":17,"Blood Vial":50,"Nunchaku":8,"Mummified Hand":17,"Philosopher\u0027s Stone":77,"Turnip":59,"Bag of Marbles":26,"Cracked Core":0,"Meat on the Bone":64}],"Meat on the Bone":24},"card_choices":[{"not_picked":["Aggregate","Go for the Eyes"],"picked":"Sweeping Beam","floor":0.0},{"not_picked":["Leap","Steam Power","Scrape"],"picked":"SKIP","floor":1.0},{"not_picked":["Scrape","Reinforced Body"],"picked":"BootSequence","floor":2.0},{"not_picked":["Stack","Gash","Hologram"],"picked":"SKIP","floor":4.0},{"not_picked":["Turbo","Steam"],"picked":"Ball Lightning","floor":6.0},{"not_picked":["Machine Learning","Skim"],"picked":"Leap","floor":12.0},{"not_picked":["Heatsinks","Blizzard","Turbo"],"picked":"SKIP","floor":14.0},{"not_picked":["All For One","Seek"],"picked":"Echo Form","floor":16.0},{"not_picked":["Compile Driver","Recycle"],"picked":"Streamline","floor":18.0},{"not_picked":["Gash","Stack+1"],"picked":"Static Discharge","floor":19.0},{"not_picked":["Stack","Gash+1"],"picked":"Steam","floor":22.0},{"not_picked":["Doom and Gloom","Beam Cell"],"picked":"Go for the Eyes","floor":24.0},{"not_picked":["FTL","Redo"],"picked":"Loop","floor":27.0},{"not_picked":["Doom and Gloom","Lockon","Chaos"],"picked":"SKIP","floor":30.0},{"not_picked":["Reinforced Body","Stack"],"picked":"Auto Shields","floor":31.0},{"not_picked":["Amplify","Multi-Cast"],"picked":"Biased Cognition","floor":33.0},{"not_picked":["Beam Cell","Go for the Eyes","Turbo+1"],"picked":"SKIP","floor":35.0},{"not_picked":["Steam+1","Melter+1","Redo+1"],"picked":"SKIP","floor":37.0}],"player_experience":309436,"relics_obtained":[{"floor":6.0,"key":"Oddly Smooth Stone"},{"floor":9.0,"key":"Regal Pillow"},{"floor":10.0,"key":"Mummified Hand"},{"floor":14.0,"key":"Bag of Marbles"},{"floor":24.0,"key":"Blood Vial"},{"floor":26.0,"key":"Lantern"},{"floor":27.0,"key":"Turnip"},{"floor":27.0,"key":"The Courier"},{"floor":30.0,"key":"Meat on the Bone"}],"event_choices":[{"damage_healed":0.0,"max_hp_gain":0.0,"max_hp_loss":0.0,"gold_gain":75.0,"event_name":"World of Goop","player_choice":"Gather Gold","floor":3.0,"gold_loss":0.0,"damage_taken":11.0},{"damage_healed":0.0,"max_hp_gain":0.0,"max_hp_loss":0.0,"gold_gain":0.0,"event_name":"Scrap Ooze","player_choice":"Success","floor":5.0,"gold_loss":0.0,"damage_taken":7.0,"relics_obtained":["Nunchaku"]},{"damage_healed":0.0,"max_hp_gain":0.0,"max_hp_loss":0.0,"gold_gain":0.0,"event_name":"Wheel of Change","player_choice":"Relic","floor":10.0,"gold_loss":0.0,"damage_taken":0.0},{"damage_healed":0.0,"max_hp_gain":0.0,"max_hp_loss":0.0,"gold_gain":0.0,"event_name":"Vampires","player_choice":"Ignored","floor":21.0,"gold_loss":0.0,"damage_taken":0.0},{"damage_healed":0.0,"max_hp_gain":0.0,"max_hp_loss":0.0,"gold_gain":0.0,"event_name":"Colosseum","player_choice":"Fight","floor":27.0,"gold_loss":0.0,"damage_taken":0.0},{"damage_healed":0.0,"max_hp_gain":0.0,"max_hp_loss":0.0,"gold_gain":0.0,"event_name":"Colosseum","player_choice":"Fought Nobs","floor":27.0,"gold_loss":0.0,"damage_taken":0.0},{"damage_healed":0.0,"max_hp_gain":0.0,"max_hp_loss":0.0,"gold_gain":0.0,"event_name":"Upgrade Shrine","player_choice":"Upgraded","floor":29.0,"gold_loss":0.0,"damage_taken":0.0,"cards_upgraded":["Static Discharge"]},{"damage_healed":0.0,"max_hp_gain":0.0,"max_hp_loss":0.0,"gold_gain":0.0,"event_name":"Tomb of Lord Red Mask","player_choice":"Ignored","floor":36.0,"gold_loss":0.0,"damage_taken":0.0},{"cards_removed":["Ball Lightning"],"damage_healed":0.0,"max_hp_gain":0.0,"max_hp_loss":0.0,"gold_gain":0.0,"event_name":"Falling","player_choice":"Removed Attack","floor":38.0,"gold_loss":0.0,"damage_taken":0.0}],"is_beta":false,"boss_relics":[{"not_picked":["Runic Pyramid","Astrolabe"],"picked":"Cursed Key"},{"not_picked":["Black Star","Runic Dome"],"picked":"Philosopher\u0027s Stone"}],"items_purged_floors":[20],"is_endless":false,"potions_floor_spawned":[2,6,12,18,27,27,30,31,33],"killed_by":"Reptomancer","ascension_level":10}}