{"host":"7fyy23rucerupe6i","time":1614302654,"event":{"mods":["AchievementEnabler","Act Like it!","Aspiration","BaseMod","Better Note","BetterRewards","Colored Map","Colored Powertips","Conspire","Curses Come First","Custom Start","Downfall","Googly Eyes","Marisa£®ÏF”Í°°ƒß¿Ì…≥£©","Minty Spire (QoL Compilation)","Quick Restart","Relic Stats","Shop Mod","ShortenTheSpire","Spicy Shops","StSLib","SuperFastMode","The Blackbeard","The Construct","The Cursed","The Senshi","The Servant 0.9.4"],"gold_per_floor":[117,17,29,41,116,145,145,176,224,224,224],"floor_reached":10,"language":"ZHS","playtime":5695,"items_purged":["Defend_P"],"score":152,"play_id":"dac84306-271c-4f1c-bdef-1630274d4a60","local_time":"20210226092414","is_ascension_mode":true,"campfire_choices":[{"data":"Eruption","floor":7,"key":"SMITH"}],"circlet_count":0,"master_deck":["AscendersBane","Strike_P","Strike_P","Strike_P","Strike_P","Defend_P","Defend_P","Defend_P","Eruption+1","Vigilance","Crescendo","Ghostly","FlurryOfBlows","EmptyBody","Adaptation","FlurryOfBlows"],"relics":["PureWater","Lee\u0027s Waffle","Bag of Marbles","aspiration:Lifesprig","Guardian:PocketSentry","Nunchaku","theSenshi:FeatherClipsRelic","Toy Ornithopter","Centennial Puzzle"],"acts_visited":["Exordium"],"potions_floor_usage":[8],"damage_taken":[{"damage":0,"enemies":"2 Louse","floor":1,"turns":1},{"damage":4,"enemies":"Jaw Worm","floor":3,"turns":2},{"damage":0,"enemies":"Cultist","floor":4,"turns":2},{"damage":1,"enemies":"Gremlin Nob","floor":6,"turns":3},{"damage":11,"enemies":"3 Sentries","floor":8,"turns":4},{"damage":0,"enemies":"Lagavulin","floor":10,"turns":3}],"seed_played":"2062168152920999528","potions_obtained":[{"floor":1,"key":"Block Potion"},{"floor":4,"key":"SkillPotion"}],"is_trial":false,"path_per_floor":["M","?","M","M","?","E","R","E","T","E"],"character_chosen":"WATCHER","items_purchased":["Lee\u0027s Waffle","Bag of Marbles","aspiration:Lifesprig","Guardian:PocketSentry","Nunchaku"],"campfire_rested":0,"item_purchase_floors":[0,0,0,0,0],"current_hp_per_floor":[75,75,71,71,60,59,59,54,54,54,54],"gold":224,"neow_bonus":"","is_daily":false,"chose_seed":false,"campfire_upgraded":1,"win_rate":0.0,"timestamp":1614302654,"path_taken":["M","?","M","M","?","E","R","E","T","E"],"items_purchased_type":["Relic","Relic","Relic","Relic","Relic"],"build_version":"2020-12-22","purchased_purges":1,"victory":false,"max_hp_per_floor":[75,75,75,75,75,75,75,75,75,75,75],"relic_stats":{"Lee\u0027s Waffle":45,"Nunchaku":[3],"Centennial Puzzle":[0],"counters":[20,64],"obtain_stats":[{"MerchantsRug":19,"Lee\u0027s Waffle":0,"conspire:TreasureMap":19,"aspiration:Lifesprig":0,"Damaru":23,"conspire:RunicOctahedron":17,"CloakClasp":9,"Guardian:PocketSentry":0,"theSenshi:FeatherClipsRelic":6,"Peace Pipe":0,"Nunchaku":0,"Centennial Puzzle":9,"Sundial":3,"Gambling Chip":12,"Prayer Wheel":0,"Bag of Marbles":14,"PureWater":0,"Toy Ornithopter":8},{"MerchantsRug":9,"Lee\u0027s Waffle":0,"conspire:TreasureMap":9,"aspiration:Lifesprig":14,"Damaru":13,"conspire:RunicOctahedron":8,"CloakClasp":4,"Guardian:PocketSentry":14,"theSenshi:FeatherClipsRelic":18,"Peace Pipe":0,"Nunchaku":14,"Centennial Puzzle":19,"Sundial":1,"Gambling Chip":5,"Prayer Wheel":0,"Bag of Marbles":7,"PureWater":0,"Toy Ornithopter":19},{"MerchantsRug":35,"Lee\u0027s Waffle":0,"conspire:TreasureMap":35,"aspiration:Lifesprig":49,"Damaru":47,"conspire:RunicOctahedron":32,"CloakClasp":14,"Guardian:PocketSentry":49,"theSenshi:FeatherClipsRelic":57,"Peace Pipe":0,"Nunchaku":49,"Centennial Puzzle":61,"Sundial":5,"Gambling Chip":19,"Prayer Wheel":0,"Bag of Marbles":23,"PureWater":0,"Toy Ornithopter":61}],"Toy Ornithopter":0},"card_choices":[{"not_picked":["CutThroughFate","Protect"],"picked":"Crescendo","floor":1},{"not_picked":["Fasting2","ThirdEye"],"picked":"FlurryOfBlows","floor":3},{"not_picked":["BowlingBash","LikeWater"],"picked":"EmptyBody","floor":4},{"not_picked":["CutThroughFate","SandsOfTime"],"picked":"Adaptation","floor":6},{"not_picked":["CrushJoints","SashWhip"],"picked":"FlurryOfBlows","floor":8}],"player_experience":613941,"relics_obtained":[{"floor":6,"key":"theSenshi:FeatherClipsRelic"},{"floor":8,"key":"Toy Ornithopter"},{"floor":9,"key":"Centennial Puzzle"}],"event_choices":[{"damage_healed":0,"gold_gain":0,"player_choice":"Argue","damage_taken":0,"max_hp_gain":0,"max_hp_loss":0,"event_name":"conspire:LoneGhost","floor":2,"gold_loss":0},{"damage_healed":0,"gold_gain":75,"player_choice":"Gather Gold","damage_taken":11,"max_hp_gain":0,"max_hp_loss":0,"event_name":"World of Goop","floor":5,"gold_loss":0}],"is_beta":false,"boss_relics":[],"items_purged_floors":[0],"is_endless":false,"potions_floor_spawned":[1,4],"killed_by":"Lagavulin","ascension_level":20}}