{"host":"9t0e9bfthbevvzk3","time":1614347501,"event":{"mods":["BaseMod","Colored Map","Colored Powertips","Marisa????????","Minty Spire (QoL Compilation)","StSLib"],"gold_per_floor":[112,112,145,145,0,44,69,113,138,158,158,172,214,247,247,247,247],"floor_reached":16,"language":"ENG","playtime":883,"items_purged":[],"score":128,"play_id":"0c73a169-2415-4bf7-8882-c7baf0c74c1c","local_time":"20210226145141","is_ascension_mode":true,"campfire_choices":[{"data":"MilkyWay","floor":11,"key":"SMITH"},{"data":"DarkSpark","floor":15,"key":"SMITH"}],"circlet_count":0,"master_deck":["Strike_MRS","Strike_MRS","Strike_MRS","Defend_MRS","Defend_MRS","MasterSpark","UpSweep","WitchOfGreed","PowerUp","PropBag","DoubleSpark","MilkyWay+1","DarkSpark+1","MagicAbsorber","TreasureHunter"],"relics":["MiniHakkero","Lee\u0027s Waffle","Strawberry","Toy Ornithopter","Dream Catcher","Darkstone Periapt","Mercury Hourglass"],"acts_visited":["Exordium"],"potions_floor_usage":[10,13,16,16,16],"damage_taken":[{"damage":6,"enemies":"Jaw Worm","floor":1,"turns":3},{"damage":5,"enemies":"Cultist","floor":3,"turns":4},{"damage":18,"enemies":"Gremlin Nob","floor":6,"turns":4},{"damage":8,"enemies":"2 Louse","floor":7,"turns":3},{"damage":24,"enemies":"3 Sentries","floor":8,"turns":6},{"damage":11,"enemies":"Exordium Wildlife","floor":10,"turns":2},{"damage":3,"enemies":"Looter","floor":12,"turns":2},{"damage":18,"enemies":"Gremlin Nob","floor":13,"turns":4},{"damage":11,"enemies":"Blue Slaver","floor":14,"turns":3},{"damage":55,"enemies":"The Guardian","floor":16,"turns":8}],"seed_played":"-2030155466333669323","potions_obtained":[{"floor":3,"key":"Ancient Potion"},{"floor":6,"key":"FearPotion"},{"floor":7,"key":"Regen Potion"},{"floor":12,"key":"SkillPotion"},{"floor":13,"key":"StarNLove"},{"floor":14,"key":"Strength Potion"}],"is_trial":false,"path_per_floor":["M","$","M","?","$","E","M","E","T","M","R","M","E","M","R","B"],"character_chosen":"MARISA","items_purchased":["Lee\u0027s Waffle"],"campfire_rested":0,"item_purchase_floors":[5],"current_hp_per_floor":[48,48,43,43,82,71,63,39,39,33,33,30,29,18,18,0,0],"gold":247,"neow_bonus":"REMOVE_TWO","is_daily":false,"chose_seed":false,"campfire_upgraded":2,"win_rate":0.0,"timestamp":1614347501,"path_taken":["M","$","M","?","$","E","M","E","T","?","R","M","E","M","R","BOSS"],"items_purchased_type":["Relic"],"build_version":"2020-12-22","purchased_purges":0,"victory":false,"max_hp_per_floor":[75,75,75,75,82,89,89,89,89,89,89,89,89,89,89,89,89],"card_choices":[{"not_picked":["DC","AlicesGift"],"picked":"WitchOfGreed","floor":1},{"not_picked":["SporeBomb","RefractionSpark"],"picked":"PowerUp","floor":3},{"not_picked":["SporeBomb","LuminesStrike"],"picked":"PropBag","floor":6},{"not_picked":["WitchOfGreed","GrandCross"],"picked":"DoubleSpark","floor":7},{"not_picked":["SuperPerseids","MeteoricShower"],"picked":"MilkyWay","floor":8},{"not_picked":["MagicAbsorber","GravityBeat"],"picked":"DarkSpark","floor":10},{"not_picked":["6A","ChargingUp"],"picked":"MagicAbsorber","floor":12},{"not_picked":["ShootTheMoon","ShootingEcho"],"picked":"TreasureHunter","floor":13},{"not_picked":["Acceleration","DarkMatter","AsteroidBelt"],"picked":"SKIP","floor":14}],"player_experience":524618,"relics_obtained":[{"floor":6,"key":"Strawberry"},{"floor":8,"key":"Toy Ornithopter"},{"floor":9,"key":"Dream Catcher"},{"floor":13,"key":"Darkstone Periapt"}],"event_choices":[{"cards_removed":["Defend_MRS"],"damage_healed":0,"gold_gain":0,"player_choice":"Purged","damage_taken":0,"max_hp_gain":0,"max_hp_loss":0,"event_name":"Purifier","floor":4,"gold_loss":0}],"is_beta":false,"boss_relics":[],"items_purged_floors":[],"is_endless":false,"potions_floor_spawned":[7,12,13,14],"killed_by":"The Guardian","ascension_level":1}}