{"host":"ty2cix8xj6r3ad26","time":1614367049,"event":{"mods":["AchievementEnabler","BaseMod","BetterRewards","Minty Spire (QoL Compilation)","Quick Restart","StSLib","SuperFastMode"],"gold_per_floor":[111,211,222,240,240,240,230,73,146,162,179,205,80,100,100,174,174,194,44,44,58,72,104,104,123,169,169,198,198,198,130,130,204,204,224,239,291,303,323,323,151,181,181,199,199,274,299,317,317,317,317,317,31,66,66],"floor_reached":56,"language":"ENG","playtime":3505,"items_purged":["Strike_B","Strike_B","Strike_B","Defend_B"],"score":1933,"play_id":"ad2cea36-d8b5-4173-93b5-5aae35ca9574","local_time":"20210226211729","is_ascension_mode":true,"campfire_choices":[{"data":"Defragment","floor":6,"key":"SMITH"},{"data":"Redo","floor":15,"key":"SMITH"},{"data":"Genetic Algorithm","floor":24,"key":"SMITH"},{"data":"Biased Cognition","floor":27,"key":"SMITH"},{"floor":30,"key":"REST"},{"data":"Storm","floor":32,"key":"SMITH"},{"data":"Amplify","floor":40,"key":"SMITH"},{"data":"Coolheaded","floor":45,"key":"SMITH"},{"floor":49,"key":"RECALL"},{"data":"Force Field","floor":52,"key":"SMITH"}],"circlet_count":0,"master_deck":["AscendersBane","Defend_B","Defend_B","Zap","Dualcast","Self Repair","Redo+1","Defragment+1","Force Field+1","Core Surge","Biased Cognition+1","Coolheaded+1","Electrodynamics","Capacitor","Cold Snap+1","Genetic Algorithm+1","Storm+1","Amplify+1","Chill","Master of Strategy","Skim+1","Aggregate+1","Dark Shackles","Darkness+1"],"relics":["Cracked Core","Runic Capacitor","Letter Opener","Question Card","White Beast Statue","Toy Ornithopter","Busted Crown","Dream Catcher","Anchor","Tiny Chest","Runic Pyramid","Emotion Chip","Sundial","Eternal Feather","Lizard Tail","Bag of Preparation","Vajra"],"acts_visited":["Exordium","TheCity","TheBeyond","TheEnding"],"potions_floor_usage":[10,10,11,12,12,16,16,18,22,22,23,25,28,33,37,37,38,42,48,50,50,54,55],"damage_taken":[{"damage":0,"enemies":"Small Slimes","floor":1,"turns":2},{"damage":0,"enemies":"Cultist","floor":3,"turns":3},{"damage":7,"enemies":"Jaw Worm","floor":4,"turns":3},{"damage":19,"enemies":"Exordium Thugs","floor":7,"turns":4},{"damage":0,"enemies":"Large Slime","floor":10,"turns":4},{"damage":8,"enemies":"Blue Slaver","floor":11,"turns":4},{"damage":11,"enemies":"Gremlin Nob","floor":12,"turns":4},{"damage":11,"enemies":"3 Louse","floor":14,"turns":2},{"damage":8,"enemies":"Hexaghost","floor":16,"turns":8},{"damage":9,"enemies":"Shell Parasite","floor":18,"turns":4},{"damage":12,"enemies":"3 Byrds","floor":21,"turns":2},{"damage":32,"enemies":"Snake Plant","floor":22,"turns":3},{"damage":32,"enemies":"Slavers","floor":23,"turns":3},{"damage":11,"enemies":"Cultist and Chosen","floor":25,"turns":6},{"damage":30,"enemies":"Gremlin Leader","floor":28,"turns":7},{"damage":9,"enemies":"Automaton","floor":33,"turns":5},{"damage":9,"enemies":"3 Darklings","floor":35,"turns":4},{"damage":22,"enemies":"Orb Walker","floor":36,"turns":4},{"damage":8,"enemies":"2 Orb Walkers","floor":37,"turns":2},{"damage":14,"enemies":"Spire Growth","floor":38,"turns":4},{"damage":10,"enemies":"Sphere and 2 Shapes","floor":39,"turns":4},{"damage":0,"enemies":"Reptomancer","floor":42,"turns":4},{"damage":1,"enemies":"4 Shapes","floor":44,"turns":3},{"damage":0,"enemies":"Mind Bloom Boss Battle","floor":47,"turns":4},{"damage":10,"enemies":"Spire Growth","floor":48,"turns":3},{"damage":4,"enemies":"Donu and Deca","floor":50,"turns":3},{"damage":15,"enemies":"Shield and Spear","floor":54,"turns":3},{"damage":49,"enemies":"The Heart","floor":55,"turns":7}],"seed_played":"-4236604922331680796","potions_obtained":[{"floor":7,"key":"EntropicBrew"},{"floor":10,"key":"Dexterity Potion"},{"floor":11,"key":"FocusPotion"},{"floor":12,"key":"FocusPotion"},{"floor":14,"key":"ColorlessPotion"},{"floor":16,"key":"ColorlessPotion"},{"floor":18,"key":"EssenceOfSteel"},{"floor":21,"key":"LiquidBronze"},{"floor":22,"key":"Weak Potion"},{"floor":23,"key":"DuplicationPotion"},{"floor":25,"key":"EssenceOfSteel"},{"floor":28,"key":"PowerPotion"},{"floor":33,"key":"PowerPotion"},{"floor":35,"key":"Fire Potion"},{"floor":36,"key":"DuplicationPotion"},{"floor":37,"key":"Block Potion"},{"floor":38,"key":"LiquidBronze"},{"floor":39,"key":"Weak Potion"},{"floor":42,"key":"Weak Potion"},{"floor":47,"key":"Strength Potion"},{"floor":48,"key":"Dexterity Potion"},{"floor":54,"key":"FearPotion"}],"is_trial":false,"path_per_floor":["M","?","M","M","?","R","M","$","T","M","M","E","$","M","R","B",null,"M","$","?","M","M","E","R","M","T","R","E","?","R","$","R","B",null,"M","M","?","M","M","R","$","E","T","M","R","T","?","M","R","B",null,"R","$","E","B",null],"character_chosen":"DEFECT","items_purchased":["Runic Capacitor","Letter Opener","Question Card","Core Surge","Storm","Master of Strategy","Bag of Preparation","Dark Shackles","Dexterity Potion"],"campfire_rested":1,"item_purchase_floors":[0,0,0,8,31,41,53,53,53],"current_hp_per_floor":[33,33,40,40,40,40,28,28,28,35,34,30,30,19,19,28,63,66,66,66,54,39,19,19,27,27,27,9,9,31,31,31,34,65,63,48,50,48,52,52,52,64,64,75,75,75,75,65,75,75,75,75,75,60,23],"gold":66,"neow_bonus":"","is_daily":false,"chose_seed":false,"campfire_upgraded":8,"win_rate":0.0,"timestamp":1614367049,"path_taken":["M","?","M","?","?","R","M","$","T","M","M","E","?","M","R","BOSS","M","$","?","M","M","E","R","M","T","R","E","?","R","?","R","BOSS","M","M","?","M","M","R","$","E","T","M","R","?","?","M","R","BOSS","R","$","E","BOSS"],"items_purchased_type":["Relic","Relic","Relic","Card","Card","Card","Relic","Card","Potion"],"build_version":"2020-12-22","purchased_purges":4,"victory":true,"max_hp_per_floor":[75,75,75,75,75,75,75,75,75,75,75,75,75,75,75,75,75,75,75,75,75,75,75,75,75,75,75,75,75,75,75,75,75,75,75,75,75,75,75,75,75,75,75,75,75,75,75,75,75,75,75,75,75,75,75],"card_choices":[{"not_picked":["Go for the Eyes","Turbo","Cold Snap"],"picked":"Self Repair","floor":1},{"not_picked":["Rebound","Hello World","Rip and Tear"],"picked":"Redo","floor":3},{"not_picked":["Rebound","Consume","Ball Lightning"],"picked":"Defragment","floor":4},{"not_picked":["Streamline","Steam","Leap","Force Field"],"picked":"SKIP","floor":7},{"not_picked":["Leap","Rebound","Redo","Sweeping Beam"],"picked":"SKIP","floor":10},{"not_picked":["Barrage","Conserve Battery","Ball Lightning"],"picked":"Biased Cognition","floor":11},{"not_picked":["Leap","Sweeping Beam","Rebound","Beam Cell"],"picked":"SKIP","floor":12},{"not_picked":["Scrape","Sweeping Beam","Darkness"],"picked":"Coolheaded","floor":14},{"not_picked":["Meteor Strike","Hyperbeam","Seek"],"picked":"Electrodynamics","floor":16},{"not_picked":["Double Energy"],"picked":"Capacitor","floor":18},{"not_picked":["Ball Lightning+1"],"picked":"Cold Snap+1","floor":21},{"not_picked":["Cold Snap+1","Rip and Tear"],"picked":"SKIP","floor":22},{"not_picked":["Redo"],"picked":"Genetic Algorithm","floor":23},{"not_picked":["Stack","Leap"],"picked":"SKIP","floor":25},{"not_picked":["Melter","FTL"],"picked":"SKIP","floor":28},{"not_picked":["Meteor Strike"],"picked":"Amplify","floor":33},{"not_picked":["Ball Lightning","Steam"],"picked":"SKIP","floor":35},{"not_picked":["Turbo"],"picked":"Chill","floor":36},{"not_picked":["Cold Snap","Conserve Battery"],"picked":"SKIP","floor":38},{"not_picked":["Go for the Eyes","Gash+1"],"picked":"SKIP","floor":39},{"not_picked":["Doom and Gloom"],"picked":"Skim+1","floor":42},{"not_picked":["Double Energy"],"picked":"Aggregate+1","floor":44},{"not_picked":["Leap+1","Go for the Eyes"],"picked":"SKIP","floor":48},{"not_picked":["Reboot"],"picked":"Darkness+1","floor":54}],"player_experience":626568,"relics_obtained":[{"floor":9,"key":"White Beast Statue"},{"floor":12,"key":"Toy Ornithopter"},{"floor":23,"key":"Dream Catcher"},{"floor":26,"key":"Anchor"},{"floor":28,"key":"Tiny Chest"},{"floor":37,"key":"Emotion Chip"},{"floor":42,"key":"Sundial"},{"floor":46,"key":"Eternal Feather"},{"floor":47,"key":"Lizard Tail"},{"floor":54,"key":"Vajra"}],"event_choices":[{"damage_healed":0,"gold_gain":100,"player_choice":"Gold","damage_taken":0,"max_hp_gain":0,"max_hp_loss":0,"event_name":"Wheel of Change","floor":2,"gold_loss":0},{"damage_healed":0,"gold_gain":0,"cards_transformed":["Strike_B"],"player_choice":"Change","damage_taken":0,"max_hp_gain":0,"max_hp_loss":0,"event_name":"Living Wall","floor":5,"gold_loss":0,"cards_obtained":["Force Field"]},{"cards_removed":["Defend_B"],"damage_healed":0,"gold_gain":0,"player_choice":"Elegance","damage_taken":0,"max_hp_gain":0,"max_hp_loss":0,"event_name":"Back to Basics","floor":29,"gold_loss":0},{"damage_healed":0,"gold_gain":0,"player_choice":"Fight","damage_taken":0,"max_hp_gain":0,"max_hp_loss":0,"event_name":"Mysterious Sphere","floor":37,"gold_loss":0},{"damage_healed":0,"gold_gain":0,"player_choice":"Fight","damage_taken":0,"max_hp_gain":0,"max_hp_loss":0,"event_name":"MindBloom","floor":47,"gold_loss":0}],"is_beta":false,"boss_relics":[{"not_picked":["Empty Cage","Ectoplasm"],"picked":"Busted Crown"},{"not_picked":["Cursed Key","Tiny House"],"picked":"Runic Pyramid"}],"items_purged_floors":[0,0,13,19],"is_endless":false,"potions_floor_spawned":[7,10,11,12,14,16,18,21,22,23,25,28,33,35,36,37,38,39,42,44,47,48,54],"ascension_level":13}}