{"host":"70zhvo5nwrhp1mbg","time":1614313123,"event":{"mods":["AchievementEnabler","BaseMod","Bestiary","Colored Map","Colored Powertips","Minty Spire (QoL Compilation)","Rare Cards Sparkle","Relic Stats","StSLib","ojb\u0027s Better Paths Mod","ojb\u0027s Info Mod: The sequel"],"gold_per_floor":[114,39,39,58,58,84,95,129,152,152,182,193,224,2,2,79,79,89,89,89,99,149,149,149],"floor_reached":23,"language":"ENG","playtime":1660,"items_purged":[],"score":472,"play_id":"749ac031-be73-4dab-ac5f-b10d11d67a51","local_time":"20210225231843","is_ascension_mode":true,"campfire_choices":[{"data":"Flame Barrier","floor":10.0,"key":"SMITH"},{"data":"Wild Strike","floor":15.0,"key":"SMITH"}],"circlet_count":0,"master_deck":["AscendersBane","Strike_R","Strike_R","Strike_R","Strike_R+1","Defend_R","Defend_R","Defend_R","Defend_R","Bash+1","Metallicize","Combust","Reaper","Feel No Pain","Flame Barrier+1","Wild Strike+1","Shrug It Off","Metallicize","Feed","Cleave","Hemokinesis"],"relics":["Burning Blood","NeowsBlessing","Bag of Preparation","Red Skull","Akabeko","Anchor","Tiny Chest","Bag of Marbles","Philosopher\u0027s Stone"],"acts_visited":["Exordium","TheCity"],"potions_floor_usage":[21,23,23],"damage_taken":[{"damage":0.0,"enemies":"Cultist","floor":1.0,"turns":1.0},{"damage":0.0,"enemies":"2 Louse","floor":4.0,"turns":2.0},{"damage":0.0,"enemies":"Gremlin Nob","floor":6.0,"turns":1.0},{"damage":8.0,"enemies":"Jaw Worm","floor":7.0,"turns":5.0},{"damage":36.0,"enemies":"Lagavulin","floor":8.0,"turns":9.0},{"damage":11.0,"enemies":"3 Sentries","floor":11.0,"turns":5.0},{"damage":5.0,"enemies":"Large Slime","floor":12.0,"turns":6.0},{"damage":28.0,"enemies":"Lagavulin","floor":13.0,"turns":8.0},{"damage":42.0,"enemies":"The Guardian","floor":16.0,"turns":11.0},{"damage":28,"enemies":"Spheric Guardian","floor":18,"turns":6},{"damage":13,"enemies":"Shell Parasite","floor":21,"turns":7},{"damage":64,"enemies":"Book of Stabbing","floor":23,"turns":4}],"seed_played":"-2830944030613940169","potions_obtained":[{"floor":1.0,"key":"AttackPotion"},{"floor":6.0,"key":"BlessingOfTheForge"},{"floor":11.0,"key":"Energy Potion"},{"floor":16.0,"key":"Swift Potion"},{"floor":18,"key":"LiquidMemories"},{"floor":21,"key":"DuplicationPotion"}],"is_trial":false,"path_per_floor":["M","?","?","M","?","E","M","E","T","R","E","M","E","$","R","B",null,"M","?","?","M","?","E"],"character_chosen":"IRONCLAD","items_purchased":["Bag of Marbles","AttackPotion"],"campfire_rested":0,"item_purchase_floors":[14,14],"current_hp_per_floor":[74,74,74,75,52,58,56,33,33,33,73,74,52,52,52,26,63,41,41,41,44,44,0,0],"gold":149,"neow_bonus":"THREE_ENEMY_KILL","is_daily":false,"chose_seed":false,"campfire_upgraded":2,"win_rate":0.0,"timestamp":1614313123,"path_taken":["M","?","?","M","?","E","M","E","T","R","E","M","E","$","R","BOSS","M","?","?","M","?","E"],"items_purchased_type":["Relic","Potion"],"build_version":"2020-12-22","purchased_purges":0,"victory":false,"max_hp_per_floor":[75,75,75,75,75,75,75,75,75,75,75,75,75,75,75,75,75,75,75,75,78,78,78,78],"relic_stats":{"counters":[12,65],"Tiny Chest":0,"Bag of Preparation":[18],"obtain_stats":[{"Anchor":11,"NeowsBlessing":0,"Tiny Chest":13,"Philosopher\u0027s Stone":17,"Bag of Preparation":6,"Bag of Marbles":14,"Burning Blood":0,"Red Skull":8,"Akabeko":9},{"Anchor":6,"NeowsBlessing":0,"Tiny Chest":8,"Philosopher\u0027s Stone":9,"Bag of Preparation":3,"Bag of Marbles":8,"Burning Blood":0,"Red Skull":5,"Akabeko":5},{"Anchor":23,"NeowsBlessing":0,"Tiny Chest":37,"Philosopher\u0027s Stone":48,"Bag of Preparation":4,"Bag of Marbles":37,"Burning Blood":0,"Red Skull":18,"Akabeko":18}],"Burning Blood":61},"card_choices":[{"not_picked":["True Grit","Sword Boomerang"],"picked":"Metallicize","floor":1.0},{"not_picked":["Sword Boomerang","Heavy Blade"],"picked":"Combust","floor":4.0},{"not_picked":["Twin Strike","Rampage"],"picked":"Reaper","floor":6.0},{"not_picked":["Rage","Clash"],"picked":"Feel No Pain","floor":7.0},{"not_picked":["Wild Strike","Havoc"],"picked":"Flame Barrier","floor":8.0},{"not_picked":["Sentinel","Burning Pact"],"picked":"Wild Strike","floor":11.0},{"not_picked":["Pommel Strike","True Grit"],"picked":"Shrug It Off","floor":12.0},{"not_picked":["Wild Strike","Reaper"],"picked":"Metallicize","floor":13.0},{"not_picked":["Berserk","Bludgeon"],"picked":"Feed","floor":16.0},{"not_picked":["Twin Strike","Intimidate+1"],"picked":"Cleave","floor":18},{"not_picked":["Combust","Anger+1"],"picked":"Hemokinesis","floor":21}],"player_experience":730652,"relics_obtained":[{"floor":6.0,"key":"Bag of Preparation"},{"floor":8.0,"key":"Red Skull"},{"floor":9.0,"key":"Akabeko"},{"floor":11.0,"key":"Anchor"},{"floor":13.0,"key":"Tiny Chest"}],"event_choices":[{"cards_removed":["Strike_R"],"damage_healed":0.0,"max_hp_gain":0.0,"max_hp_loss":0.0,"gold_gain":0.0,"event_name":"The Cleric","player_choice":"Card Removal","floor":2.0,"gold_loss":75.0,"damage_taken":0.0},{"damage_healed":0.0,"max_hp_gain":0.0,"max_hp_loss":0.0,"gold_gain":0.0,"event_name":"Liars Game","player_choice":"Ignored","floor":3.0,"gold_loss":0.0,"damage_taken":0.0},{"damage_healed":0.0,"max_hp_gain":0.0,"max_hp_loss":0.0,"gold_gain":0.0,"event_name":"Shining Light","player_choice":"Entered Light","floor":5.0,"gold_loss":0.0,"damage_taken":23.0,"cards_upgraded":["Bash","Strike_R"]},{"damage_healed":0,"gold_gain":0,"player_choice":"Ignored","damage_taken":0,"max_hp_gain":0,"max_hp_loss":0,"event_name":"Vampires","floor":19,"gold_loss":0},{"damage_healed":0,"gold_gain":0,"player_choice":"Ignored","damage_taken":0,"max_hp_gain":0,"max_hp_loss":0,"event_name":"Ghosts","floor":20,"gold_loss":0},{"damage_healed":0,"gold_gain":100,"player_choice":"Bet on Murderer","damage_taken":0,"max_hp_gain":0,"max_hp_loss":0,"event_name":"The Joust","floor":22,"gold_loss":50}],"is_beta":false,"boss_relics":[{"not_picked":["Empty Cage","Pandora\u0027s Box"],"picked":"Philosopher\u0027s Stone"}],"items_purged_floors":[],"is_endless":false,"potions_floor_spawned":[1,6,11,16,18,21],"killed_by":"Book of Stabbing","ascension_level":19}}