{"host":"yzsgc1rrwi6sdbq7","time":1614324570,"event":{"mods":["AchievementEnabler","Act Like it!","BaseMod","Colored Map","DeckTracker","Keyboard Shortcuts","Library of Ruina","Library of Ruina Extra","Minty Spire (QoL Compilation)","Permanent Neow","Ruina","StSLib","SuperFastMode","everything is the same but u backflip on backflip"],"gold_per_floor":[117,117,204,231,96,130,230,240,267,277,154,165,175,175,175,277,277,296,308,308,324,334,334,344,6,85,85,85,100,100,120,120,217,217,230,230,230,249,99,132,144,144,144,177,177,2,16,31,31,31,31],"floor_reached":52,"language":"KOR","playtime":2188,"items_purged":["Strike_R","Strike_R","Defend_R","Bash","Defend_R"],"score":741,"play_id":"744c6f01-518a-45cc-bc46-cf0a53037626","local_time":"20210226162930","is_ascension_mode":false,"campfire_choices":[{"floor":15,"key":"REST"},{"floor":23,"key":"REST"},{"floor":30,"key":"REST"},{"floor":32,"key":"REST"},{"data":"Corruption","floor":42,"key":"SMITH"},{"data":"Dark Embrace","floor":49,"key":"SMITH"}],"circlet_count":0,"master_deck":["Defend_R","Sever Soul","Armaments","Reaper+1","Second Wind","Pommel Strike","Clash","Feel No Pain","Flex","Corruption+1","Ghostly Armor+1","Rampage+1","Reaper+1","Battle Trance","Dark Embrace+1","Power Through+1","ruina:SwordSharpened","True Grit","ruina:FalseThrone","Battle Trance","Armaments+1","Seeing Red","Battle Trance+1","Shrug It Off","Shrug It Off+1","Seeing Red+1"],"relics":["Burning Blood","NeowsBlessing","MawBank","Lantern","Blood Vial","Astrolabe","Pantograph","Philosopher\u0027s Stone","Paper Frog","PageOfBigBadWolf","PageOfScorchedGirl","Bronze Scales"],"acts_visited":["Exordium","ruina:Briah","TheBeyond"],"potions_floor_usage":[16,16,16,22,24,33,40,44,50],"damage_taken":[{"damage":0,"enemies":"Small Slimes","floor":1,"turns":1},{"damage":0,"enemies":"Jaw Worm","floor":4,"turns":1},{"damage":0,"enemies":"3 Sentries","floor":6,"turns":1},{"damage":11,"enemies":"2 Louse","floor":8,"turns":3},{"damage":65,"enemies":"Gremlin Gang","floor":10,"turns":7},{"damage":7,"enemies":"Looter","floor":12,"turns":4},{"damage":4,"enemies":"Blue Slaver","floor":13,"turns":4},{"damage":42,"enemies":"Slime Boss","floor":16,"turns":14},{"damage":23,"enemies":"ruina:Nosferatu","floor":18,"turns":6},{"damage":44,"enemies":"ruina:3_Bats","floor":19,"turns":7},{"damage":18,"enemies":"ruina:3_Scarecrows","floor":21,"turns":9},{"damage":68,"enemies":"ruina:KnightOfDespair","floor":22,"turns":8},{"damage":0,"enemies":"ruina:KingOfGreed","floor":24,"turns":4},{"damage":29,"enemies":"ruina:QueenOfHate","floor":29,"turns":6},{"damage":38,"enemies":"ruina:KnightOfDespair","floor":31,"turns":7},{"damage":73,"enemies":"ruina:Red_and_Wolf","floor":33,"turns":9},{"damage":48,"enemies":"3 Shapes","floor":35,"turns":5},{"damage":0,"enemies":"Orb Walker","floor":38,"turns":4},{"damage":26,"enemies":"Nemesis","floor":40,"turns":8},{"damage":43,"enemies":"4 Shapes","floor":41,"turns":6},{"damage":51,"enemies":"Reptomancer","floor":44,"turns":6},{"damage":6,"enemies":"Jaw Worm Horde","floor":47,"turns":5},{"damage":24,"enemies":"3 Darklings","floor":48,"turns":5},{"damage":92,"enemies":"Donu and Deca","floor":50,"turns":8}],"seed_played":"996478302787236971","potions_obtained":[{"floor":10,"key":"HeartOfIron"},{"floor":12,"key":"BlessingOfTheForge"},{"floor":13,"key":"Fruit Juice"},{"floor":21,"key":"Dexterity Potion"},{"floor":22,"key":"Energy Potion"},{"floor":29,"key":"LiquidBronze"},{"floor":35,"key":"Strength Potion"},{"floor":38,"key":"SpeedPotion"},{"floor":44,"key":"ElixirPotion"},{"floor":48,"key":"SteroidPotion"}],"is_trial":false,"path_per_floor":["M","?","?","M","$","E","?","M","T","M","$","M","M","?","R","B",null,"M","M","?","M","M","R","M","$","T","?","$","M","R","M","R","B",null,"M","?","T","M","$","E","M","R","T","E","?","$","M","M","R","B",null,null],"character_chosen":"IRONCLAD","items_purchased":["Reaper","Clash","ruina:SwordSharpened","True Grit"],"campfire_rested":4,"item_purchase_floors":[5,11,25,25],"current_hp_per_floor":[80,55,44,50,50,56,56,55,55,14,14,19,27,20,44,33,85,72,39,14,40,10,35,48,48,48,48,48,27,52,27,52,38,85,55,55,55,68,68,65,60,60,60,70,70,70,80,67,67,21,21],"gold":31,"neow_bonus":"THREE_ENEMY_KILL","is_daily":false,"chose_seed":false,"campfire_upgraded":2,"win_rate":0.0,"timestamp":1614324570,"path_taken":["M","?","?","M","$","E","?","?","T","M","$","M","M","?","R","BOSS","M","M","?","M","M","R","M","$","T","?","$","M","R","M","R","BOSS","M","?","?","M","$","E","M","R","T","E","?","$","M","M","R","BOSS"],"items_purchased_type":["Card","Card","Card","Card"],"build_version":"2020-12-22","purchased_purges":5,"victory":true,"max_hp_per_floor":[80,80,80,80,80,80,80,80,80,80,80,80,80,80,80,85,85,85,85,85,85,85,85,85,85,85,85,85,85,85,85,85,85,85,85,85,85,85,85,85,85,85,85,85,85,85,85,85,85,85,85],"card_choices":[{"not_picked":["Body Slam","Blood for Blood"],"picked":"Sever Soul","floor":1},{"not_picked":["Warcry","Thunderclap"],"picked":"Armaments","floor":4},{"not_picked":["Thunderclap","Hemokinesis"],"picked":"Second Wind","floor":6},{"not_picked":["Sword Boomerang","Heavy Blade"],"picked":"Pommel Strike","floor":8},{"not_picked":["Whirlwind","Armaments","Sword Boomerang"],"picked":"SKIP","floor":10},{"not_picked":["Warcry","True Grit"],"picked":"Feel No Pain","floor":12},{"not_picked":["Dropkick","Sever Soul"],"picked":"Flex","floor":13},{"not_picked":["Reaper","Berserk"],"picked":"Corruption","floor":16},{"not_picked":["Entrench","Cleave","Bloodletting"],"picked":"SKIP","floor":18},{"not_picked":["Bloodletting","Heavy Blade+1","Clothesline"],"picked":"SKIP","floor":19},{"not_picked":["Dark Embrace","Rampage"],"picked":"Battle Trance","floor":21},{"not_picked":["Heavy Blade+1","Clash"],"picked":"Dark Embrace","floor":22},{"not_picked":["Cleave","Anger"],"picked":"Power Through+1","floor":24},{"not_picked":["Body Slam","Heavy Blade"],"picked":"Battle Trance","floor":29},{"not_picked":["Pommel Strike+1","Flex"],"picked":"Armaments+1","floor":31},{"not_picked":["Whirlwind","Heavy Blade"],"picked":"Seeing Red","floor":35},{"not_picked":["Dark Embrace+1","Heavy Blade","Warcry"],"picked":"SKIP","floor":38},{"not_picked":["Metallicize+1","Impervious"],"picked":"Battle Trance+1","floor":40},{"not_picked":["Flame Barrier","Flex"],"picked":"Shrug It Off","floor":41},{"not_picked":["Reaper","Shrug It Off","Iron Wave"],"picked":"SKIP","floor":44},{"not_picked":["Hemokinesis","Sword Boomerang+1"],"picked":"Shrug It Off+1","floor":47},{"not_picked":["Anger+1","Spot Weakness+1"],"picked":"Seeing Red+1","floor":48}],"player_experience":20107,"relics_obtained":[{"floor":6,"key":"Lantern"},{"floor":9,"key":"Blood Vial"},{"floor":26,"key":"Pantograph"},{"floor":37,"key":"Paper Frog"},{"floor":40,"key":"PageOfBigBadWolf"},{"floor":43,"key":"PageOfScorchedGirl"},{"floor":44,"key":"Bronze Scales"}],"event_choices":[{"damage_healed":0,"gold_gain":0,"player_choice":"Success","damage_taken":25,"relics_obtained":["MawBank"],"max_hp_gain":0,"max_hp_loss":0,"event_name":"Scrap Ooze","floor":2,"gold_loss":0},{"damage_healed":0,"gold_gain":75,"player_choice":"Gather Gold","damage_taken":11,"max_hp_gain":0,"max_hp_loss":0,"event_name":"World of Goop","floor":3,"gold_loss":0},{"damage_healed":0,"gold_gain":100,"player_choice":"Pray","damage_taken":0,"max_hp_gain":0,"max_hp_loss":0,"event_name":"Golden Shrine","floor":7,"gold_loss":0},{"cards_removed":["Defend_R"],"damage_healed":0,"gold_gain":0,"player_choice":"Card Removal","damage_taken":7,"max_hp_gain":0,"max_hp_loss":0,"event_name":"Golden Wing","floor":14,"gold_loss":0},{"cards_removed":["Dual Wield"],"damage_healed":0,"gold_gain":0,"player_choice":"Removed Skill","damage_taken":0,"max_hp_gain":0,"max_hp_loss":0,"event_name":"Falling","floor":36,"gold_loss":0},{"damage_healed":0,"gold_gain":0,"player_choice":"Ignored","damage_taken":0,"max_hp_gain":0,"max_hp_loss":0,"event_name":"Tomb of Lord Red Mask","floor":45,"gold_loss":0}],"is_beta":false,"boss_relics":[{"not_picked":["Busted Crown","Ectoplasm"],"picked":"Astrolabe"},{"not_picked":["Mark of Pain","Tiny House"],"picked":"Philosopher\u0027s Stone"}],"items_purged_floors":[5,11,25,39,46],"is_endless":false,"potions_floor_spawned":[10,12,13,21,22,29,35,38,44,48],"ascension_level":0}}