{"host":"c95pe0njt19oxs9e","time":1614330454,"event":{"mods":["BaseMod","DeckTracker","Minty Spire (QoL Compilation)","Relic Stats"],"gold_per_floor":[111,122,140,155,155,155,155,155],"floor_reached":7,"language":"JPN","playtime":152,"items_purged":[],"score":43,"play_id":"b7985fe1-0504-407d-8c79-b4fa642493ab","local_time":"20210226180734","daily_mods":["Diverse"],"is_ascension_mode":false,"campfire_choices":[{"data":"Deadly Poison","floor":6,"key":"SMITH"}],"circlet_count":0,"master_deck":["Strike_R","Strike_R","Strike_R","Strike_R","Defend_R","Defend_R","Defend_R","Defend_R","Bash","Flame Barrier","Deadly Poison+1"],"relics":["Burning Blood"],"acts_visited":["Exordium"],"potions_floor_usage":[],"damage_taken":[{"damage":1,"enemies":"Cultist","floor":1,"turns":4},{"damage":7,"enemies":"2 Louse","floor":2,"turns":3},{"damage":8,"enemies":"Small Slimes","floor":3,"turns":3},{"damage":2,"enemies":"2 Fungi Beasts","floor":4,"turns":5},{"damage":0,"enemies":"3 Sentries","floor":7,"turns":1}],"seed_played":"-8640431884716386907","potions_obtained":[{"floor":1,"key":"Fire Potion"},{"floor":2,"key":"SneckoOil"},{"floor":3,"key":"DistilledChaos"},{"floor":4,"key":"EntropicBrew"}],"is_trial":true,"path_per_floor":["M","M","M","M","?","R","E"],"character_chosen":"IRONCLAD","items_purchased":[],"campfire_rested":0,"item_purchase_floors":[],"current_hp_per_floor":[80,79,77,80,80,80,80,80],"gold":155,"neow_bonus":"","is_daily":false,"chose_seed":false,"campfire_upgraded":1,"win_rate":0.0,"timestamp":1614330454,"path_taken":["M","?","M","M","?","R","E"],"items_purchased_type":[],"build_version":"2020-12-22","purchased_purges":0,"victory":false,"max_hp_per_floor":[80,80,80,80,80,80,80,80],"relic_stats":{"counters":[5,16],"obtain_stats":[{"Burning Blood":0},{"Burning Blood":0},{"Burning Blood":0}],"Burning Blood":18},"card_choices":[{"not_picked":["Intimidate","Consume","Quick Slash"],"picked":"SKIP","floor":1},{"not_picked":["Meditate","Hologram","Swivel"],"picked":"SKIP","floor":2},{"not_picked":["PiercingWail","EmptyMind"],"picked":"Flame Barrier","floor":3},{"not_picked":["Slice","Feel No Pain","Fasting2"],"picked":"SKIP","floor":4}],"player_experience":8585267,"relics_obtained":[],"event_choices":[{"damage_healed":0,"gold_gain":0,"cards_transformed":["Strike_R"],"player_choice":"Change","damage_taken":0,"max_hp_gain":0,"max_hp_loss":0,"event_name":"Living Wall","floor":5,"gold_loss":0,"cards_obtained":["Deadly Poison"]}],"is_beta":false,"boss_relics":[],"items_purged_floors":[],"is_endless":false,"potions_floor_spawned":[1,2,3,4],"killed_by":"3 Sentries","ascension_level":0}}