{"host":"8g0y046lq89z3gxm","time":1614302608,"event":{"mods":["100% Spire Juice","2.2 Compatiblity","A Magickal Journey","AchievementEnabler","Act Like it!","Arknights","Aspiration","Astrologer","BaseMod","Better Note","Better Sensory Stone","Better Third Choice","Better Vampires","BetterRewards","CapriCore","Colored Powertips","Conspire","Custom Start","DeckTracker","Defuse TimeMaze Blight","Dota2Spire","Downfall","Energized Spire","Friendly Minions","Gensokyo","GifTheSpireLib","GungeonMod","Halation","Hallownest","Hermit","HololiveMod","Hubris","Infinite Spire","KiyohimeÅiê¥?Åj","Koishi","KomeijiMod","Library of Ruina","Library of Ruina Extra","Lobotomy","LobotomyExtend","Mari Mod (Legacy)","Mari\u0027s V1 Patch","MarisaÅiñ∂âJÅ@ñÇóùçπÅj","Minty Spire (QoL Compilation)","MostiFishMod","Permanent Neow","Prisma Mod","Quarter Circle Forward PUNCH!","Railgun Mod","Rare Cards Sparkle","Relic Stats","Replay The Spire","RumiaBox-òIïƒ?ìIê_îÈ·¥éq","Shade Mod","Shop Mod","Small Relic Pack","Spicy Shops","Spire Birthday Party","StSLib","Stuff the Spire","TestMod","The Alterego","The Animator","The Blue Laboratory","The Cursed","The Forsaken","The Gatherer","The Hierophant","The Wild Card","TheSwordswoman","Uncapped","Unceasing Turn Reminder","Wandering Minibosses","WarShipGirlsR/??è≠èóR mod","Yakumo Yukari mod","Yohane!","Åy?ï®?îvÅzREMEMod"],"gold_per_floor":[115,115,82,82,82,114,114,145,194,194,206,206,239,255,255,354,354,372,390,66,66,66,66,85,85,109,120,138,138,166,179,179,278,278,289,289,289,289,47,75,94,94,94,109,109,157,157,171,171,201,201,201,201,16,74,74],"floor_reached":57,"language":"ENG","playtime":5826,"items_purged":[],"score":1568,"play_id":"e4e88ee9-2757-4add-9257-3171b56110f4","local_time":"20210225172328","is_ascension_mode":false,"campfire_choices":[{"data":"FrontalAssault","floor":7,"key":"SMITH"},{"data":"CleanUp","floor":15,"key":"SMITH"},{"data":"Eruption","floor":23,"key":"SMITH"},{"floor":29,"key":"RECALL"},{"data":"SunsetBlade","floor":32,"key":"SMITH"},{"floor":45,"key":"REST"},{"data":"Madness","floor":47,"key":"SMITH"},{"floor":49,"key":"REST"},{"data":"Madness","floor":53,"key":"SMITH"}],"circlet_count":0,"master_deck":["Dodge","LightDefense","LightAttack","LightAttack","LightAttack","LightDefense+1","LightDefense","LightDefense+1","ChargeAndCover","FocusedStrikes","Master of Strategy","Eruption+1","FrontalAssault+1","FervidEmotions+1","FleetEdge","CrackOfDawn","YoureTooSlow","CleanUp+1","HardRehearsal","BoundaryOfDeath","EnergyCycle+1","TendonChords+1","GaleKick","Reload","infinitespire:Collect","SunsetBlade+1","AsThePrescriptOrders+1","NonstopAssault","AGoldenOpportunity","RagingStormLove","Rewind+1","Madness+1","Madness+1","Faith+1","TendonChords+1","hubris:Fate","RulesOfTheBackstreets+1","InnerArdor","Reload+1","EnergyShield","Reload+1"],"relics":["PageOfLibrarian","testmod-TestBox","DaveBox","REME_ComplimentaryCards","Jackal-EndForJourney","testmod-RealStoneCalender","NeowsBlessing","SynthV:TestCard","LetterFromLob","War Paint","StuffTheSpire:RubySignet","DemoMod:ClearGuonStone","DemoMod:Metronome","wanderingMiniBosses:Inkheart","REME_HourglassOfDeath","Runic Pyramid","Replay:PocketPolymizer","energizedSpire:DeadBattery","Blue Candle","PageOfNothingThere","qcfpunch:Wild_Herbs_Ointment","hubris:KleinBottle","testmod-Alchemist","hubris:SlimyHat","PageOfSingingMachine"],"acts_visited":["Exordium","TheCity","TheBeyond","TheEnding"],"potions_floor_usage":[19,19,33,41,44,56],"damage_taken":[{"damage":0,"enemies":"ats:Genji","floor":1,"turns":1},{"damage":0,"enemies":"Lagavulin","floor":6,"turns":1},{"damage":0,"enemies":"Gremlin Nob","floor":8,"turns":1},{"damage":0,"enemies":"Jaw Worm","floor":11,"turns":2},{"damage":0,"enemies":"Lagavulin","floor":13,"turns":3},{"damage":0,"enemies":"conspire:RoseBush","floor":14,"turns":2},{"damage":0,"enemies":"Fading Forest","floor":16,"turns":9},{"damage":0,"enemies":"Shell Parasite","floor":18,"turns":1},{"damage":0,"enemies":"Chosen","floor":19,"turns":6},{"damage":0,"enemies":"Snake Plant","floor":24,"turns":2},{"damage":0,"enemies":"Shelled Parasite and Fungi","floor":27,"turns":2},{"damage":3,"enemies":"Centurion and Healer","floor":28,"turns":2},{"damage":0,"enemies":"Gremlin Leader","floor":30,"turns":2},{"damage":0,"enemies":"Snake Plant","floor":31,"turns":2},{"damage":11,"enemies":"hubris:MusketHawk","floor":33,"turns":4},{"damage":6,"enemies":"3 Darklings","floor":35,"turns":2},{"damage":0,"enemies":"Giant Head","floor":40,"turns":3},{"damage":0,"enemies":"Orb Walker","floor":41,"turns":3},{"damage":10,"enemies":"Spire Growth","floor":44,"turns":3},{"damage":0,"enemies":"Jaw Worm Horde","floor":46,"turns":1},{"damage":46,"enemies":"Writhing Mass","floor":48,"turns":2},{"damage":31,"enemies":"infinitespire:MassOfShapes","floor":50,"turns":6},{"damage":0,"enemies":"infinitespire:MassOfShapes","floor":51,"turns":5},{"damage":0,"enemies":"Shield and Spear","floor":55,"turns":3},{"damage":33,"enemies":"The Heart","floor":56,"turns":5}],"seed_played":"-7209567110931304508","potions_obtained":[{"floor":6,"key":"SteroidPotion"},{"floor":13,"key":"Elixir"},{"floor":14,"key":"Adrenaline Potion"},{"floor":19,"key":"REME_GoldPotion"},{"floor":24,"key":"Energy Potion"},{"floor":35,"key":"Dota2Spire:HealingSalve"},{"floor":41,"key":"Swift Potion"}],"is_trial":false,"path_per_floor":["M","?","$","M","?","E","R","E","T","?","M","?","E","M","R","B",null,"M","M","$","?","?","R","M","AVR","T","M","M","R","E","M","R","B",null,"M","?","?","?","$","E","M","$","T","M","R","M","R","M","R","B",null,null,"R","$","E","B",null],"character_chosen":"Librarian","items_purchased":["Parry2+1","REME_HourglassOfDeath","GaleKick","PageOfNothingThere","hubris:KleinBottle","hubris:SlimyHat","EnergyShield"],"campfire_rested":2,"item_purchase_floors":[3,20,20,39,42,54,54],"current_hp_per_floor":[60,67,67,67,67,67,67,67,67,67,67,67,67,67,67,79,82,82,82,82,82,82,82,82,82,82,82,79,79,79,79,79,71,82,76,71,61,61,61,64,73,54,54,47,71,71,71,29,54,33,39,90,90,90,90,66],"gold":74,"neow_bonus":"THREE_ENEMY_KILL","is_daily":false,"chose_seed":false,"campfire_upgraded":6,"win_rate":0.0,"timestamp":1614302608,"path_taken":["M","?","?","M","?","E","R","E","T","?","?","?","E","M","R","BOSS","M","M","$","?","?","R","M","AVR","T","M","M","R","E","M","R","BOSS","M","?","?","?","$","E","M","?","T","?","R","M","R","M","R","BOSS","R","$","E","BOSS"],"items_purchased_type":["Card","Relic","Card","Relic","Relic","Relic","Card"],"build_version":"2020-12-22","purchased_purges":0,"victory":true,"max_hp_per_floor":[70,70,70,70,70,82,82,82,82,82,82,82,82,82,82,82,82,82,82,82,82,82,82,82,82,82,82,82,82,82,82,82,82,82,82,82,82,82,82,82,82,82,82,82,82,82,82,86,86,90,90,90,90,90,90,94],"relic_stats":{"counters":[25,73],"Blue Candle":[0],"War Paint":["LightDefense","LightDefense"],"obtain_stats":[{"Replay:PocketPolymizer":30,"DaveBox":0,"PageOfNothingThere":39,"DemoMod:GlassGuonStoneRelic":8,"hubris:SlimyHat":54,"PageOfSingingMachine":55,"qcfpunch:Wild_Herbs_Ointment":40,"testmod-Alchemist":43,"DemoMod:Metronome":13,"Jackal-EndForJourney":0,"DemoMod:ClearGuonStone":9,"Runic Pyramid":25,"hubris:KleinBottle":42,"testmod-TestBox":0,"NeowsBlessing":0,"Blue Candle":36,"War Paint":6,"energizedSpire:DeadBattery":34,"PageOfLibrarian":0,"testmod-RealStoneCalender":0,"SynthV:TestCard":1,"REME_HourglassOfDeath":20,"LetterFromLob":1,"StuffTheSpire:RubySignet":8,"wanderingMiniBosses:Inkheart":19,"REME_ComplimentaryCards":0},{"Replay:PocketPolymizer":13,"DaveBox":0,"PageOfNothingThere":16,"DemoMod:GlassGuonStoneRelic":3,"hubris:SlimyHat":23,"PageOfSingingMachine":24,"qcfpunch:Wild_Herbs_Ointment":17,"testmod-Alchemist":18,"DemoMod:Metronome":5,"Jackal-EndForJourney":0,"DemoMod:ClearGuonStone":3,"Runic Pyramid":10,"hubris:KleinBottle":18,"testmod-TestBox":0,"NeowsBlessing":0,"Blue Candle":16,"War Paint":2,"energizedSpire:DeadBattery":15,"PageOfLibrarian":0,"testmod-RealStoneCalender":0,"SynthV:TestCard":1,"REME_HourglassOfDeath":9,"LetterFromLob":1,"StuffTheSpire:RubySignet":3,"wanderingMiniBosses:Inkheart":9,"REME_ComplimentaryCards":0},{"Replay:PocketPolymizer":34,"DaveBox":0,"PageOfNothingThere":42,"DemoMod:GlassGuonStoneRelic":3,"hubris:SlimyHat":65,"PageOfSingingMachine":68,"qcfpunch:Wild_Herbs_Ointment":45,"testmod-Alchemist":48,"DemoMod:Metronome":8,"Jackal-EndForJourney":0,"DemoMod:ClearGuonStone":3,"Runic Pyramid":28,"hubris:KleinBottle":48,"testmod-TestBox":0,"NeowsBlessing":0,"Blue Candle":42,"War Paint":2,"energizedSpire:DeadBattery":40,"PageOfLibrarian":0,"testmod-RealStoneCalender":0,"SynthV:TestCard":1,"REME_HourglassOfDeath":26,"LetterFromLob":1,"StuffTheSpire:RubySignet":3,"wanderingMiniBosses:Inkheart":26,"REME_ComplimentaryCards":0}]},"card_choices":[{"not_picked":["CoordinatedAssault","LoosenUp","ChiWen","Quickness","FervidEmotions","Bvapour","AsThePrescriptOrders","Overcharge"],"picked":"FrontalAssault","floor":1},{"not_picked":["DefenseOrder","RhinoRam","CutIn","Disposal","StrikeDown","BizarreAttack","DarkCloud","Creak","PreemptiveStrike","Faith"],"picked":"FleetEdge","floor":6},{"not_picked":["RushDown","AsThePrescriptOrders","Unlock1","Thrust","ICanCookAnything","MultiBlock","InkOver","HiddenBlade","NightInTheBackstreets","ViolentFlame"],"picked":"CrackOfDawn","floor":8},{"not_picked":["SharpSwipe","Execute_lor","CutIn","SnakesPrey","Pound","Quickness","SomberProcuration","StrongStrike","BindingChains","Laceration"],"picked":"YoureTooSlow","floor":11},{"not_picked":["QuickSuppression","DesperateStruggle","EnergyCycle","BackAttack","SnakesPrey","Outburst","Leap_lor","StrongStrike","Diversion","Eject"],"picked":"CleanUp","floor":13},{"not_picked":["Thrust","SmokingPipe","DarkCloud","Creak","HighSpeedStabbing","FervidEmotions","StrikeDown","CircusKnives","FleetFootsteps","Parry2"],"picked":"HardRehearsal","floor":14},{"not_picked":["Castigation","SilentNight","CleanUp","BlazingStrike"],"picked":"BoundaryOfDeath","floor":16},{"not_picked":["NightInTheBackstreets","MultiHit","FeatherShield","GuidanceOfTheGears","ClassAndRespect+1","HiddenBlade","BlazingStrike","PinpointShot","SharpSwipe","FleetEdge+1"],"picked":"EnergyCycle+1","floor":18},{"not_picked":["EnergyShield","EnergyConversion","CookingPrep","Transpierce","OpportunitySpotted","PinpointShot+1","SuppressingShot","SummaryJudgment","FlashOfSunup","Concentration"],"picked":"TendonChords","floor":19},{"not_picked":["SummaryJudgment+1","GreatSerpentsImpact","SweepTheBackstreets","Unlock1+1","Observe","Endure","NightInTheBackstreets","Creak+1","SharpSwipe","ElectricShock"],"picked":"Reload","floor":24},{"not_picked":["SnakesPrey+1","Suppress","Crush+1","Leap_lor","FaintMemories+1","ForTheFamily","InhaleSmoke+1","FleetEdge","Riposte","EnergyShield"],"picked":"SunsetBlade","floor":27},{"not_picked":["Wallop_lor","Quickness","SetFire","FrontalAssault","CoordinatedAssault+1","SerpentSwordTechnique+1","IngredientHunt","WillOfThePrescript","BlazingStrike","DarkCloud"],"picked":"AsThePrescriptOrders+1","floor":28},{"not_picked":["YoureAHindrance","FlashingStrike","RipSpace","FleetEdge","SharpSwipe","FrontalAssault","Decapitation","SweepTheBackstreets+1","Diversion","ButterflySlash"],"picked":"NonstopAssault","floor":30},{"not_picked":["VioletBlade+1","PreemptiveStrike","Rewind","TraceOfFumes","Collision","Track","SnakesPrey","Concentration","CircusKnives","RushDown"],"picked":"AGoldenOpportunity","floor":31},{"not_picked":["Suppress","BoundaryOfDeath","Disposal","RepressedFlesh"],"picked":"RagingStormLove","floor":33},{"not_picked":["SuppressingShot+1","GrazeTheGrass+1","Castigation","SetFire+1","ViolentFlame+1","PinpointShot","TimeForALittleTest","HiddenBlade","BurningFlash+1","Quickness"],"picked":"Rewind+1","floor":35},{"not_picked":["StructuralAnalysis+1","HandleRequest","YoureTooSlow+1","StrikeDown","SuanNi","Quickness","FieryWaltz+1","BurningFlash","SerpentSwordTechnique+1","EnergyStrike"],"picked":"Faith+1","floor":40},{"not_picked":["Parry","SmokingPipe","QuickAttack+1","GoinFirst","BurningFlash+1","HardRehearsal","ICanCookAnything","Tailoring","SpearedSweep","DesperateStruggle+1"],"picked":"TendonChords+1","floor":41},{"not_picked":["Replay:Fractal Strike","ReplayTheSpireMod:??????????????????????"],"picked":"hubris:Fate","floor":42},{"not_picked":["BulkyImpact+1","QuickSuppression","Rampage_lor","Outburst+1","Quickness+1","LoosenUp+1","GroundSmash","WillBeTasty+1","Ripple+1","ClassAndRespect"],"picked":"RulesOfTheBackstreets+1","floor":44},{"not_picked":["UnavoidableGaze","NonstopAssault+1","MultiBlock+1","EnergyStrike+1","Quickness+1","HandleRequest+1","NightInTheBackstreets+1","EnergyCycle+1","BackAttack","DaringDecision"],"picked":"InnerArdor","floor":46},{"not_picked":["FierceCharge+1","BurningFlash+1","Laceration","Juggling","SmokingPipe+1","ClassAndRespect","Standoff","DarkCloud","EndlessBattle","Overcharge+1"],"picked":"Reload+1","floor":48},{"not_picked":["FlyingSword+1","Thrust","TendonChords+1","Standoff","AlloutWar","JiaoTu+1","UnavoidableGaze","FervidEmotions+1","DesperateStruggle","FlamingDragonFist"],"picked":"Reload+1","floor":55}],"player_experience":245422,"relics_obtained":[{"floor":1,"key":"SynthV:TestCard"},{"floor":1,"key":"LetterFromLob"},{"floor":6,"key":"War Paint"},{"floor":8,"key":"StuffTheSpire:RubySignet"},{"floor":9,"key":"DemoMod:ClearGuonStone"},{"floor":13,"key":"DemoMod:Metronome"},{"floor":19,"key":"wanderingMiniBosses:Inkheart"},{"floor":30,"key":"Replay:PocketPolymizer"},{"floor":40,"key":"qcfpunch:Wild_Herbs_Ointment"},{"floor":43,"key":"testmod-Alchemist"},{"floor":55,"key":"PageOfSingingMachine"}],"event_choices":[{"damage_healed":0,"gold_gain":0,"player_choice":"Leave","damage_taken":0,"max_hp_gain":0,"max_hp_loss":0,"event_name":"The Cleric","floor":12,"gold_loss":0},{"damage_healed":0,"gold_gain":0,"player_choice":"Forge","damage_taken":0,"max_hp_gain":0,"max_hp_loss":0,"event_name":"Accursed Blacksmith","floor":21,"gold_loss":0,"cards_upgraded":["TendonChords"]},{"damage_healed":0,"gold_gain":0,"player_choice":"Ignored","damage_taken":0,"max_hp_gain":0,"max_hp_loss":0,"event_name":"Purifier","floor":22,"gold_loss":0},{"damage_healed":0,"gold_gain":0,"player_choice":"Embrace Madness","damage_taken":10,"max_hp_gain":0,"max_hp_loss":0,"event_name":"Winding Halls","floor":37,"gold_loss":0,"cards_obtained":["Madness","Madness"]}],"is_beta":false,"boss_relics":[{"not_picked":["halation:PlatinumPhoenix","Coffee Dripper","ReplayTheSpireMod:DimensionalGlitch"]},{"not_picked":["ChewingGum","Velvet Choker"],"picked":"energizedSpire:DeadBattery"}],"items_purged_floors":[],"is_endless":false,"potions_floor_spawned":[6,13,14,16,19,24,35,40,41],"ascension_level":0}}