{"host":"lmshf3swj20gmdor","time":1614342308,"event":{"mods":["2.2 Compatiblity","BaseMod","Conspire","Downfall","Googly Eyes","Hubris","Minty Spire (QoL Compilation)","Replay The Spire","Spikes Relics","StSLib","Synergy Search","The Servant 0.9.4"],"gold_per_floor":[16,69,83,94,94,125,125,151,151,161,86,104,131,163,163,262,262,275,275,44,61,61,88,88,88,88,101,134,147,175,175,175,273,273,291,291,291,257,273,307,317,317,317],"floor_reached":42,"language":"ENG","playtime":2135,"items_purged":["ReplayTheSpireMod:Splinters"],"score":695,"play_id":"a69b9ad1-bdcf-40fd-82b5-b8c8336e0f9f","local_time":"20210226122508","is_ascension_mode":true,"campfire_choices":[{"data":"DoubleEdge","floor":7,"key":"SMITH"},{"floor":15,"key":"REST"},{"data":"SoulSculpture","floor":24,"key":"SMITH"},{"data":"FloweringNight","floor":32,"key":"SMITH"}],"circlet_count":0,"master_deck":["Strike_S","Strike_S","Strike_S","Defend_S","Defend_S","Defend_S","KidneyShot","Exchange","DoubleEdge+1","Defy","Snipe","Unruled","Deadline","InstantArmor","Contraction","BottledTime","FloweringNight+1","Misdirection","FlawlessForm","ReturningBlade+1","Starlight","SoulSculpture+1","DualDimension+1","Ricochet","Gouge","SilverBlades","LightFlow","SilverBlades","Collapse"],"relics":["SplendidAttire","Happy Flower","Rawhide","Broom","Boot","Darkstone Periapt","TungstenRod","Nunchaku","Sozu","Membership Card","SnailShell","hubris:ToyBattleship","Counterbalance","Garlic","MiniBlackHole","hubris:CrystalStatue","Replay:Baseball"],"acts_visited":["Exordium","TheCity","TheBeyond"],"potions_floor_usage":[14,16,16],"damage_taken":[{"damage":4,"enemies":"Jaw Worm","floor":1,"turns":4},{"damage":0,"enemies":"Cultist","floor":3,"turns":4},{"damage":6,"enemies":"Small Slimes","floor":4,"turns":3},{"damage":10,"enemies":"Gremlin Nob","floor":6,"turns":3},{"damage":10,"enemies":"Replay:BlueRogue","floor":8,"turns":5},{"damage":3,"enemies":"Exordium Wildlife","floor":10,"turns":3},{"damage":0,"enemies":"2 Fungi Beasts","floor":12,"turns":2},{"damage":0,"enemies":"conspire:MimicChest","floor":13,"turns":5},{"damage":0,"enemies":"Gremlin Nob","floor":14,"turns":3},{"damage":26,"enemies":"Slime Boss","floor":16,"turns":8},{"damage":0,"enemies":"Spheric Guardian","floor":18,"turns":3},{"damage":0,"enemies":"conspire:FuzzyDice","floor":21,"turns":6},{"damage":27,"enemies":"Slavers","floor":23,"turns":7},{"damage":0,"enemies":"conspire:HollyBat","floor":27,"turns":6},{"damage":0,"enemies":"Book of Stabbing","floor":28,"turns":5},{"damage":0,"enemies":"Chosen and Byrds","floor":29,"turns":5},{"damage":7,"enemies":"Gremlin Leader","floor":30,"turns":6},{"damage":0,"enemies":"Champ","floor":33,"turns":7},{"damage":0,"enemies":"3 Darklings","floor":35,"turns":5},{"damage":0,"enemies":"Orb Walker","floor":39,"turns":2},{"damage":10,"enemies":"Nemesis","floor":40,"turns":5},{"damage":22,"enemies":"Jaw Worm Horde","floor":41,"turns":5},{"damage":49,"enemies":"Reptomancer","floor":42,"turns":3}],"seed_played":"-6941115309291554680","potions_obtained":[{"floor":1,"key":"Venom Potion"},{"floor":2,"key":"champ:CounterPotion"},{"floor":2,"key":"Weak Potion"},{"floor":3,"key":"Slimebound:ThreeZeroPotion"},{"floor":16,"key":"BlessingOfTheForge"}],"is_trial":false,"path_per_floor":["M","?","M","M","T","E","R","E","T","M","$","M","?","E","R","B",null,"M","?","$","M","?","E","R","?","T","M","E","M","E","T","R","B",null,"M","?","?","$","M","E","M","E"],"character_chosen":"THE_SERVANT","items_purchased":["Membership Card","SnailShell","Collapse"],"campfire_rested":1,"item_purchase_floors":[20,20,38],"current_hp_per_floor":[61,61,61,55,55,45,45,35,35,32,32,32,32,32,51,30,65,65,65,65,65,65,38,38,38,38,38,38,38,31,31,31,31,65,65,62,62,62,62,52,30,0,0],"gold":317,"neow_bonus":"REMOVE_TWO","is_daily":false,"chose_seed":false,"campfire_upgraded":3,"win_rate":0.0,"timestamp":1614342308,"path_taken":["M","?","M","M","?","E","R","E","T","M","?","?","?","E","R","BOSS","M","?","$","M","?","E","R","?","T","M","E","M","E","?","R","BOSS","M","?","?","?","M","E","M","E"],"items_purchased_type":["Relic","Relic","Card"],"build_version":"2020-12-22","purchased_purges":1,"victory":false,"max_hp_per_floor":[65,65,65,65,65,65,65,65,65,65,65,65,65,65,65,65,65,65,65,65,65,65,65,65,65,65,65,65,65,65,65,65,65,65,65,62,62,62,62,62,62,62,62],"card_choices":[{"not_picked":["StarChef","Alleviate"],"picked":"DoubleEdge","floor":1},{"not_picked":["ShiftingGears","Ricochet"],"picked":"Defy","floor":2},{"not_picked":["Revamp","Replace"],"picked":"Snipe","floor":3},{"not_picked":["Replace","Misdirection"],"picked":"Unruled","floor":4},{"not_picked":["FastForward","Rearm"],"picked":"Deadline","floor":6},{"not_picked":["Shuttle","Potential"],"picked":"InstantArmor","floor":8},{"not_picked":["Defy","ShiftingGears"],"picked":"Contraction","floor":10},{"not_picked":["ShatteredReality","FanOfKnives"],"picked":"BottledTime","floor":12},{"not_picked":["DoubleEdge","Read"],"picked":"FloweringNight","floor":13},{"not_picked":["Potential","Alleviate"],"picked":"Misdirection","floor":14},{"not_picked":["Duplication","ForgedInTime"],"picked":"FlawlessForm","floor":16},{"not_picked":["Spin","BestPractice"],"picked":"ReturningBlade+1","floor":18},{"not_picked":["FanOfKnives+1","Spin"],"picked":"Starlight","floor":21},{"not_picked":["Gouge","Revamp"],"picked":"DualDimension+1","floor":23},{"not_picked":["Starlight","Defy+1","Rearm"],"picked":"SKIP","floor":27},{"not_picked":["Duplication","FloweringNight"],"picked":"Ricochet","floor":28},{"not_picked":["DoubleEdge","Starlight+1"],"picked":"Gouge","floor":29},{"not_picked":["Moonlight","Collapse"],"picked":"SilverBlades","floor":30},{"not_picked":["Initiator","Duplication"],"picked":"LightFlow","floor":33},{"not_picked":["Rewind","Read"],"picked":"SilverBlades","floor":35},{"not_picked":["Unruled+1","Ricochet","TimeTheft+1"],"picked":"SKIP","floor":39},{"not_picked":["Alleviate+1","Collapse+1","Rewind+1"],"picked":"SKIP","floor":40},{"not_picked":["Spin+1","Starlight+1","Moondial"],"picked":"SKIP","floor":41}],"player_experience":854408,"relics_obtained":[{"floor":2,"key":"Happy Flower"},{"floor":5,"key":"Rawhide"},{"floor":6,"key":"Broom"},{"floor":8,"key":"Boot"},{"floor":9,"key":"Darkstone Periapt"},{"floor":13,"key":"TungstenRod"},{"floor":14,"key":"Nunchaku"},{"floor":23,"key":"hubris:ToyBattleship"},{"floor":26,"key":"Counterbalance"},{"floor":28,"key":"Garlic"},{"floor":30,"key":"MiniBlackHole"},{"floor":31,"key":"hubris:CrystalStatue"},{"floor":40,"key":"Replay:Baseball"}],"event_choices":[{"damage_healed":0,"gold_gain":0,"player_choice":"Read","damage_taken":0,"max_hp_gain":0,"max_hp_loss":0,"event_name":"The Library","floor":22,"gold_loss":0,"cards_obtained":["SoulSculpture"]},{"damage_healed":0,"gold_gain":0,"player_choice":"Ignored","damage_taken":0,"max_hp_gain":0,"max_hp_loss":0,"event_name":"Vampires","floor":25,"gold_loss":0},{"damage_healed":0,"gold_gain":0,"player_choice":"Max HP","damage_taken":0,"max_hp_gain":0,"max_hp_loss":3,"event_name":"Winding Halls","floor":36,"gold_loss":0}],"is_beta":false,"boss_relics":[{"not_picked":["conspire:RunicOctahedron","Busted Crown"],"picked":"Sozu"},{"not_picked":["ReplayTheSpireMod:DimensionalGlitch","hubris:RunicObelisk"],"picked":"SplendidAttire"}],"items_purged_floors":[11],"is_endless":false,"potions_floor_spawned":[1,3,12,14,16,27,28,30,39,41],"killed_by":"Reptomancer","ascension_level":3}}