{"host":"qnxnem68q7ulahas","time":1614356218,"event":{"mods":["100% Spire Juice","ATMod(阿瑾Mod)","Act Like it!","Arknights","BaseMod","Better Vampires","Challenge The Spire","Decade(王小明)","GungeonMod","Highlight Path","Minty Spire (QoL Compilation)","Replay The Spire","Robot Space Explorer","RumiaBox-露米娅的神秘盒子","SOS（斯巴达之子）","Spicy Shops","StSLib","The Animator","[IsaacMod]以撒尖塔","【功能Mod】混沌之环修复补丁","【遗物卡牌】REMEMod"],"gold_per_floor":[123,151,179,66,100,100,129,172,172,230,250,250,250,25,25,141,141,200,266,313,163,182,232,232,248,321,111,111,111],"floor_reached":28,"language":"ZHS","playtime":897,"items_purged":["Shame","Shoot","Shoot","Defend_Dante","Defend_Dante","Defend_Dante","Defend_Dante"],"score":688,"play_id":"2d638627-3700-4831-9df1-71e83537404e","local_time":"20210227001658","is_ascension_mode":true,"campfire_choices":[{"data":"Provocation","floor":6.0,"key":"SMITH"},{"data":"Trickster","floor":15.0,"key":"SMITH"},{"data":"Attack_b","floor":24,"key":"SMITH"}],"circlet_count":0,"master_deck":["AscendersBane","Attack_a","Attack_a","Attack_b+1","Provocation+1","Redorb+1","AT_ChampionStep","Trickster+1","Dash2","Gilgamesh","BeastUppercut","Attack_b","AT_EmpoweredMortalDraw","Dash2","Royaldefend"],"relics":["SSS","Combocheck","HushsDoor","REME_ComplimentaryCards","AT_ATBox","D6","Omamori","ReplayTheSpireMod:CursedCoin","GuppysHead","AT_MortalBlade","Damocles","Pet Ghost","AT_EbonyIvory","Happy Flower","Orichalcum","Bronze Scales","ChaoDraw","Smiling Mask","DemoMod:SerJunkan","Anchor"],"acts_visited":["Exordium","TheCity"],"potions_floor_usage":[],"damage_taken":[{"damage":20.0,"enemies":"Small Slimes","floor":1.0,"turns":4.0},{"damage":0.0,"enemies":"Jaw Worm","floor":2.0,"turns":3.0},{"damage":4.0,"enemies":"Cultist","floor":3.0,"turns":4.0},{"damage":11.0,"enemies":"Red Slaver","floor":5.0,"turns":5.0},{"damage":4.0,"enemies":"Gremlin Nob","floor":7.0,"turns":3.0},{"damage":3.0,"enemies":"Exordium Thugs","floor":8.0,"turns":2.0},{"damage":0.0,"enemies":"Gremlin Gang","floor":10.0,"turns":2.0},{"damage":14.0,"enemies":"Lots of Slimes","floor":11.0,"turns":3.0},{"damage":0.0,"enemies":"The Guardian","floor":16.0,"turns":3.0},{"damage":0.0,"enemies":"Spheric Guardian","floor":18.0,"turns":2.0},{"damage":0.0,"enemies":"3 Byrds","floor":19.0,"turns":2.0},{"damage":0.0,"enemies":"Cultist and Chosen","floor":20.0,"turns":2.0},{"damage":0.0,"enemies":"Shelled Parasite and Fungi","floor":22.0,"turns":1.0},{"damage":0,"enemies":"Slavers","floor":23,"turns":1},{"damage":7,"enemies":"Centurion and Healer","floor":25,"turns":2}],"seed_played":"4870784087662124711","potions_obtained":[{"floor":5.0,"key":"PowerPotion"},{"floor":8.0,"key":"BlessingOfTheForge"},{"floor":11.0,"key":"Ancient Potion"},{"floor":16.0,"key":"DistilledChaos"},{"floor":22.0,"key":"AttackPotion"}],"is_trial":false,"path_per_floor":["M","M","M","$","M","R","E","M","T","M","M","?","?","$","R","B",null,"M","M","M","$","M","E","R","M","T","$","?"],"character_chosen":"DANTE","items_purchased":["Omamori","ReplayTheSpireMod:CursedCoin","BeastUppercut","Damocles","Anchor"],"campfire_rested":0,"item_purchase_floors":[4,4,4,17,27],"current_hp_per_floor":[48,48,44,44,33,33,29,26,26,26,12,12,12,12,12,12,43,43,43,43,43,43,43,43,36,36,36,0,0],"gold":111,"neow_bonus":"THREE_RARE_CARDS","is_daily":false,"chose_seed":false,"campfire_upgraded":3,"win_rate":0.0,"timestamp":1614356218,"path_taken":["M","M","M","$","M","R","E","M","T","M","M","?","?","$","R","BOSS","M","?","M","$","M","E","R","M","T","$","?"],"items_purchased_type":["Relic","Relic","Card","Relic","Relic"],"build_version":"2020-12-22","purchased_purges":7,"victory":false,"max_hp_per_floor":[75,75,75,75,75,75,75,75,75,75,75,75,75,75,75,75,53,53,53,53,53,53,53,53,53,53,53,53,53],"card_choices":[{"not_picked":["Airtrick","Blueorb"],"picked":"Trickster","floor":0.0},{"not_picked":["DT","Splesh","VitalstarM"],"picked":"SKIP","floor":1.0},{"not_picked":["LucifercomboA","Unrisingdragon"],"picked":"Dash2","floor":2.0},{"not_picked":["Chargeshoot","Hightime"],"picked":"Gilgamesh","floor":3.0},{"not_picked":["EbonyIvory","Chargeshoot2","LucifercomboD"],"picked":"SKIP","floor":5.0},{"not_picked":["Stinger","Stylechange","Gunslinger"],"picked":"SKIP","floor":7.0},{"not_picked":["Honeycombofire","Whiteorb","Greenorb"],"picked":"SKIP","floor":8.0},{"not_picked":["Rebellion","Pandora","LucifercomboD"],"picked":"SKIP","floor":10.0},{"not_picked":["Weaponupgrade","Doubleshoot","CoyoteA"],"picked":"SKIP","floor":11.0},{"not_picked":["Greenorb+1","Chargeshoot","Millionstab"],"picked":"SKIP","floor":18.0},{"not_picked":["VitalstarM","GilgameshcomboA"],"picked":"Dash2","floor":19.0},{"not_picked":["Greenorb","Millionstab","VitalstarS"],"picked":"SKIP","floor":20.0},{"not_picked":["LucifercomboC","LucifercomboD","Swordcombo"],"picked":"SKIP","floor":22.0},{"not_picked":["Weaponchange","Gunstinger","Holywater+1"],"picked":"SKIP","floor":23},{"not_picked":["CoyoteA","Ecstasy"],"picked":"Royaldefend","floor":25}],"player_experience":470576,"relics_obtained":[{"floor":7.0,"key":"GuppysHead"},{"floor":18.0,"key":"Pet Ghost"},{"floor":19.0,"key":"AT_EbonyIvory"},{"floor":20.0,"key":"Happy Flower"},{"floor":22.0,"key":"Orichalcum"},{"floor":23,"key":"Bronze Scales"},{"floor":23,"key":"ChaoDraw"},{"floor":25,"key":"Smiling Mask"},{"floor":26,"key":"DemoMod:SerJunkan"}],"event_choices":[],"is_beta":false,"boss_relics":[{"not_picked":["Calling Bell","Empty Cage"],"picked":"AT_MortalBlade"},{"not_picked":[]}],"items_purged_floors":[4,14,14,17,17,21,27],"is_endless":false,"potions_floor_spawned":[1,5,8,11,16,18,20,22,25],"ascension_level":20}}