{"host":"e4mqwdeqkh64qloq","time":1614364273,"event":{"mods":["BaseMod","Downfall","Minty Spire (QoL Compilation)","Relic Stats","Replay The Spire","StSLib","The Cursed"],"gold_per_floor":[99,109,123,140,140,140,140,140,153,179,179,191,206,43,62,158,158,58,73,173,183,193,211,265,292,131,174,174,174,174,200,221,332,332,232,251,271,256,256,281,281,181,197,197,197,197,231,253,280,280,280,316,50,50,50,50,50,50],"floor_reached":56,"language":"ENG","playtime":7892,"items_purged":[],"score":771,"play_id":"23a2228c-c1d5-4b7b-b6a1-de972e400c8b","local_time":"20210226133113","is_ascension_mode":false,"campfire_choices":[{"data":"hexamod:HeatCrush","floor":1.0,"key":"SMITH"},{"data":"hexamod:BacktrackSmack","floor":6.0,"key":"SMITH"},{"floor":18.0,"key":"DIG"},{"floor":28,"key":"REST"},{"floor":30,"key":"RECALL"},{"floor":35,"key":"DIG"},{"floor":42,"key":"REST"},{"floor":44,"key":"REST"},{"floor":54,"key":"REST"}],"circlet_count":0,"master_deck":["hexamod:Sear","hexamod:Float","hexamod:ShieldOfDarkness","hexamod:HeatCrush+1","hexamod:CatchUp","hexamod:StepThrough+1","hexamod:DynamicBlow","hexamod:SoulSteal","hexamod:ChargedBarrage","hexamod:BacktrackSmack+1","hexamod:SwordOfDarkness+1","hexamod:TimeWarp","hexamod:ShieldOfDarkness","hexamod:ThermalTransfer+1","hexamod:FirstSeal","hexamod:SpectersWail","hexamod:NightmareGuise+1","hexamod:BacktrackSmack","hexamod:SearingWound+1","hexamod:RainOfEmbers+1","hexamod:Hexaguard","hexamod:Firestarter+1","hexamod:BurningTouch","hexamod:AdvancingGuard+1","hexamod:RadiantFlame","hexamod:Hexaguard","hexamod:SixthSeal","hexamod:HeatShield","hexamod:GhostShield+1","hexamod:EtherealExpedition+1","hexamod:Haunt","hexamod:Firestarter+1","hexamod:SpectralAdrenaline","hexamod:RadiantFlame+1","hexamod:EmpoweredFlame"],"relics":["Pandora\u0027s Box","Shuriken","Oddly Smooth Stone","Lee\u0027s Waffle","Fusion Hammer","downfall:HeartBlessingGreen","Peace Pipe","Incense Burner","Replay:Accelerometer","MealTicket","CeramicFish","Bronze Scales","Darkstone Periapt","MutagenicStrength","ReplayFunnel","Replay:Bronze Core","downfall:HeartBlessingRed","Replay:Mystery Machine","downfall:HeartBlessingBlue","Calipers","Onion Ring","Medical Kit"],"acts_visited":["Exordium","TheCity","TheBeyond","TheEnding"],"potions_floor_usage":[27,27,27,50,56,56,56],"damage_taken":[{"damage":7.0,"enemies":"Jaw Worm","floor":2.0,"turns":3.0},{"damage":0.0,"enemies":"2 Louse","floor":3.0,"turns":2.0},{"damage":5.0,"enemies":"Small Slimes","floor":4.0,"turns":3.0},{"damage":10.0,"enemies":"downfall:LooterAlt","floor":9.0,"turns":3.0},{"damage":20.0,"enemies":"Lagavulin","floor":10.0,"turns":3.0},{"damage":6.0,"enemies":"Blue Slaver","floor":12.0,"turns":2.0},{"damage":0.0,"enemies":"Exordium Wildlife","floor":13.0,"turns":3.0},{"damage":0.0,"enemies":"downfall:FleeingMerchant","floor":14.0,"turns":4.0},{"damage":8.0,"enemies":"Gremlin Gang","floor":15.0,"turns":3.0},{"damage":38.0,"enemies":"DF_ARCHETYPE_STREAMLINE","floor":16.0,"turns":6.0},{"damage":0.0,"enemies":"Chosen","floor":19.0,"turns":3.0},{"damage":6.0,"enemies":"WA_ARCHETYPE_RETAIN","floor":20.0,"turns":5.0},{"damage":18.0,"enemies":"Shell Parasite","floor":21.0,"turns":3.0},{"damage":21.0,"enemies":"Centurion and Healer","floor":22.0,"turns":4.0},{"damage":4.0,"enemies":"Snecko","floor":23.0,"turns":3.0},{"damage":28.0,"enemies":"Gremlin Leader","floor":25.0,"turns":4.0},{"damage":0.0,"enemies":"downfall:FleeingMerchant","floor":26.0,"turns":4.0},{"damage":17,"enemies":"Slavers","floor":27,"turns":4},{"damage":2,"enemies":"Chosen and Byrds","floor":32,"turns":4},{"damage":49,"enemies":"IC_MUSHROOM_ARCHETYPE","floor":33,"turns":6},{"damage":6,"enemies":"Orb Walker","floor":36,"turns":3},{"damage":7,"enemies":"3 Shapes","floor":37,"turns":4},{"damage":7,"enemies":"downfall:FleeingMerchant","floor":38,"turns":4},{"damage":10,"enemies":"Spire Growth","floor":40,"turns":3},{"damage":33,"enemies":"Maw","floor":43,"turns":7},{"damage":7,"enemies":"Nemesis","floor":47,"turns":8},{"damage":3,"enemies":"Jaw Worm Horde","floor":48,"turns":4},{"damage":16,"enemies":"4 Shapes","floor":49,"turns":4},{"damage":44,"enemies":"WA_ARCHETYPE_DIVINITY","floor":50,"turns":9},{"damage":19,"enemies":"downfall:CharBossMerchant","floor":52,"turns":7},{"damage":51,"enemies":"downfall:NeowBoss","floor":55,"turns":17},{"damage":50,"enemies":"downfall:NeowBossFinal","floor":56,"turns":11}],"seed_played":"6240229067165288206","potions_obtained":[{"floor":3.0,"key":"AttackPotion"},{"floor":9.0,"key":"Reflective Coating"},{"floor":15.0,"key":"Dexterity Potion"},{"floor":16.0,"key":"EntropicBrew"},{"floor":23.0,"key":"Strength Potion"},{"floor":27,"key":"DuplicationPotion"},{"floor":32,"key":"Regen Potion"}],"is_trial":false,"path_per_floor":["R","M","M","M","?","R","T","?","M","E","?","M","M","$","M","B",null,"R","M","?","M","M","M","T","E","$","E","R","?","R","T","M","B",null,"R","M","M","$","?","M","T","R","M","R","?","?","E","M","M","B",null,"E","$","R","B","B"],"character_chosen":"THE_SPIRIT","items_purchased":["Lee\u0027s Waffle","Bronze Scales","Medical Kit","hexamod:EmpoweredFlame","SkillPotion"],"campfire_rested":4,"item_purchase_floors":[14,26,53,53,53],"current_hp_per_floor":[70,63,63,58,58,58,58,58,48,28,21,22,29,77,69,38,77,77,77,77,59,45,41,41,20,42,32,55,55,55,55,60,18,77,77,71,71,77,77,67,67,87,61,87,87,87,87,84,75,43,87,75,87,87,36,0,0,0],"gold":50,"neow_bonus":"BOSS_RELIC","is_daily":false,"chose_seed":false,"campfire_upgraded":2,"win_rate":0.0,"timestamp":1614364273,"path_taken":["R","M","M","M","?","R","T","?","M","E","?","M","M","$","M","BOSS","R","M","?","M","M","M","T","E","$","E","R","?","R","?","M","BOSS","R","M","M","$","?","M","T","R","?","R","?","?","E","?","M","BOSS","E","$","R","BOSS","BOSS"],"items_purchased_type":["Relic","Relic","Relic","Card","Potion"],"build_version":"2020-12-22","purchased_purges":0,"victory":false,"max_hp_per_floor":[70,70,70,70,70,70,70,70,70,70,70,70,70,77,77,77,77,77,77,77,77,77,77,77,77,77,77,77,77,77,77,77,77,77,77,77,77,77,77,77,77,87,87,87,87,87,87,87,87,87,87,87,87,87,87,87,87,87],"relic_stats":{"Peace Pipe":1,"Darkstone Periapt":0,"Lee\u0027s Waffle":41,"counters":[32,153],"Shuriken":[42],"CeramicFish":108,"Bronze Scales":[276],"Pandora\u0027s Box":["hexamod:ShieldOfDarkness","hexamod:HeatCrush","hexamod:CatchUp","hexamod:StepThrough","hexamod:TurnItUp","hexamod:DynamicBlow","hexamod:SoulSteal","hexamod:ChargedBarrage"],"MealTicket":33,"Medical Kit":[3],"obtain_stats":[{"Darkstone Periapt":27,"ReplayFunnel":31,"Replay:Accelerometer":20,"Lee\u0027s Waffle":14,"Calipers":47,"downfall:HeartBlessingRed":35,"CeramicFish":25,"Oddly Smooth Stone":10,"downfall:HeartBlessingGreen":18,"Incense Burner":20,"Replay:Mystery Machine":35,"Medical Kit":53,"Peace Pipe":18,"Shuriken":7,"downfall:HeartBlessingBlue":42,"Bronze Scales":26,"MutagenicStrength":29,"Replay:Bronze Core":34,"Pandora\u0027s Box":0,"MealTicket":24,"Onion Ring":52,"Fusion Hammer":17,"hexamod:SpiritBrand":0},{"Darkstone Periapt":18,"ReplayFunnel":18,"Replay:Accelerometer":12,"Lee\u0027s Waffle":8,"Calipers":26,"downfall:HeartBlessingRed":20,"CeramicFish":16,"Oddly Smooth Stone":5,"downfall:HeartBlessingGreen":10,"Incense Burner":12,"Replay:Mystery Machine":20,"Medical Kit":30,"Peace Pipe":10,"Shuriken":3,"downfall:HeartBlessingBlue":24,"Bronze Scales":17,"MutagenicStrength":18,"Replay:Bronze Core":20,"Pandora\u0027s Box":0,"MealTicket":15,"Onion Ring":30,"Fusion Hammer":10,"hexamod:SpiritBrand":0},{"Darkstone Periapt":62,"ReplayFunnel":62,"Replay:Accelerometer":40,"Lee\u0027s Waffle":23,"Calipers":101,"downfall:HeartBlessingRed":72,"CeramicFish":54,"Oddly Smooth Stone":14,"downfall:HeartBlessingGreen":32,"Incense Burner":40,"Replay:Mystery Machine":72,"Medical Kit":125,"Peace Pipe":32,"Shuriken":8,"downfall:HeartBlessingBlue":86,"Bronze Scales":58,"MutagenicStrength":62,"Replay:Bronze Core":72,"Pandora\u0027s Box":0,"MealTicket":50,"Onion Ring":125,"Fusion Hammer":32,"hexamod:SpiritBrand":0}]},"card_choices":[{"not_picked":["hexamod:ChargedBarrage","hexamod:ThermalTransfer"],"picked":"hexamod:BacktrackSmack","floor":2.0},{"not_picked":["hexamod:SpectralAdrenaline","hexamod:BacktrackSmack"],"picked":"hexamod:SwordOfDarkness","floor":3.0},{"not_picked":["hexamod:SkipABeat","hexamod:NecessarySacrifice","hexamod:NightmareStrike"],"picked":"SKIP","floor":4.0},{"not_picked":["hexamod:SwordOfDarkness","hexamod:CatchUp"],"picked":"hexamod:ShieldOfDarkness","floor":9.0},{"not_picked":["hexamod:GhostShield","hexamod:UnleashSpirits"],"picked":"hexamod:ThermalTransfer","floor":10.0},{"not_picked":["hexamod:GhostShield","hexamod:NightmareGuise"],"picked":"hexamod:SpectersWail","floor":12.0},{"not_picked":["hexamod:BacktrackSmack","hexamod:GhostflameBarrier"],"picked":"hexamod:NightmareGuise","floor":13.0},{"not_picked":["hexamod:NightmareGuise","hexamod:FourthSeal"],"picked":"hexamod:BacktrackSmack","floor":14.0},{"not_picked":["hexamod:RetreatToShadows","hexamod:GhostLash","hexamod:ShieldOfDarkness"],"picked":"SKIP","floor":15.0},{"not_picked":["hexamod:UnlimitedPower","hexamod:FifthSeal"],"picked":"hexamod:SearingWound","floor":16.0},{"not_picked":["hexamod:ThermalTransfer","hexamod:SkipABeat","hexamod:RecurringNightmare"],"picked":"SKIP","floor":19.0},{"not_picked":["hexamod:SpectersWail","hexamod:Hexaguard"],"picked":"hexamod:RainOfEmbers+1","floor":20.0},{"not_picked":["hexamod:SwordOfDarkness+1","hexamod:SkipABeat"],"picked":"hexamod:Hexaguard","floor":21.0},{"not_picked":["hexamod:Hexaguard","hexamod:GhostflameBarrier"],"picked":"hexamod:Firestarter+1","floor":22.0},{"not_picked":["hexamod:GhostLash","hexamod:RadiantFlame+1"],"picked":"hexamod:BurningTouch","floor":23.0},{"not_picked":["hexamod:NightmareGuise+1","hexamod:RadiantFlame","hexamod:SwordOfDarkness+1"],"picked":"SKIP","floor":25.0},{"not_picked":["hexamod:SoulSteal","hexamod:CatchUp+1"],"picked":"hexamod:AdvancingGuard+1","floor":26.0},{"not_picked":["hexamod:ParanormalForm","hexamod:GhostLash"],"picked":"hexamod:RadiantFlame","floor":27},{"not_picked":["hexamod:Firestarter","hexamod:ShieldOfDarkness"],"picked":"hexamod:Hexaguard","floor":32},{"not_picked":["hexamod:TimeWarp","hexamod:UnlimitedPower"],"picked":"hexamod:SixthSeal","floor":33},{"not_picked":["hexamod:Hexaguard","hexamod:HeatMetal+1"],"picked":"hexamod:HeatShield","floor":36},{"not_picked":["hexamod:InspiringFlames+1","hexamod:ThirdSeal"],"picked":"hexamod:GhostShield","floor":37},{"not_picked":["hexamod:SwordOfDarkness","hexamod:SecondSeal","hexamod:TurnItUp"],"picked":"SKIP","floor":38},{"not_picked":["hexamod:RecurringNightmare","hexamod:BurningTouch+1"],"picked":"hexamod:EtherealExpedition","floor":40},{"not_picked":["hexamod:PhantomCloak","hexamod:ThermalTransfer","hexamod:GhostLash"],"picked":"SKIP","floor":43},{"not_picked":["hexamod:Firestarter+1","hexamod:HeatMetal"],"picked":"hexamod:Haunt","floor":47},{"not_picked":["hexamod:SoulSteal","hexamod:SpectersWail"],"picked":"hexamod:Firestarter+1","floor":48},{"not_picked":["hexamod:Firestarter+1","hexamod:ThermalTransfer"],"picked":"hexamod:SpectralAdrenaline","floor":49},{"not_picked":["hexamod:FastForward","hexamod:GhostLash+1"],"picked":"hexamod:RadiantFlame+1","floor":52}],"player_experience":270918,"relics_obtained":[{"floor":7.0,"key":"Shuriken"},{"floor":10.0,"key":"Oddly Smooth Stone"},{"floor":18.0,"key":"Peace Pipe"},{"floor":20.0,"key":"Incense Burner"},{"floor":20.0,"key":"Replay:Accelerometer"},{"floor":24.0,"key":"MealTicket"},{"floor":25.0,"key":"CeramicFish"},{"floor":27,"key":"Darkstone Periapt"},{"floor":31,"key":"ReplayFunnel"},{"floor":35,"key":"Replay:Mystery Machine"},{"floor":47,"key":"Calipers"},{"floor":52,"key":"Onion Ring"}],"event_choices":[{"damage_healed":0.0,"max_hp_gain":0.0,"max_hp_loss":0.0,"gold_gain":0.0,"cards_transformed":["hexamod:TurnItUp"],"event_name":"Living Wall","player_choice":"Change","floor":5.0,"gold_loss":0.0,"damage_taken":0.0,"cards_obtained":["hexamod:TimeWarp"]},{"damage_healed":0,"gold_gain":0,"player_choice":"Inject Mutagens","damage_taken":0,"relics_obtained":["MutagenicStrength"],"max_hp_gain":0,"max_hp_loss":0,"event_name":"Drug Dealer","floor":29,"gold_loss":0},{"damage_healed":0,"gold_gain":0,"player_choice":"Forge","damage_taken":0,"max_hp_gain":0,"max_hp_loss":0,"event_name":"Accursed Blacksmith","floor":46,"gold_loss":0,"cards_upgraded":["hexamod:SearingWound"]}],"is_beta":false,"boss_relics":[{"not_picked":["Coffee Dripper","Runic Pyramid"],"picked":"Fusion Hammer"},{"not_picked":["Honey Jar","Replay:Grab Bag"],"picked":"Replay:Bronze Core"}],"items_purged_floors":[],"is_endless":false,"potions_floor_spawned":[3,9,15,16,19,20,23,27,32,37,43],"killed_by":"downfall:NeowBossFinal","ascension_level":0}}