{"host":"eksvfr80mef7di1h","time":1614375630,"event":{"mods":["AchievementEnabler","BaseMod","Colored Map","Minty Spire (QoL Compilation)","StSLib","SuperFastMode"],"gold_per_floor":[112,124,138,153,153,153,153,163,163,163,163,182,212,231,231,328,328,348,102,121,121,121],"floor_reached":21,"language":"ENG","playtime":475,"items_purged":["Parasite"],"score":183,"play_id":"2de59415-5fe0-4ea8-a9f5-a649cd6499c3","local_time":"20210226224030","is_ascension_mode":false,"campfire_choices":[{"data":"Dash","floor":6.0,"key":"SMITH"},{"data":"Cloak And Dagger","floor":11.0,"key":"SMITH"},{"data":"Blade Dance","floor":15.0,"key":"SMITH"}],"circlet_count":0,"master_deck":["Strike_G","Strike_G","Strike_G","Strike_G","Strike_G+1","Defend_G","Defend_G","Defend_G","Defend_G+1","Defend_G","Survivor","Neutralize","Cloak And Dagger+1","Dash+1","Prepared","Backstab","Blade Dance+1","Wraith Form v2","Burst","Cloak And Dagger","Quick Slash+1"],"relics":["Ring of the Snake","Bronze Scales","Lantern","Question Card","Sozu"],"acts_visited":["Exordium","TheCity"],"potions_floor_usage":[16,16],"damage_taken":[{"damage":2.0,"enemies":"2 Louse","floor":1.0,"turns":3.0},{"damage":0.0,"enemies":"Small Slimes","floor":2.0,"turns":4.0},{"damage":0.0,"enemies":"Jaw Worm","floor":3.0,"turns":5.0},{"damage":0.0,"enemies":"2 Fungi Beasts","floor":4.0,"turns":4.0},{"damage":0.0,"enemies":"Exordium Wildlife","floor":8.0,"turns":4.0},{"damage":0.0,"enemies":"Blue Slaver","floor":12.0,"turns":3.0},{"damage":4.0,"enemies":"3 Sentries","floor":13.0,"turns":8.0},{"damage":0.0,"enemies":"Looter","floor":14.0,"turns":2.0},{"damage":30,"enemies":"Hexaghost","floor":16,"turns":9},{"damage":0,"enemies":"3 Byrds","floor":18,"turns":4},{"damage":1,"enemies":"Chosen","floor":20,"turns":5},{"damage":0,"enemies":"3 Cultists","floor":21,"turns":2}],"seed_played":"4321942319403596936","potions_obtained":[{"floor":3.0,"key":"FearPotion"},{"floor":4.0,"key":"Energy Potion"},{"floor":8.0,"key":"Swift Potion"},{"floor":14.0,"key":"DistilledChaos"},{"floor":16,"key":"GamblersBrew"}],"is_trial":false,"path_per_floor":["M","M","M","M","?","R","?","M","T","?","R","M","E","M","R","B",null,"M","$","M","M"],"character_chosen":"THE_SILENT","items_purchased":["Burst","Cloak And Dagger"],"campfire_rested":0,"item_purchase_floors":[19,19],"current_hp_per_floor":[75,75,75,75,63,63,48,48,48,67,67,67,63,63,63,33,77,77,74,73,73,73],"gold":121,"neow_bonus":"TEN_PERCENT_HP_BONUS","is_daily":false,"chose_seed":false,"campfire_upgraded":3,"win_rate":0.0,"timestamp":1614375630,"path_taken":["M","M","M","M","?","R","?","M","T","?","R","M","E","M","R","BOSS","M","$","M","M"],"items_purchased_type":["Card","Card"],"build_version":"2020-12-22","purchased_purges":1,"victory":false,"max_hp_per_floor":[77,77,77,77,77,77,77,77,77,77,77,77,77,77,77,77,77,77,74,74,74,74],"card_choices":[{"not_picked":["Outmaneuver","Terror","Bane"],"picked":"SKIP","floor":1.0},{"not_picked":["Predator","Deflect"],"picked":"Cloak And Dagger","floor":2.0},{"not_picked":["Sucker Punch","Bane"],"picked":"Dash","floor":3.0},{"not_picked":["Deflect","Bouncing Flask"],"picked":"Prepared","floor":4.0},{"not_picked":["Crippling Poison","Deflect","Tactician"],"picked":"SKIP","floor":8.0},{"not_picked":["Bane","Outmaneuver","Predator"],"picked":"SKIP","floor":12.0},{"not_picked":["Dodge and Roll","Reflex"],"picked":"Backstab","floor":13.0},{"not_picked":["Glass Knife","Cloak And Dagger","Prepared"],"picked":"Blade Dance","floor":14.0},{"not_picked":["Doppelganger","Venomology","Storm of Steel"],"picked":"Wraith Form v2","floor":16},{"not_picked":["Distraction+1","Underhanded Strike+1","Sucker Punch","Deadly Poison+1"],"picked":"SKIP","floor":18},{"not_picked":["Underhanded Strike","Setup+1","Slice"],"picked":"Quick Slash+1","floor":20}],"player_experience":193364,"relics_obtained":[{"floor":9.0,"key":"Lantern"},{"floor":13.0,"key":"Question Card"}],"event_choices":[{"damage_healed":0.0,"max_hp_gain":0.0,"max_hp_loss":0.0,"gold_gain":0.0,"event_name":"Scrap Ooze","player_choice":"Success","floor":5.0,"gold_loss":0.0,"damage_taken":12.0,"relics_obtained":["Bronze Scales"]},{"damage_healed":0.0,"max_hp_gain":0.0,"max_hp_loss":0.0,"gold_gain":0.0,"event_name":"Shining Light","player_choice":"Entered Light","floor":7.0,"gold_loss":0.0,"damage_taken":15.0,"cards_upgraded":["Strike_G","Defend_G"]},{"damage_healed":19.0,"max_hp_gain":0.0,"max_hp_loss":0.0,"gold_gain":0.0,"event_name":"Mushrooms","player_choice":"Healed and dodged fight","floor":10.0,"gold_loss":0.0,"damage_taken":0.0,"cards_obtained":["Parasite"]}],"is_beta":false,"boss_relics":[{"not_picked":["SlaversCollar","Busted Crown"],"picked":"Sozu"}],"items_purged_floors":[19],"is_endless":false,"potions_floor_spawned":[3,4,8,14,16],"killed_by":"3 Cultists","ascension_level":0}}