{"host":"s229x1smnerk6mew","time":1614318453,"event":{"mods":["BaseMod","Bestiary","Minty Spire (QoL Compilation)","Relic Stats"],"gold_per_floor":[215,233,252,268,62,91,91,139,166,166,166,166,231,231,231],"floor_reached":14,"language":"ENG","playtime":721,"items_purged":[],"score":200,"play_id":"ff2d911b-5e8e-4fc2-bcf3-c9d9bfe233a7","local_time":"20210226164733","is_ascension_mode":true,"campfire_choices":[{"data":"Armaments","floor":7,"key":"SMITH"},{"data":"HandOfGreed","floor":12,"key":"SMITH"}],"circlet_count":0,"master_deck":["AscendersBane","Strike_R","Strike_R","Strike_R","Strike_R","Strike_R","Defend_R","Defend_R","Defend_R","Defend_R","Bash","Iron Wave","Anger","Blood for Blood","Armaments+1","HandOfGreed+1"],"relics":["Burning Blood","Tiny Chest","Lantern","Vajra","CeramicFish","FaceOfCleric"],"acts_visited":["Exordium"],"potions_floor_usage":[6,8,14],"damage_taken":[{"damage":6,"enemies":"2 Louse","floor":1,"turns":4},{"damage":4,"enemies":"Small Slimes","floor":2,"turns":4},{"damage":1,"enemies":"Cultist","floor":3,"turns":3},{"damage":37,"enemies":"Gremlin Gang","floor":4,"turns":6},{"damage":3,"enemies":"Gremlin Nob","floor":6,"turns":3},{"damage":26,"enemies":"Lagavulin","floor":8,"turns":8},{"damage":11,"enemies":"Lots of Slimes","floor":13,"turns":6},{"damage":19,"enemies":"Gremlin Nob","floor":14,"turns":3}],"seed_played":"5894838499391401041","potions_obtained":[{"floor":3,"key":"Dexterity Potion"},{"floor":4,"key":"Fire Potion"},{"floor":6,"key":"Ancient Potion"}],"is_trial":false,"path_per_floor":["M","M","M","M","$","E","R","E","T","?","?","R","M","E"],"character_chosen":"IRONCLAD","items_purchased":["HandOfGreed"],"campfire_rested":0,"item_purchase_floors":[5],"current_hp_per_floor":[68,70,75,44,44,47,47,27,27,22,22,22,18,0,0],"gold":231,"neow_bonus":"HUNDRED_GOLD","is_daily":false,"chose_seed":false,"campfire_upgraded":2,"win_rate":0.0,"timestamp":1614318453,"path_taken":["M","M","M","M","$","E","R","E","T","?","?","R","?","E"],"items_purchased_type":["Card"],"build_version":"2020-12-22","purchased_purges":0,"victory":false,"max_hp_per_floor":[75,75,75,75,75,75,75,75,75,75,75,75,76,76,76],"relic_stats":{"FaceOfCleric":1,"counters":[8,37],"CeramicFish":0,"Tiny Chest":0,"obtain_stats":[{"Lantern":8,"FaceOfCleric":11,"CeramicFish":10,"Vajra":9,"Tiny Chest":6,"Burning Blood":0},{"Lantern":6,"FaceOfCleric":6,"CeramicFish":6,"Vajra":6,"Tiny Chest":5,"Burning Blood":0},{"Lantern":28,"FaceOfCleric":28,"CeramicFish":28,"Vajra":28,"Tiny Chest":20,"Burning Blood":0}],"Burning Blood":42},"card_choices":[{"not_picked":["Disarm","Body Slam"],"picked":"Iron Wave","floor":1},{"not_picked":["Headbutt","Pummel"],"picked":"Anger","floor":2},{"not_picked":["Body Slam","Clothesline"],"picked":"Blood for Blood","floor":3},{"not_picked":["Body Slam","Cleave"],"picked":"Armaments","floor":4},{"not_picked":["Thunderclap","Berserk","True Grit"],"picked":"SKIP","floor":6},{"not_picked":["Sword Boomerang","Warcry","Searing Blow"],"picked":"SKIP","floor":8},{"not_picked":["Sever Soul","Evolve","Thunderclap"],"picked":"SKIP","floor":13}],"player_experience":2108267,"relics_obtained":[{"floor":6,"key":"Tiny Chest"},{"floor":8,"key":"Lantern"},{"floor":9,"key":"Vajra"}],"event_choices":[{"damage_healed":0,"gold_gain":0,"player_choice":"Success","damage_taken":5,"relics_obtained":["CeramicFish"],"max_hp_gain":0,"max_hp_loss":0,"event_name":"Scrap Ooze","floor":10,"gold_loss":0},{"damage_healed":0,"gold_gain":0,"player_choice":"Trade","damage_taken":0,"relics_obtained":["FaceOfCleric"],"max_hp_gain":0,"max_hp_loss":0,"event_name":"FaceTrader","floor":11,"gold_loss":0}],"is_beta":false,"boss_relics":[],"items_purged_floors":[],"is_endless":false,"potions_floor_spawned":[3,4,6],"killed_by":"Gremlin Nob","ascension_level":20}}