{"host":"7sni158j623xchr2","time":1614320983,"event":{"mods":["BaseMod","Colored Map","Highlight Path","Minty Spire (QoL Compilation)","Permanent Neow","Potion Indicator Mod","Rare Cards Sparkle","Relic Sorter","Relic Stats","StSLib","everything is the same but u backflip on backflip"],"gold_per_floor":[112,1,11,27,27,55,55,89,89,100,100,100,100,112,112,112,112],"floor_reached":16,"language":"ENG","playtime":316,"items_purged":["Defend_G"],"score":116,"play_id":"021c6112-c4a9-461b-8b0d-2786739c6ff2","local_time":"20210226002943","is_ascension_mode":true,"campfire_choices":[{"floor":7,"key":"REST"},{"data":"Neutralize","floor":12,"key":"SMITH"},{"data":"Deadly Poison","floor":15,"key":"SMITH"}],"circlet_count":0,"master_deck":["Strike_G","Strike_G","Strike_G","Strike_G","Strike_G","Defend_G","Defend_G","Defend_G","Defend_G","Survivor","Neutralize+1","Dagger Spray","Backstab+1","Dagger Spray","All Out Attack","Deadly Poison+1","Parasite"],"relics":["Ring of the Snake","Bird Faced Urn","Mercury Hourglass","HornCleat","Ninja Scroll"],"acts_visited":["Exordium"],"potions_floor_usage":[6,8,16],"damage_taken":[{"damage":4,"enemies":"Cultist","floor":1,"turns":4},{"damage":14,"enemies":"Jaw Worm","floor":3,"turns":4},{"damage":0,"enemies":"2 Louse","floor":4,"turns":1},{"damage":27,"enemies":"Lagavulin","floor":6,"turns":7},{"damage":33,"enemies":"Gremlin Nob","floor":8,"turns":5},{"damage":0,"enemies":"Exordium Wildlife","floor":10,"turns":2},{"damage":0,"enemies":"Exordium Thugs","floor":14,"turns":2},{"damage":27,"enemies":"The Guardian","floor":16,"turns":4}],"seed_played":"-7608013431406587498","potions_obtained":[{"floor":3,"key":"Poison Potion"},{"floor":6,"key":"SneckoOil"},{"floor":14,"key":"ColorlessPotion"}],"is_trial":false,"path_per_floor":["M","$","M","M","?","E","R","E","T","M","?","R","?","M","R","B"],"character_chosen":"THE_SILENT","items_purchased":["Backstab"],"campfire_rested":1,"item_purchase_floors":[2],"current_hp_per_floor":[59,59,45,45,50,23,43,10,10,10,10,10,27,27,27,0,0],"gold":112,"neow_bonus":"ONE_RARE_RELIC","is_daily":false,"chose_seed":false,"campfire_upgraded":2,"win_rate":0.0,"timestamp":1614320983,"path_taken":["M","$","M","M","?","E","R","E","T","M","?","R","?","M","R","BOSS"],"items_purchased_type":["Card"],"build_version":"2020-12-22","purchased_purges":1,"victory":false,"max_hp_per_floor":[63,63,63,63,68,68,68,68,68,68,68,68,68,68,68,68,68],"relic_stats":{"counters":[8,29],"Bird Faced Urn":[0],"obtain_stats":[{"HornCleat":8,"Ninja Scroll":9,"Bird Faced Urn":0,"Ring of the Snake":0,"Mercury Hourglass":6},{"HornCleat":5,"Ninja Scroll":5,"Bird Faced Urn":0,"Ring of the Snake":0,"Mercury Hourglass":4},{"HornCleat":21,"Ninja Scroll":21,"Bird Faced Urn":0,"Ring of the Snake":0,"Mercury Hourglass":16}],"Ring of the Snake":[16],"Mercury Hourglass":[33]},"card_choices":[{"not_picked":["Quick Slash","Prepared"],"picked":"Dagger Spray","floor":1},{"not_picked":["Flying Knee","Reflex"],"picked":"Dagger Spray","floor":3},{"not_picked":["Skewer","Flying Knee","Outmaneuver"],"picked":"SKIP","floor":4},{"not_picked":["Deadly Poison","Night Terror"],"picked":"All Out Attack","floor":6},{"not_picked":["Caltrops","All Out Attack"],"picked":"Deadly Poison","floor":8},{"not_picked":["All Out Attack","Outmaneuver","Expertise"],"picked":"SKIP","floor":10},{"not_picked":["Acrobatics","Quick Slash","Flechettes"],"picked":"SKIP","floor":14}],"player_experience":1853956,"relics_obtained":[{"floor":6,"key":"Mercury Hourglass"},{"floor":8,"key":"HornCleat"},{"floor":9,"key":"Ninja Scroll"}],"event_choices":[{"damage_healed":0,"gold_gain":0,"player_choice":"Donut","damage_taken":0,"max_hp_gain":5,"max_hp_loss":0,"event_name":"Big Fish","floor":5,"gold_loss":0},{"damage_healed":0,"gold_gain":0,"player_choice":"Grow","damage_taken":0,"max_hp_gain":0,"max_hp_loss":0,"event_name":"Living Wall","floor":11,"gold_loss":0,"cards_upgraded":["Backstab"]},{"damage_healed":17,"gold_gain":0,"player_choice":"Healed and dodged fight","damage_taken":0,"max_hp_gain":0,"max_hp_loss":0,"event_name":"Mushrooms","floor":13,"gold_loss":0,"cards_obtained":["Parasite"]}],"is_beta":false,"boss_relics":[],"items_purged_floors":[2],"is_endless":false,"potions_floor_spawned":[3,6,14],"killed_by":"The Guardian","ascension_level":1}}