{"host":"cy4bqpzmmfw1b6lr","time":1614307738,"event":{"mods":["AchievementEnabler","BaseMod","Card Forge","Colored Map","Conspire","Downfall","Halation","Hubris","Infinite Spire","Minty Spire (QoL Compilation)","Replay The Spire","StSLib","Waifu the Spire"],"gold_per_floor":[99,113,26,26,44,44,94,108,141,152,152,166,166,182,192,287,287,287,298,298,298,298,298,373,373,373,373],"floor_reached":25,"language":"ENG","playtime":1023,"items_purged":[],"score":201,"play_id":"ddc7376e-24a5-4fa7-8281-5efbd50dd345","local_time":"20210225194858","is_ascension_mode":false,"campfire_choices":[{"floor":1,"key":"RECALL"},{"floor":6,"key":"REST"},{"floor":11,"key":"REST"},{"floor":13,"key":"REST"},{"data":"Guardian:ConstructionForm","floor":18,"key":"SMITH"},{"floor":23,"key":"REST"}],"circlet_count":0,"master_deck":["Guardian:Strike_Guardian+1","Guardian:Strike_Guardian+1","Guardian:Defend_Guardian+1","Guardian:Defend_Guardian+1","Guardian:TwinSlam+1","Guardian:EvasiveProtocol+1","Replay:GuardianBash+1","Guardian:WalkerClaw+1","Spot Weakness+1","Guardian:ConstructionForm+1","Guardian:Harden+1","downfall:Bewildered"],"relics":["Hammer of Thor","Seething Fire","Anvil of the Gods","m_GuardianBlood","hubris:GlazedTorus","hubris:HollowSoul","halation:PinkSoulGem","sneckomod:BabySnecko","conspire:DecoderRing"],"acts_visited":["Exordium","TheCity"],"potions_floor_usage":[],"damage_taken":[{"damage":0,"enemies":"Jaw Worm","floor":2,"turns":3},{"damage":0,"enemies":"downfall:FleeingMerchant","floor":3,"turns":4},{"damage":6,"enemies":"2 Louse","floor":5,"turns":3},{"damage":0,"enemies":"Small Slimes","floor":8,"turns":3},{"damage":17,"enemies":"Replay:BlueRogue","floor":9,"turns":5},{"damage":7,"enemies":"Blue Slaver","floor":10,"turns":2},{"damage":0,"enemies":"downfall:LooterAlt","floor":12,"turns":2},{"damage":10,"enemies":"2 Fungi Beasts","floor":14,"turns":3},{"damage":12,"enemies":"Gremlin Gang","floor":15,"turns":5},{"damage":24,"enemies":"DF_ARCHETYPE_STREAMLINE","floor":16,"turns":6},{"damage":10,"enemies":"Spheric Guardian","floor":19,"turns":4},{"damage":0,"enemies":"Slavers","floor":25,"turns":1}],"seed_played":"7726896236659952822","potions_obtained":[{"floor":2,"key":"LiquidMemories"},{"floor":5,"key":"Elixir"},{"floor":9,"key":"bronze:BurnAndBuffPotion"},{"floor":16,"key":"Flashbang"}],"is_trial":false,"path_per_floor":["R","M","$","?","M","R","T","M","E","M","R","M","R","M","M","B",null,"R","M","AVR","?","?","R","T","E"],"character_chosen":"GUARDIAN","items_purchased":["Guardian:EvasiveProtocol"],"campfire_rested":4,"item_purchase_floors":[3],"current_hp_per_floor":[88,88,88,88,88,88,88,88,77,76,88,88,88,84,78,60,88,88,84,84,84,84,88,88,17,17,17],"gold":373,"neow_bonus":"TEN_PERCENT_HP_BONUS","is_daily":false,"chose_seed":false,"campfire_upgraded":1,"win_rate":0.0,"timestamp":1614307738,"path_taken":["R","M","$","?","M","R","T","M","E","M","R","M","R","M","M","BOSS","R","M","AVR","?","?","R","T","E"],"items_purchased_type":["Card"],"build_version":"2020-12-22","purchased_purges":0,"victory":false,"max_hp_per_floor":[88,88,88,88,88,88,88,88,88,88,88,88,88,88,88,88,88,88,88,88,88,88,88,88,17,17,17],"card_choices":[{"not_picked":["Guardian:PrimingBeam","Guardian:PiercingHide"],"picked":"Guardian:Gem_Purple","floor":2},{"not_picked":["Guardian:Gem_Green","Guardian:Gem_Cyan","Guardian:PolyBeam"],"picked":"SKIP","floor":3},{"not_picked":["Guardian:Gem_Fragmented","Guardian:Suspension"],"picked":"Guardian:WalkerClaw","floor":5},{"not_picked":["Massacre","Guardian:Reroute","Guardian:Gem_Fragmented"],"picked":"SKIP","floor":8},{"not_picked":["Guardian:Gem_Synthetic","Guardian:Reroute"],"picked":"Spot Weakness","floor":9},{"not_picked":["Guardian:Recover","Twin Strike"],"picked":"Guardian:Gem_Lightblue","floor":10},{"not_picked":["Guardian:MultiBeam","Guardian:RollAttack"],"picked":"Guardian:Gem_White","floor":12},{"not_picked":["Guardian:TemporalStrike","Guardian:Reroute","Guardian:BronzeArmor"],"picked":"SKIP","floor":14},{"not_picked":["Guardian:Incinerate","Guardian:TemporalShield"],"picked":"Guardian:Gem_Red","floor":15},{"not_picked":["Guardian:AncientConstruct","Guardian:BaubleBeam"],"picked":"Guardian:ConstructionForm","floor":16},{"not_picked":["Guardian:Suspension","Guardian:Gem_Green"],"picked":"Guardian:Harden+1","floor":19}],"player_experience":45627,"relics_obtained":[{"floor":9,"key":"hubris:GlazedTorus"},{"floor":24,"key":"conspire:DecoderRing"}],"event_choices":[],"is_beta":false,"boss_relics":[{"not_picked":["ReplayTheSpireMod:DimensionalGlitch","halation:PlatinumPhoenix"],"picked":"hubris:HollowSoul"}],"items_purged_floors":[],"is_endless":false,"potions_floor_spawned":[2,5,9,16],"killed_by":"Slavers","ascension_level":0}}