{"host":"by8i6f8xc0ywpsd5","time":1614380123,"event":{"mods":["BaseMod","Colored Map","Minty Spire (QoL Compilation)","Relic Stats"],"gold_per_floor":[110,185,205,220,37,70,70,70,94,94,129,140,168,178,178,252,252,262,312,326,110,127,127,145,173,173,205,217,227,227,247,247,324,324,344,13,38,38,38,38,56,87,114,64,64,94,106,106,106,106,106,106],"floor_reached":51,"language":"ENG","playtime":2842,"items_purged":["Searing Blow","Combust"],"score":1530,"play_id":"8ecb160a-edb6-401d-bee1-bb2ff06b6fa5","local_time":"20210227005523","is_ascension_mode":true,"campfire_choices":[{"floor":7,"key":"REST"},{"floor":10,"key":"RECALL"},{"floor":15,"key":"REST"},{"floor":23,"key":"REST"},{"floor":32,"key":"REST"},{"data":"1","floor":40,"key":"LIFT"},{"floor":45,"key":"REST"},{"floor":49,"key":"REST"}],"circlet_count":0,"master_deck":["AscendersBane","Carnage","Uppercut","True Grit","Corruption","Feed","Double Tap","Feel No Pain","Shrug It Off","Exhume","Double Tap","Heavy Blade","Rage","Ghostly Armor","Pummel","Ghostly Armor","Sentinel","Iron Wave+1","Sentinel","Battle Trance","Fiend Fire","Ghostly","Ghostly","Ghostly","Dropkick","Impervious","Inflame","Inflame","Flame Barrier","Flame Barrier","Shrug It Off+1","Corruption","Shrug It Off"],"relics":["Fusion Hammer","Lee\u0027s Waffle","Smiling Mask","Anchor","Matryoshka","Gambling Chip","Pandora\u0027s Box","Oddly Smooth Stone","HornCleat","Ornamental Fan","Mercury Hourglass","SlaversCollar","Bronze Scales","Girya","Centennial Puzzle","Ancient Tea Set","Bag of Preparation","Mango"],"acts_visited":["Exordium","TheCity","TheBeyond"],"potions_floor_usage":[13,16,27,33,42],"damage_taken":[{"damage":7,"enemies":"Small Slimes","floor":1,"turns":4},{"damage":7,"enemies":"Jaw Worm","floor":3,"turns":2},{"damage":0,"enemies":"Cultist","floor":4,"turns":2},{"damage":34,"enemies":"3 Sentries","floor":6,"turns":7},{"damage":23,"enemies":"Lagavulin","floor":11,"turns":7},{"damage":3,"enemies":"Lots of Slimes","floor":12,"turns":5},{"damage":10,"enemies":"Gremlin Nob","floor":13,"turns":3},{"damage":7,"enemies":"Large Slime","floor":14,"turns":5},{"damage":59,"enemies":"Hexaghost","floor":16,"turns":10},{"damage":14,"enemies":"Spheric Guardian","floor":18,"turns":5},{"damage":38,"enemies":"3 Byrds","floor":20,"turns":6},{"damage":19,"enemies":"Snake Plant","floor":22,"turns":5},{"damage":12,"enemies":"Cultist and Chosen","floor":24,"turns":9},{"damage":13,"enemies":"Book of Stabbing","floor":25,"turns":5},{"damage":17,"enemies":"Slavers","floor":27,"turns":10},{"damage":3,"enemies":"Centurion and Healer","floor":28,"turns":8},{"damage":0,"enemies":"Sentry and Sphere","floor":29,"turns":6},{"damage":0,"enemies":"Snake Plant","floor":31,"turns":5},{"damage":18,"enemies":"Champ","floor":33,"turns":13},{"damage":13,"enemies":"3 Shapes","floor":35,"turns":8},{"damage":0,"enemies":"Mind Bloom Boss Battle","floor":37,"turns":7},{"damage":0,"enemies":"3 Darklings","floor":41,"turns":7},{"damage":44,"enemies":"Nemesis","floor":42,"turns":11},{"damage":0,"enemies":"Giant Head","floor":46,"turns":7},{"damage":29,"enemies":"Writhing Mass","floor":47,"turns":9},{"damage":86,"enemies":"Awakened One","floor":50,"turns":12},{"damage":44,"enemies":"Time Eater","floor":51,"turns":7}],"seed_played":"7991695744931303071","potions_obtained":[{"floor":1,"key":"FairyPotion"},{"floor":3,"key":"Weak Potion"},{"floor":12,"key":"FearPotion"},{"floor":13,"key":"Energy Potion"},{"floor":14,"key":"SkillPotion"},{"floor":20,"key":"PowerPotion"},{"floor":28,"key":"BlessingOfTheForge"},{"floor":35,"key":"FearPotion"},{"floor":41,"key":"LiquidMemories"}],"is_trial":false,"path_per_floor":["M","?","M","M","$","E","R","?","T","R","E","M","E","M","R","B",null,"M","?","M","$","M","R","M","E","T","E","M","M","?","M","R","B",null,"M","$","?","$","?","R","M","E","T","$","R","E","M","?","R","B","B"],"character_chosen":"IRONCLAD","items_purchased":["Lee\u0027s Waffle","True Grit","Oddly Smooth Stone","Inflame","Flame Barrier","Bronze Scales"],"campfire_rested":6,"item_purchase_floors":[5,5,21,36,36,36],"current_hp_per_floor":[61,50,43,43,82,48,72,72,72,72,52,52,42,38,65,9,73,62,62,30,30,11,41,32,19,19,5,8,11,11,14,32,14,50,43,43,46,46,71,71,74,30,30,30,52,69,43,43,71,22,0,0],"gold":106,"neow_bonus":"BOSS_RELIC","is_daily":false,"chose_seed":false,"campfire_upgraded":0,"win_rate":0.0,"timestamp":1614380123,"path_taken":["M","?","M","M","$","E","R","?","T","R","E","M","E","M","R","BOSS","M","?","?","$","M","R","M","E","T","E","M","M","?","M","R","BOSS","M","$","?","?","?","R","M","E","T","$","R","E","?","?","R","BOSS","BOSS"],"items_purchased_type":["Relic","Card","Relic","Card","Card","Relic"],"build_version":"2020-12-22","purchased_purges":2,"victory":false,"max_hp_per_floor":[75,75,75,75,82,82,82,82,82,82,85,88,88,91,91,94,94,97,97,103,103,103,103,106,106,106,109,115,118,59,62,62,62,62,68,68,71,71,71,71,74,74,74,74,74,91,94,94,94,94,94,94],"relic_stats":{"Lee\u0027s Waffle":39,"Centennial Puzzle":[9],"counters":[27,184],"Ornamental Fan":[116],"Gambling Chip":[67],"Bronze Scales":[207],"Pandora\u0027s Box":["Double Tap","Heavy Blade","Rage","Searing Blow","Ghostly Armor","Pummel","Searing Blow","Ghostly Armor","Sentinel"],"Bag of Preparation":[8],"Smiling Mask":75,"obtain_stats":[{"Girya":37,"Lee\u0027s Waffle":5,"Oddly Smooth Stone":21,"Mango":46,"Bag of Preparation":43,"Smiling Mask":6,"Ancient Tea Set":43,"Burning Blood":0,"Mercury Hourglass":27,"SlaversCollar":34,"Anchor":9,"Centennial Puzzle":42,"Matryoshka":11,"HornCleat":25,"Ornamental Fan":26,"Gambling Chip":13,"Bronze Scales":36,"Pandora\u0027s Box":17,"Fusion Hammer":0},{"Girya":21,"Lee\u0027s Waffle":3,"Oddly Smooth Stone":11,"Mango":24,"Bag of Preparation":23,"Smiling Mask":4,"Ancient Tea Set":23,"Burning Blood":0,"Mercury Hourglass":15,"SlaversCollar":19,"Anchor":4,"Centennial Puzzle":23,"Matryoshka":5,"HornCleat":14,"Ornamental Fan":14,"Gambling Chip":7,"Bronze Scales":20,"Pandora\u0027s Box":9,"Fusion Hammer":0},{"Girya":132,"Lee\u0027s Waffle":8,"Oddly Smooth Stone":56,"Mango":156,"Bag of Preparation":149,"Smiling Mask":15,"Ancient Tea Set":149,"Burning Blood":0,"Mercury Hourglass":85,"SlaversCollar":117,"Anchor":15,"Centennial Puzzle":149,"Matryoshka":22,"HornCleat":75,"Ornamental Fan":75,"Gambling Chip":30,"Bronze Scales":125,"Pandora\u0027s Box":45,"Fusion Hammer":0}],"Mercury Hourglass":[280]},"card_choices":[{"not_picked":["Perfected Strike","Wild Strike"],"picked":"Carnage","floor":1},{"not_picked":["Cleave","Clash"],"picked":"Uppercut","floor":3},{"not_picked":["Dual Wield","Sever Soul"],"picked":"Combust","floor":4},{"not_picked":["Shrug It Off","Blood for Blood"],"picked":"Corruption","floor":6},{"not_picked":["Reckless Charge","Searing Blow"],"picked":"Double Tap","floor":11},{"not_picked":["Headbutt","Dark Embrace"],"picked":"Feel No Pain","floor":12},{"not_picked":["Perfected Strike","Demon Form","Clash"],"picked":"SKIP","floor":13},{"not_picked":["Warcry","Twin Strike"],"picked":"Shrug It Off","floor":14},{"not_picked":["Demon Form","Berserk"],"picked":"Exhume","floor":16},{"not_picked":["Cleave","Warcry","Flex"],"picked":"SKIP","floor":18},{"not_picked":["Dropkick","Searing Blow"],"picked":"Iron Wave+1","floor":20},{"not_picked":["Armaments","Body Slam"],"picked":"Sentinel","floor":22},{"not_picked":["Cleave","Warcry"],"picked":"Battle Trance","floor":24},{"not_picked":["Warcry","Cleave","Sword Boomerang"],"picked":"SKIP","floor":25},{"not_picked":["Intimidate","Cleave"],"picked":"Fiend Fire","floor":27},{"not_picked":["Wild Strike","Uppercut","Second Wind"],"picked":"SKIP","floor":28},{"not_picked":["Flex","Cleave","Reckless Charge"],"picked":"SKIP","floor":29},{"not_picked":["Clash","Iron Wave"],"picked":"Dropkick","floor":31},{"not_picked":["Reaper","Double Tap"],"picked":"Impervious","floor":33},{"not_picked":["Battle Trance","Twin Strike"],"picked":"Inflame","floor":35},{"not_picked":["Clothesline","Armaments"],"picked":"Flame Barrier","floor":37},{"not_picked":["Uppercut","Clothesline"],"picked":"Shrug It Off+1","floor":41},{"not_picked":["Warcry","Entrench"],"picked":"Corruption","floor":42},{"not_picked":["Cleave","Evolve","Armaments"],"picked":"SKIP","floor":46},{"not_picked":["Iron Wave","Fire Breathing"],"picked":"Shrug It Off","floor":47}],"player_experience":1806521,"relics_obtained":[{"floor":6,"key":"Smiling Mask"},{"floor":9,"key":"Anchor"},{"floor":11,"key":"Matryoshka"},{"floor":13,"key":"Gambling Chip"},{"floor":25,"key":"HornCleat"},{"floor":26,"key":"Ornamental Fan"},{"floor":27,"key":"Mercury Hourglass"},{"floor":37,"key":"Girya"},{"floor":42,"key":"Centennial Puzzle"},{"floor":43,"key":"Ancient Tea Set"},{"floor":43,"key":"Bag of Preparation"},{"floor":46,"key":"Mango"}],"event_choices":[{"damage_healed":0,"gold_gain":75,"player_choice":"Gather Gold","damage_taken":11,"max_hp_gain":0,"max_hp_loss":0,"event_name":"World of Goop","floor":2,"gold_loss":0},{"damage_healed":0,"gold_gain":0,"player_choice":"1 cards matched","damage_taken":0,"max_hp_gain":0,"max_hp_loss":0,"event_name":"Match and Keep!","floor":8,"gold_loss":0,"cards_obtained":["Feed"]},{"damage_healed":0,"gold_gain":100,"player_choice":"Bet on Murderer","damage_taken":0,"max_hp_gain":0,"max_hp_loss":0,"event_name":"The Joust","floor":19,"gold_loss":50},{"damage_healed":0,"gold_gain":0,"player_choice":"Became a Ghost","damage_taken":0,"max_hp_gain":0,"max_hp_loss":59,"event_name":"Ghosts","floor":30,"gold_loss":0,"cards_obtained":["Ghostly","Ghostly","Ghostly"]},{"damage_healed":0,"gold_gain":0,"player_choice":"Fight","damage_taken":0,"max_hp_gain":0,"max_hp_loss":0,"event_name":"MindBloom","floor":37,"gold_loss":0},{"cards_removed":["Searing Blow"],"damage_healed":25,"gold_gain":0,"player_choice":"Offered Uncommon","damage_taken":0,"max_hp_gain":0,"max_hp_loss":0,"event_name":"Bonfire Elementals","floor":39,"gold_loss":0},{"cards_removed":["Bash"],"damage_healed":0,"gold_gain":0,"player_choice":"Removed Attack","damage_taken":0,"max_hp_gain":0,"max_hp_loss":0,"event_name":"Falling","floor":48,"gold_loss":0}],"is_beta":false,"boss_relics":[{"not_picked":["Coffee Dripper","Philosopher\u0027s Stone"],"picked":"Pandora\u0027s Box"},{"not_picked":["Calling Bell","Cursed Key"],"picked":"SlaversCollar"}],"items_purged_floors":[21,44],"is_endless":false,"potions_floor_spawned":[1,3,12,13,14,20,28,29,31,35,41],"killed_by":"Time Eater","ascension_level":20}}