{"host":"71mgpozmht821pzh","time":1614315243,"event":{"mods":["BaseMod","Downfall","Minty Spire (QoL Compilation)","Replay The Spire","StSLib"],"gold_per_floor":[99,118,134,209,262,278,278,178,195,207,207,207,207,207,231,338,338,338,338,40,63,63,81,105,150,174,174,209,239,284,313,336,462,462,362,399,399,430,455,492,492,527,427,450,502,533,605,605,639,663,663,712,130,130,142,170],"floor_reached":57,"language":"ENG","playtime":7501,"items_purged":["Pain","ReplayTheSpireMod:Splinters"],"score":1525,"play_id":"380b85d0-417f-4c07-aa04-f62040d53695","local_time":"20210225225403","daily_mods":["Red Cards","Terminal"],"is_ascension_mode":false,"campfire_choices":[{"floor":1.0,"key":"RECALL"},{"data":"True Grit","floor":8.0,"key":"SMITH"},{"data":"sneckomod:SnekBite","floor":11.0,"key":"SMITH"},{"data":"sneckomod:QuickMove","floor":13.0,"key":"SMITH"},{"floor":18.0,"key":"DIG"},{"data":"sneckomod:SerpentIdol","floor":27.0,"key":"SMITH"},{"data":"downfall:Bewildered","floor":35,"key":"PURGE"},{"data":"Demon Form","floor":43,"key":"SMITH"},{"data":"Feel No Pain","floor":54,"key":"SMITH"}],"circlet_count":0,"master_deck":["sneckomod:Defend","sneckomod:TailWhip+1","sneckomod:SnekBite+1","sneckomod:Unknown","sneckomod:Unknown","sneckomod:QuickMove+1","True Grit+1","Iron Wave+1","Feel No Pain+1","Flame Barrier+1","sneckomod:DiceBoulder","Juggernaut","Flame Barrier+1","sneckomod:SerpentMind","Spot Weakness","Dark Embrace","Dual Wield","CommonCold","sneckomod:SerpentIdol+1","sneckomod:UnknownDexterity","sneckomod:QuickBite","Demon Form+1","Blood for Blood","Flame Barrier+1","Body Slam+1","Impervious","Clothesline+1","sneckomod:SerpentMind","Shockwave+1","Intimidate+1","Heavy Blade+1","Whirlwind+1","Abandon+1","ReplayTheSpireMod:LeadingStrike+1","Replay:SS_forest_2"],"relics":["sneckomod:SneckoSoul","ReplayTheSpireMod:Lightbulb","Divine Protection","downfall:HeartBlessingRed","Replay:Bandana","Snecko Eye","Smiling Mask","Ornamental Fan","Pet Ghost","bronze:BronzeIdol","Nunchaku","Replay:Bottled Steam","Black Star","downfall:HeartBlessingGreen","sneckomod:BlankCard","CaptainsWheel","downfall:HeartBlessingBlue","Singing Bowl","ReplayTheSpireMod:TigerMarble","Regal Pillow","Ring of Hypnosis","ReplayTheSpireMod:Ring of Exchange","Whetstone","Eternal Feather","Chemical X","Replay:Bottled Eggs"],"acts_visited":["Exordium","TheCity","TheBeyond","TheEnding"],"potions_floor_usage":[50,55,56,56],"damage_taken":[{"damage":1.0,"enemies":"Jaw Worm","floor":2.0,"turns":4.0},{"damage":0.0,"enemies":"Cultist","floor":3.0,"turns":3.0},{"damage":0.0,"enemies":"Small Slimes","floor":6.0,"turns":4.0},{"damage":0.0,"enemies":"3 Louse","floor":9.0,"turns":5.0},{"damage":0.0,"enemies":"Exordium Thugs","floor":10.0,"turns":5.0},{"damage":0.0,"enemies":"2 Fungi Beasts","floor":15.0,"turns":3.0},{"damage":36.0,"enemies":"IC_STATUS_ARCHETYPE","floor":16.0,"turns":12.0},{"damage":0.0,"enemies":"downfall:FleeingMerchant","floor":20.0,"turns":4.0},{"damage":2.0,"enemies":"3 Byrds","floor":21.0,"turns":3.0},{"damage":0.0,"enemies":"Shell Parasite","floor":23.0,"turns":3.0},{"damage":10.0,"enemies":"Gremlin Leader","floor":25.0,"turns":5.0},{"damage":2.0,"enemies":"Snake Plant","floor":26.0,"turns":3.0},{"damage":0.0,"enemies":"3 Cultists","floor":28.0,"turns":3.0},{"damage":0.0,"enemies":"Sentry and Sphere","floor":29.0,"turns":3.0},{"damage":7.0,"enemies":"Slavers","floor":30.0,"turns":4.0},{"damage":0.0,"enemies":"Shelled Parasite and Fungi","floor":31.0,"turns":3.0},{"damage":0.0,"enemies":"Cultist and Chosen","floor":32.0,"turns":5.0},{"damage":0.0,"enemies":"WA_ARCHETYPE_CALM","floor":33.0,"turns":3.0},{"damage":0,"enemies":"3 Darklings","floor":36,"turns":3},{"damage":0,"enemies":"Orb Walker","floor":38,"turns":3},{"damage":0,"enemies":"3 Darklings","floor":39,"turns":3},{"damage":0,"enemies":"R_Hoarder","floor":40,"turns":5},{"damage":0,"enemies":"Spire Growth","floor":42,"turns":3},{"damage":0,"enemies":"4 Shapes","floor":44,"turns":5},{"damage":24,"enemies":"Nemesis","floor":45,"turns":5},{"damage":0,"enemies":"Sphere and 2 Shapes","floor":46,"turns":4},{"damage":0,"enemies":"Transient","floor":49,"turns":5},{"damage":0,"enemies":"SI_POISON_ARCHETYPE","floor":50,"turns":7},{"damage":17,"enemies":"downfall:CharBossMerchant","floor":52,"turns":8},{"damage":0,"enemies":"downfall:NeowBoss","floor":55,"turns":13},{"damage":0,"enemies":"downfall:NeowBossFinal","floor":56,"turns":5}],"seed_played":"-2101529187552976357","potions_obtained":[{"floor":2.0,"key":"LiquidBronze"},{"floor":3.0,"key":"GamblersBrew"},{"floor":15.0,"key":"sneckomod:CheatPotion"},{"floor":23.0,"key":"FearPotion"},{"floor":29.0,"key":"LiquidBronze"},{"floor":30.0,"key":"SpeedPotion"},{"floor":33.0,"key":"Venom Potion"}],"is_trial":true,"path_per_floor":["R","M","M","?","T","M","T","R","M","M","R","?","R","?","M","B",null,"R","?","$","M","?","M","T","E","M","R","M","M","E","M","M","B",null,"R","M","?","M","M","E","T","M","R","M","E","M","?","?","M","B",null,"E","$","R","B","B",null],"character_chosen":"THE_SNECKO","items_purchased":["Pet Ghost","Dark Embrace","Chemical X","Replay:Bottled Eggs","Replay:SS_forest_2","Strength Potion"],"campfire_rested":0,"item_purchase_floors":[20,20,53,53,53,53],"current_hp_per_floor":[88,87,86,75,75,75,75,75,75,75,75,75,75,75,74,38,72,71,70,69,67,67,66,65,55,53,53,53,53,46,46,46,46,55,54,53,52,51,50,49,48,47,56,55,33,35,37,37,39,39,56,41,41,55,54,53],"gold":170,"neow_bonus":"","is_daily":false,"chose_seed":false,"campfire_upgraded":6,"win_rate":0.0,"timestamp":1614315243,"path_taken":["R","M","M","?","?","M","T","R","?","M","R","?","R","?","M","BOSS","R","?","$","M","?","?","T","E","M","R","?","M","E","M","M","BOSS","R","M","?","M","M","E","T","M","R","?","E","M","?","?","M","BOSS","E","$","R","BOSS","BOSS"],"items_purchased_type":["Relic","Card","Relic","Relic","Card","Potion"],"build_version":"2020-12-22","purchased_purges":2,"victory":true,"max_hp_per_floor":[88,87,86,85,84,83,82,81,80,79,78,77,76,75,74,73,72,71,70,69,68,67,66,65,64,63,62,61,60,59,58,57,56,55,54,53,52,51,50,49,48,47,56,55,56,57,58,57,58,57,56,57,56,55,54,53],"card_choices":[{"not_picked":["Clash","Hemokinesis"],"picked":"sneckomod:QuickMove","floor":2.0},{"not_picked":["Wild Strike","Perfected Strike"],"picked":"True Grit","floor":3.0},{"not_picked":["Massacre","Sword Boomerang"],"picked":"Iron Wave","floor":6.0},{"not_picked":["Body Slam","Demonic Infusion"],"picked":"Feel No Pain","floor":9.0},{"not_picked":["Sever Soul","Run Through"],"picked":"Flame Barrier","floor":10.0},{"not_picked":["Whirlwind","Reckless Charge"],"picked":"Flame Barrier","floor":15.0},{"not_picked":["sneckomod:MorePower","Double Tap"],"picked":"sneckomod:SerpentMind","floor":16.0},{"not_picked":["Clothesline","Rampage"],"picked":"Spot Weakness","floor":20.0},{"not_picked":["Heavy Blade","sneckomod:UnknownColorless+1"],"picked":"Dual Wield","floor":21.0},{"not_picked":["Replay:Undeath\u0027s Touch","Twin Strike+1"],"picked":"sneckomod:SerpentIdol","floor":23.0},{"not_picked":["Replay:Undeath\u0027s Touch+1","sneckomod:UnknownClassSLIMEBOUND"],"picked":"sneckomod:UnknownDexterity","floor":25.0},{"not_picked":["Thunderclap","Anger+1","sneckomod:UnknownCommonSkill"],"picked":"SKIP","floor":26.0},{"not_picked":["Anger","ReplayTheSpireMod:Stacked"],"picked":"sneckomod:QuickBite","floor":28.0},{"not_picked":["sneckomod:SlitherStrike+1","sneckomod:UnknownClassTHE_BRONZE_AUTOMATON"],"picked":"Demon Form","floor":29.0},{"not_picked":["sneckomod:UnknownUncommonSkill","sneckomod:UnknownClassTHE_BRONZE_AUTOMATON+1"],"picked":"Blood for Blood","floor":30.0},{"not_picked":["sneckomod:QuickBite","Thunderclap"],"picked":"Flame Barrier","floor":31.0},{"not_picked":["Rampage","sneckomod:UnknownWeak"],"picked":"Body Slam+1","floor":32.0},{"not_picked":["Exhume","Berserk"],"picked":"Impervious","floor":33.0},{"not_picked":["Twin Strike+1","Infernal Blade"],"picked":"Clothesline+1","floor":36},{"not_picked":["Sword Boomerang+1","ReplayTheSpireMod:Strike From Hell"],"picked":"Shockwave+1","floor":38},{"not_picked":["Havoc+1","sneckomod:UnknownWeak+1"],"picked":"Intimidate+1","floor":39},{"not_picked":["Perfected Strike","Thunderclap+1"],"picked":"Heavy Blade+1","floor":40},{"not_picked":["Massacre+1","Clash+1"],"picked":"Whirlwind+1","floor":42},{"not_picked":["Anger","Wild Strike+1"],"picked":"Abandon+1","floor":44},{"not_picked":["Body Slam","sneckomod:UnknownBlock+1","sneckomod:DiceCrush+1"],"picked":"Singing Bowl","floor":45},{"not_picked":["Rampage","Wild Strike+1","sneckomod:UnknownCommonSkill+1"],"picked":"Singing Bowl","floor":46},{"not_picked":["Rupture+1","Anger","Thunderclap"],"picked":"Singing Bowl","floor":47},{"not_picked":["Rage","Iron Wave+1"],"picked":"ReplayTheSpireMod:LeadingStrike+1","floor":47},{"not_picked":["sneckomod:UnknownCommonSkill+1","sneckomod:UnknownClassSLIMEBOUND+1","Shrug It Off"],"picked":"Singing Bowl","floor":49},{"not_picked":["Clothesline","sneckomod:SoulDraw+1","Anger+1"],"picked":"Singing Bowl","floor":52}],"player_experience":6565098,"relics_obtained":[{"floor":5.0,"key":"ReplayTheSpireMod:Lightbulb"},{"floor":7.0,"key":"Divine Protection"},{"floor":18.0,"key":"Smiling Mask"},{"floor":24.0,"key":"bronze:BronzeIdol"},{"floor":25.0,"key":"Nunchaku"},{"floor":30.0,"key":"Replay:Bottled Steam"},{"floor":40,"key":"sneckomod:BlankCard"},{"floor":40,"key":"CaptainsWheel"},{"floor":45,"key":"Singing Bowl"},{"floor":45,"key":"ReplayTheSpireMod:TigerMarble"},{"floor":47,"key":"Regal Pillow"},{"floor":48,"key":"Ring of Hypnosis"},{"floor":48,"key":"ReplayTheSpireMod:Ring of Exchange"},{"floor":52,"key":"Whetstone"},{"floor":52,"key":"Eternal Feather"}],"event_choices":[{"damage_healed":0.0,"max_hp_gain":0.0,"max_hp_loss":0.0,"gold_gain":75.0,"event_name":"World of Goop","player_choice":"Gather Gold","floor":4.0,"gold_loss":0.0,"damage_taken":11.0}],"is_beta":false,"boss_relics":[{"not_picked":["Pandora\u0027s Box","Sozu"],"picked":"Snecko Eye"},{"not_picked":["Kintsugi","Replay:Grab Bag"],"picked":"Black Star"}],"items_purged_floors":[20,53],"is_endless":false,"potions_floor_spawned":[2,3,15,23,29,30,33,38,39,49],"ascension_level":0}}