{"host":"e4uh2czitxpwmp1w","time":1614339978,"event":{"mods":["AchievementEnabler","BaseMod","Colored Map","Colored Powertips","Highlight Path","Minty Spire (QoL Compilation)","Quick Restart","StSLib"],"gold_per_floor":[118,118,138,27,43,43,8,8,34,47,59,91,91,91,91,188,188,207,225,102,122,135,135,166,178,201,116,116,135,135,148,148,248,298,318,27,47,66,66,66,66,66,66,81,81,97,111,122,122,122],"floor_reached":51,"language":"ENG","playtime":4219,"items_purged":["Strike_B","Reprogram+1"],"score":673,"play_id":"06c2ceee-eac1-4fdd-a09d-709d3c296e74","local_time":"20210226224618","is_ascension_mode":false,"campfire_choices":[{"data":"Darkness","floor":6.0,"key":"SMITH"},{"data":"Echo Form","floor":8.0,"key":"SMITH"},{"floor":13.0,"key":"DIG"},{"data":"Loop","floor":15.0,"key":"SMITH"},{"data":"Turbo","floor":23.0,"key":"SMITH"},{"data":"Hologram","floor":28.0,"key":"SMITH"},{"floor":32,"key":"REST"},{"data":"Machine Learning","floor":40,"key":"SMITH"},{"floor":42,"key":"DIG"},{"floor":45,"key":"DIG"},{"floor":49,"key":"REST"}],"circlet_count":0,"master_deck":["Defend_B+1","Defend_B+1","Defend_B+1","Defend_B+1","Dualcast","Leap","Darkness+1","Stack+1","Loop+1","Echo Form+1","Leap","Machine Learning","BootSequence+1","Recycle+1","Hologram+1","Steam","Turbo+1","Redo","Hologram+1","BootSequence+1","Machine Learning+1","Double Energy","Parasite"],"relics":["Cracked Core","Blood Vial","Shovel","Oddly Smooth Stone","Mango","Astrolabe","Regal Pillow","Bag of Marbles","Mercury Hourglass","Tiny House","Bottled Tornado","Thread and Needle","White Beast Statue","TungstenRod"],"acts_visited":["Exordium","TheCity","TheBeyond"],"potions_floor_usage":[33,48,50,50,50],"damage_taken":[{"damage":1.0,"enemies":"Jaw Worm","floor":1.0,"turns":3.0},{"damage":9.0,"enemies":"Cultist","floor":3.0,"turns":4.0},{"damage":0.0,"enemies":"2 Louse","floor":5.0,"turns":4.0},{"damage":15.0,"enemies":"Exordium Wildlife","floor":10.0,"turns":5.0},{"damage":6.0,"enemies":"3 Louse","floor":11.0,"turns":4.0},{"damage":17.0,"enemies":"3 Sentries","floor":12.0,"turns":5.0},{"damage":26.0,"enemies":"Slime Boss","floor":16.0,"turns":6.0},{"damage":2.0,"enemies":"Shell Parasite","floor":18.0,"turns":4.0},{"damage":6.0,"enemies":"3 Byrds","floor":19.0,"turns":4.0},{"damage":18.0,"enemies":"3 Cultists","floor":21.0,"turns":5.0},{"damage":2.0,"enemies":"Snake Plant","floor":22.0,"turns":6.0},{"damage":51.0,"enemies":"Book of Stabbing","floor":24.0,"turns":9.0},{"damage":9.0,"enemies":"Centurion and Healer","floor":25.0,"turns":6.0},{"damage":1.0,"enemies":"Chosen and Byrds","floor":29.0,"turns":6.0},{"damage":1,"enemies":"Snake Plant","floor":31,"turns":5},{"damage":23,"enemies":"Champ","floor":33,"turns":10},{"damage":11,"enemies":"3 Shapes","floor":35,"turns":4},{"damage":3,"enemies":"Orb Walker","floor":37,"turns":4},{"damage":48,"enemies":"4 Shapes","floor":38,"turns":5},{"damage":0,"enemies":"3 Darklings","floor":44,"turns":10},{"damage":2,"enemies":"Spire Growth","floor":46,"turns":8},{"damage":11,"enemies":"Writhing Mass","floor":47,"turns":7},{"damage":7,"enemies":"4 Shapes","floor":48,"turns":6},{"damage":38,"enemies":"Donu and Deca","floor":50,"turns":11}],"seed_played":"8058045668659740703","potions_obtained":[{"floor":3.0,"key":"ColorlessPotion"},{"floor":10.0,"key":"SkillPotion"},{"floor":11.0,"key":"SteroidPotion"},{"floor":18.0,"key":"PotionOfCapacity"},{"floor":24.0,"key":"EssenceOfSteel"},{"floor":25.0,"key":"Block Potion"},{"floor":31,"key":"SpeedPotion"},{"floor":33,"key":"FocusPotion"},{"floor":46,"key":"Dexterity Potion"},{"floor":48,"key":"Block Potion"}],"is_trial":false,"path_per_floor":["M","?","M","$","M","R","?","R","T","M","M","E","R","T","R","B",null,"M","M","$","M","M","R","E","M","T","?","R","M","?","M","R","B",null,"M","$","M","M","?","R","$","R","T","M","R","M","M","M","R","B",null],"character_chosen":"DEFECT","items_purchased":["Loop","Steam","Double Energy","Bottled Tornado"],"campfire_rested":2,"item_purchase_floors":[4,20,36,36],"current_hp_per_floor":[74,74,65,65,65,65,75,75,75,60,56,41,41,55,55,31,89,87,83,83,67,67,67,18,11,11,11,11,12,12,13,54,33,94,83,83,82,36,36,36,36,36,36,38,38,38,29,24,67,31],"gold":122,"neow_bonus":"THREE_CARDS","is_daily":false,"chose_seed":false,"campfire_upgraded":6,"win_rate":0.0,"timestamp":1614339978,"path_taken":["M","?","?","$","M","R","?","R","T","M","M","E","R","?","R","BOSS","M","M","$","M","M","R","E","M","T","?","R","M","?","M","R","BOSS","M","$","M","M","?","R","?","R","T","M","R","M","?","M","R","BOSS"],"items_purchased_type":["Card","Card","Card","Relic"],"build_version":"2020-12-22","purchased_purges":2,"victory":true,"max_hp_per_floor":[75,75,75,75,75,75,75,75,75,75,75,75,75,89,89,89,89,89,89,89,89,89,89,89,89,89,89,89,89,89,89,89,89,94,94,94,94,94,94,94,94,94,94,94,94,94,94,94,94,94],"card_choices":[{"not_picked":["Rip and Tear","Sweeping Beam"],"picked":"Leap","floor":0.0},{"not_picked":["Gash","Hello World"],"picked":"Darkness","floor":1.0},{"not_picked":["Leap","Hologram"],"picked":"Stack","floor":3.0},{"not_picked":["Rip and Tear","Sweeping Beam"],"picked":"Echo Form","floor":5.0},{"not_picked":["Fusion","Sunder","Ball Lightning"],"picked":"SKIP","floor":10.0},{"not_picked":["Melter","Static Discharge","Gash"],"picked":"SKIP","floor":11.0},{"not_picked":["Sunder","Compile Driver"],"picked":"Leap","floor":12.0},{"not_picked":["Rainbow","Buffer"],"picked":"Machine Learning","floor":16.0},{"not_picked":["Stack","Cold Snap+1"],"picked":"Hologram+1","floor":18.0},{"not_picked":["Compile Driver","Fusion","Stack"],"picked":"SKIP","floor":19.0},{"not_picked":["Conserve Battery","Steam Power"],"picked":"Turbo","floor":21.0},{"not_picked":["Loop","Reboot","Hologram"],"picked":"SKIP","floor":22.0},{"not_picked":["Leap+1","Blizzard"],"picked":"Redo","floor":24.0},{"not_picked":["Redo","Force Field"],"picked":"Hologram","floor":25.0},{"not_picked":["Ball Lightning+1","Genetic Algorithm"],"picked":"BootSequence+1","floor":29},{"not_picked":["Cold Snap","Fission","Steam"],"picked":"SKIP","floor":31},{"not_picked":["Creative AI","Amplify"],"picked":"Machine Learning","floor":33},{"not_picked":["Chill","Stack+1","Steam+1"],"picked":"SKIP","floor":35},{"not_picked":["Steam+1","Ball Lightning+1","Turbo+1"],"picked":"SKIP","floor":37},{"not_picked":["Cold Snap","Go for the Eyes","Loop"],"picked":"SKIP","floor":38},{"not_picked":["Cold Snap+1","Compile Driver","Go for the Eyes+1"],"picked":"SKIP","floor":44},{"not_picked":["Conserve Battery","Streamline","Darkness+1"],"picked":"SKIP","floor":46},{"not_picked":["Rebound","Heatsinks","Hologram+1"],"picked":"SKIP","floor":47},{"not_picked":["Cold Snap+1","Compile Driver","Undo"],"picked":"SKIP","floor":48}],"player_experience":156487,"relics_obtained":[{"floor":9.0,"key":"Blood Vial"},{"floor":12.0,"key":"Shovel"},{"floor":13.0,"key":"Oddly Smooth Stone"},{"floor":14.0,"key":"Mango"},{"floor":24.0,"key":"Regal Pillow"},{"floor":26.0,"key":"Bag of Marbles"},{"floor":42,"key":"Thread and Needle"},{"floor":43,"key":"White Beast Statue"},{"floor":45,"key":"TungstenRod"}],"event_choices":[{"cards_removed":["Strike_B"],"damage_healed":0.0,"max_hp_gain":0.0,"max_hp_loss":0.0,"gold_gain":0.0,"event_name":"Purifier","player_choice":"Purged","floor":2.0,"gold_loss":0.0,"damage_taken":0.0},{"damage_healed":18.0,"max_hp_gain":0.0,"max_hp_loss":0.0,"gold_gain":0.0,"event_name":"The Cleric","player_choice":"Healed","floor":7.0,"gold_loss":35.0,"damage_taken":0.0},{"damage_healed":0.0,"max_hp_gain":0.0,"max_hp_loss":0.0,"gold_gain":0.0,"event_name":"Addict","player_choice":"Obtained Relic","floor":27.0,"gold_loss":85.0,"damage_taken":0.0,"relics_obtained":["Mercury Hourglass"]},{"damage_healed":0,"gold_gain":0,"player_choice":"Simplicity","damage_taken":0,"max_hp_gain":0,"max_hp_loss":0,"event_name":"Back to Basics","floor":30,"gold_loss":0,"cards_upgraded":["Defend_B","Defend_B","Defend_B","Defend_B"]},{"damage_healed":0,"gold_gain":0,"player_choice":"Ignored","damage_taken":0,"max_hp_gain":0,"max_hp_loss":0,"event_name":"NoteForYourself","floor":39,"gold_loss":0}],"is_beta":false,"boss_relics":[{"not_picked":["Calling Bell","SlaversCollar"],"picked":"Astrolabe"},{"not_picked":["Black Star","Runic Pyramid"],"picked":"Tiny House"}],"items_purged_floors":[4,20],"is_endless":false,"potions_floor_spawned":[3,10,11,18,24,25,31,33,38,44,46,47,48],"ascension_level":0}}