{"host":"ggy1mjjy92c62u6a","time":1614330271,"event":{"mods":["10 clothes from DAL","ATMod(阿瑾Mod)","Act Like it!","BaseMod","Colored Powertips","GifTheSpireLib","Infinite Spire","Library of Ruina","Library of Ruina Extra","Lobotomy","LobotomyExtend","Marisa（F雨　魔理沙）","Minty Spire (QoL Compilation)","Quick Restart","Relic Filter Mod","Relic Stats","Reliquary","Remilia（蕾米莉亚）","Replay The Spire","RumiaBox-露米娅的神秘盒子","Shop Mod","Spicy Shops","StSLib","SuperFastMode","UnlockEverythingMod","Youmu（魂魄妖梦）","[功能]功能增强和修复MOD","【功能Mod】混沌之环修复补丁","【遗物Mod】死灵法师NEW","【遗物卡牌】REMEMod"],"gold_per_floor":[115,115,40,46,121,156,156,156,156,156,166,166,184,24,24,24,24],"floor_reached":16,"language":"ZHS","playtime":292,"items_purged":["Strike_G"],"score":196,"play_id":"90c83d72-92c7-47a7-811b-c302e58b8236","local_time":"20210226170431","is_ascension_mode":true,"campfire_choices":[{"floor":8,"key":"REST"},{"floor":10,"key":"RECALL"},{"floor":15,"key":"DIG"}],"circlet_count":0,"master_deck":["AscendersBane","Strike_G","Strike_G","Strike_G","Defend_G","Defend_G","Defend_G","Defend_G","Defend_G","Survivor","Neutralize","AT_ChampionStep","AT_WindFlip","Strike_G","ReplayTheSpireMod:The Works","Backflip"],"relics":["Ring of the Snake","REME_ComplimentaryCards","AT_ATBox","CogitoBucket","Baka","LetterFromLob","Smiling Mask","Eternal Feather","Molten Egg 2","AT_ChloranthyRing","ReplayTheSpireMod:TigerMarble"],"acts_visited":["Exordium"],"potions_floor_usage":[6,16],"damage_taken":[{"damage":3.0,"enemies":"2 Louse","floor":1.0,"turns":4.0},{"damage":6,"enemies":"Small Slimes","floor":4,"turns":2},{"damage":33,"enemies":"3 Sentries","floor":6,"turns":6},{"damage":21,"enemies":"Jaw Worm","floor":11,"turns":4},{"damage":7,"enemies":"Gremlin Gang","floor":13,"turns":5},{"damage":18,"enemies":"Slime Boss","floor":16,"turns":4}],"seed_played":"-9109227579287383245","potions_obtained":[{"floor":1.0,"key":"GhostInAJar"},{"floor":11,"key":"DistilledChaos"}],"is_trial":false,"path_per_floor":["M","?","?","M","?","E","?","R","T","R","M","T","M","$","R","B"],"character_chosen":"THE_SILENT","items_purchased":["AT_ChloranthyRing"],"campfire_rested":1,"item_purchase_floors":[14],"current_hp_per_floor":[56,56,56,50,39,6,6,34,34,43,22,22,15,15,24,20,20],"gold":24,"neow_bonus":"","is_daily":false,"chose_seed":false,"campfire_upgraded":0,"win_rate":0.0,"timestamp":1614330271,"path_taken":["M","?","?","M","?","E","?","R","T","R","M","?","?","$","R","BOSS"],"items_purchased_type":["Relic"],"build_version":"2020-12-22","purchased_purges":1,"victory":false,"max_hp_per_floor":[66,66,66,66,66,66,66,66,66,66,66,66,66,66,66,66,66],"relic_stats":{"counters":[6,25],"Eternal Feather":27,"Smiling Mask":25,"obtain_stats":[{"AT_ChloranthyRing":14,"CogitoBucket":0,"AT_ATBox":0,"Eternal Feather":7,"Molten Egg 2":12,"Baka":1,"LetterFromLob":1,"ReplayTheSpireMod:TigerMarble":15,"Smiling Mask":6,"Ring of the Snake":0,"REME_ComplimentaryCards":0},{"AT_ChloranthyRing":5,"CogitoBucket":0,"AT_ATBox":0,"Eternal Feather":3,"Molten Egg 2":4,"Baka":1,"LetterFromLob":1,"ReplayTheSpireMod:TigerMarble":5,"Smiling Mask":3,"Ring of the Snake":0,"REME_ComplimentaryCards":0},{"AT_ChloranthyRing":21,"CogitoBucket":0,"AT_ATBox":0,"Eternal Feather":12,"Molten Egg 2":16,"Baka":4,"LetterFromLob":4,"ReplayTheSpireMod:TigerMarble":21,"Smiling Mask":12,"Ring of the Snake":0,"REME_ComplimentaryCards":0}],"Ring of the Snake":[12]},"card_choices":[{"not_picked":["All Out Attack","Slice"],"picked":"AT_WindFlip","floor":1.0},{"not_picked":["Cloak And Dagger","Dagger Spray"],"picked":"ReplayTheSpireMod:The Works","floor":4},{"not_picked":["Poisoned Stab","Endless Agony","AT_WindFlip"],"picked":"SKIP","floor":6},{"not_picked":["Bane","Dagger Throw"],"picked":"Backflip","floor":11},{"not_picked":["Deadly Poison","Flying Knee+1","Cloak And Dagger"],"picked":"SKIP","floor":13}],"player_experience":172615,"relics_obtained":[{"floor":1.0,"key":"Baka"},{"floor":1.0,"key":"LetterFromLob"},{"floor":6,"key":"Smiling Mask"},{"floor":7,"key":"Eternal Feather"},{"floor":12,"key":"Molten Egg 2"},{"floor":15,"key":"ReplayTheSpireMod:TigerMarble"}],"event_choices":[{"cards_removed":["Strike_G"],"damage_healed":0,"gold_gain":0,"player_choice":"Card Removal","damage_taken":0,"max_hp_gain":0,"max_hp_loss":0,"event_name":"The Cleric","floor":3,"gold_loss":75},{"damage_healed":0,"gold_gain":75,"player_choice":"Gather Gold","damage_taken":11,"max_hp_gain":0,"max_hp_loss":0,"event_name":"World of Goop","floor":5,"gold_loss":0}],"is_beta":false,"boss_relics":[],"items_purged_floors":[14],"is_endless":false,"potions_floor_spawned":[1,11],"killed_by":"Slime Boss","ascension_level":20}}