{"host":"bvr4vhlu71s3njyz","time":1614320459,"event":{"mods":["2.2 Compatiblity","AchievementEnabler","Act Like it!","Aspiration","Astrologer","Bard","BaseMod","Beaked The Cultist","Better Altar","Better Match","Better Note","Better Sensory Stone","Better Skull","Better Third Choice","CCEM2","Conjunction","Downfall","Fiend Mod","Friendly Minions","Gremlin Mod","GungeonMod","Hallownest","Hermit","Hubris","Infinite Spire","Jorbs\u0027s Wanderer Trilogy","Library of Ruina","Mad Scientist","Mimic Mod","Minty Spire (QoL Compilation)","Potionbrewer","Quarter Circle Forward PUNCH!","QueenMod","Replay The Spire","Robot Space Explorer","Shade Mod","Shedinja","Slumbering Mod","Spire Arcade","StSLib","The Blackbeard","The Bladedancer","The Bug Knight","The Caster","The Clintock","The Construct","The Cursed","The Dragon Tamer","The Dragonkin","The Exalted","The Forsaken","The Hayseed","The Hierophant","The Judge","The Marked","The Mystic","The Necromancer","The Poker Player","The Runesmith","The Sage","The Showman","TheFirefly","TheSurvivalist","TheVacant","Trackpad","Wandering Minibosses","thorton"],"gold_per_floor":[114,131,7,17,33,33,67,67,91,108,138,138,189,204,204,306,306,319,279,304,304,324,324,349,349,385,400,400,400],"floor_reached":28,"language":"ENG","playtime":2943,"items_purged":[],"score":273,"play_id":"27d9de18-ecee-4bd1-9d51-a3b6dab8f753","local_time":"20210226012059","is_ascension_mode":false,"campfire_choices":[{"data":"theVacant:CleanseSoul","floor":6,"key":"SMITH"},{"data":"theVacant:Expand","floor":8,"key":"SMITH"},{"floor":12,"key":"REST"},{"floor":15,"key":"REST"},{"data":"theVacant:Release","floor":23,"key":"SMITH"},{"floor":25,"key":"REST"}],"circlet_count":0,"master_deck":["theVacant:VacantStarterStrike","theVacant:VacantStarterStrike","theVacant:VacantStarterStrike","theVacant:VacantStarterStrike","theVacant:VacantStarterDefend","theVacant:VacantStarterDefend","theVacant:VacantStarterDefend","theVacant:VacantStarterDefend","theVacant:Release","theVacant:Crunch+1","theVacant:Fling","theVacant:ShriekingBlast","theVacant:CleanseSoul+1","theVacant:Dig","theVacant:Snowball","theVacant:Expand+1","theVacant:Rejection","theVacant:GraveWave","theVacant:Anguish+1","theVacant:PitOfDespair","theVacant:Spinshield","theVacant:TheAnvil","theVacant:Whip","theVacant:Release+1","theVacant:ShutAway+1","theVacant:Thoughtseize","theVacant:OnSecondThought+1","theVacant:BattleScars"],"relics":["theVacant:BrassGoblet","Replay:Mystery Machine","CCEMRelics:PorcelainBowl","trackpad:SneckoScepter","beaked:ShinyBauble","PageOfBlackSwan","Ancient Tea Set","Happy Flower","infinitespire:Eraser","DemoMod:GlassGuonStoneRelic","wanderingMiniBosses:AbyssPearl"],"acts_visited":["Exordium","TheCity"],"potions_floor_usage":[7,7,16,26,27,28],"damage_taken":[{"damage":0,"enemies":"Cultist","floor":1,"turns":3},{"damage":0,"enemies":"Jaw Worm","floor":2,"turns":4},{"damage":0,"enemies":"2 Louse","floor":4,"turns":2},{"damage":8,"enemies":"Large Slime","floor":5,"turns":8},{"damage":22,"enemies":"Lagavulin","floor":7,"turns":7},{"damage":2,"enemies":"3 Louse","floor":10,"turns":3},{"damage":34,"enemies":"Gremlin Nob","floor":11,"turns":5},{"damage":12,"enemies":"Exordium Thugs","floor":14,"turns":3},{"damage":28,"enemies":"Fading Forest","floor":16,"turns":11},{"damage":8,"enemies":"Chosen","floor":18,"turns":7},{"damage":4,"enemies":"Shell Parasite","floor":22,"turns":4},{"damage":31,"enemies":"Slavers","floor":24,"turns":3},{"damage":38,"enemies":"Snake Plant","floor":26,"turns":8},{"damage":39,"enemies":"Snake Plant","floor":27,"turns":5},{"damage":13,"enemies":"Gremlin Leader","floor":28,"turns":1}],"seed_played":"6260985628458966413","potions_obtained":[{"floor":2,"key":"AttackPotion"},{"floor":5,"key":"potionbrewer:NoxiousPotion"},{"floor":10,"key":"ColorlessPotion"},{"floor":13,"key":"GamblersBrew"},{"floor":14,"key":"SpeedPotion"},{"floor":18,"key":"champ:CounterPotion"},{"floor":27,"key":"BlessingOfTheForge"}],"is_trial":false,"path_per_floor":["M","M","$","M","M","R","E","R","T","M","E","R","?","M","R","B",null,"M","?","T","?","M","R","E","R","MIM","M","E"],"character_chosen":"THE_VACANT","items_purchased":["theVacant:CleanseSoul","theVacant:Dig"],"campfire_rested":3,"item_purchase_floors":[3,3],"current_hp_per_floor":[80,80,80,80,72,72,52,52,52,50,19,44,44,32,57,32,88,83,83,83,83,79,79,51,79,44,5,0,0],"gold":400,"neow_bonus":"UPGRADE_CARD","is_daily":false,"chose_seed":false,"campfire_upgraded":3,"win_rate":0.0,"timestamp":1614320459,"path_taken":["M","M","$","M","?","R","E","R","T","M","E","R","?","M","R","BOSS","M","?","?","?","M","R","E","R","MIM","M","E"],"items_purchased_type":["Card","Card"],"build_version":"2020-12-22","purchased_purges":0,"victory":false,"max_hp_per_floor":[80,80,80,80,80,80,82,82,82,82,85,85,85,85,85,88,88,91,91,91,91,91,91,94,94,97,97,97,97],"card_choices":[{"not_picked":["theVacant:Enrage","theVacant:Cower"],"picked":"theVacant:Fling","floor":1},{"not_picked":["theVacant:FranticBlow","theVacant:ShutAway"],"picked":"theVacant:ShriekingBlast","floor":2},{"not_picked":["theVacant:GraveDigger","theVacant:Reconnect"],"picked":"theVacant:Snowball","floor":4},{"not_picked":["theVacant:Whip","theVacant:EyePoke"],"picked":"theVacant:Expand","floor":5},{"not_picked":["theVacant:Dig","theVacant:Thoughtseize"],"picked":"theVacant:Rejection","floor":7},{"not_picked":["theVacant:Jab","theVacant:Husk"],"picked":"theVacant:GraveWave","floor":10},{"not_picked":["theVacant:Return","theVacant:GraveDigger"],"picked":"theVacant:Anguish","floor":11},{"not_picked":["theVacant:Cower","theVacant:ShutAway"],"picked":"theVacant:PitOfDespair","floor":13},{"not_picked":["theVacant:Enrage","theVacant:Anguish"],"picked":"theVacant:Spinshield","floor":14},{"not_picked":["theVacant:ForgeSoul","theVacant:TimeSkip"],"picked":"theVacant:TheAnvil","floor":16},{"not_picked":["theVacant:Return","theVacant:GraveDigger"],"picked":"theVacant:Whip","floor":18},{"not_picked":["theVacant:Sneeze","theVacant:CleanseSoul"],"picked":"theVacant:ShutAway+1","floor":22},{"not_picked":["theVacant:OnSecondThought","theVacant:FranticBlow"],"picked":"theVacant:Thoughtseize","floor":24},{"not_picked":["theVacant:Thoughtseize","theVacant:Spinshield+1"],"picked":"theVacant:OnSecondThought+1","floor":26},{"not_picked":["theVacant:IntoTheAbyss","theVacant:ShutAway"],"picked":"theVacant:BattleScars","floor":27}],"player_experience":1303554,"relics_obtained":[{"floor":7,"key":"Replay:Mystery Machine"},{"floor":9,"key":"CCEMRelics:PorcelainBowl"},{"floor":11,"key":"trackpad:SneckoScepter"},{"floor":13,"key":"beaked:ShinyBauble"},{"floor":20,"key":"Ancient Tea Set"},{"floor":24,"key":"Happy Flower"},{"floor":26,"key":"infinitespire:Eraser"},{"floor":27,"key":"wanderingMiniBosses:AbyssPearl"}],"event_choices":[{"damage_healed":0,"gold_gain":0,"player_choice":"Upgrade","damage_taken":0,"max_hp_gain":0,"max_hp_loss":0,"event_name":"Designer","floor":19,"gold_loss":40,"cards_upgraded":["theVacant:Anguish"]},{"damage_healed":0,"gold_gain":0,"player_choice":"Copied","damage_taken":0,"max_hp_gain":0,"max_hp_loss":0,"event_name":"Duplicator","floor":21,"gold_loss":0,"cards_obtained":["theVacant:Release"]}],"is_beta":false,"boss_relics":[{"not_picked":["hubris:BlackHole","CCEMRelics:DarkMatter"],"picked":"PageOfBlackSwan"}],"items_purged_floors":[],"is_endless":false,"potions_floor_spawned":[2,5,10,14,18,27],"killed_by":"Gremlin Leader","ascension_level":0}}