{"host":"bxn2em57qlx5u4i0","time":1614304266,"event":{"mods":["BaseMod","Colored Map","Colored Powertips","Highlight Path","Minty Spire (QoL Compilation)","Random Character Button","Relic Sorter","Relic Stats","StSLib","SuperFastMode"],"gold_per_floor":[20,20,20,38,88,88,104,104,104],"floor_reached":8,"language":"ENG","playtime":207,"items_purged":[],"score":92,"play_id":"d4ac32dd-9564-44e0-9937-1c82b718fec6","local_time":"20210225205106","is_ascension_mode":true,"campfire_choices":[{"data":"Dagger Spray","floor":6,"key":"SMITH"}],"circlet_count":0,"master_deck":["AscendersBane","Strike_G","Strike_G","Strike_G","Strike_G","Defend_G","Defend_G","Defend_G","Defend_G","Survivor","Neutralize","Dagger Spray+1","Pain","Reflex","Escape Plan"],"relics":["Ring of the Snake","WarpedTongs"],"acts_visited":["Exordium"],"potions_floor_usage":[8,8],"damage_taken":[{"damage":22,"enemies":"Cultist","floor":1,"turns":7},{"damage":11,"enemies":"Jaw Worm","floor":4,"turns":7},{"damage":1,"enemies":"2 Louse","floor":7,"turns":2},{"damage":42,"enemies":"Lagavulin","floor":8,"turns":8}],"seed_played":"-7494156779510249282","potions_obtained":[{"floor":4,"key":"SkillPotion"},{"floor":7,"key":"Swift Potion"}],"is_trial":false,"path_per_floor":["M","?","$","M","?","R","M","E"],"character_chosen":"THE_SILENT","items_purchased":[],"campfire_rested":0,"item_purchase_floors":[],"current_hp_per_floor":[37,37,37,26,26,26,25,0,0],"gold":104,"neow_bonus":"REMOVE_TWO","is_daily":false,"chose_seed":false,"campfire_upgraded":1,"win_rate":0.0,"timestamp":1614304266,"path_taken":["M","?","?","M","?","R","?","E"],"items_purchased_type":[],"build_version":"2020-12-22","purchased_purges":0,"victory":false,"max_hp_per_floor":[66,66,66,66,66,66,66,66,66],"relic_stats":{"counters":[4,24],"obtain_stats":[{"Ring of the Snake":0,"WarpedTongs":2},{"Ring of the Snake":0,"WarpedTongs":1},{"Ring of the Snake":0,"WarpedTongs":7}],"Ring of the Snake":[8],"WarpedTongs":[17]},"card_choices":[{"not_picked":["Outmaneuver","Endless Agony"],"picked":"Dagger Spray","floor":1},{"not_picked":["Concentrate","Underhanded Strike"],"picked":"Reflex","floor":4},{"not_picked":["Flying Knee","Dodge and Roll"],"picked":"Escape Plan","floor":7}],"player_experience":3052413,"relics_obtained":[],"event_choices":[{"damage_healed":0,"gold_gain":0,"player_choice":"Rummage","damage_taken":0,"relics_obtained":["WarpedTongs"],"max_hp_gain":0,"max_hp_loss":0,"event_name":"Accursed Blacksmith","floor":2,"gold_loss":0,"cards_obtained":["Pain"]},{"damage_healed":0,"gold_gain":50,"player_choice":"Pray","damage_taken":0,"max_hp_gain":0,"max_hp_loss":0,"event_name":"Golden Shrine","floor":5,"gold_loss":0}],"is_beta":false,"boss_relics":[],"items_purged_floors":[],"is_endless":false,"potions_floor_spawned":[4,7],"killed_by":"Lagavulin","ascension_level":20}}