{"host":"xz7n3qy1zq36rzpg","time":1614325995,"event":{"mods":["BaseMod","Colored Map","Colored Powertips","Highlight Path","Minty Spire (QoL Compilation)","Quick Restart","Shop Mod"],"gold_per_floor":[116,116,133,143,162,188,188,205,205,218,235,265,277,24,24,126,126,141,241,260,185,205,205,205,205],"floor_reached":24,"language":"ENG","playtime":1257,"items_purged":[],"score":276,"play_id":"4cbf343c-390f-4489-9347-a6d6ca013962","local_time":"20210226085315","is_ascension_mode":true,"campfire_choices":[{"floor":7.0,"key":"REST"},{"data":"Dropkick","floor":15,"key":"SMITH"},{"data":"Shrug It Off","floor":23,"key":"SMITH"}],"circlet_count":0,"master_deck":["Strike_R","Strike_R","Strike_R","Strike_R","Defend_R","Defend_R","Defend_R","Defend_R","Bash","Armaments","Clothesline","Ghostly Armor","Wild Strike","Wild Strike","Shrug It Off+1","Iron Wave","Sword Boomerang","Blood for Blood","Twin Strike","Dropkick+1","The Bomb","Cleave","Cleave","Flex"],"relics":["Burning Blood","StoneCalendar","GremlinMask","Matryoshka","Bag of Marbles","Lantern","Eternal Feather","SacredBark"],"acts_visited":["Exordium","TheCity"],"potions_floor_usage":[16,16,22],"damage_taken":[{"damage":4.0,"enemies":"2 Louse","floor":1.0,"turns":4.0},{"damage":15.0,"enemies":"Cultist","floor":3.0,"turns":5.0},{"damage":5.0,"enemies":"Jaw Worm","floor":4.0,"turns":4.0},{"damage":13.0,"enemies":"3 Louse","floor":5.0,"turns":6.0},{"damage":26.0,"enemies":"Lagavulin","floor":6.0,"turns":7.0},{"damage":0.0,"enemies":"Large Slime","floor":8.0,"turns":5.0},{"damage":2.0,"enemies":"2 Fungi Beasts","floor":10.0,"turns":3.0},{"damage":7.0,"enemies":"Exordium Thugs","floor":11.0,"turns":5.0},{"damage":24.0,"enemies":"3 Sentries","floor":12.0,"turns":7.0},{"damage":12.0,"enemies":"Lots of Slimes","floor":13.0,"turns":4.0},{"damage":33,"enemies":"The Guardian","floor":16,"turns":7},{"damage":31,"enemies":"Shell Parasite","floor":18,"turns":7},{"damage":7,"enemies":"Chosen","floor":20,"turns":3},{"damage":50,"enemies":"Snake Plant","floor":22,"turns":6},{"damage":53,"enemies":"Gremlin Leader","floor":24,"turns":4}],"seed_played":"-2884499449927005078","potions_obtained":[{"floor":5.0,"key":"DuplicationPotion"},{"floor":8.0,"key":"SteroidPotion"},{"floor":10.0,"key":"Fire Potion"},{"floor":12.0,"key":"EntropicBrew"},{"floor":16,"key":"ElixirPotion"},{"floor":18,"key":"FairyPotion"}],"is_trial":false,"path_per_floor":["M","?","M","M","M","E","R","M","T","M","M","E","M","$","R","B",null,"M","?","M","?","M","R","E"],"character_chosen":"IRONCLAD","items_purchased":["Dropkick","The Bomb"],"campfire_rested":1,"item_purchase_floors":[14,14],"current_hp_per_floor":[72,72,63,64,57,37,58,64,64,68,67,49,43,43,55,28,61,36,36,35,35,41,53,0,0],"gold":205,"neow_bonus":"ONE_RARE_RELIC","is_daily":false,"chose_seed":false,"campfire_upgraded":2,"win_rate":0.0,"timestamp":1614325995,"path_taken":["M","?","?","M","M","E","R","M","T","M","M","E","M","$","R","BOSS","M","?","?","?","M","R","E"],"items_purchased_type":["Card","Card"],"build_version":"2020-12-22","purchased_purges":0,"victory":false,"max_hp_per_floor":[72,72,72,72,72,72,72,72,72,72,72,72,72,72,72,72,72,72,72,72,72,72,72,72,72],"card_choices":[{"not_picked":["Heavy Blade","Clothesline"],"picked":"Armaments","floor":1.0},{"not_picked":["Intimidate","Second Wind"],"picked":"Clothesline","floor":3.0},{"not_picked":["Rampage","Wild Strike"],"picked":"Ghostly Armor","floor":4.0},{"not_picked":["Fire Breathing","True Grit"],"picked":"Wild Strike","floor":5.0},{"not_picked":["Clash","Clothesline"],"picked":"Wild Strike","floor":6.0},{"not_picked":["Uppercut","Combust"],"picked":"Shrug It Off","floor":8.0},{"not_picked":["Armaments","Dark Embrace"],"picked":"Iron Wave","floor":10.0},{"not_picked":["Burning Pact","Exhume"],"picked":"Sword Boomerang","floor":11.0},{"not_picked":["Combust","Anger"],"picked":"Blood for Blood","floor":12.0},{"not_picked":["Intimidate","Bloodletting"],"picked":"Twin Strike","floor":13.0},{"not_picked":["Disarm","Pommel Strike+1"],"picked":"Cleave","floor":18},{"not_picked":["Second Wind","Dark Embrace+1"],"picked":"Cleave","floor":20},{"not_picked":["Cleave","Heavy Blade+1"],"picked":"Flex","floor":22}],"player_experience":589256,"relics_obtained":[{"floor":6.0,"key":"Matryoshka"},{"floor":9.0,"key":"Bag of Marbles"},{"floor":9.0,"key":"Lantern"},{"floor":12.0,"key":"Eternal Feather"}],"event_choices":[{"damage_healed":0.0,"max_hp_gain":0.0,"max_hp_loss":0.0,"gold_gain":0.0,"event_name":"FaceTrader","player_choice":"Trade","floor":2.0,"gold_loss":0.0,"damage_taken":0.0,"relics_obtained":["GremlinMask"]},{"damage_healed":0,"gold_gain":100,"player_choice":"Pray","damage_taken":0,"max_hp_gain":0,"max_hp_loss":0,"event_name":"Golden Shrine","floor":19,"gold_loss":0},{"cards_removed":["Strike_R"],"damage_healed":0,"gold_gain":0,"player_choice":"Gave Gold","damage_taken":0,"max_hp_gain":0,"max_hp_loss":0,"event_name":"Beggar","floor":21,"gold_loss":75}],"is_beta":false,"boss_relics":[{"not_picked":["Velvet Choker","Ectoplasm"],"picked":"SacredBark"}],"items_purged_floors":[],"is_endless":false,"potions_floor_spawned":[5,8,10,12,16,18,20],"killed_by":"Gremlin Leader","ascension_level":6}}