{"host":"weghyrtrhzwgovqi","time":1614324549,"event":{"mods":["BaseMod","Defuse TimeMaze Blight","Library of Ruina","Library of Ruina Extra","Lobotomy","LobotomyExtend","Minty Spire (QoL Compilation)","StSLib","Uncapped","UnlockEverythingMod","noobMod"],"gold_per_floor":[114,114,130,140,155,185,200,54,81,81,81,106,106,206,206,305,305,317,317,329,110,122,122,150,161,161,176,176,208,219,233,233,363,363,375,375,375],"floor_reached":36,"language":"ZHS","playtime":1439,"items_purged":["FocusedStrikes"],"score":491,"play_id":"442073b2-fa7b-46e5-9d0b-92843a2c68e1","local_time":"20210226152909","is_ascension_mode":false,"campfire_choices":[{"data":"EnergyCycle","floor":10.0,"key":"SMITH"},{"data":"BiAn","floor":13.0,"key":"SMITH"},{"data":"Execute_lor","floor":15.0,"key":"SMITH"},{"data":"ShrineToMusic","floor":23,"key":"SMITH"},{"data":"BoundaryOfDeath","floor":28,"key":"SMITH"},{"data":"Leap_lor","floor":32,"key":"SMITH"}],"circlet_count":0,"master_deck":["BodiesMountain","Funeral","LongBird","ApocalypseBird","PunishingBird","BigBird","Dodge","LightDefense","LightAttack","LightAttack","LightAttack","LightDefense","LightDefense","LightDefense","ChargeAndCover","Execute_lor+1","FieryBird","JiaoTu+1","Leap_lor+1","EnergyCycle+1","FormingStorm+1","BiAn+1","BoundaryOfDeath+1","ShrineToMusic+1","FieryDragonSlash+1"],"relics":["PageOfLibrarian","ice","CogitoBucket","LetterFromLob","Pear","Lamp_r","BackwardClock","Whetstone","Centennial Puzzle","Dream Catcher","Coffee Dripper","Twilight","Justitia_r","AspirationHeart","Vajra","SolemnVow_r","Art of War","Eternal Feather","TheSmile_r","Smiling Mask","ChangeAnything","Black Star"],"acts_visited":["Exordium","TheCity","TheBeyond"],"potions_floor_usage":[19],"damage_taken":[{"damage":11.0,"enemies":"Jaw Worm","floor":1.0,"turns":2.0},{"damage":3.0,"enemies":"Small Slimes","floor":3.0,"turns":2.0},{"damage":10.0,"enemies":"Cultist","floor":4.0,"turns":2.0},{"damage":0.0,"enemies":"Exordium Wildlife","floor":5.0,"turns":3.0},{"damage":27.0,"enemies":"3 Sentries","floor":6.0,"turns":6.0},{"damage":81.0,"enemies":"Blue Slaver","floor":7.0,"turns":7.0},{"damage":5.0,"enemies":"Lagavulin","floor":12.0,"turns":3.0},{"damage":12.0,"enemies":"Slime Boss","floor":16.0,"turns":6.0},{"damage":6,"enemies":"Spheric Guardian","floor":18,"turns":2},{"damage":115,"enemies":"Chosen","floor":19,"turns":9},{"damage":62,"enemies":"Chosen","floor":20,"turns":6},{"damage":23,"enemies":"Sentry and Sphere","floor":22,"turns":3},{"damage":3,"enemies":"Book of Stabbing","floor":24,"turns":2},{"damage":12,"enemies":"Snake Plant","floor":25,"turns":2},{"damage":9,"enemies":"Shelled Parasite and Fungi","floor":27,"turns":2},{"damage":7,"enemies":"Slavers","floor":29,"turns":3},{"damage":154,"enemies":"Cultist and Chosen","floor":30,"turns":5},{"damage":0,"enemies":"Centurion and Healer","floor":31,"turns":1},{"damage":54,"enemies":"RedHoodMercenary","floor":33,"turns":3},{"damage":0,"enemies":"3 Darklings","floor":35,"turns":1},{"damage":172,"enemies":"3 Shapes","floor":36,"turns":1}],"seed_played":"8909160952839919758","potions_obtained":[{"floor":3.0,"key":"Ancient Potion"},{"floor":18,"key":"PowerPotion"},{"floor":22,"key":"FearPotion"},{"floor":24,"key":"Swift Potion"}],"is_trial":false,"path_per_floor":["M","?","M","M","M","E","M","$","T","R","?","E","R","?","R","B",null,"M","M","M","$","M","R","E","M","T","M","R","E","M","M","R","B",null,"M","M"],"character_chosen":"Librarian","items_purchased":["Whetstone","Vajra"],"campfire_rested":0,"item_purchase_floors":[8,21],"current_hp_per_floor":[49,54,51,41,41,24,27,27,27,27,27,22,22,22,22,37,108,98,98,58,58,41,41,38,26,26,18,33,38,42,67,82,290,290,124,0,0],"gold":375,"neow_bonus":"","is_daily":false,"chose_seed":false,"campfire_upgraded":6,"win_rate":0.0,"timestamp":1614324549,"path_taken":["M","?","M","M","M","E","M","$","T","R","?","E","R","?","R","BOSS","M","M","M","$","?","R","E","M","T","M","R","E","M","M","R","BOSS","M","M"],"items_purchased_type":["Relic","Relic"],"build_version":"2020-12-22","purchased_purges":1,"victory":false,"max_hp_per_floor":[62,67,73,76,72,86,88,88,88,94,94,224,224,224,224,108,108,98,98,116,116,132,132,118,136,136,137,138,138,162,152,285,290,290,290,290,290],"card_choices":[{"not_picked":["Bloodbath","VoidDream","MHz"],"picked":"Singing Bowl","floor":1.0},{"not_picked":["FlashingStrike","BiteOff","SnakesPrey"],"picked":"Execute_lor","floor":1.0},{"not_picked":["MHz","NakedNest"],"picked":"FieryBird","floor":3.0},{"not_picked":["Diversion","SpearedSweep","FlyingSword"],"picked":"JiaoTu","floor":3.0},{"not_picked":["Scorched","MeatLantern","Variant"],"picked":"Singing Bowl","floor":4.0},{"not_picked":["HighKick","TheWillOfTheCity","Standoff"],"picked":"Leap_lor","floor":4.0},{"not_picked":["VoidDream","Yin"],"picked":"BigBird","floor":5.0},{"not_picked":["SnakesPrey","IronWall","StayCalm","Rewind"],"picked":"SKIP","floor":5.0},{"not_picked":["WhitesApple","Scorched"],"picked":"QueenOfHatred","floor":6.0},{"not_picked":["DefenseOrder","Diversion","Transpierce"],"picked":"EnergyCycle","floor":6.0},{"not_picked":["GalaxyChild","Bloodbath","GreedKing"],"picked":"Singing Bowl","floor":7.0},{"not_picked":["PuppetBlockade","GuidanceOfTheGears","DeepDrag"],"picked":"FormingStorm","floor":7.0},{"not_picked":["WallGazer","Yin","BigBadWolf"],"picked":"Singing Bowl","floor":12.0},{"not_picked":["SharpSwipe","Collision","DarkCloud"],"picked":"BiAn","floor":12.0},{"not_picked":["OldLady","BeautyBeast"],"picked":"PunishingBird","floor":16.0},{"not_picked":["RipSpace","FleshFillet"],"picked":"BoundaryOfDeath","floor":16.0},{"not_picked":["BlackSwan","Alriune","FairyFestival"],"picked":"Singing Bowl","floor":18},{"not_picked":["BeautyBeast","Scorched"],"picked":"LongBird","floor":18},{"not_picked":["Rewind","RipSpace","GaleKick+1","WillOfThePrescript"],"picked":"SKIP","floor":18},{"not_picked":["BlackSwan","LittlePrince","Rudolta"],"picked":"Singing Bowl","floor":19},{"not_picked":["Standoff+1","SharpSwipe","SpearedSweep+1"],"picked":"ShrineToMusic","floor":19},{"not_picked":["Woodsman","RedShoes","VoidDream"],"picked":"Singing Bowl","floor":20},{"not_picked":["FairyFestival","SpiderBud"],"picked":"Funeral","floor":20},{"not_picked":["HiddenBlade+1","Slice_lor","PuppetBlockade","SparkingSpear"],"picked":"SKIP","floor":20},{"not_picked":["LittlePrince","UniverseFragment","NakedNest"],"picked":"Singing Bowl","floor":22},{"not_picked":["Parry2","SpearedSweep+1","Outburst","ViolentFlame"],"picked":"SKIP","floor":22},{"not_picked":["ShyLook","SpiderBud","MHz"],"picked":"Singing Bowl","floor":24},{"not_picked":["SnakesPrey","DarkCloud","ToOvercomeCrisis","EndlessBattle"],"picked":"SKIP","floor":24},{"not_picked":["Scorched","LaLuna","GreedKing"],"picked":"Singing Bowl","floor":25},{"not_picked":["SunsetBlade","WillOfThePrescript","EnergyCycle"],"picked":"FieryDragonSlash+1","floor":25},{"not_picked":["FairyFestival","Wellcheers","WhitesApple"],"picked":"Singing Bowl","floor":27},{"not_picked":["MHz","BlueStar"],"picked":"BodiesMountain","floor":27},{"not_picked":["ProselytesBlade+1","EndlessBattle+1","SpearedSweep","SnakesPrey"],"picked":"SKIP","floor":27},{"not_picked":["Murderer","WallGazer","HeroicMonk"],"picked":"Singing Bowl","floor":29},{"not_picked":["RepressedFlesh","ViolentFlame","Gamble","SunsetBlade"],"picked":"SKIP","floor":29},{"not_picked":["Wellcheers","MeatLantern","Freischutz"],"picked":"Singing Bowl","floor":30},{"not_picked":["SilentMist","BiAn","ChargeUp","Parry2"],"picked":"SKIP","floor":30},{"not_picked":["WallGazer","CrumblingArmor","BlackArmy"],"picked":"Singing Bowl","floor":31},{"not_picked":["Woodsman","SpiderBud"],"picked":"BlueStar","floor":31},{"not_picked":["Diversion","SmokingPipe","SilentMist+1","EnergyCycle"],"picked":"SKIP","floor":31},{"not_picked":["Woodsman","Scarecrow","DreamingCurrent"],"picked":"Singing Bowl","floor":33},{"not_picked":["LittlePrince","WallGazer","SilentOrchestra"],"picked":"Singing Bowl","floor":35},{"not_picked":["Collision+1","AutonomousRush+1","GuidanceOfTheGears+1","CoordinatedAssault+1"],"picked":"SKIP","floor":35}],"player_experience":126744,"relics_obtained":[{"floor":1.0,"key":"LetterFromLob"},{"floor":6.0,"key":"Pear"},{"floor":9.0,"key":"Centennial Puzzle"},{"floor":12.0,"key":"Dream Catcher"},{"floor":19,"key":"Twilight"},{"floor":24,"key":"Art of War"},{"floor":26,"key":"Eternal Feather"},{"floor":29,"key":"Smiling Mask"}],"event_choices":[{"damage_healed":0.0,"max_hp_gain":5.0,"max_hp_loss":0.0,"gold_gain":0.0,"event_name":"Big Fish","player_choice":"Donut","floor":2.0,"gold_loss":0.0,"damage_taken":0.0},{"damage_healed":0.0,"max_hp_gain":0.0,"max_hp_loss":0.0,"gold_gain":100.0,"event_name":"Golden Shrine","player_choice":"Pray","floor":14.0,"gold_loss":0.0,"damage_taken":0.0}],"is_beta":false,"boss_relics":[{"not_picked":["Ectoplasm","Sozu"],"picked":"Coffee Dripper"},{"not_picked":["Fusion Hammer","Busted Crown"],"picked":"Black Star"}],"items_purged_floors":[21],"is_endless":false,"potions_floor_spawned":[3,6,18,22,24,31,33],"killed_by":"3 Shapes","ascension_level":0}}