{"host":"qrbkigq52dd42dk0","time":1614360359,"event":{"mods":["AchievementEnabler","BaseMod","Colored Map","Colored Powertips","Minty Spire (QoL Compilation)","Morshu Shopkeeper - ENHANCED","Quick Restart","StSLib","SuperFastMode","The IronCluck","everything is the same but u backflip on backflip"],"gold_per_floor":[113,113,73,91,104,138,150,189,228,240,240],"floor_reached":10,"language":"ENG","playtime":239,"items_purged":[],"score":91,"play_id":"b66ad9f4-f4bf-4204-8a34-5570c532b754","local_time":"20210226182559","is_ascension_mode":true,"campfire_choices":[{"data":"Skewer","floor":7,"key":"SMITH"}],"circlet_count":0,"master_deck":["Strike_G","Strike_G","Strike_G","Strike_G","Strike_G","Defend_G","Defend_G","Defend_G","Defend_G+1","Defend_G+1","Survivor","Neutralize","Deflect","Skewer+1","Slice","Cloak And Dagger","Noxious Fumes"],"relics":["Ring of the Snake","Ancient Tea Set","MawBank","Regal Pillow","MealTicket"],"acts_visited":["Exordium"],"potions_floor_usage":[6,6,10],"damage_taken":[{"damage":3,"enemies":"2 Louse","floor":1,"turns":5},{"damage":1,"enemies":"Small Slimes","floor":4,"turns":5},{"damage":2,"enemies":"Cultist","floor":5,"turns":4},{"damage":21,"enemies":"Gremlin Nob","floor":6,"turns":4},{"damage":5,"enemies":"Lagavulin","floor":8,"turns":5},{"damage":16,"enemies":"Gremlin Nob","floor":10,"turns":3}],"seed_played":"-7324145329017703063","potions_obtained":[{"floor":3,"key":"Strength Potion"},{"floor":3,"key":"PowerPotion"},{"floor":3,"key":"Ancient Potion"}],"is_trial":false,"path_per_floor":["M","?","?","M","M","E","R","E","T","E"],"character_chosen":"THE_SILENT","items_purchased":[],"campfire_rested":0,"item_purchase_floors":[],"current_hp_per_floor":[67,53,53,52,50,29,29,24,24,8,8],"gold":240,"neow_bonus":"RANDOM_COMMON_RELIC","is_daily":false,"chose_seed":false,"campfire_upgraded":1,"win_rate":0.0,"timestamp":1614360359,"path_taken":["M","?","?","?","M","E","R","E","T","E"],"items_purchased_type":[],"build_version":"2020-12-22","purchased_purges":0,"victory":false,"max_hp_per_floor":[70,70,70,70,70,70,70,70,70,70,70],"card_choices":[{"not_picked":["Underhanded Strike","Sucker Punch"],"picked":"Deflect","floor":1},{"not_picked":["PiercingWail","Predator"],"picked":"Skewer","floor":4},{"not_picked":["Flying Knee","Unload"],"picked":"Slice","floor":5},{"not_picked":["Masterful Stab","Bane"],"picked":"Cloak And Dagger","floor":6},{"not_picked":["Dagger Spray","Eviscerate"],"picked":"Noxious Fumes","floor":8}],"player_experience":248272,"relics_obtained":[{"floor":6,"key":"MawBank"},{"floor":8,"key":"Regal Pillow"},{"floor":9,"key":"MealTicket"}],"event_choices":[{"damage_healed":0,"gold_gain":0,"player_choice":"Entered Light","damage_taken":14,"max_hp_gain":0,"max_hp_loss":0,"event_name":"Shining Light","floor":2,"gold_loss":0,"cards_upgraded":["Defend_G","Defend_G"]},{"damage_healed":0,"gold_gain":0,"player_choice":"Bought 3 Potions","damage_taken":0,"max_hp_gain":0,"max_hp_loss":0,"event_name":"The Woman in Blue","floor":3,"gold_loss":0}],"is_beta":false,"boss_relics":[],"items_purged_floors":[],"is_endless":false,"potions_floor_spawned":[5],"killed_by":"Gremlin Nob","ascension_level":4}}