{"host":"i73ch23exsqar74a","time":1614358824,"event":{"mods":["AchievementEnabler","Act Like it!","Arknights","Aspiration","Astrologer","Bard","BaseMod","Beaked The Cultist","Better Sensory Stone","CCEM2","CapriCore","Challenge The Spire","ChefMod","Chen","Colored Map","Colored Powertips","Conjunction","Conspire","Downfall","Fireblade Mod","FutureSeer","GifTheSpireLib","Glutton Mod","Gremlin Mod","Halation","Hermit","Highlight Path","HololiveMod","Hubris","Infinite Spire","Jedi Mod","Library of Ruina","Library of Ruina Extra","Lobotomy","LobotomyExtend","Luminous","Marked Mod","Minty Spire (QoL Compilation)","Prisma Mod","Quarter Circle Forward PUNCH!","Quick Restart","Random Character Button","RatMod","Relic Sorter","Reliquary","Replay The Spire","Ruina","SOS???????","Shade Mod","Spicy Shops","Spikes Relics","Spire Arcade","StSLib","Stuff the Spire","The Alterego","The Animator","The Bug Knight","The Construct","The Cursed","The Druid","The Exalted","The Immortal","The Judge","The Poker Player","The Sage","The Wild Card","TheHero","TheSwordswoman","TheVacant","TheVelvet","Thieving Mod","Yuri Mod","???Mod??????Boss","???mod?????"],"gold_per_floor":[116,68,34,50,50,50,76,76,76,76,76,94,109,126,126,221,321,341,291,291,306,306,306,333,146,223,223,251,251,271,282,282,379,379,391,391,411,431,431,431,466,466,538,538,557,589,589,599,599,599,599],"floor_reached":52,"language":"ENG","playtime":1211,"items_purged":[],"score":873,"play_id":"1608b2ef-91cb-47c6-a52e-e9c9ced8707f","local_time":"20210226210024","is_ascension_mode":false,"campfire_choices":[{"data":"FierceCharge","floor":6.0,"key":"SMITH"},{"data":"TrashDisposal","floor":8.0,"key":"SMITH"},{"data":"DegradedShockwave","floor":11.0,"key":"SMITH"},{"data":"SharpenedBlade","floor":15.0,"key":"SMITH"},{"data":"ruina:FadedMemories","floor":23.0,"key":"SMITH"},{"data":"ruina:CobaltScar","floor":27.0,"key":"SMITH"},{"floor":32.0,"key":"REST"},{"data":"Unlock1","floor":40.0,"key":"SMITH"},{"data":"FlashingStrike","floor":44.0,"key":"SMITH"},{"data":"BoundaryOfDeath","floor":49,"key":"SMITH"}],"circlet_count":0,"master_deck":["DegradedFairy","DegradedFairy","DegradedFairy","DegradedChain","DegradedChain","DegradedLock","DegradedPillar","DegradedPillar","DegradedShockwave+1","Parry2+1","GuardingStance+1","FierceCharge+1","TrashDisposal+1","SharpenedBlade+1","FierceOnslaught","Unlock1+1","RepressedFlesh+1","SteelKnuckles+1","ruina:FalseThrone","Slice_lor+1","ruina:FadedMemories+1","MirageStorm","ruina:CobaltScar+1","SnakeSlit+1","FlashingStrike+1","GoinFirst+1","SerpentSwordTechnique+1","SwordOfVolition+1","NonstopAssault+1","BoundaryOfDeath+1","FierceOnslaught+1","ShrineToMusic+1"],"relics":["PageOfLibrarian","halation:RedSoulGem","reliquary:FerryPass","LetterFromLob","PageOfAspirationHeart","hubris:SlimyHat","StuffTheSpire:CocoNut","CCEMRelics:CarbonFilter","Replay:Wanted Poster","Bromod:ArcaneAvenger","CCEMRelics:GlassOfMilk","Replay:WaspNest","Philosopher\u0027s Stone","Blood Vial","PageOfScorchedGirl"],"acts_visited":["Exordium","Exordium","TheBeyond"],"potions_floor_usage":[],"damage_taken":[{"damage":0.0,"enemies":"Cultist","floor":1.0,"turns":1.0},{"damage":0.0,"enemies":"2 Louse","floor":4.0,"turns":1.0},{"damage":0.0,"enemies":"Gremlin Nob","floor":7.0,"turns":2.0},{"damage":0.0,"enemies":"Jaw Worm","floor":12.0,"turns":1.0},{"damage":0.0,"enemies":"Looter","floor":13.0,"turns":1.0},{"damage":0.0,"enemies":"Exordium Thugs","floor":14.0,"turns":1.0},{"damage":0.0,"enemies":"Slime Boss","floor":16.0,"turns":2.0},{"damage":12.0,"enemies":"ruina:BadWolf","floor":18.0,"turns":3.0},{"damage":0.0,"enemies":"ruina:Nosferatu","floor":21.0,"turns":2.0},{"damage":0.0,"enemies":"ruina:ServantOfWrath","floor":24.0,"turns":2.0},{"damage":0.0,"enemies":"Nightmare","floor":28.0,"turns":4.0},{"damage":0.0,"enemies":"ruina:Woodsman","floor":30.0,"turns":2.0},{"damage":0.0,"enemies":"ruina:KingOfGreed","floor":31.0,"turns":2.0},{"damage":0.0,"enemies":"ruina:Ozma","floor":33.0,"turns":3.0},{"damage":0.0,"enemies":"3 Darklings","floor":35.0,"turns":1.0},{"damage":0.0,"enemies":"Orb Walker","floor":37.0,"turns":2.0},{"damage":0.0,"enemies":"Writhing Mass","floor":38.0,"turns":2.0},{"damage":0.0,"enemies":"HollowMod:StalkingDevout","floor":41.0,"turns":1.0},{"damage":0.0,"enemies":"Sphere and 2 Shapes","floor":45.0,"turns":2.0},{"damage":0,"enemies":"R_Hoarder","floor":46,"turns":2},{"damage":0,"enemies":"Maw","floor":48,"turns":2},{"damage":7,"enemies":"Donu and Deca","floor":50,"turns":2},{"damage":0,"enemies":"Donu and Deca","floor":51,"turns":3}],"seed_played":"-1681177770468248066","potions_obtained":[{"floor":1.0,"key":"AttackPotion"},{"floor":12.0,"key":"EssenceOfSteel"},{"floor":19.0,"key":"SteroidPotion"},{"floor":21.0,"key":"AttackPotion"},{"floor":24.0,"key":"construct:ShiftPotion"}],"is_trial":false,"path_per_floor":["M","$","?","M","$","R","E","R","T","?","R","M","M","M","R","B",null,"M","?","?","M","?","R","E","$","T","R","NM","?","M","M","R","B",null,"M","?","M","M","?","R","E","?","T","R","M","E","?","M","R","B",null,null],"character_chosen":"Librarian","items_purchased":["GuardingStance","ruina:CobaltScar"],"campfire_rested":1,"item_purchase_floors":[2,25],"current_hp_per_floor":[69,69,69,69,69,69,69,69,76,76,76,80,80,80,80,84,106,94,94,102,102,102,102,102,102,102,102,102,34,34,34,68,72,114,114,114,114,114,114,114,114,114,114,114,114,114,114,114,114,107,109],"gold":599,"neow_bonus":"TEN_PERCENT_HP_BONUS","is_daily":false,"chose_seed":false,"campfire_upgraded":9,"win_rate":0.0,"timestamp":1614358824,"path_taken":["M","?","?","M","$","R","E","R","T","?","R","?","M","M","R","BOSS","M","?","?","M","?","R","E","$","T","R","NM","?","?","M","R","BOSS","M","?","?","M","?","R","E","?","T","R","M","E","?","?","R","BOSS"],"items_purchased_type":["Card","Card"],"build_version":"2020-12-22","purchased_purges":0,"victory":true,"max_hp_per_floor":[99,99,99,99,99,99,99,99,106,106,106,106,106,106,106,106,106,106,106,114,114,114,114,114,114,114,114,114,114,114,114,114,114,114,114,114,114,114,114,114,114,114,114,114,114,114,114,114,114,114,114],"card_choices":[{"not_picked":["QuickAttack","Tailoring","HighKick","Wallop_lor","SparkingSpear","FleetEdge","BiXi","PreemptiveStrike"],"picked":"Parry2","floor":1.0},{"not_picked":["Thrust","Zzzzzap","RulesOfTheBackstreets","TheArtOfRapidSteps","Parry","EnergyStrike","AsThePrescriptOrders","EndlessBattle"],"picked":"FierceCharge","floor":4.0},{"not_picked":["Track","BiAn","SunsetBlade","CoordinatedAssault","ChiWen","Parry","SpearedSweep","Transpierce"],"picked":"TrashDisposal","floor":7.0},{"not_picked":["Thrust","PinpointShot","Unlock1","HiddenBlade","Eliminate","NightInTheBackstreets","Multislash","Punishment"],"picked":"SharpenedBlade","floor":12.0},{"not_picked":["Pound","BizarreAttack","BurningFlash","Leap_lor","AssaultOrder","FlyingSword","SharpSwipe","HighKick"],"picked":"FierceOnslaught","floor":13.0},{"not_picked":["DeepDrag","DarkCloud","SerpentSwordTechnique","MindWhip","OminousPower","DefenseOrder","Faith","SetFire"],"picked":"Unlock1","floor":14.0},{"not_picked":["SilentNight","EnergyBeam"],"picked":"RepressedFlesh","floor":16.0},{"not_picked":["HandleRequest","FocusFire+1","SharpNails","Outburst","HeavyPeaks","StructuralAnalysis","HiddenBlade","SpearedSweep"],"picked":"SteelKnuckles+1","floor":18.0},{"not_picked":["MultiBlock+1","Parry+1","HeavyPeaks+1","SerpentSwordTechnique","MindPrepared","Quickness","HandleRequest","TendonChords+1"],"picked":"Slice_lor","floor":21.0},{"not_picked":["CrackOfDawn","DestructiveImpact","AsThePrescriptOrders","Rewind","CoordinatedAssault","Slice_lor","AutomatedMovement+1","DimensionalRift"],"picked":"MirageStorm","floor":24.0},{"not_picked":["SunsetBlade","QuickSuppression","QuickAttack","DesperateStruggle+1","AutomatedMovement","ExtractFuel","SharpNails+1","StrongStrike"],"picked":"SnakeSlit","floor":28.0},{"not_picked":["LoosenUp+1","BackAttack","RatsGuideToSurvival","Faith+1","PuppetBlockade","StructuralAnalysis","Leap_lor+1","BladeWhirl"],"picked":"FlashingStrike","floor":30.0},{"not_picked":["Outburst","SenseQuarry","HandleRequest","SkyClearingCut","HighKick","PreemptiveStrike","FaintMemories","ClassAndRespect","EnergyConversion"],"picked":"SKIP","floor":31.0},{"not_picked":["ChargeUp","Disposal"],"picked":"GoinFirst","floor":33.0},{"not_picked":["PreemptiveStrike+1","EndlessBattle+1","DesperateStruggle","ClassAndRespect","Fence","ToOvercomeCrisis+1","GuidanceOfTheGears+1","Faith"],"picked":"SerpentSwordTechnique+1","floor":35.0},{"not_picked":["FierceCharge+1","FleshFillet","DimensionalRift+1","AsThePrescriptOrders","FleetFootsteps+1","DefenseOrder","GrazeTheGrass","Faith+1"],"picked":"SwordOfVolition+1","floor":37.0},{"not_picked":["GreatSerpentsImpact+1","DriedUp+1","Wallop_lor+1","BackAttack","ForcefulGesture","SharpSwipe+1","FierceCharge","PreemptiveStrike"],"picked":"NonstopAssault+1","floor":38.0},{"not_picked":["AsThePrescriptOrders","BattleCommand+1","WillOfThePrescript","Outburst+1","StrongStrike","SavageMode","Crush+1","Multislash+1","WillBeTasty"],"picked":"SKIP","floor":41.0},{"not_picked":["BackAttack","StrongStrike","TendonChords+1","TheWillOfTheCity","Track","GuidanceOfTheGears+1","CircusKnives","ClassAndRespect"],"picked":"BoundaryOfDeath","floor":45.0},{"not_picked":["StrongStrike","Struggle+1","DesperateStruggle","FormingStorm","EndlessBattle+1","Pound","NightInTheBackstreets+1","ScatteringSlash+1"],"picked":"FierceOnslaught+1","floor":46},{"not_picked":["GrazeTheGrass","Parry2","PinpointShot+1","EnergyCycle+1","CookingPrep","Diversion+1","UpbeatPerformance+1","NightInTheBackstreets"],"picked":"ShrineToMusic+1","floor":48}],"player_experience":1481456,"relics_obtained":[{"floor":1.0,"key":"LetterFromLob"},{"floor":7.0,"key":"hubris:SlimyHat"},{"floor":9.0,"key":"StuffTheSpire:CocoNut"},{"floor":24.0,"key":"Bromod:ArcaneAvenger"},{"floor":26.0,"key":"CCEMRelics:GlassOfMilk"},{"floor":28.0,"key":"Replay:WaspNest"},{"floor":41.0,"key":"Blood Vial"},{"floor":43.0,"key":"PageOfScorchedGirl"},{"floor":46,"key":"reliquary:FerryPass"}],"event_choices":[{"damage_healed":0.0,"max_hp_gain":0.0,"max_hp_loss":0.0,"gold_gain":0.0,"event_name":"World of Goop","player_choice":"Left Gold","floor":3.0,"gold_loss":34.0,"damage_taken":0.0},{"damage_healed":0.0,"max_hp_gain":0.0,"max_hp_loss":0.0,"gold_gain":0.0,"event_name":"WeMeetAgain","player_choice":"Gave Potion","floor":10.0,"gold_loss":0.0,"damage_taken":0.0,"relics_obtained":["CCEMRelics:CarbonFilter"]},{"damage_healed":0.0,"max_hp_gain":0.0,"max_hp_loss":0.0,"gold_gain":0.0,"event_name":"Upgrade Shrine","player_choice":"Upgraded","floor":36.0,"gold_loss":0.0,"damage_taken":0.0,"cards_upgraded":["RepressedFlesh"]}],"is_beta":false,"boss_relics":[{"not_picked":["aspiration:RunicSpoon","Cursed Key"],"picked":"Replay:Wanted Poster"},{"not_picked":["sagemod:Falmels_Amulet","conspire:RoyalGoblet"],"picked":"Philosopher\u0027s Stone"}],"items_purged_floors":[],"is_endless":false,"potions_floor_spawned":[1,12,21,24,31,35,45],"ascension_level":0}}