{"host":"6vtgmkkqqeew181q","time":1614305766,"event":{"mods":["100% Spire Juice","AlwaysNeverKeys","BaseMod","Better Skull","Better Third Choice","BetterRewards","Colored Powertips","Downfall","Faster Ascension Climbing","Highlight Path","HololiveMod","Minty Spire (QoL Compilation)","Reliquary","Replay The Spire","Spire Birthday Party","StSLib","The Jungle"],"gold_per_floor":[79,79,89,102,117,149,149,149,172,172,231,231,231,231,231,335,335,355,555,573,573,590,590,622,622,674,774,789,789,636,651,651,756,756,767,778,828,828,848,873,888,888,888,888,904,917,950,525,525,528],"floor_reached":51,"language":"ENG","playtime":2905,"items_purged":[],"score":1005,"play_id":"4da75fd6-6a45-4ec0-81b9-a06d82950bb6","local_time":"20210225181606","is_ascension_mode":false,"campfire_choices":[{"data":"Hololive_CallAmaneKanata","floor":7,"key":"SMITH"},{"data":"Hololive_CallMurasakiShion","floor":10,"key":"SMITH"},{"data":"Hololive_CallYuzukiChoco","floor":12,"key":"SMITH"},{"data":"Hololive_CallAkaiHaato","floor":15,"key":"SMITH"},{"data":"Hololive_MaximGun","floor":23,"key":"SMITH"},{"data":"Hololive_Breathe","floor":25,"key":"SMITH"},{"data":"Hololive_CallOkamiMio","floor":29,"key":"SMITH"},{"data":"Hololive_IdolExercise","floor":32,"key":"SMITH"},{"data":"Hololive_IdolExercise","floor":42,"key":"SMITH"},{"data":"Hololive_CallArtia","floor":44,"key":"SMITH"},{"data":"Hololive_Spy","floor":49,"key":"SMITH"}],"circlet_count":0,"master_deck":["Hololive_Strike","Hololive_Strike","Hololive_Defend","Hololive_Defend+1","Hololive_Trident","Hololive_CallNakiriAyame","Hololive_CallOkamiMio+1","Hololive_CallYuzukiChoco+1","Hololive_CallAyundaRisu","Hololive_CallAmaneKanata+1","Hololive_CallMurasakiShion+1","Hololive_CocoNews","Hololive_CallAkaiHaato+1","Hololive_CallYozoraMel","Hololive_CallKiryuuCoco","Hololive_CallShiranuiFlare+1","Hololive_MaximGun+1","Hololive_Breathe+1","Hololive_BringToTrial","Hololive_Psychosis","Hololive_CallArtia+1","Hololive_IdolExercise+1","Hololive_IdolExercise+1","Hololive_CallHimemoriLuna","Hololive_CocoNews+1","Hololive_Psychosis+1","Dramatic Entrance","Hololive_CallHoshimachiSuisei+1","Hololive_CallSakuraMiko+1","Hololive_CallUsadaPekora+1","Hololive_Psychosis+1","Hololive_CallMoonaHoshinova+1","Hololive_Spy+1","Hololive_CallCivia+1","Hololive_CallCivia+1"],"relics":["Hololive_TheStar","Gremlin Food","PreservedInsect","Replay:Rubber Ducky","expansioncontent:StudyCardRelic","Red Mask","Replay:Mystery Machine","Sling","reliquary:RedCape","Incense Burner","MealTicket","Frozen Egg 2","reliquary:RosewoodLute","reliquary:Bookmark"],"acts_visited":["Exordium","TheCity","TheBeyond"],"potions_floor_usage":[],"damage_taken":[{"damage":0,"enemies":"Cultist","floor":1,"turns":3},{"damage":0,"enemies":"Jaw Worm","floor":3,"turns":3},{"damage":0,"enemies":"2 Louse","floor":4,"turns":2},{"damage":0,"enemies":"Red Slaver","floor":5,"turns":3},{"damage":0,"enemies":"Gremlin Nob","floor":6,"turns":3},{"damage":0,"enemies":"Lagavulin Event","floor":11,"turns":3},{"damage":0,"enemies":"Fading Forest","floor":16,"turns":11},{"damage":0,"enemies":"2 Thieves","floor":18,"turns":3},{"damage":0,"enemies":"3 Byrds","floor":20,"turns":3},{"damage":0,"enemies":"Centurion and Healer","floor":22,"turns":5},{"damage":0,"enemies":"Masked Bandits","floor":24,"turns":4},{"damage":0,"enemies":"3 Cultists","floor":28,"turns":4},{"damage":0,"enemies":"Snecko","floor":31,"turns":3},{"damage":0,"enemies":"Collector","floor":33,"turns":7},{"damage":0,"enemies":"3 Shapes","floor":35,"turns":3},{"damage":0,"enemies":"3 Darklings","floor":36,"turns":3},{"damage":0,"enemies":"Mind Bloom Boss Battle","floor":37,"turns":4},{"damage":0,"enemies":"Writhing Mass","floor":39,"turns":4},{"damage":0,"enemies":"Nemesis","floor":40,"turns":3},{"damage":3,"enemies":"4 Shapes","floor":41,"turns":3},{"damage":0,"enemies":"Jaw Worm Horde","floor":45,"turns":3},{"damage":0,"enemies":"Transient","floor":46,"turns":5},{"damage":0,"enemies":"Reptomancer","floor":47,"turns":4},{"damage":0,"enemies":"Donu and Deca","floor":50,"turns":8}],"seed_played":"7897387329010733509","potions_obtained":[{"floor":1,"key":"sneckomod:MuddlingPotion"},{"floor":3,"key":"Weak Potion"},{"floor":14,"key":"SneckoOil"}],"is_trial":false,"path_per_floor":["M","$","M","M","M","E","R","?","T","R","?","R","?","?","R","B",null,"M","?","M","$","M","R","?","R","T","?","M","R","$","M","R","B",null,"M","M","?","?","M","E","M","R","T","R","M","M","E","$","R","B",null],"character_chosen":"Hololive_HololiveCharacter","items_purchased":["Sling","reliquary:RosewoodLute","reliquary:Bookmark","Hololive_Spy","Hololive_CallCivia+1"],"campfire_rested":0,"item_purchase_floors":[30,48,48,48,48],"current_hp_per_floor":[38,38,38,38,38,38,38,38,38,38,38,38,38,38,38,38,38,38,38,38,38,38,38,38,38,38,38,38,38,38,38,38,38,38,38,38,38,38,38,38,35,35,35,35,35,35,35,38,38,38],"gold":528,"neow_bonus":"TEN_PERCENT_HP_BONUS","is_daily":false,"chose_seed":false,"campfire_upgraded":11,"win_rate":0.0,"timestamp":1614305766,"path_taken":["M","?","?","M","M","E","R","?","T","R","?","R","?","?","R","BOSS","M","?","?","$","M","R","?","R","T","?","?","R","?","M","R","BOSS","M","M","?","?","M","E","M","R","T","R","M","M","E","$","R","BOSS"],"items_purchased_type":["Relic","Relic","Relic","Card","Card"],"build_version":"2020-12-22","purchased_purges":0,"victory":true,"max_hp_per_floor":[38,38,38,38,38,38,38,38,38,38,38,38,38,38,38,38,38,38,38,38,38,38,38,38,38,38,38,38,38,38,38,38,38,38,38,38,38,38,38,38,38,38,38,38,38,38,38,38,38,38],"card_choices":[{"not_picked":["Hololive_CocoNews","Hololive_CallTokinoSora","Hololive_CallArtia"],"picked":"Hololive_CallAmaneKanata","floor":1},{"not_picked":["Hololive_Sequa","Hololive_CallYuzukiChoco","Hololive_CallHoushouMarine"],"picked":"Hololive_CallMurasakiShion","floor":3},{"not_picked":["Hololive_CallCivia","Hololive_Psychosis","Hololive_Rebound"],"picked":"Hololive_CocoNews","floor":4},{"not_picked":["Hololive_Trident","Hololive_Psychosis","Hololive_Drill"],"picked":"Hololive_CallAkaiHaato","floor":5},{"not_picked":["Hololive_CallCivia","Hololive_Trident","Hololive_Sequa"],"picked":"Hololive_CallYozoraMel","floor":6},{"not_picked":["Hololive_FlyingPonyTail","Hololive_CallSpadeEcho","Hololive_Trident"],"picked":"Hololive_CallKiryuuCoco","floor":11},{"not_picked":["Hololive_AWSL","Hololive_Rebirth","Hololive_FlareMind"],"picked":"Hololive_MaximGun","floor":16},{"not_picked":["Hololive_Trident","Hololive_CocoNews","Hololive_FlyingPonyTail"],"picked":"Hololive_Breathe","floor":18},{"not_picked":["Hololive_SoulCatcher+1","Hololive_StrengthChampion","Hololive_OvertimeWork"],"picked":"Hololive_BringToTrial","floor":20},{"not_picked":["Hololive_FlyingPonyTail","Hololive_Rebound","Hololive_Sequa+1"],"picked":"Hololive_Psychosis","floor":22},{"not_picked":["Hololive_StrengthChampion+1","Hololive_Drill","Hololive_Trident"],"picked":"Hololive_CallArtia","floor":24},{"not_picked":["Hololive_FlyingPonyTail","Hololive_Breathe","Hololive_Rebound","Hololive_Psychosis"],"picked":"SKIP","floor":28},{"not_picked":["Hololive_CocoNews+1","Hololive_CallMinatoAqua","Hololive_HuntDinosaur"],"picked":"Hololive_IdolExercise","floor":31},{"not_picked":["Hololive_FlareMind","Hololive_DurableLive","Hololive_Rebirth"],"picked":"Hololive_IdolExercise","floor":33},{"not_picked":["Hololive_FlyingPonyTail+1","Hololive_Rebound","Hololive_SoulCatcher"],"picked":"Hololive_CallHimemoriLuna","floor":35},{"not_picked":["Hololive_Drill+1","Hololive_Teleport","Hololive_LuckPotion+1"],"picked":"Hololive_CocoNews+1","floor":36},{"not_picked":["Hololive_CallYuzukiChoco+1","Hololive_CallManoAloe+1","Hololive_CallYozoraMel"],"picked":"Hololive_Psychosis+1","floor":37},{"not_picked":["Flash of Steel","Survey Options","Thinking Ahead"],"picked":"Dramatic Entrance","floor":38},{"not_picked":["Hololive_HuntDinosaur","Hololive_CallAyundaRisu","Hololive_CallAiraniIofifteen"],"picked":"Hololive_CallHoshimachiSuisei+1","floor":39},{"not_picked":["Hololive_CallTokoyamiTowa+1","Hololive_CallInugamiKorone+1","Hololive_Trident+1"],"picked":"Hololive_CallSakuraMiko+1","floor":40},{"not_picked":["Hololive_CallManoAloe","Hololive_Psychosis","Hololive_CallShishiroBotan+1"],"picked":"Hololive_CallUsadaPekora+1","floor":41},{"not_picked":["Hololive_Trident+1","Hololive_Psychosis","Hololive_OvertimeWork+1","Hololive_Sequa+1"],"picked":"SKIP","floor":45},{"not_picked":["Hololive_Sequa","Hololive_OvertimeWork+1","Hololive_HuntDinosaur"],"picked":"Hololive_Psychosis+1","floor":46},{"not_picked":["Hololive_Rebound+1","Hololive_Psychosis","Hololive_CallTsunomakiWatame+1"],"picked":"Hololive_CallMoonaHoshinova+1","floor":47}],"player_experience":679241,"relics_obtained":[{"floor":6,"key":"Gremlin Food"},{"floor":9,"key":"PreservedInsect"},{"floor":11,"key":"Replay:Rubber Ducky"},{"floor":24,"key":"Red Mask"},{"floor":26,"key":"Replay:Mystery Machine"},{"floor":37,"key":"Incense Burner"},{"floor":40,"key":"MealTicket"},{"floor":43,"key":"Frozen Egg 2"}],"event_choices":[{"damage_healed":0,"gold_gain":0,"player_choice":"Searched \u00271\u0027 times","damage_taken":0,"max_hp_gain":0,"max_hp_loss":0,"event_name":"Dead Adventurer","floor":11,"gold_loss":0},{"damage_healed":0,"gold_gain":0,"player_choice":"Got Potions","damage_taken":0,"max_hp_gain":0,"max_hp_loss":0,"event_name":"Lab","floor":14,"gold_loss":0},{"damage_healed":0,"gold_gain":250,"player_choice":"Bet on Owner","damage_taken":0,"max_hp_gain":0,"max_hp_loss":0,"event_name":"The Joust","floor":19,"gold_loss":50},{"damage_healed":0,"gold_gain":0,"player_choice":"Fought Bandits","damage_taken":0,"max_hp_gain":0,"max_hp_loss":0,"event_name":"Masked Bandits","floor":24,"gold_loss":0},{"damage_healed":0,"gold_gain":100,"player_choice":"Pray","damage_taken":0,"max_hp_gain":0,"max_hp_loss":0,"event_name":"Golden Shrine","floor":27,"gold_loss":0},{"damage_healed":0,"gold_gain":0,"player_choice":"Fight","damage_taken":0,"max_hp_gain":0,"max_hp_loss":0,"event_name":"MindBloom","floor":37,"gold_loss":0},{"damage_healed":0,"gold_gain":0,"player_choice":"Memory 1","damage_taken":0,"max_hp_gain":0,"max_hp_loss":0,"event_name":"SensoryStone","floor":38,"gold_loss":0}],"is_beta":false,"boss_relics":[{"not_picked":["Replay:Wanted Poster","Replay:Ancient Bell"],"picked":"expansioncontent:StudyCardRelic"},{"not_picked":["Calling Bell","ReplayTheSpireMod:DimensionalGlitch"],"picked":"reliquary:RedCape"}],"items_purged_floors":[],"is_endless":false,"potions_floor_spawned":[1,3,16,20,22,35,36,46,47],"ascension_level":0}}