{"host":"dgzcrkpp5hmi1639","time":1614378726,"event":{"mods":["A Magickal Journey","BaseMod","BetterRewards","Colored Powertips","Duelist Mod","Energized Spire","GifTheSpireLib","Infinite Spire","Koishi","Minty Spire (QoL Compilation)","Prisma Mod","Quick Restart","Shop Mod","StSLib","Stuff the Spire","The Bug Knight","The Forsaken","The Jungle","The Necromancer","The Servant 0.9.4","The Wild Card","???mod?????"],"gold_per_floor":[110,110,125,139,156,189,364,364,364,383,403,403,417,4,4,102,102,114,133,152,164,181,181,181],"floor_reached":23,"language":"ENG","playtime":2440,"items_purged":[],"score":199,"play_id":"cee830f0-c3c7-454b-8e2e-c2525476243a","local_time":"20210226233206","is_ascension_mode":false,"campfire_choices":[{"floor":8,"key":"REST"},{"data":"MoonPhase","floor":12,"key":"SMITH"},{"data":"KidneyShot","floor":15,"key":"SMITH"}],"circlet_count":0,"master_deck":["Strike_S","Strike_S","Strike_S","Strike_S","Defend_S","Defend_S","Defend_S","Defend_S","KidneyShot+1","Exchange","Dark Shackles","MoonPhase+1","DoubleEdge","Barrier","Starlight","SpecialFormula","Doubt","Ricochet","Advance","SpecialFormula","Luminosity","Initiator","Unruled","Comet","ShatteredReality","ShatteredReality","Alleviate"],"relics":["Uniform","StuffTheSpire:EmeraldSignet","Darkstone Periapt","infinitespire:EmpoweringShard","theForsaken:PaleLantern"],"acts_visited":["Exordium","Exordium"],"potions_floor_usage":[6,6,7,16,19,20,21,23],"damage_taken":[{"damage":1,"enemies":"Cultist","floor":1,"turns":4},{"damage":7,"enemies":"Small Slimes","floor":3,"turns":3},{"damage":0,"enemies":"2 Louse","floor":4,"turns":3},{"damage":7,"enemies":"Looter","floor":5,"turns":3},{"damage":12,"enemies":"HollowMod:MossKnight","floor":6,"turns":17},{"damage":3,"enemies":"Exordium Thugs","floor":10,"turns":8},{"damage":11,"enemies":"3 Louse","floor":11,"turns":5},{"damage":1,"enemies":"2 Fungi Beasts","floor":13,"turns":3},{"damage":28,"enemies":"Hexaghost","floor":16,"turns":13},{"damage":20,"enemies":"theJungle:GiantWrat","floor":18,"turns":6},{"damage":7,"enemies":"theJungle:MUSHROOMGANG","floor":19,"turns":3},{"damage":29,"enemies":"theJungle:2_Flameangoes","floor":20,"turns":8},{"damage":12,"enemies":"Snake Plant","floor":21,"turns":5},{"damage":22,"enemies":"theJungle:2_Snecko_Cultists","floor":22,"turns":3},{"damage":83,"enemies":"theJungle:Cassacara","floor":23,"turns":8}],"seed_played":"1946448600377027286","potions_obtained":[{"floor":3,"key":"DistilledChaos"},{"floor":5,"key":"AttackPotion"},{"floor":6,"key":"Fruit Juice"},{"floor":11,"key":"Swift Potion"},{"floor":13,"key":"Explosive Potion"},{"floor":16,"key":"LiquidMemories"},{"floor":18,"key":"SpeedPotion"},{"floor":20,"key":"EssenceOfSteel"}],"is_trial":false,"path_per_floor":["M","?","M","M","M","E","?","R","T","M","M","R","M","$","R","B",null,"M","M","M","M","M","E"],"character_chosen":"THE_SERVANT","items_purchased":["Luminosity","infinitespire:EmpoweringShard","DuplicationPotion","SteroidPotion"],"campfire_rested":1,"item_purchase_floors":[14,14,14,14],"current_hp_per_floor":[64,64,57,57,50,38,43,64,64,70,70,70,70,70,70,51,70,52,61,52,60,54,0,0],"gold":181,"neow_bonus":"RANDOM_COLORLESS","is_daily":false,"chose_seed":false,"campfire_upgraded":2,"win_rate":0.0,"timestamp":1614378726,"path_taken":["M","?","M","M","?","E","?","R","T","M","M","R","M","$","R","BOSS","M","M","M","M","M","E"],"items_purchased_type":["Card","Relic","Potion","Potion"],"build_version":"2020-12-22","purchased_purges":0,"victory":false,"max_hp_per_floor":[65,65,65,65,65,65,70,70,70,70,70,70,70,70,70,70,70,70,70,70,70,70,70,70],"card_choices":[{"not_picked":["Panacea","Purity"],"picked":"Dark Shackles","floor":0},{"not_picked":["Collapse","TimeWarp"],"picked":"MoonPhase","floor":1},{"not_picked":["Potential","ShatteredReality"],"picked":"DoubleEdge","floor":3},{"not_picked":["BottledTime","SilverBlades"],"picked":"Barrier","floor":4},{"not_picked":["ReturningBlade","Foresight"],"picked":"Starlight","floor":5},{"not_picked":["Sunlight","ShatteredReality"],"picked":"SpecialFormula","floor":6},{"not_picked":["FanOfKnives","Rewind"],"picked":"Ricochet","floor":10},{"not_picked":["ShatteredReality","TimeWarp"],"picked":"Advance","floor":11},{"not_picked":["Sabotage","SurpressingFire"],"picked":"SpecialFormula","floor":13},{"not_picked":["TheWorld","ForgedInTime"],"picked":"Initiator","floor":16},{"not_picked":["Defy+1","MoonPhase"],"picked":"Unruled","floor":18},{"not_picked":["Spin","Defy"],"picked":"Comet","floor":19},{"not_picked":["SurpressingFire","Revamp"],"picked":"ShatteredReality","floor":20},{"not_picked":["DoubleEdge","BottledTime"],"picked":"ShatteredReality","floor":21},{"not_picked":["Rewind","Replace"],"picked":"Alleviate","floor":22}],"player_experience":65389,"relics_obtained":[{"floor":6,"key":"StuffTheSpire:EmeraldSignet"},{"floor":9,"key":"Darkstone Periapt"}],"event_choices":[{"damage_healed":0,"gold_gain":0,"player_choice":"Ignored","damage_taken":0,"max_hp_gain":0,"max_hp_loss":0,"event_name":"Purifier","floor":2,"gold_loss":0},{"damage_healed":0,"gold_gain":175,"player_choice":"AGREE","damage_taken":0,"max_hp_gain":0,"max_hp_loss":0,"event_name":"Liars Game","floor":7,"gold_loss":0,"cards_obtained":["Doubt"]}],"is_beta":false,"boss_relics":[{"not_picked":["Busted Crown","Runic Pyramid"],"picked":"theForsaken:PaleLantern"}],"items_purged_floors":[],"is_endless":false,"potions_floor_spawned":[3,5,6,11,13,16,18,20],"killed_by":"theJungle:Cassacara","ascension_level":0}}