{"host":"qqj8xvc6rh6p9rdh","time":1614324817,"event":{"mods":["Act Like it!","BaseMod","DNKmod","Friendly Minions","Hubris","Minty Spire (QoL Compilation)","Small Relic Pack","StSLib","The Animator"],"gold_per_floor":[1316,1316,1346,1421,1434,1461,1461,1475,1475,1343,1353,1383,1411,1430,1430,1506,1506,1524,1524,1105,1118,1156,1190,1190,1220,1220,1234,1234,1234,1109,1124,1124,1203,1203,1217,895,912,912,923,923,953,953,1007,1054,726,726,754,754,754,754,754,754,754,999,1049,1104,1172,1172,148,223,303,303,18,113,113,113,113,228,348,348,348],"floor_reached":70,"language":"ENG","playtime":3675,"items_purged":["animator:Strike","Writhe","animator:Defend","animator:Strike","animator:MadokaKaname","animator:Strike"],"score":2656,"play_id":"43fb59ac-29fb-4a40-b3de-42ee1cf2a0dd","local_time":"20210226153337","is_ascension_mode":true,"campfire_choices":[{"data":"animator:Cocytus","floor":7.0,"key":"SMITH"},{"data":"animator:Shalltear","floor":15.0,"key":"SMITH"},{"data":"animator:Evileye","floor":28.0,"key":"SMITH"},{"data":"animator:Shalltear","floor":32.0,"key":"SMITH"},{"floor":40.0,"key":"RECALL"},{"data":"animator:Sebas","floor":42.0,"key":"SMITH"},{"data":"animator:NarberalGamma","floor":49,"key":"SMITH"},{"data":"animator:Saitama","floor":53,"key":"SMITH"},{"floor":67,"key":"REST"}],"circlet_count":0,"master_deck":["AscendersBane","animator:Strike_Overlord+1","animator:Defend_Overlord+1","animator:Defend+1","animator:Cocytus+1","animator:Demiurge+1","animator:Entoma+16","animator:Shalltear+1","animator:PandorasActor+1","animator:Shuna+1","animator:Evileye+1","animator:Shuna+1","animator:Ainz+1","animator:Shalltear+1","animator:Albedo+1","animator:Tatsumaki+1","animator:Boros+1","animator:NarberalGamma+1","animator:Shalltear+1","animator:Ainz+1","relicPack:StarPlatinum+1","animator:Rimuru","animator:Sebas+1","animator:Saitama+1","animator:Melzalgald+1","animator:Cocytus+1"],"relics":["animator:TheWolleyCore","animator:AncientMedallion"],"acts_visited":["Exordium","TheCity","TheBeyond","TheEnding","EYB:TheUnnamedReign"],"potions_floor_usage":[50,61,64,68,69,70,70],"damage_taken":[{"damage":0.0,"enemies":"Cultist","floor":1.0,"turns":4.0},{"damage":0.0,"enemies":"Small Slimes","floor":3.0,"turns":3.0},{"damage":6.0,"enemies":"Jaw Worm","floor":5.0,"turns":4.0},{"damage":44.0,"enemies":"Lagavulin","floor":6.0,"turns":9.0},{"damage":0.0,"enemies":"3 Louse","floor":8.0,"turns":3.0},{"damage":0.0,"enemies":"2 Fungi Beasts","floor":11.0,"turns":4.0},{"damage":19.0,"enemies":"Gremlin Nob","floor":12.0,"turns":4.0},{"damage":1.0,"enemies":"Exordium Wildlife","floor":13.0,"turns":6.0},{"damage":0.0,"enemies":"3 Louse","floor":14.0,"turns":4.0},{"damage":321.0,"enemies":"Hexaghost","floor":16.0,"turns":9.0},{"damage":0.0,"enemies":"Spheric Guardian","floor":18.0,"turns":3.0},{"damage":0.0,"enemies":"3 Byrds","floor":21.0,"turns":3.0},{"damage":8.0,"enemies":"Cultist and Chosen","floor":22.0,"turns":5.0},{"damage":0.0,"enemies":"Slavers","floor":23.0,"turns":3.0},{"damage":1.0,"enemies":"Book of Stabbing","floor":25.0,"turns":3.0},{"damage":0.0,"enemies":"Snecko","floor":27.0,"turns":3.0},{"damage":2.0,"enemies":"Shelled Parasite and Fungi","floor":31.0,"turns":3.0},{"damage":1.0,"enemies":"Collector","floor":33.0,"turns":6.0},{"damage":0.0,"enemies":"3 Darklings","floor":35.0,"turns":3.0},{"damage":0.0,"enemies":"3 Shapes","floor":37.0,"turns":1.0},{"damage":0.0,"enemies":"Spire Growth","floor":39.0,"turns":2.0},{"damage":15.0,"enemies":"Nemesis","floor":41.0,"turns":5.0},{"damage":0.0,"enemies":"Giant Head","floor":44.0,"turns":6.0},{"damage":0,"enemies":"Reptomancer","floor":47,"turns":4},{"damage":0,"enemies":"Donu and Deca","floor":50,"turns":4},{"damage":26,"enemies":"Time Eater","floor":51,"turns":6},{"damage":15,"enemies":"animator:TRIPLE_SHAPES_WEAK","floor":55,"turns":4},{"damage":0,"enemies":"animator:UNNAMED_HAT","floor":56,"turns":4},{"damage":15,"enemies":"animator:UNNAMED_CULTIST_2","floor":60,"turns":3},{"damage":0,"enemies":"animator:LARGE_CRYSTAL","floor":61,"turns":4},{"damage":0,"enemies":"animator:ULTIMATE_CUBE","floor":64,"turns":5},{"damage":0,"enemies":"animator:ULTIMATE_CRYSTAL","floor":68,"turns":5},{"damage":13,"enemies":"animator:ULTIMATE_WISP","floor":69,"turns":5},{"damage":120,"enemies":"animator:TheUnnamed","floor":70,"turns":6}],"seed_played":"-3640401763086421235","potions_obtained":[{"floor":3.0,"key":"SkillPotion"},{"floor":8.0,"key":"FearPotion"},{"floor":11.0,"key":"animator:GrowthPotion"},{"floor":13.0,"key":"Block Potion"},{"floor":14.0,"key":"Fruit Juice"},{"floor":16.0,"key":"Swift Potion"},{"floor":18.0,"key":"Swift Potion"},{"floor":31.0,"key":"Block Potion"},{"floor":33.0,"key":"EntropicBrew"},{"floor":37.0,"key":"Strength Potion"},{"floor":41.0,"key":"Regen Potion"},{"floor":55,"key":"animator:FalseLifePotion"},{"floor":56,"key":"animator:FalseLifePotion"},{"floor":61,"key":"animator:FalseLifePotion"},{"floor":64,"key":"animator:FalseLifePotion"},{"floor":68,"key":"animator:FalseLifePotion"},{"floor":69,"key":"animator:FalseLifePotion"}],"is_trial":false,"path_per_floor":["M","?","M","?","M","E","R","M","T","$","M","E","M","M","R","B",null,"M","?","$","M","M","E","?","E","T","M","R","?","$","M","R","B",null,"M","$","M","?","M","R","E","R","T","E","$","T","E","?","R","B","B",null,"R","??","M","M","T","?","$","M","M","?","$","E","T","?","R","E","E","B"],"character_chosen":"THE_ANIMATOR","items_purchased":["animator:PandorasActor","animator:HallowedScabbard","animator:Rimuru","animator:Saitama","animator:AncientMedallion","animator:AncientMedallion","animator:AncientMedallion","animator:AncientMedallion"],"campfire_rested":1,"item_purchase_floors":[10,20,36,45,59,59,59,63],"current_hp_per_floor":[1000,1000,1000,989,983,939,939,942,942,942,944,925,946,953,953,633,920,920,920,920,922,916,918,897,896,896,898,898,898,898,896,896,897,993,995,995,997,997,999,999,990,990,990,1005,1005,1005,1007,1007,1007,1007,988,1023,1023,91,76,80,80,80,80,76,93,93,93,93,93,93,93,93,82,0,0],"gold":348,"neow_bonus":"HUNDRED_GOLD","is_daily":false,"chose_seed":false,"campfire_upgraded":7,"win_rate":0.0,"timestamp":1614324817,"path_taken":["M","?","M","?","M","E","R","M","T","$","M","E","M","M","R","BOSS","M","?","$","M","M","E","?","E","T","?","R","?","$","M","R","BOSS","M","$","M","?","M","R","E","R","T","E","$","?","E","?","R","BOSS","BOSS","R","??","M","M","T","?","$","M","M","?","$","E","T","?","R","E","E","BOSS"],"items_purchased_type":["Card","Relic","Card","Card","Relic","Relic","Relic","Relic"],"build_version":"2020-12-22","purchased_purges":6,"victory":false,"max_hp_per_floor":[1000,1000,1000,1000,1000,1000,1000,1003,1003,1003,1005,1005,1007,1014,1014,1015,1015,1015,1015,1015,1017,1019,1021,1021,1021,1021,1023,1023,1023,1023,1023,1023,1025,1025,1027,1027,1029,1029,1031,1031,1033,1033,1033,1033,1033,1033,1035,1035,1035,1035,1035,1035,1035,91,91,91,91,91,91,91,93,93,93,93,93,93,93,93,95,95,95],"card_choices":[{"not_picked":["animator:LizardPriest","animator:DwarfShaman","animator:Pride"],"picked":"SKIP","floor":1.0},{"not_picked":["animator:Ciel","animator:Priestess"],"picked":"animator:Entoma","floor":3.0},{"not_picked":["animator:DwarfShaman","animator:CowGirl","animator:Ara"],"picked":"SKIP","floor":5.0},{"not_picked":["animator:YachiyoNanami","animator:Tatsumaki"],"picked":"animator:Shalltear","floor":8.0},{"not_picked":["animator:IrohaTamaki","animator:Spearman"],"picked":"animator:Shuna","floor":11.0},{"not_picked":["animator:Lu","animator:LizardPriest","animator:SwordMaiden"],"picked":"SKIP","floor":12.0},{"not_picked":["animator:PandorasActor","animator:Cocytus"],"picked":"animator:Evileye","floor":13.0},{"not_picked":["animator:Shion","animator:Spearman"],"picked":"animator:Shuna","floor":14.0},{"not_picked":["animator:Kyubey","animator:Albedo"],"picked":"animator:Ainz","floor":16.0},{"not_picked":["animator:KyokoSakura","animator:IrohaTamaki","animator:RoyMustang"],"picked":"SKIP","floor":18.0},{"not_picked":["animator:KyokoSakura","animator:YuiTsuruno"],"picked":"animator:Shalltear","floor":21.0},{"not_picked":["animator:Shalltear","animator:Cocytus"],"picked":"animator:Albedo","floor":22.0},{"not_picked":["animator:Lu","animator:Raven"],"picked":"animator:Tatsumaki+1","floor":23.0},{"not_picked":["animator:Benimaru","animator:Boros","animator:Scar"],"picked":"SKIP","floor":25.0},{"not_picked":["animator:Benimaru","animator:Scar"],"picked":"animator:Boros","floor":25.0},{"not_picked":["animator:Aisha","animator:Benimaru","animator:Ciel"],"picked":"SKIP","floor":27.0},{"not_picked":["animator:PandorasActor","animator:NarberalGamma"],"picked":"animator:Shalltear","floor":31.0},{"not_picked":["animator:Albedo","animator:Father"],"picked":"animator:Ainz","floor":33.0},{"not_picked":["animator:ElricEdward","animator:Kaijin","animator:Pride"],"picked":"SKIP","floor":35.0},{"not_picked":["animator:Pride","animator:MaesHughes","animator:Hakurou"],"picked":"SKIP","floor":37.0},{"not_picked":["animator:Hakurou","animator:KyokoSakura","animator:Demiurge"],"picked":"SKIP","floor":39.0},{"not_picked":["animator:Entoma","animator:Demiurge"],"picked":"animator:Sebas","floor":41.0},{"not_picked":["animator:Millim","animator:Kaijin+1"],"picked":"animator:MadokaKaname","floor":44.0},{"not_picked":["animator:CowGirl","animator:Sebas"],"picked":"animator:Melzalgald+1","floor":47},{"not_picked":["animator:SuzuneAmano","animator:Raven"],"picked":"animator:Cocytus","floor":55},{"not_picked":["animator:Genos","animator:Greed"],"picked":"animator:Entoma","floor":56},{"not_picked":["animator:Shalltear","animator:YuiTsuruno","animator:Rena"],"picked":"SKIP","floor":60},{"not_picked":["animator:Raven","animator:SuzuneAmano","animator:Ciel"],"picked":"SKIP","floor":61},{"not_picked":["animator:Scar","animator:GuildGirl","animator:NagisaMomoe"],"picked":"SKIP","floor":64},{"not_picked":["animator:Elsword","animator:Ara","animator:Spearman+1"],"picked":"SKIP","floor":68},{"not_picked":["animator:NarberalGamma","animator:Tatsumaki","animator:MumenRider"],"picked":"SKIP","floor":69}],"player_experience":839101,"relics_obtained":[{"floor":6.0,"key":"War Paint"},{"floor":12.0,"key":"hubris:BundleOfHerbs"},{"floor":23.0,"key":"Akabeko"},{"floor":25.0,"key":"Whetstone"},{"floor":26.0,"key":"animator:OldCoffin"},{"floor":41.0,"key":"Frozen Egg 2"},{"floor":43.0,"key":"Red Skull"},{"floor":44.0,"key":"Bottled Flame"},{"floor":46,"key":"Molten Egg 2"},{"floor":47,"key":"hubris:Metronome"},{"floor":54,"key":"animator:TheWolleyCore"},{"floor":54,"key":"animator:AncientMedallion"},{"floor":57,"key":"animator:AncientMedallion"},{"floor":64,"key":"animator:AncientMedallion"},{"floor":65,"key":"animator:AncientMedallion"},{"floor":68,"key":"animator:AncientMedallion"},{"floor":69,"key":"animator:AncientMedallion"}],"event_choices":[{"damage_healed":0.0,"max_hp_gain":0.0,"max_hp_loss":0.0,"gold_gain":75.0,"event_name":"World of Goop","player_choice":"Gather Gold","floor":4.0,"gold_loss":0.0,"damage_taken":11.0},{"damage_healed":0.0,"max_hp_gain":0.0,"max_hp_loss":0.0,"gold_gain":0.0,"event_name":"The Mausoleum","player_choice":"Opened","floor":19.0,"gold_loss":0.0,"damage_taken":0.0,"relics_obtained":["Meat on the Bone"],"cards_obtained":["Writhe"]},{"damage_healed":0.0,"max_hp_gain":0.0,"max_hp_loss":0.0,"gold_gain":0.0,"event_name":"Cursed Tome","player_choice":"Obtained Book","floor":24.0,"gold_loss":0.0,"damage_taken":21.0},{"damage_healed":0.0,"max_hp_gain":0.0,"max_hp_loss":0.0,"gold_gain":0.0,"event_name":"The Library","player_choice":"Read","floor":29.0,"gold_loss":0.0,"damage_taken":0.0,"cards_obtained":["animator:NarberalGamma"]},{"cards_removed":["animator:Defend"],"damage_healed":0,"gold_gain":0,"player_choice":"Offered Basic","damage_taken":0,"max_hp_gain":0,"max_hp_loss":0,"event_name":"Bonfire Elementals","floor":48,"gold_loss":0},{"damage_healed":0,"gold_gain":0,"player_choice":"Memory 1","damage_taken":0,"max_hp_gain":0,"max_hp_loss":0,"event_name":"SensoryStone","floor":66,"gold_loss":0}],"is_beta":false,"boss_relics":[{"not_picked":["relicPack:ShieldShield","hubris:CrackedHourglass"],"picked":"animator:CursedBlade"},{"not_picked":["Philosopher\u0027s Stone","hubris:ScarierMask"],"picked":"relicPack:StarArrow"}],"items_purged_floors":[10,20,30,36,45,59],"is_endless":false,"potions_floor_spawned":[3,8,11,13,14,16,18,31,33,37,41,60,61,69],"killed_by":"animator:TheUnnamed","ascension_level":20}}