{"host":"kh6fvhxn285ncg0o","time":1614324006,"event":{"mods":["Act Like it!","BaseMod","Colored Map","Friendly Minions","Keyboard Shortcuts","Minty Spire (QoL Compilation)","Quick Restart","Relic Stats","StSLib","SuperFastMode","UnlockEverythingMod"],"gold_per_floor":[17,17,28,43,54,54,86,97,97,97,97],"floor_reached":10,"language":"KOR","playtime":213,"items_purged":[],"score":140,"play_id":"858be7f5-2f8f-476b-bdbf-b27e320f6a1d","local_time":"20210226162006","is_ascension_mode":true,"campfire_choices":[{"data":"Bash","floor":6,"key":"SMITH"}],"circlet_count":0,"master_deck":["AscendersBane","Strike_R","Strike_R","Strike_R","Defend_R","Defend_R","Defend_R","Defend_R+1","Bash+1","Impervious","Body Slam+1","Disarm+1","Shockwave"],"relics":["Burning Blood","War Paint","Pen Nib"],"acts_visited":["Exordium"],"potions_floor_usage":[7,10],"damage_taken":[{"damage":2,"enemies":"Cultist","floor":1,"turns":4},{"damage":9,"enemies":"Jaw Worm","floor":3,"turns":4},{"damage":0,"enemies":"Small Slimes","floor":4,"turns":3},{"damage":0,"enemies":"2 Fungi Beasts","floor":5,"turns":3},{"damage":28,"enemies":"Gremlin Nob","floor":7,"turns":4},{"damage":0,"enemies":"Exordium Wildlife","floor":8,"turns":4},{"damage":68,"enemies":"3 Sentries","floor":10,"turns":12}],"seed_played":"4736143954146116535","potions_obtained":[{"floor":3,"key":"ElixirPotion"},{"floor":5,"key":"AttackPotion"},{"floor":7,"key":"Fruit Juice"}],"is_trial":false,"path_per_floor":["M","?","M","M","M","R","E","M","T","E"],"character_chosen":"IRONCLAD","items_purchased":[],"campfire_rested":0,"item_purchase_floors":[],"current_hp_per_floor":[72,72,69,75,75,75,53,59,59,0,0],"gold":97,"neow_bonus":"TRANSFORM_TWO_CARDS","is_daily":false,"chose_seed":false,"campfire_upgraded":1,"win_rate":0.0,"timestamp":1614324006,"path_taken":["M","?","M","M","M","R","E","M","T","E"],"items_purchased_type":[],"build_version":"2020-12-22","purchased_purges":0,"victory":false,"max_hp_per_floor":[75,75,75,75,75,75,75,75,75,80,80],"relic_stats":{"counters":[7,34],"Pen Nib":[1],"War Paint":["Defend_R","Disarm"],"obtain_stats":[{"Pen Nib":9,"War Paint":7,"Burning Blood":0},{"Pen Nib":6,"War Paint":5,"Burning Blood":0},{"Pen Nib":22,"War Paint":18,"Burning Blood":0}],"Burning Blood":30},"card_choices":[{"not_picked":["Anger","Thunderclap"],"picked":"Disarm","floor":5},{"not_picked":["Heavy Blade","Perfected Strike"],"picked":"Shockwave","floor":8}],"player_experience":1557458,"relics_obtained":[{"floor":7,"key":"War Paint"},{"floor":9,"key":"Pen Nib"}],"event_choices":[{"damage_healed":0,"gold_gain":0,"player_choice":"Grow","damage_taken":0,"max_hp_gain":0,"max_hp_loss":0,"event_name":"Living Wall","floor":2,"gold_loss":0,"cards_upgraded":["Body Slam"]}],"is_beta":false,"boss_relics":[],"items_purged_floors":[],"is_endless":false,"potions_floor_spawned":[3,5,7],"killed_by":"3 Sentries","ascension_level":20}}