{"host":"z439itq93uucuvou","time":1614311362,"event":{"mods":["BaseMod","Colored Powertips","Downfall","Jorbs\u0027s Wanderer Trilogy","Minty Spire (QoL Compilation)","StSLib"],"gold_per_floor":[99,114,133,147,157,157,157,307,319,367,367,395,395,425,439,439,439,439],"floor_reached":16,"language":"ENG","playtime":529,"items_purged":[],"score":128,"play_id":"fd5214c4-5fba-44d2-95d2-5e61ba5e5eeb","local_time":"20210225194922","is_ascension_mode":true,"campfire_choices":[{"data":"champ:Taunt","floor":1.0,"key":"SMITH"},{"data":"champ:FanOfKnives","floor":6.0,"key":"SMITH"},{"data":"champ:SwordThrow","floor":11.0,"key":"SMITH"}],"circlet_count":0,"master_deck":["champ:Strike","champ:Strike","champ:Strike","champ:Strike","champ:Defend","champ:Defend","champ:Defend","champ:Defend","champ:Execute","champ:Taunt+1","champ:FanOfKnives+1","champ:BerserkerStyle","champ:EnGarde","downfall:Icky","champ:Haymaker","champ:SwordThrow+1","champ:SwordSigil","champ:Backstep","champ:BringItOn"],"relics":["champ:ChampionCrown","Gremlin Horn","Tiny Chest","Bottled Lightning","Darkstone Periapt","Singing Bowl"],"acts_visited":["Exordium"],"potions_floor_usage":[],"damage_taken":[{"damage":15.0,"enemies":"Cultist","floor":2.0,"turns":5.0},{"damage":12.0,"enemies":"Small Slimes","floor":3.0,"turns":3.0},{"damage":23.0,"enemies":"Jaw Worm","floor":4.0,"turns":4.0},{"damage":33.0,"enemies":"downfall:LooterAlt","floor":5.0,"turns":3.0},{"damage":24.0,"enemies":"Red Slaver","floor":9.0,"turns":5.0},{"damage":44.0,"enemies":"Gremlin Nob","floor":10.0,"turns":4.0},{"damage":21.0,"enemies":"Lagavulin","floor":12.0,"turns":4.0},{"damage":55.0,"enemies":"Gremlin Nob","floor":14.0,"turns":4.0},{"damage":8,"enemies":"Lots of Slimes","floor":15,"turns":2},{"damage":29,"enemies":"DF_ARCHETYPE_STREAMLINE","floor":16,"turns":4}],"seed_played":"-1556434579096060076","potions_obtained":[{"floor":3.0,"key":"ColorlessPotion"},{"floor":5.0,"key":"ColorlessPotion"},{"floor":14.0,"key":"DuplicationPotion"}],"is_trial":false,"path_per_floor":["R","M","M","M","M","R","T","?","M","E","R","E","T","E","M","B"],"character_chosen":"THE_CHAMP","items_purchased":[],"campfire_rested":0,"item_purchase_floors":[],"current_hp_per_floor":[99,94,92,86,77,77,77,77,77,57,57,41,41,11,10,0,0,0],"gold":439,"neow_bonus":"TEN_PERCENT_HP_BONUS","is_daily":false,"chose_seed":false,"campfire_upgraded":3,"win_rate":0.0,"timestamp":1614311362,"path_taken":["R","M","M","?","M","R","T","?","M","E","R","E","?","E","M","BOSS"],"items_purchased_type":[],"build_version":"2020-12-22","purchased_purges":0,"victory":false,"max_hp_per_floor":[99,99,99,99,99,99,99,99,99,99,99,99,99,99,99,99,99,99],"card_choices":[{"not_picked":["champ:AdrenalArmor","champ:DefensiveShout"],"picked":"champ:FanOfKnives","floor":2.0},{"not_picked":["champ:GutPunch","champ:DefensiveShout"],"picked":"champ:BerserkerStyle","floor":3.0},{"not_picked":["champ:SetATrap","champ:BringItOn"],"picked":"champ:EnGarde","floor":4.0},{"not_picked":["champ:BladeFlurry","champ:Shatter","champ:FocusedDefense"],"picked":"SKIP","floor":5.0},{"not_picked":["champ:BladeFlurry","champ:FocusedDefense"],"picked":"champ:Haymaker","floor":9.0},{"not_picked":["champ:RapidStrikes","champ:Shatter"],"picked":"champ:SwordThrow","floor":10.0},{"not_picked":["champ:IronFortress","champ:BringItOn"],"picked":"champ:SwordSigil","floor":12.0},{"not_picked":["champ:Circumvent","champ:RecklessLeap"],"picked":"champ:Backstep","floor":14.0},{"not_picked":["champ:FaceSlap","champ:PreciseThrust"],"picked":"champ:BringItOn","floor":15}],"player_experience":1761096,"relics_obtained":[{"floor":7.0,"key":"Gremlin Horn"},{"floor":10.0,"key":"Tiny Chest"},{"floor":12.0,"key":"Bottled Lightning"},{"floor":13.0,"key":"Darkstone Periapt"},{"floor":14.0,"key":"Singing Bowl"}],"event_choices":[],"is_beta":false,"boss_relics":[],"items_purged_floors":[],"is_endless":false,"potions_floor_spawned":[3,5,14],"killed_by":"DF_ARCHETYPE_STREAMLINE","ascension_level":1}}