{"host":"gc8yb33y1dm65mio","time":1614307072,"event":{"mods":["BaseMod","Bestiary","Colored Map","Colored Powertips","Curses Come First","Highlight Path","Minty Spire (QoL Compilation)","Quick Restart","Relic Stats","StSLib"],"gold_per_floor":[117,42,42,53,53,97,97,120,143,184,197,218,55,55,55,55,55],"floor_reached":16,"language":"ENG","playtime":430,"items_purged":[],"score":243,"play_id":"4fc74e76-9c14-4c87-b7e4-8da942b4a09c","local_time":"20210225183752","is_ascension_mode":true,"campfire_choices":[{"data":"Gash","floor":7,"key":"SMITH"},{"floor":15,"key":"REST"}],"circlet_count":0,"master_deck":["AscendersBane","Strike_B","Strike_B","Strike_B","Defend_B","Defend_B","Defend_B+1","Defend_B+1","Zap","Dualcast","Gash+1","Gash","Echo Form","Beam Cell+1"],"relics":["Cracked Core","NeowsBlessing","Golden Idol","Omamori","Strawberry","Blood Vial","Toolbox"],"acts_visited":["Exordium"],"potions_floor_usage":[11,16],"damage_taken":[{"damage":0,"enemies":"2 Louse","floor":1,"turns":1},{"damage":0,"enemies":"Small Slimes","floor":4,"turns":1},{"damage":0,"enemies":"Gremlin Nob","floor":6,"turns":1},{"damage":0,"enemies":"Jaw Worm","floor":8,"turns":4},{"damage":44,"enemies":"3 Sentries","floor":10,"turns":9},{"damage":2,"enemies":"Red Slaver","floor":11,"turns":3},{"damage":0,"enemies":"Large Slime","floor":12,"turns":3},{"damage":37,"enemies":"Slime Boss","floor":16,"turns":6}],"seed_played":"7821581517036796404","potions_obtained":[{"floor":4,"key":"Energy Potion"},{"floor":6,"key":"FearPotion"}],"is_trial":false,"path_per_floor":["M","?","?","M","?","E","R","M","T","E","M","M","$","?","R","B"],"character_chosen":"DEFECT","items_purchased":["Toolbox"],"campfire_rested":1,"item_purchase_floors":[13],"current_hp_per_floor":[64,64,43,43,43,43,43,43,50,6,6,8,8,8,29,0,0],"gold":55,"neow_bonus":"THREE_ENEMY_KILL","is_daily":false,"chose_seed":false,"campfire_upgraded":1,"win_rate":0.0,"timestamp":1614307072,"path_taken":["M","?","?","M","?","E","R","M","T","E","M","?","?","?","R","BOSS"],"items_purchased_type":["Relic"],"build_version":"2020-12-22","purchased_purges":0,"victory":false,"max_hp_per_floor":[71,71,71,71,64,64,64,64,71,71,71,71,71,71,71,71,71],"relic_stats":{"Blood Vial":6,"counters":[8,28],"Golden Idol":29,"obtain_stats":[{"Blood Vial":10,"NeowsBlessing":0,"Golden Idol":5,"Strawberry":9,"Toolbox":13,"Omamori":6,"Cracked Core":0},{"Blood Vial":5,"NeowsBlessing":0,"Golden Idol":2,"Strawberry":4,"Toolbox":7,"Omamori":3,"Cracked Core":0},{"Blood Vial":16,"NeowsBlessing":0,"Golden Idol":2,"Strawberry":7,"Toolbox":22,"Omamori":3,"Cracked Core":0}]},"card_choices":[{"not_picked":["Leap","Hologram","Conserve Battery"],"picked":"SKIP","floor":1},{"not_picked":["Scrape","Turbo"],"picked":"Gash","floor":4},{"not_picked":["Rip and Tear","Streamline"],"picked":"Gash","floor":6},{"not_picked":["Darkness","Loop","BootSequence"],"picked":"SKIP","floor":8},{"not_picked":["Sunder","Chill"],"picked":"Echo Form","floor":10},{"not_picked":["Stack","Gash"],"picked":"Beam Cell","floor":11},{"not_picked":["Double Energy","Conserve Battery","Recycle"],"picked":"SKIP","floor":12}],"player_experience":1103306,"relics_obtained":[{"floor":6,"key":"Omamori"},{"floor":9,"key":"Strawberry"},{"floor":10,"key":"Blood Vial"}],"event_choices":[{"cards_removed":["Strike_B"],"damage_healed":0,"gold_gain":0,"player_choice":"Card Removal","damage_taken":0,"max_hp_gain":0,"max_hp_loss":0,"event_name":"The Cleric","floor":2,"gold_loss":75},{"damage_healed":0,"gold_gain":0,"player_choice":"Entered Light","damage_taken":21,"max_hp_gain":0,"max_hp_loss":0,"event_name":"Shining Light","floor":3,"gold_loss":0,"cards_upgraded":["Defend_B","Defend_B"]},{"damage_healed":0,"gold_gain":0,"player_choice":"Lose Max HP","damage_taken":0,"relics_obtained":["Golden Idol"],"max_hp_gain":0,"max_hp_loss":7,"event_name":"Golden Idol","floor":5,"gold_loss":0},{"damage_healed":0,"gold_gain":0,"player_choice":"Upgraded","damage_taken":0,"max_hp_gain":0,"max_hp_loss":0,"event_name":"Upgrade Shrine","floor":14,"gold_loss":0,"cards_upgraded":["Beam Cell"]}],"is_beta":false,"boss_relics":[],"items_purged_floors":[],"is_endless":false,"potions_floor_spawned":[4,6,8],"killed_by":"Slime Boss","ascension_level":16}}