{"host":"iv24d026eac8pm4e","time":1614377100,"event":{"mods":["BaseMod","Minty Spire (QoL Compilation)"],"gold_per_floor":[119,24,38,58,75,75,102,102,102,102,117,117,117],"floor_reached":12,"language":"ENG","playtime":409,"items_purged":[],"score":148,"play_id":"fee10cc1-afc4-4940-89f0-95f7a4f1bea4","local_time":"20210226140500","is_ascension_mode":true,"campfire_choices":[{"data":"Chaos","floor":6,"key":"SMITH"},{"data":"Seek","floor":8,"key":"SMITH"},{"data":"Recycle","floor":10,"key":"SMITH"}],"circlet_count":0,"master_deck":["AscendersBane","Strike_B","Strike_B","Strike_B","Strike_B","Defend_B","Defend_B","Defend_B","Defend_B","Zap","Dualcast","Chill","Chaos+1","Steam","Recycle+1","Seek+1","Go for the Eyes"],"relics":["Cracked Core","NeowsBlessing","Ancient Tea Set","Bird Faced Urn","StrikeDummy"],"acts_visited":["Exordium"],"potions_floor_usage":[7],"damage_taken":[{"damage":0,"enemies":"Small Slimes","floor":1,"turns":1},{"damage":0,"enemies":"Cultist","floor":3,"turns":1},{"damage":0,"enemies":"2 Louse","floor":4,"turns":1},{"damage":12,"enemies":"2 Fungi Beasts","floor":5,"turns":5},{"damage":19,"enemies":"Gremlin Nob","floor":7,"turns":4},{"damage":6,"enemies":"Exordium Wildlife","floor":11,"turns":2},{"damage":22,"enemies":"3 Sentries","floor":12,"turns":6}],"seed_played":"-2661092204317848939","potions_obtained":[{"floor":1,"key":"PotionOfCapacity"},{"floor":5,"key":"Strength Potion"}],"is_trial":false,"path_per_floor":["M","?","M","M","M","R","E","R","T","R","M","E"],"character_chosen":"DEFECT","items_purchased":[],"campfire_rested":0,"item_purchase_floors":[],"current_hp_per_floor":[64,64,64,64,52,52,33,33,33,33,27,5,5],"gold":117,"neow_bonus":"THREE_ENEMY_KILL","is_daily":false,"chose_seed":false,"campfire_upgraded":3,"win_rate":0.0,"timestamp":1614377100,"path_taken":["M","?","?","M","?","R","E","R","T","R","M","E"],"items_purchased_type":[],"build_version":"2020-12-22","purchased_purges":0,"victory":false,"max_hp_per_floor":[71,71,71,71,71,71,71,71,71,71,71,71,71],"card_choices":[{"not_picked":["Rebound","Beam Cell"],"picked":"Chill","floor":1},{"not_picked":["White Noise","Stack"],"picked":"Chaos","floor":3},{"not_picked":["Stack","Gash"],"picked":"Steam","floor":4},{"not_picked":["Heatsinks","Chaos"],"picked":"Recycle","floor":5},{"not_picked":["Blizzard","Coolheaded"],"picked":"Seek","floor":7},{"not_picked":["Leap","Force Field"],"picked":"Go for the Eyes","floor":11}],"player_experience":2643114,"relics_obtained":[{"floor":7,"key":"Bird Faced Urn"},{"floor":9,"key":"StrikeDummy"}],"event_choices":[{"damage_healed":0,"gold_gain":0,"player_choice":"Paid Gold","damage_taken":0,"relics_obtained":["Ancient Tea Set"],"max_hp_gain":0,"max_hp_loss":0,"event_name":"WeMeetAgain","floor":2,"gold_loss":95}],"is_beta":false,"boss_relics":[],"items_purged_floors":[],"is_endless":false,"potions_floor_spawned":[1,5],"killed_by":"3 Sentries","ascension_level":17}}