{"host":"p1xsuo25udtrkbq2","time":1614318797,"event":{"mods":["BaseMod","Colored Map","Googly Eyes","Highlight Path","Minty Spire (QoL Compilation)","Quick Restart","Rare Cards Sparkle","Slay the Relics Exporter","StSLib","everything is the same but u backflip on backflip"],"gold_per_floor":[12,22,40,40,51,83,83,8,8,8,23,35,49,74,74,175,225,208,208,208,133,147,147,182,182,205,234,234,264,274,32,32,136,136,155,171,171,188,205,205,216,216,241,258,258,275,294,326,326,326,326,326,15,43,43],"floor_reached":56,"language":"ENG","playtime":10716,"items_purged":["Strike_B","Strike_B","Darkness"],"score":1932,"play_id":"bdaeaacb-3d7b-479e-b3f7-715419a64ae3","local_time":"20210226005317","is_ascension_mode":true,"campfire_choices":[{"floor":7.0,"key":"REST"},{"data":"Apotheosis","floor":10.0,"key":"SMITH"},{"data":"1","floor":15.0,"key":"LIFT"},{"floor":23.0,"key":"REST"},{"data":"2","floor":25.0,"key":"LIFT"},{"floor":28.0,"key":"REST"},{"data":"3","floor":32.0,"key":"LIFT"},{"floor":40.0,"key":"RECALL"},{"floor":42.0,"key":"REST"},{"floor":49.0,"key":"REST"},{"floor":52.0,"key":"REST"}],"circlet_count":0,"master_deck":["AscendersBane","Zap","Dualcast","Apotheosis+1","Rebound","Scrape","Fusion","Conserve Battery","White Noise","Cold Snap","Fission","Reprogram","Skim","Stack","Steam","Fission","Sweeping Beam","Steam Power","FTL","Gash","Reboot","Scrape","Cold Snap","Echo Form","Barrage","Cold Snap","Turbo","Leap","Turbo","Coolheaded","Leap","Reprogram","Turbo","Rip and Tear"],"relics":["Cracked Core","Girya","Du-Vu Doll","Dead Branch","Tiny House","Enchiridion","Sundial","Bag of Preparation","Bottled Lightning","Mercury Hourglass","Pandora\u0027s Box","Ornamental Fan","Gremlin Horn"],"acts_visited":["Exordium","TheCity","TheBeyond","TheEnding"],"potions_floor_usage":[55],"damage_taken":[{"damage":2.0,"enemies":"Cultist","floor":1.0,"turns":4.0},{"damage":5.0,"enemies":"Jaw Worm","floor":2.0,"turns":4.0},{"damage":9.0,"enemies":"2 Louse","floor":3.0,"turns":2.0},{"damage":34.0,"enemies":"Lots of Slimes","floor":5.0,"turns":5.0},{"damage":30.0,"enemies":"3 Sentries","floor":6.0,"turns":9.0},{"damage":18.0,"enemies":"Exordium Wildlife","floor":11.0,"turns":3.0},{"damage":0.0,"enemies":"Looter","floor":12.0,"turns":2.0},{"damage":0.0,"enemies":"Exordium Thugs","floor":13.0,"turns":5.0},{"damage":0.0,"enemies":"Lagavulin","floor":14.0,"turns":5.0},{"damage":5.0,"enemies":"The Guardian","floor":16.0,"turns":10.0},{"damage":12.0,"enemies":"2 Thieves","floor":18.0,"turns":4.0},{"damage":7.0,"enemies":"Chosen","floor":22.0,"turns":4.0},{"damage":12.0,"enemies":"Slavers","floor":24.0,"turns":7.0},{"damage":43.0,"enemies":"Gremlin Leader","floor":27.0,"turns":4.0},{"damage":1.0,"enemies":"Book of Stabbing","floor":29.0,"turns":6.0},{"damage":0.0,"enemies":"Snecko","floor":30.0,"turns":1.0},{"damage":0.0,"enemies":"Automaton","floor":33.0,"turns":6.0},{"damage":7.0,"enemies":"3 Darklings","floor":35.0,"turns":3.0},{"damage":0.0,"enemies":"3 Shapes","floor":36.0,"turns":1.0},{"damage":0.0,"enemies":"Transient","floor":38.0,"turns":5.0},{"damage":4.0,"enemies":"Maw","floor":39.0,"turns":4.0},{"damage":0.0,"enemies":"Jaw Worm Horde","floor":41.0,"turns":1.0},{"damage":0.0,"enemies":"Sphere and 2 Shapes","floor":44.0,"turns":1.0},{"damage":0.0,"enemies":"Writhing Mass","floor":46.0,"turns":2.0},{"damage":0.0,"enemies":"4 Shapes","floor":47.0,"turns":2.0},{"damage":9.0,"enemies":"Reptomancer","floor":48.0,"turns":6.0},{"damage":68.0,"enemies":"Time Eater","floor":50.0,"turns":7.0},{"damage":0.0,"enemies":"Shield and Spear","floor":54.0,"turns":3.0},{"damage":90,"enemies":"The Heart","floor":55,"turns":11}],"seed_played":"6292712919117502476","potions_obtained":[{"floor":2.0,"key":"Regen Potion"},{"floor":11.0,"key":"Ancient Potion"},{"floor":12.0,"key":"GamblersBrew"},{"floor":13.0,"key":"FearPotion"},{"floor":16.0,"key":"SkillPotion"},{"floor":17.0,"key":"GamblersBrew"},{"floor":18.0,"key":"SpeedPotion"},{"floor":20.0,"key":"Explosive Potion"},{"floor":22.0,"key":"Regen Potion"},{"floor":27.0,"key":"FearPotion"},{"floor":33.0,"key":"Swift Potion"},{"floor":47.0,"key":"AttackPotion"},{"floor":54.0,"key":"ColorlessPotion"}],"is_trial":false,"path_per_floor":["M","M","M","?","M","E","R","$","T","R","M","M","M","E","R","B",null,"M","?","?","$","M","R","E","R","T","E","R","E","M","$","R","B",null,"M","M","?","M","M","R","M","R","T","M","?","M","M","E","R","B",null,"R","$","E","B",null],"character_chosen":"DEFECT","items_purchased":["Fission","Reboot","Rip and Tear","FairyPotion"],"campfire_rested":6,"item_purchase_floors":[21,31,53,53],"current_hp_per_floor":[66,61,52,75,41,11,33,33,33,33,15,15,15,29,29,24,67,55,39,39,39,32,56,44,44,44,10,34,33,33,33,33,33,68,61,61,61,61,57,57,57,80,80,80,80,80,80,71,80,12,63,80,80,80,18],"gold":43,"neow_bonus":"RANDOM_COLORLESS_2","is_daily":false,"chose_seed":false,"campfire_upgraded":1,"win_rate":0.0,"timestamp":1614318797,"path_taken":["M","M","?","?","M","E","R","$","T","R","M","M","M","E","R","BOSS","M","?","?","$","?","R","E","R","T","E","R","E","M","$","R","BOSS","M","M","?","M","?","R","M","R","T","M","?","?","M","E","R","BOSS","R","$","E","BOSS"],"items_purchased_type":["Card","Card","Card","Potion"],"build_version":"2020-12-22","purchased_purges":3,"victory":true,"max_hp_per_floor":[75,75,75,75,75,75,75,75,75,75,75,75,75,75,75,75,80,80,80,80,80,80,80,80,80,80,80,80,80,80,80,80,80,80,80,80,80,80,80,80,80,80,80,80,80,80,80,80,80,80,80,80,80,80,80],"card_choices":[{"not_picked":["Secret Technique","Secret Weapon"],"picked":"Apotheosis","floor":0.0},{"not_picked":["Leap","Conserve Battery"],"picked":"Rebound","floor":1.0},{"not_picked":["Rebound","Blizzard"],"picked":"Scrape","floor":2.0},{"not_picked":["Recycle","Chaos"],"picked":"Fusion","floor":3.0},{"not_picked":["Stack","Beam Cell"],"picked":"Conserve Battery","floor":5.0},{"not_picked":["Cold Snap","Static Discharge"],"picked":"White Noise","floor":6.0},{"not_picked":["Go for the Eyes","Turbo"],"picked":"Cold Snap","floor":11.0},{"not_picked":["Double Energy","Beam Cell"],"picked":"Fission","floor":12.0},{"not_picked":["Chaos","Consume"],"picked":"Reprogram","floor":13.0},{"not_picked":["Blizzard","BootSequence"],"picked":"Skim","floor":14.0},{"not_picked":["Barrage","Rebound"],"picked":"Stack","floor":17.0},{"not_picked":["Cold Snap","Leap"],"picked":"Steam","floor":18.0},{"not_picked":["Barrage","Redo","Stack"],"picked":"SKIP","floor":22.0},{"not_picked":["Stack","Sunder"],"picked":"Sweeping Beam","floor":24.0},{"not_picked":["Double Energy","Hologram"],"picked":"Steam Power","floor":27.0},{"not_picked":["Leap","Lockon"],"picked":"FTL","floor":29.0},{"not_picked":["Coolheaded","Sweeping Beam"],"picked":"Gash","floor":30.0},{"not_picked":["Amplify","Biased Cognition"],"picked":"Creative AI","floor":33.0},{"not_picked":["Defragment","Chill"],"picked":"Turbo","floor":35.0},{"not_picked":["Double Energy","Coolheaded","Doom and Gloom"],"picked":"SKIP","floor":36.0},{"not_picked":["Skim","Double Energy"],"picked":"Leap","floor":38.0},{"not_picked":["Ball Lightning+1","Cold Snap"],"picked":"Turbo","floor":39.0},{"not_picked":["Scrape","Sweeping Beam+1","Redo"],"picked":"SKIP","floor":41.0},{"not_picked":["Consume","Defragment"],"picked":"Coolheaded","floor":44.0},{"not_picked":["Heatsinks","Barrage+1"],"picked":"Leap","floor":46.0},{"not_picked":["Reinforced Body","Rainbow"],"picked":"Reprogram","floor":47.0},{"not_picked":["Reprogram","Machine Learning"],"picked":"Turbo","floor":48.0},{"not_picked":["Redo","Lockon+1","Compile Driver+1"],"picked":"SKIP","floor":54.0}],"player_experience":1152318,"relics_obtained":[{"floor":6.0,"key":"Girya"},{"floor":9.0,"key":"Du-Vu Doll"},{"floor":14.0,"key":"Dead Branch"},{"floor":19.0,"key":"Enchiridion"},{"floor":24.0,"key":"Sundial"},{"floor":26.0,"key":"Bag of Preparation"},{"floor":27.0,"key":"Bottled Lightning"},{"floor":29.0,"key":"Mercury Hourglass"},{"floor":48.0,"key":"Ornamental Fan"},{"floor":54.0,"key":"Gremlin Horn"}],"event_choices":[{"damage_healed":25.0,"max_hp_gain":0.0,"max_hp_loss":0.0,"gold_gain":0.0,"event_name":"Big Fish","player_choice":"Banana","floor":4.0,"gold_loss":0.0,"damage_taken":0.0},{"damage_healed":0.0,"max_hp_gain":0.0,"max_hp_loss":0.0,"gold_gain":0.0,"event_name":"Cursed Tome","player_choice":"Obtained Book","floor":19.0,"gold_loss":0.0,"damage_taken":16.0},{"damage_healed":0.0,"max_hp_gain":0.0,"max_hp_loss":0.0,"gold_gain":0.0,"event_name":"Lab","player_choice":"Got Potions","floor":20.0,"gold_loss":0.0,"damage_taken":0.0},{"cards_removed":["Creative AI"],"damage_healed":0.0,"max_hp_gain":0.0,"max_hp_loss":0.0,"gold_gain":0.0,"event_name":"Purifier","player_choice":"Purged","floor":37.0,"gold_loss":0.0,"damage_taken":0.0},{"damage_healed":0.0,"max_hp_gain":0.0,"max_hp_loss":0.0,"gold_gain":0.0,"event_name":"The Woman in Blue","player_choice":"Bought 0 Potions","floor":45.0,"gold_loss":0.0,"damage_taken":0.0}],"is_beta":false,"boss_relics":[{"not_picked":["Snecko Eye","Coffee Dripper"],"picked":"Tiny House"},{"not_picked":["Runic Dome","Empty Cage"],"picked":"Pandora\u0027s Box"}],"items_purged_floors":[8,31,53],"is_endless":false,"potions_floor_spawned":[2,11,12,13,16,18,22,27,33,35,44,47,54],"ascension_level":12}}