{"host":"ia9e4s524g7bamk7","time":1614330188,"event":{"mods":["AchievementEnabler","BaseMod","Colored Map","Minty Spire (QoL Compilation)","Permanent Neow","Slay-I","slay the spire mod where everything is the same but ironclad has a cowboy hat"],"gold_per_floor":[119,134,151,162,177,226,226,226,252,277,277,303,303,319,319,421,421,438,453,470,55,72,72,72],"floor_reached":23,"language":"ENG","playtime":1383,"items_purged":["Strike_G"],"score":324,"play_id":"c67b958c-3977-40ec-8621-e65013c315a1","local_time":"20210226100308","is_ascension_mode":true,"campfire_choices":[{"data":"Neutralize","floor":8.0,"key":"SMITH"},{"data":"Noxious Fumes","floor":11.0,"key":"SMITH"},{"floor":13.0,"key":"REST"},{"data":"Leg Sweep","floor":15.0,"key":"SMITH"}],"circlet_count":0,"master_deck":["Strike_G","Strike_G","Strike_G","Defend_G","Defend_G","Defend_G","Defend_G","Defend_G","Survivor","Neutralize+1","Leg Sweep+1","Noxious Fumes+1","Escape Plan","Dagger Throw","Deflect","All Out Attack","Heel Hook","Slice","Crippling Poison","Wraith Form v2","Adrenaline","Backflip+1","Catalyst+1","Bullet Time","Blur","Panache"],"relics":["WristBlade","Turnip","Tiny Chest","Art of War","Ancient Tea Set","Runic Pyramid"],"acts_visited":["Exordium","TheCity"],"potions_floor_usage":[19],"damage_taken":[{"damage":1.0,"enemies":"2 Louse","floor":1.0,"turns":3.0},{"damage":0.0,"enemies":"Small Slimes","floor":2.0,"turns":3.0},{"damage":0.0,"enemies":"Cultist","floor":3.0,"turns":5.0},{"damage":4.0,"enemies":"Blue Slaver","floor":4.0,"turns":6.0},{"damage":8.0,"enemies":"Exordium Wildlife","floor":5.0,"turns":7.0},{"damage":19.0,"enemies":"Gremlin Nob","floor":6.0,"turns":4.0},{"damage":0.0,"enemies":"Lagavulin","floor":10.0,"turns":6.0},{"damage":9.0,"enemies":"3 Sentries","floor":12.0,"turns":6.0},{"damage":3.0,"enemies":"Exordium Thugs","floor":14.0,"turns":5.0},{"damage":16.0,"enemies":"The Guardian","floor":16.0,"turns":12.0},{"damage":3,"enemies":"Spheric Guardian","floor":18,"turns":6},{"damage":11,"enemies":"2 Thieves","floor":19,"turns":4},{"damage":17,"enemies":"Snake Plant","floor":20,"turns":6},{"damage":14,"enemies":"3 Cultists","floor":22,"turns":6},{"damage":14,"enemies":"Book of Stabbing","floor":23,"turns":3}],"seed_played":"-8256905051548474541","potions_obtained":[{"floor":1.0,"key":"SteroidPotion"},{"floor":3.0,"key":"ColorlessPotion"},{"floor":5.0,"key":"BlessingOfTheForge"},{"floor":6.0,"key":"GamblersBrew"},{"floor":14.0,"key":"SneckoOil"},{"floor":19,"key":"SpeedPotion"}],"is_trial":false,"path_per_floor":["M","M","M","M","M","E","?","R","T","E","R","E","R","M","R","B",null,"M","M","M","$","M","E"],"character_chosen":"THE_SILENT","items_purchased":["Bullet Time","Blur","Panache"],"campfire_rested":1,"item_purchase_floors":[21,21,21],"current_hp_per_floor":[62,62,62,58,50,31,31,31,31,31,31,22,43,40,40,24,59,56,45,28,28,14,0,0],"gold":72,"neow_bonus":"BOSS_RELIC","is_daily":false,"chose_seed":false,"campfire_upgraded":3,"win_rate":0.0,"timestamp":1614330188,"path_taken":["M","M","M","M","M","E","?","R","T","E","R","E","R","M","R","BOSS","M","M","M","$","M","E"],"items_purchased_type":["Card","Card","Card"],"build_version":"2020-12-22","purchased_purges":1,"victory":false,"max_hp_per_floor":[70,70,70,70,70,70,70,70,70,70,70,70,70,70,70,70,70,70,70,70,70,70,70,70],"card_choices":[{"not_picked":["Terror","Outmaneuver"],"picked":"Leg Sweep","floor":1.0},{"not_picked":["Underhanded Strike","Flying Knee"],"picked":"Noxious Fumes","floor":2.0},{"not_picked":["Heel Hook","Prepared"],"picked":"Escape Plan","floor":3.0},{"not_picked":["Poisoned Stab","Quick Slash"],"picked":"Dagger Throw","floor":4.0},{"not_picked":["Dagger Throw","Backflip"],"picked":"Deflect","floor":5.0},{"not_picked":["Bouncing Flask","Prepared"],"picked":"All Out Attack","floor":6.0},{"not_picked":["Distraction","Crippling Poison"],"picked":"Slice","floor":10.0},{"not_picked":["Dagger Throw","Deflect"],"picked":"Crippling Poison","floor":12.0},{"not_picked":["Cloak And Dagger","Underhanded Strike"],"picked":"Wraith Form v2","floor":14.0},{"not_picked":["Night Terror","Tools of the Trade"],"picked":"Adrenaline","floor":16.0},{"not_picked":["Underhanded Strike","Terror","Dagger Throw"],"picked":"SKIP","floor":18},{"not_picked":["Acrobatics","Dagger Spray"],"picked":"Backflip+1","floor":19},{"not_picked":["Flying Knee","Bane+1"],"picked":"Catalyst+1","floor":20},{"not_picked":["Skewer","Heel Hook","Flying Knee"],"picked":"SKIP","floor":22}],"player_experience":432169,"relics_obtained":[{"floor":6.0,"key":"Turnip"},{"floor":9.0,"key":"Tiny Chest"},{"floor":10.0,"key":"Art of War"},{"floor":12.0,"key":"Ancient Tea Set"}],"event_choices":[{"damage_healed":0.0,"max_hp_gain":0.0,"max_hp_loss":0.0,"gold_gain":0.0,"cards_transformed":["Strike_G"],"event_name":"Living Wall","player_choice":"Change","floor":7.0,"gold_loss":0.0,"damage_taken":0.0,"cards_obtained":["Heel Hook"]}],"is_beta":false,"boss_relics":[{"not_picked":["Snecko Eye","Astrolabe"],"picked":"Runic Pyramid"}],"items_purged_floors":[21],"is_endless":false,"potions_floor_spawned":[1,3,5,6,14,19],"killed_by":"Book of Stabbing","ascension_level":7}}