{"host":"r6t4fwpf30hgqgjl","time":1614355123,"event":{"mods":["BaseMod","Colored Map","Colored Powertips","Minty Spire (QoL Compilation)","StSLib"],"gold_per_floor":[117,117,117,135,155,155,186,196,196,209,219,219,219,232,232,328,328,347,367,367,101,114,148,171,183,183],"floor_reached":25,"language":"ENG","playtime":1389,"items_purged":[],"score":238,"play_id":"514cebee-b102-4ba9-aa08-184d96e16e7f","local_time":"20210226165843","is_ascension_mode":true,"campfire_choices":[{"data":"Perfected Strike","floor":6,"key":"SMITH"},{"data":"Armaments","floor":15,"key":"SMITH"}],"circlet_count":0,"master_deck":["Strike_R","Strike_R","Strike_R","Strike_R","Strike_R","Defend_R","Defend_R","Defend_R","Defend_R","Pommel Strike","Perfected Strike+1","Shrug It Off","Twin Strike","Armaments+1","Twin Strike","Double Tap","Pommel Strike+1","Pommel Strike","Shrug It Off","Clash+1"],"relics":["Burning Blood","NeowsBlessing","Gremlin Horn","Strawberry","Centennial Puzzle","Coffee Dripper","Kunai","MawBank"],"acts_visited":["TheCity"],"potions_floor_usage":[16,16],"damage_taken":[{"damage":0,"enemies":"Small Slimes","floor":1,"turns":2},{"damage":0,"enemies":"Jaw Worm","floor":4,"turns":1},{"damage":0,"enemies":"Cultist","floor":5,"turns":1},{"damage":31,"enemies":"3 Sentries","floor":7,"turns":8},{"damage":2,"enemies":"Blue Slaver","floor":8,"turns":3},{"damage":10,"enemies":"Looter","floor":10,"turns":2},{"damage":0,"enemies":"2 Fungi Beasts","floor":11,"turns":3},{"damage":1,"enemies":"Gremlin Gang","floor":14,"turns":7},{"damage":71,"enemies":"The Guardian","floor":16,"turns":13},{"damage":0,"enemies":"Chosen","floor":18,"turns":4},{"damage":10,"enemies":"3 Byrds","floor":19,"turns":4},{"damage":21,"enemies":"Snake Plant","floor":22,"turns":3},{"damage":58,"enemies":"Book of Stabbing","floor":23,"turns":7},{"damage":0,"enemies":"Chosen and Byrds","floor":24,"turns":6},{"damage":28,"enemies":"Gremlin Leader","floor":25,"turns":5}],"seed_played":"-5386811419324598896","potions_obtained":[{"floor":4,"key":"LiquidBronze"},{"floor":7,"key":"BloodPotion"},{"floor":11,"key":"EntropicBrew"},{"floor":18,"key":"ElixirPotion"},{"floor":19,"key":"Swift Potion"}],"is_trial":false,"path_per_floor":["M","?","T","M","M","R","E","M","T","M","M","?","?","M","R","B",null,"M","M","?","$","M","E","M","E"],"character_chosen":"IRONCLAD","items_purchased":["Pommel Strike","Kunai"],"campfire_rested":0,"item_purchase_floors":[21,21],"current_hp_per_floor":[80,85,85,85,85,85,67,71,71,67,73,73,73,78,78,31,92,92,88,88,88,73,21,27,0,0],"gold":183,"neow_bonus":"THREE_ENEMY_KILL","is_daily":false,"chose_seed":false,"campfire_upgraded":2,"win_rate":0.0,"timestamp":1614355123,"path_taken":["M","?","?","?","M","R","E","M","T","M","M","?","?","M","R","BOSS","M","M","?","$","M","E","?","E"],"items_purchased_type":["Card","Relic"],"build_version":"2020-12-22","purchased_purges":0,"victory":false,"max_hp_per_floor":[80,85,85,85,85,85,92,92,92,92,92,92,92,92,92,92,92,92,92,92,92,92,92,92,92,92],"card_choices":[{"not_picked":["Flex","Headbutt"],"picked":"Pommel Strike","floor":1},{"not_picked":["Clothesline","Bloodletting"],"picked":"Perfected Strike","floor":4},{"not_picked":["Heavy Blade","Dark Embrace"],"picked":"Armaments","floor":5},{"not_picked":["Juggernaut","Offering"],"picked":"Shrug It Off","floor":7},{"not_picked":["Headbutt","Armaments"],"picked":"Twin Strike","floor":8},{"not_picked":["Heavy Blade","Uppercut"],"picked":"Armaments","floor":10},{"not_picked":["Body Slam","Cleave","True Grit"],"picked":"SKIP","floor":11},{"not_picked":["Shrug It Off","Feel No Pain"],"picked":"Twin Strike","floor":14},{"not_picked":["Limit Break","Brutality"],"picked":"Double Tap","floor":16},{"not_picked":["Dark Embrace","Armaments","Clothesline+1"],"picked":"SKIP","floor":18},{"not_picked":["Carnage+1","Whirlwind"],"picked":"Pommel Strike+1","floor":19},{"not_picked":["Armaments","Entrench","Body Slam"],"picked":"SKIP","floor":22},{"not_picked":["Headbutt","Clothesline"],"picked":"Shrug It Off","floor":23},{"not_picked":["Flex","Uppercut"],"picked":"Clash+1","floor":24}],"player_experience":11932,"relics_obtained":[{"floor":3,"key":"Gremlin Horn"},{"floor":7,"key":"Strawberry"},{"floor":9,"key":"Centennial Puzzle"},{"floor":23,"key":"MawBank"}],"event_choices":[{"damage_healed":0,"gold_gain":0,"player_choice":"Donut","damage_taken":0,"max_hp_gain":5,"max_hp_loss":0,"event_name":"Big Fish","floor":2,"gold_loss":0},{"cards_removed":["Bash"],"damage_healed":0,"gold_gain":0,"player_choice":"Forget","damage_taken":0,"max_hp_gain":0,"max_hp_loss":0,"event_name":"Living Wall","floor":12,"gold_loss":0},{"damage_healed":0,"gold_gain":0,"player_choice":"Ignored","damage_taken":0,"max_hp_gain":0,"max_hp_loss":0,"event_name":"Liars Game","floor":13,"gold_loss":0},{"cards_removed":["Armaments"],"damage_healed":0,"gold_gain":0,"player_choice":"Purged","damage_taken":0,"max_hp_gain":0,"max_hp_loss":0,"event_name":"Purifier","floor":20,"gold_loss":0}],"is_beta":false,"boss_relics":[{"not_picked":["Astrolabe","Black Star"],"picked":"Coffee Dripper"}],"items_purged_floors":[],"is_endless":false,"potions_floor_spawned":[4,7,11,18,19,23],"killed_by":"Gremlin Leader","ascension_level":1}}