{"host":"7wi4qgm5yw4j7oz0","time":1614343356,"event":{"mods":["AchievementEnabler","BaseMod","Block Reminder","Colored Map","Colored Powertips","Highlight Path","Minty Spire (QoL Compilation)","Permanent Neow","Random Character Button","StSLib","SuperFastMode","everything is the same but u backflip on backflip"],"gold_per_floor":[109,119,33,44,61,61,91,91,91,126,126,126,137,147,147,225,225,183,24,37,49,69,69,69,69],"floor_reached":24,"language":"KOR","playtime":986,"items_purged":["Strike_R"],"score":399,"play_id":"300f2a55-6fe9-4872-90d9-4c7ea0a9a1cd","local_time":"20210226214236","is_ascension_mode":true,"campfire_choices":[{"data":"Armaments","floor":6.0,"key":"SMITH"},{"floor":8.0,"key":"REST"},{"floor":12.0,"key":"REST"},{"data":"Fire Breathing","floor":15.0,"key":"SMITH"},{"floor":23,"key":"REST"}],"circlet_count":0,"master_deck":["AscendersBane","Strike_R","Strike_R","Strike_R","Strike_R","Defend_R","Defend_R","Defend_R","Defend_R","Bash+1","Clothesline","Armaments+1","Fire Breathing+1","Perfected Strike","Flame Barrier","Impervious","Dual Wield+1","Headbutt","Double Tap","Rampage","Power Through","Shrug It Off","Reaper"],"relics":["Burning Blood","White Beast Statue","Singing Bowl","Pen Nib","Fusion Hammer"],"acts_visited":["Exordium","TheCity"],"potions_floor_usage":[16,18,20,24],"damage_taken":[{"damage":9.0,"enemies":"2 Louse","floor":1.0,"turns":3.0},{"damage":6.0,"enemies":"Cultist","floor":2.0,"turns":4.0},{"damage":1.0,"enemies":"Jaw Worm","floor":4.0,"turns":4.0},{"damage":17.0,"enemies":"Large Slime","floor":5.0,"turns":6.0},{"damage":24.0,"enemies":"Gremlin Nob","floor":7.0,"turns":4.0},{"damage":30.0,"enemies":"Lagavulin","floor":10.0,"turns":6.0},{"damage":12.0,"enemies":"Blue Slaver","floor":13.0,"turns":5.0},{"damage":18.0,"enemies":"Exordium Thugs","floor":14.0,"turns":5.0},{"damage":23,"enemies":"Slime Boss","floor":16,"turns":8},{"damage":23,"enemies":"2 Thieves","floor":18,"turns":5},{"damage":0,"enemies":"Chosen","floor":20,"turns":5},{"damage":14,"enemies":"Snake Plant","floor":21,"turns":4},{"damage":7,"enemies":"Snecko","floor":22,"turns":7},{"damage":91,"enemies":"Book of Stabbing","floor":24,"turns":8}],"seed_played":"619819450370741992","potions_obtained":[{"floor":4.0,"key":"Energy Potion"},{"floor":5.0,"key":"SkillPotion"},{"floor":10.0,"key":"GamblersBrew"},{"floor":13.0,"key":"BlessingOfTheForge"},{"floor":14.0,"key":"Explosive Potion"},{"floor":16,"key":"BlessingOfTheForge"},{"floor":18,"key":"SteroidPotion"},{"floor":20,"key":"BloodPotion"},{"floor":21,"key":"Weak Potion"}],"is_trial":false,"path_per_floor":["M","M","$","M","M","R","E","R","T","E","?","R","M","M","R","B",null,"M","$","M","M","M","R","E"],"character_chosen":"IRONCLAD","items_purchased":["Fire Breathing","Power Through"],"campfire_rested":3,"item_purchase_floors":[3,19],"current_hp_per_floor":[65,65,65,70,59,59,41,63,63,39,39,61,55,45,45,28,65,48,48,71,63,62,79,0,0],"gold":69,"neow_bonus":"UPGRADE_CARD","is_daily":false,"chose_seed":false,"campfire_upgraded":2,"win_rate":0.0,"timestamp":1614343356,"path_taken":["M","M","$","M","M","R","E","R","T","E","?","R","?","M","R","BOSS","M","$","M","M","M","R","E"],"items_purchased_type":["Card","Card"],"build_version":"2020-12-22","purchased_purges":1,"victory":false,"max_hp_per_floor":[75,75,75,75,75,75,75,75,75,75,75,75,75,77,77,77,77,77,77,79,79,79,79,79,79],"card_choices":[{"not_picked":["Heavy Blade","Wild Strike"],"picked":"Clothesline","floor":1.0},{"not_picked":["Rupture","Heavy Blade"],"picked":"Armaments","floor":2.0},{"not_picked":["Headbutt","True Grit"],"picked":"Perfected Strike","floor":4.0},{"not_picked":["Armaments","Burning Pact"],"picked":"Flame Barrier","floor":5.0},{"not_picked":["Bloodletting","Anger"],"picked":"Impervious","floor":7.0},{"not_picked":["Warcry","Sword Boomerang"],"picked":"Dual Wield","floor":10.0},{"not_picked":["Armaments","Shockwave"],"picked":"Headbutt","floor":13.0},{"not_picked":["Clash","Clothesline","Headbutt"],"picked":"Singing Bowl","floor":14.0},{"not_picked":["Feed","Juggernaut"],"picked":"Double Tap","floor":16},{"not_picked":["Armaments","Twin Strike"],"picked":"Rampage","floor":18},{"not_picked":["Uppercut","Clothesline","Anger"],"picked":"Singing Bowl","floor":20},{"not_picked":["Armaments","Inflame"],"picked":"Shrug It Off","floor":21},{"not_picked":["Cleave","Rampage"],"picked":"Reaper","floor":22}],"player_experience":376980,"relics_obtained":[{"floor":7.0,"key":"White Beast Statue"},{"floor":9.0,"key":"Singing Bowl"},{"floor":10.0,"key":"Pen Nib"}],"event_choices":[{"damage_healed":0.0,"max_hp_gain":0.0,"max_hp_loss":0.0,"gold_gain":0.0,"event_name":"Accursed Blacksmith","player_choice":"Forge","floor":11.0,"gold_loss":0.0,"damage_taken":0.0,"cards_upgraded":["Dual Wield"]}],"is_beta":false,"boss_relics":[{"not_picked":["Black Star","Calling Bell"],"picked":"Fusion Hammer"}],"items_purged_floors":[19],"is_endless":false,"potions_floor_spawned":[4,5,10,13,14,16,18,20,21,22],"killed_by":"Book of Stabbing","ascension_level":18}}