{"host":"cy4bqpzmmfw1b6lr","time":1614299878,"event":{"mods":["AchievementEnabler","BaseMod","Colored Map","Conspire","Downfall","Halation","Infinite Spire","Minty Spire (QoL Compilation)","Replay The Spire","StSLib"],"gold_per_floor":[117,117,117,135,150,150,185,185,185,135,147,114,140,152,152,249,249,174,174,27,27,27,27],"floor_reached":22,"language":"ENG","playtime":984,"items_purged":["Strike_G"],"score":204,"play_id":"7597c380-25cd-42e5-a3c0-4f2f3ec2c63f","local_time":"20210225173758","is_ascension_mode":true,"campfire_choices":[{"data":"Footwork","floor":6,"key":"SMITH"},{"floor":8,"key":"REST"},{"floor":15,"key":"REST"}],"circlet_count":0,"master_deck":["Strike_G","Strike_G","Strike_G","Defend_G","Defend_G","Defend_G","Defend_G","Defend_G","Survivor","Neutralize","Deflect","Outmaneuver","Footwork+1","conspire:DoublingDagger","Poisoned Stab","Blur","Accuracy","After Image","ReplayTheSpireMod:Necrosis","Draining Mist+1","Accuracy","Infinite Blades+1"],"relics":["Ring of the Snake","NeowsBlessing","Replay:Accelerometer","PreservedInsect","infinitespire:Beetle Shell","Orichalcum","Ectoplasm","Replay:Blank Codex"],"acts_visited":["Exordium","TheCity"],"potions_floor_usage":[13,16,16],"damage_taken":[{"damage":0,"enemies":"Cultist","floor":1,"turns":1},{"damage":0,"enemies":"Small Slimes","floor":4,"turns":1},{"damage":0,"enemies":"2 Louse","floor":5,"turns":1},{"damage":37,"enemies":"Replay:BlueRogue","floor":7,"turns":11},{"damage":7,"enemies":"Exordium Wildlife","floor":11,"turns":7},{"damage":0,"enemies":"Exordium Thugs","floor":12,"turns":5},{"damage":11,"enemies":"Lagavulin","floor":13,"turns":8},{"damage":10,"enemies":"3 Louse","floor":14,"turns":5},{"damage":24,"enemies":"Hexaghost","floor":16,"turns":17},{"damage":18,"enemies":"2 Thieves","floor":18,"turns":5},{"damage":18,"enemies":"conspire:FuzzyDice","floor":21,"turns":9},{"damage":22,"enemies":"Snake Plant","floor":22,"turns":4}],"seed_played":"1586715879024208453","potions_obtained":[{"floor":1,"key":"SkillPotion"},{"floor":4,"key":"Adrenaline Potion"},{"floor":12,"key":"SpeedPotion"},{"floor":13,"key":"Poison Potion"},{"floor":14,"key":"BlessingOfTheForge"}],"is_trial":false,"path_per_floor":["M","?","?","M","M","R","E","R","T","?","M","M","E","M","R","B",null,"M","?","$","M","M"],"character_chosen":"THE_SILENT","items_purchased":["Accuracy"],"campfire_rested":2,"item_purchase_floors":[20],"current_hp_per_floor":[70,70,70,70,70,70,33,54,54,54,47,47,36,26,47,23,70,52,36,36,18,0,0],"gold":27,"neow_bonus":"THREE_ENEMY_KILL","is_daily":false,"chose_seed":false,"campfire_upgraded":1,"win_rate":0.0,"timestamp":1614299878,"path_taken":["M","?","?","M","M","R","E","R","T","?","M","M","E","M","R","BOSS","M","?","$","M","M"],"items_purchased_type":["Card"],"build_version":"2020-12-22","purchased_purges":1,"victory":false,"max_hp_per_floor":[70,70,70,70,70,70,70,70,70,70,70,70,70,70,70,70,70,70,70,70,70,70,70],"card_choices":[{"not_picked":["Endless Agony","Prepared"],"picked":"Deflect","floor":1},{"not_picked":["Deadly Poison","Dash"],"picked":"Footwork","floor":4},{"not_picked":["ReplayTheSpireMod:Exploit Weakness","Endless Agony"],"picked":"conspire:DoublingDagger","floor":5},{"not_picked":["ReplayTheSpireMod:Exploit Weakness","Bane"],"picked":"Poisoned Stab","floor":7},{"not_picked":["Quick Slash","ReplayTheSpireMod:Scrap Shanks"],"picked":"Blur","floor":11},{"not_picked":["ReplayTheSpireMod:Shiv Toss","Outmaneuver"],"picked":"Accuracy","floor":12},{"not_picked":["Prepared","Quick Slash"],"picked":"After Image","floor":13},{"not_picked":["Crippling Poison","Finisher","Choke"],"picked":"SKIP","floor":14},{"not_picked":["Unload","Glass Knife"],"picked":"ReplayTheSpireMod:Necrosis","floor":16},{"not_picked":["Backflip","Dagger Spray"],"picked":"Draining Mist+1","floor":18},{"not_picked":["ReplayTheSpireMod:Shiv Toss+1","Acrobatics+1"],"picked":"Infinite Blades+1","floor":21}],"player_experience":42831,"relics_obtained":[{"floor":7,"key":"PreservedInsect"},{"floor":9,"key":"infinitespire:Beetle Shell"},{"floor":13,"key":"Orichalcum"},{"floor":19,"key":"Replay:Blank Codex"}],"event_choices":[{"damage_healed":0,"gold_gain":0,"cards_transformed":["Strike_G"],"player_choice":"Change","damage_taken":0,"max_hp_gain":0,"max_hp_loss":0,"event_name":"Living Wall","floor":2,"gold_loss":0,"cards_obtained":["Outmaneuver"]},{"damage_healed":0,"gold_gain":0,"player_choice":"Box","damage_taken":0,"relics_obtained":["Replay:Accelerometer"],"max_hp_gain":0,"max_hp_loss":0,"event_name":"Big Fish","floor":3,"gold_loss":0,"cards_obtained":["Regret"]},{"cards_removed":["Regret"],"damage_healed":0,"gold_gain":0,"player_choice":"Card Removal","damage_taken":0,"max_hp_gain":0,"max_hp_loss":0,"event_name":"The Cleric","floor":10,"gold_loss":50},{"damage_healed":0,"gold_gain":0,"player_choice":"Obtained Book","damage_taken":16,"max_hp_gain":0,"max_hp_loss":0,"event_name":"Cursed Tome","floor":19,"gold_loss":0}],"is_beta":false,"boss_relics":[{"not_picked":["Tiny House","SlaversCollar"],"picked":"Ectoplasm"}],"items_purged_floors":[20],"is_endless":false,"potions_floor_spawned":[1,4,12,13,14],"killed_by":"Snake Plant","ascension_level":1}}