{"host":"zp8jvycvinn13jdb","time":1614369815,"event":{"mods":["BaseMod","Better Match","Colored Powertips","Downfall","Googly Eyes","Hermit","Minty Spire (QoL Compilation)","Rare Cards Sparkle","Relic Stats","StSLib","SuperFastMode","Synergy Search","The Bug Knight","The Cursed"],"gold_per_floor":[115,18,36,51,63,63,63,63,86,86,105,121,46,71,71,169,169,189,209,209,221,97,97,131,0,54,67,99,119,119,137,137,242,242,260,260,55,55,71,71,104,104,104,104,118,445,445,455,455,455],"floor_reached":51,"language":"ENG","playtime":5631,"items_purged":["Strike_B","Strike_B","Defend_B"],"score":747,"play_id":"f8080cbb-1f74-4a3f-be3f-66cd1e340188","local_time":"20210226150335","is_ascension_mode":false,"campfire_choices":[{"data":"Darkness","floor":6,"key":"SMITH"},{"data":"Cold Snap","floor":8,"key":"SMITH"},{"data":"Defragment","floor":10,"key":"SMITH"},{"floor":15,"key":"REST"},{"data":"Redo","floor":23,"key":"SMITH"},{"data":"Biased Cognition","floor":30,"key":"SMITH"},{"floor":32,"key":"REST"},{"floor":40,"key":"REST"},{"data":"Defragment","floor":42,"key":"SMITH"},{"data":"Doom and Gloom","floor":44,"key":"SMITH"},{"floor":47,"key":"REST"},{"data":"Conserve Battery","floor":49,"key":"SMITH"}],"circlet_count":0,"master_deck":["Strike_B","Defend_B","Defend_B","Defend_B","Darkness+1","Cold Snap+1","Defragment+1","Genetic Algorithm","Compile Driver","Biased Cognition+1","Loop+1","Redo+1","Conserve Battery+1","Doom and Gloom+1","Defragment+1"],"relics":["Cracked Core","Bag of Preparation","Ancient Tea Set","Cursed Key","Omamori","Orichalcum","Art of War","Empty Cage","Pantograph","Regal Pillow","Old Coin"],"acts_visited":["Exordium","TheCity","TheBeyond"],"potions_floor_usage":[18,24,24,50,50,50],"damage_taken":[{"damage":6,"enemies":"Small Slimes","floor":1,"turns":4},{"damage":3,"enemies":"Cultist","floor":3,"turns":4},{"damage":7,"enemies":"2 Louse","floor":4,"turns":3},{"damage":18,"enemies":"Looter","floor":5,"turns":3},{"damage":11,"enemies":"2 Fungi Beasts","floor":11,"turns":3},{"damage":6,"enemies":"Red Slaver","floor":12,"turns":4},{"damage":16,"enemies":"Lagavulin","floor":14,"turns":4},{"damage":4,"enemies":"Slime Boss","floor":16,"turns":7},{"damage":0,"enemies":"2 Thieves","floor":18,"turns":3},{"damage":0,"enemies":"Chosen","floor":19,"turns":4},{"damage":11,"enemies":"Shelled Parasite and Fungi","floor":21,"turns":5},{"damage":4,"enemies":"Book of Stabbing","floor":24,"turns":3},{"damage":0,"enemies":"3 Cultists","floor":27,"turns":5},{"damage":24,"enemies":"Gremlin Leader","floor":28,"turns":8},{"damage":2,"enemies":"Centurion and Healer","floor":29,"turns":4},{"damage":0,"enemies":"Shelled Parasite and Fungi","floor":31,"turns":3},{"damage":49,"enemies":"Automaton","floor":33,"turns":9},{"damage":9,"enemies":"3 Darklings","floor":35,"turns":7},{"damage":8,"enemies":"3 Shapes","floor":39,"turns":4},{"damage":13,"enemies":"Giant Head","floor":41,"turns":7},{"damage":14,"enemies":"Writhing Mass","floor":45,"turns":4},{"damage":4,"enemies":"Nemesis","floor":46,"turns":8},{"damage":0,"enemies":"3 Darklings","floor":48,"turns":3},{"damage":46,"enemies":"Awakened One","floor":50,"turns":11}],"seed_played":"-5115447791933020242","potions_obtained":[{"floor":5,"key":"EssenceOfSteel"},{"floor":12,"key":"SteroidPotion"},{"floor":14,"key":"DistilledChaos"},{"floor":18,"key":"DuplicationPotion"},{"floor":27,"key":"SteroidPotion"},{"floor":28,"key":"Ancient Potion"},{"floor":38,"key":"LiquidBronze"},{"floor":38,"key":"Dexterity Potion"}],"is_trial":false,"path_per_floor":["M","$","M","M","M","R","?","R","T","R","M","M","$","E","R","B",null,"M","M","?","M","$","R","E","?","T","M","E","M","R","M","R","B",null,"M","?","$","?","M","R","E","R","T","R","M","E","R","M","R","B",null],"character_chosen":"DEFECT","items_purchased":["Cold Snap","Defragment","Redo","Doom and Gloom"],"campfire_rested":4,"item_purchase_floors":[2,2,22,37],"current_hp_per_floor":[76,76,73,66,48,48,82,82,82,82,71,65,65,49,73,69,82,82,82,82,71,71,71,67,67,67,67,43,41,41,41,65,16,82,73,73,73,73,65,82,69,69,69,69,55,51,82,82,82,36],"gold":455,"neow_bonus":"TEN_PERCENT_HP_BONUS","is_daily":false,"chose_seed":false,"campfire_upgraded":8,"win_rate":0.0,"timestamp":1614369815,"path_taken":["M","$","M","M","M","R","?","R","T","R","?","M","$","E","R","BOSS","M","M","?","M","$","R","E","?","T","M","E","M","R","M","R","BOSS","M","?","$","?","?","R","E","R","T","R","M","E","R","M","R","BOSS"],"items_purchased_type":["Card","Card","Card","Card"],"build_version":"2020-12-22","purchased_purges":3,"victory":true,"max_hp_per_floor":[82,82,82,82,82,82,82,82,82,82,82,82,82,82,82,82,82,82,82,82,82,82,82,82,82,82,82,82,82,82,82,82,82,82,82,82,82,82,82,82,82,82,82,82,82,82,82,82,82,82],"relic_stats":{"Regal Pillow":7,"counters":[24,119],"Pantograph":0,"Bag of Preparation":[40],"Art of War":[9],"Orichalcum":[54],"Cursed Key":2,"obtain_stats":[{"Regal Pillow":43,"Pantograph":41,"Bag of Preparation":9,"Omamori":24,"Art of War":28,"Orichalcum":26,"Cracked Core":0,"Ancient Tea Set":14,"Cursed Key":17,"Empty Cage":34,"Old Coin":46},{"Regal Pillow":20,"Pantograph":20,"Bag of Preparation":4,"Omamori":12,"Art of War":14,"Orichalcum":12,"Cracked Core":0,"Ancient Tea Set":7,"Cursed Key":8,"Empty Cage":17,"Old Coin":22},{"Regal Pillow":93,"Pantograph":93,"Bag of Preparation":14,"Omamori":46,"Art of War":59,"Orichalcum":46,"Cracked Core":0,"Ancient Tea Set":25,"Cursed Key":32,"Empty Cage":75,"Old Coin":105}]},"card_choices":[{"not_picked":["Compile Driver","BootSequence"],"picked":"Darkness","floor":1},{"not_picked":["Stack","White Noise","Turbo"],"picked":"SKIP","floor":3},{"not_picked":["Glacier","BootSequence","Coolheaded"],"picked":"SKIP","floor":4},{"not_picked":["Turbo","Sweeping Beam"],"picked":"Genetic Algorithm","floor":5},{"not_picked":["Rebound","Stack","Leap"],"picked":"SKIP","floor":11},{"not_picked":["Hologram","Streamline"],"picked":"Compile Driver","floor":12},{"not_picked":["Steam Power","Recycle","Melter"],"picked":"SKIP","floor":14},{"not_picked":["Fission","Reboot"],"picked":"Biased Cognition","floor":16},{"not_picked":["Force Field","Barrage"],"picked":"Loop+1","floor":18},{"not_picked":["Beam Cell","Melter","Consume+1"],"picked":"SKIP","floor":19},{"not_picked":["Go for the Eyes","Defragment","Chill"],"picked":"SKIP","floor":21},{"not_picked":["Ball Lightning","BootSequence+1","Streamline"],"picked":"SKIP","floor":24},{"not_picked":["Ball Lightning","Go for the Eyes+1"],"picked":"Conserve Battery","floor":27},{"not_picked":["Force Field","Hyperbeam","Ball Lightning"],"picked":"SKIP","floor":28},{"not_picked":["Melter","Fusion","Rip and Tear"],"picked":"SKIP","floor":29},{"not_picked":["Steam+1","Heatsinks","Blizzard"],"picked":"SKIP","floor":31},{"not_picked":["Amplify","Seek"],"picked":"Rainbow","floor":33},{"not_picked":["Storm","Beam Cell+1","Barrage+1"],"picked":"SKIP","floor":35},{"not_picked":["Fusion","Hologram+1","Leap"],"picked":"SKIP","floor":39},{"not_picked":["Cold Snap+1","Barrage+1"],"picked":"Defragment","floor":41},{"not_picked":["Fusion+1","Cold Snap+1","Recycle"],"picked":"SKIP","floor":45},{"not_picked":["Redo","Coolheaded","Recycle+1"],"picked":"SKIP","floor":46},{"not_picked":["White Noise+1","Conserve Battery","Leap+1"],"picked":"SKIP","floor":48}],"player_experience":211824,"relics_obtained":[{"floor":9,"key":"Bag of Preparation"},{"floor":14,"key":"Ancient Tea Set"},{"floor":24,"key":"Omamori"},{"floor":26,"key":"Orichalcum"},{"floor":28,"key":"Art of War"},{"floor":41,"key":"Pantograph"},{"floor":43,"key":"Regal Pillow"},{"floor":46,"key":"Old Coin"}],"event_choices":[{"damage_healed":34,"gold_gain":0,"player_choice":"Full Heal","damage_taken":0,"max_hp_gain":0,"max_hp_loss":0,"event_name":"Wheel of Change","floor":7,"gold_loss":0},{"cards_removed":["Strike_B"],"damage_healed":0,"gold_gain":0,"player_choice":"Elegance","damage_taken":0,"max_hp_gain":0,"max_hp_loss":0,"event_name":"Back to Basics","floor":20,"gold_loss":0},{"damage_healed":0,"gold_gain":0,"player_choice":"Paid Fearfully","damage_taken":0,"max_hp_gain":0,"max_hp_loss":0,"event_name":"Masked Bandits","floor":25,"gold_loss":131},{"cards_removed":["Rainbow"],"damage_healed":0,"gold_gain":0,"player_choice":"Removed Skill","damage_taken":0,"max_hp_gain":0,"max_hp_loss":0,"event_name":"Falling","floor":36,"gold_loss":0},{"damage_healed":0,"gold_gain":0,"player_choice":"Got Potions","damage_taken":0,"max_hp_gain":0,"max_hp_loss":0,"event_name":"Lab","floor":38,"gold_loss":0}],"is_beta":false,"boss_relics":[{"not_picked":["Astrolabe","Tiny House"],"picked":"Cursed Key"},{"not_picked":["Busted Crown","Snecko Eye"],"picked":"Empty Cage"}],"items_purged_floors":[13,22,37],"is_endless":false,"potions_floor_spawned":[5,12,14,16,18,27,28,31,41,46],"ascension_level":0}}