{"host":"uonldg9uriwfhjjx","time":1614333737,"event":{"mods":["AchievementEnabler","BaseMod","Colored Map","Colored Powertips","Curses Come First","Highlight Path","Minty Spire (QoL Compilation)","Rare Cards Sparkle","Relic Stats","StSLib","The Cursed","The Marked"],"gold_per_floor":[117,192,192,204,17,49,63,63,87,87,122,272,285,303,303,377,377,397,69,82,94,94,94,94,106,106,106,106,106],"floor_reached":28,"language":"ENG","playtime":824,"items_purged":[],"score":493,"play_id":"bf17dcd3-d588-4190-a1ab-7004d0bc509f","local_time":"20210226050217","is_ascension_mode":true,"campfire_choices":[{"data":"Feed","floor":8.0,"key":"SMITH"},{"data":"Armaments","floor":15.0,"key":"SMITH"},{"data":"Infernal Blade","floor":23,"key":"SMITH"},{"floor":27,"key":"REST"}],"circlet_count":0,"master_deck":["AscendersBane","Strike_R","Strike_R","Strike_R","Strike_R+1","Defend_R+1","Defend_R","Defend_R","Defend_R+1","Bash","Flex","Warcry+1","Feed+1","Flash of Steel","Warcry","Twin Strike","Armaments+1","Doubt","Infernal Blade+1","Flex","Sword Boomerang","Writhe","Shrug It Off+1"],"relics":["Burning Blood","NeowsBlessing","War Paint","Oddly Smooth Stone","Ice Cream","Mark of Pain","Lee\u0027s Waffle","Bag of Preparation","Toxic Egg 2","Sundial"],"acts_visited":["Exordium","TheCity"],"potions_floor_usage":[16,16,28,28],"damage_taken":[{"damage":0.0,"enemies":"2 Louse","floor":1.0,"turns":1.0},{"damage":0.0,"enemies":"Jaw Worm","floor":4.0,"turns":1.0},{"damage":0.0,"enemies":"Lagavulin","floor":6.0,"turns":1.0},{"damage":1.0,"enemies":"Small Slimes","floor":7.0,"turns":4.0},{"damage":26.0,"enemies":"Gremlin Nob","floor":11.0,"turns":4.0},{"damage":10.0,"enemies":"2 Fungi Beasts","floor":13.0,"turns":4.0},{"damage":6.0,"enemies":"Exordium Wildlife","floor":14.0,"turns":2.0},{"damage":28,"enemies":"The Guardian","floor":16,"turns":13},{"damage":33,"enemies":"Shell Parasite","floor":18,"turns":7},{"damage":33,"enemies":"Spheric Guardian","floor":20,"turns":6},{"damage":16,"enemies":"Snake Plant","floor":21,"turns":3},{"damage":35,"enemies":"Sentry and Sphere","floor":25,"turns":6},{"damage":96,"enemies":"Cultist and Chosen","floor":28,"turns":9}],"seed_played":"-1589055336947908763","potions_obtained":[{"floor":7.0,"key":"SteroidPotion"},{"floor":11.0,"key":"SpeedPotion"},{"floor":13.0,"key":"DistilledChaos"},{"floor":18,"key":"BloodPotion"},{"floor":20,"key":"Weak Potion"}],"is_trial":false,"path_per_floor":["M","?","?","M","$","E","M","R","T","?","E","?","M","M","R","B",null,"M","$","M","M","?","R","?","M","T","R","M"],"character_chosen":"IRONCLAD","items_purchased":["Feed","Flash of Steel","Lee\u0027s Waffle","Bag of Preparation"],"campfire_rested":1,"item_purchase_floors":[5,5,19,19],"current_hp_per_floor":[74,63,56,62,62,68,76,76,76,53,33,33,33,37,37,15,68,41,93,66,60,60,60,60,35,35,65,0,0],"gold":106,"neow_bonus":"THREE_ENEMY_KILL","is_daily":false,"chose_seed":false,"campfire_upgraded":3,"win_rate":0.0,"timestamp":1614333737,"path_taken":["M","?","?","M","$","E","M","R","T","?","E","?","M","M","R","BOSS","M","$","M","M","?","R","?","M","T","R","M"],"items_purchased_type":["Card","Card","Relic","Relic"],"build_version":"2020-12-22","purchased_purges":0,"victory":false,"max_hp_per_floor":[75,75,75,75,75,75,78,78,78,78,78,78,82,86,86,86,86,86,93,93,97,97,97,97,101,101,101,105,105],"relic_stats":{"Lee\u0027s Waffle":52,"counters":[13,61],"Sundial":[0],"Bag of Preparation":[8],"War Paint":["Warcry","Defend_R"],"obtain_stats":[{"Ice Cream":11,"Lee\u0027s Waffle":19,"NeowsBlessing":0,"Sundial":26,"Oddly Smooth Stone":9,"Mark of Pain":17,"Bag of Preparation":19,"War Paint":6,"Toxic Egg 2":24,"Burning Blood":0},{"Ice Cream":5,"Lee\u0027s Waffle":9,"NeowsBlessing":0,"Sundial":12,"Oddly Smooth Stone":4,"Mark of Pain":8,"Bag of Preparation":9,"War Paint":3,"Toxic Egg 2":11,"Burning Blood":0},{"Ice Cream":11,"Lee\u0027s Waffle":37,"NeowsBlessing":0,"Sundial":52,"Oddly Smooth Stone":7,"Mark of Pain":30,"Bag of Preparation":37,"War Paint":3,"Toxic Egg 2":46,"Burning Blood":0}],"Burning Blood":72},"card_choices":[{"not_picked":["Thunderclap","Whirlwind"],"picked":"Flex","floor":1.0},{"not_picked":["True Grit","Anger"],"picked":"Warcry","floor":4.0},{"not_picked":["Sever Soul","Perfected Strike"],"picked":"Warcry","floor":6.0},{"not_picked":["Perfected Strike","Berserk"],"picked":"Twin Strike","floor":7.0},{"not_picked":["Heavy Blade","Searing Blow"],"picked":"Armaments","floor":11.0},{"not_picked":["Rupture","Sentinel","Feel No Pain"],"picked":"SKIP","floor":13.0},{"not_picked":["Clash","Cleave","Heavy Blade"],"picked":"SKIP","floor":14.0},{"not_picked":["Wild Strike","Shockwave"],"picked":"Infernal Blade","floor":18},{"not_picked":["Spot Weakness","Iron Wave"],"picked":"Flex","floor":20},{"not_picked":["Armaments+1","Corruption"],"picked":"Sword Boomerang","floor":21},{"not_picked":["Havoc+1","Heavy Blade+1"],"picked":"Shrug It Off+1","floor":25}],"player_experience":836697,"relics_obtained":[{"floor":6.0,"key":"War Paint"},{"floor":9.0,"key":"Oddly Smooth Stone"},{"floor":11.0,"key":"Ice Cream"},{"floor":26,"key":"Sundial"}],"event_choices":[{"damage_healed":0.0,"max_hp_gain":0.0,"max_hp_loss":0.0,"gold_gain":75.0,"event_name":"World of Goop","player_choice":"Gather Gold","floor":2.0,"gold_loss":0.0,"damage_taken":11.0},{"cards_removed":["Strike_R"],"damage_healed":0.0,"max_hp_gain":0.0,"max_hp_loss":0.0,"gold_gain":0.0,"event_name":"Golden Wing","player_choice":"Card Removal","floor":3.0,"gold_loss":0.0,"damage_taken":7.0},{"damage_healed":0.0,"max_hp_gain":0.0,"max_hp_loss":0.0,"gold_gain":0.0,"event_name":"Shining Light","player_choice":"Entered Light","floor":10.0,"gold_loss":0.0,"damage_taken":23.0,"cards_upgraded":["Strike_R","Defend_R"]},{"damage_healed":0.0,"max_hp_gain":0.0,"max_hp_loss":0.0,"gold_gain":150.0,"event_name":"Liars Game","player_choice":"AGREE","floor":12.0,"gold_loss":0.0,"damage_taken":0.0,"cards_obtained":["Doubt"]},{"damage_healed":0,"gold_gain":0,"player_choice":"Ignored","damage_taken":0,"max_hp_gain":0,"max_hp_loss":0,"event_name":"Vampires","floor":22,"gold_loss":0},{"damage_healed":0,"gold_gain":0,"player_choice":"Opened","damage_taken":0,"relics_obtained":["Toxic Egg 2"],"max_hp_gain":0,"max_hp_loss":0,"event_name":"The Mausoleum","floor":24,"gold_loss":0,"cards_obtained":["Writhe"]}],"is_beta":false,"boss_relics":[{"not_picked":["Philosopher\u0027s Stone","Ectoplasm"],"picked":"Mark of Pain"}],"items_purged_floors":[],"is_endless":false,"potions_floor_spawned":[7,11,13,14,18,20,25],"killed_by":"Cultist and Chosen","ascension_level":17}}