{"host":"avjwtc49fhlk6kym","time":1614302803,"event":{"mods":["AchievementEnabler","BaseMod","Better Match","Better Note","Better Third Choice","Colored Map","Colored Powertips","Displayed Cursed Tome","Highlight Path","Minty Spire (QoL Compilation)","Permanent Neow","Quick Restart","StSLib"],"gold_per_floor":[109,79,95,109,121,147,165,130,155,155,173,200,200,219,219,323,323,333,24,39,39,39,39],"floor_reached":22,"language":"ENG","playtime":1184,"items_purged":["Defend_P"],"score":207,"play_id":"657264ab-93b0-4eaf-ad30-cbfc52608e2f","local_time":"20210225202643","is_ascension_mode":true,"campfire_choices":[{"floor":10,"key":"REST"},{"floor":15,"key":"REST"}],"circlet_count":0,"master_deck":["Strike_P","Strike_P","Strike_P","Strike_P","Defend_P","Defend_P","Defend_P","Eruption","Vigilance","MasterReality","ThirdEye","CrushJoints","ThirdEye","PathToVictory","Protect","Establishment","PathToVictory+1","Wireheading","CrushJoints","Shame"],"relics":["PureWater","Pocketwatch","Happy Flower","Cursed Key","ClockworkSouvenir","Nunchaku"],"acts_visited":["Exordium","TheCity"],"potions_floor_usage":[16,18],"damage_taken":[{"damage":0.0,"enemies":"2 Louse","floor":1.0,"turns":1.0},{"damage":0.0,"enemies":"Cultist","floor":3.0,"turns":4.0},{"damage":3.0,"enemies":"Jaw Worm","floor":4.0,"turns":4.0},{"damage":20.0,"enemies":"Large Slime","floor":5.0,"turns":5.0},{"damage":12.0,"enemies":"3 Sentries","floor":6.0,"turns":9.0},{"damage":15.0,"enemies":"3 Louse","floor":7.0,"turns":4.0},{"damage":4,"enemies":"Looter","floor":11,"turns":3},{"damage":8,"enemies":"2 Fungi Beasts","floor":14,"turns":4},{"damage":61,"enemies":"Hexaghost","floor":16,"turns":14},{"damage":35,"enemies":"3 Byrds","floor":18,"turns":6},{"damage":7,"enemies":"Chosen","floor":20,"turns":4},{"damage":32,"enemies":"Centurion and Healer","floor":22,"turns":7}],"seed_played":"738955764563177852","potions_obtained":[{"floor":1.0,"key":"Swift Potion"},{"floor":2.0,"key":"FairyPotion"},{"floor":2.0,"key":"EssenceOfSteel"},{"floor":4.0,"key":"FearPotion"},{"floor":5.0,"key":"AttackPotion"},{"floor":14,"key":"BottledMiracle"},{"floor":16,"key":"BlessingOfTheForge"}],"is_trial":false,"path_per_floor":["M","?","M","M","M","E","M","?","T","R","M","T","?","M","R","B",null,"M","$","M","?","M"],"character_chosen":"WATCHER","items_purchased":["ClockworkSouvenir","Wireheading"],"campfire_rested":2,"item_purchase_floors":[19,19],"current_hp_per_floor":[51,51,51,48,28,16,1,19,19,40,36,36,36,28,49,14,72,37,37,30,30,0,0],"gold":39,"neow_bonus":"THREE_RARE_CARDS","is_daily":false,"chose_seed":false,"campfire_upgraded":0,"win_rate":0.0,"timestamp":1614302803,"path_taken":["M","?","?","M","M","E","M","?","T","R","M","?","?","M","R","BOSS","M","$","M","?","M"],"items_purchased_type":["Relic","Card"],"build_version":"2020-12-22","purchased_purges":1,"victory":false,"max_hp_per_floor":[72,72,72,72,72,72,72,72,72,72,72,72,72,72,72,72,72,72,72,72,72,72,72],"card_choices":[{"not_picked":["Vault","Brilliance"],"picked":"MasterReality","floor":0.0},{"not_picked":["SignatureMove","JustLucky","Collect"],"picked":"SKIP","floor":1.0},{"not_picked":["Halt","Perseverance"],"picked":"ThirdEye","floor":3.0},{"not_picked":["Pray","MentalFortress"],"picked":"CrushJoints","floor":4.0},{"not_picked":["FlyingSleeves","EmptyBody"],"picked":"ThirdEye","floor":5.0},{"not_picked":["Prostrate","FlurryOfBlows"],"picked":"PathToVictory","floor":6.0},{"not_picked":["FlyingSleeves","Perseverance"],"picked":"Protect","floor":7.0},{"not_picked":["Wallop","PathToVictory"],"picked":"Establishment","floor":11},{"not_picked":["JustLucky","EmptyBody","Consecrate"],"picked":"SKIP","floor":14},{"not_picked":["Pray+1","CutThroughFate"],"picked":"PathToVictory+1","floor":18},{"not_picked":["FlyingSleeves+1","FlurryOfBlows+1"],"picked":"CrushJoints","floor":20}],"player_experience":465958,"relics_obtained":[{"floor":6.0,"key":"Pocketwatch"},{"floor":9,"key":"Happy Flower"}],"event_choices":[{"damage_healed":0.0,"max_hp_gain":0.0,"max_hp_loss":0.0,"gold_gain":0.0,"event_name":"The Woman in Blue","player_choice":"Bought 2 Potions","floor":2.0,"gold_loss":0.0,"damage_taken":0.0},{"damage_healed":18,"gold_gain":0,"player_choice":"Healed","damage_taken":0,"max_hp_gain":0,"max_hp_loss":0,"event_name":"The Cleric","floor":8,"gold_loss":35},{"damage_healed":0,"gold_gain":0,"player_choice":"Ignored","damage_taken":0,"max_hp_gain":0,"max_hp_loss":0,"event_name":"Golden Idol","floor":13,"gold_loss":0},{"damage_healed":0,"gold_gain":0,"player_choice":"Stole Relic","damage_taken":0,"relics_obtained":["Nunchaku"],"max_hp_gain":0,"max_hp_loss":0,"event_name":"Addict","floor":21,"gold_loss":0,"cards_obtained":["Shame"]}],"is_beta":false,"boss_relics":[{"not_picked":["Snecko Eye","Velvet Choker"],"picked":"Cursed Key"}],"items_purged_floors":[19],"is_endless":false,"potions_floor_spawned":[1,4,5,14,16],"killed_by":"Centurion and Healer","ascension_level":2}}