{"host":"dzvdy2cvkhifjmvi","time":1614382137,"event":{"mods":["BaseMod","Downfall","Infinite Spire","Marisa????????","Minty Spire (QoL Compilation)","Replay The Spire","StSLib","The Cursed","The Disciple","The Servant 0.9.4"],"gold_per_floor":[99,99,99,99,99,132,132,146,146,159,144,244,271,285,303,400,400,400,419,419,436,451,451,451,486,498,483,509,509,309,309,319,419,519,519,531,544,554,574,574,574,474,489,634,649,677,677,694,710,810,810,810,820,831,831,831,831,831,831,851,864,864,864,864],"floor_reached":62,"language":"ENG","playtime":4204,"items_purged":["bronze:Strike"],"score":867,"play_id":"c649d610-1fd3-4b3e-ac31-05bdb7eee627","local_time":"20210226162857","is_ascension_mode":false,"campfire_choices":[{"data":"bronze:Goto","floor":1,"key":"SMITH"},{"data":"bronze:BuggyMess","floor":9,"key":"SMITH"},{"data":"bronze:Mutator","floor":18,"key":"SMITH"},{"data":"bronze:Repulsor","floor":23,"key":"SMITH"},{"floor":30,"key":"REST"},{"data":"bronze:Return","floor":35,"key":"SMITH"},{"floor":40,"key":"RECALL"},{"data":"infinitespire:Collect","floor":42,"key":"SMITH"},{"floor":47,"key":"REST"}],"circlet_count":0,"master_deck":["bronze:Defend","bronze:Defend","bronze:Defend","bronze:Replicate","bronze:Goto+1","bronze:BuggyMess+1","bronze:BugBarrage","bronze:BugBarrage","bronze:Frontload","bronze:MaxOutput","bronze:Return+1","bronze:Turbo","bronze:Mutator+1","infinitespire:Collect+1","bronze:Repulsor+1","bronze:BurnOut","bronze:Turbo","bronze:MaxOutput","bronze:ShipIt","bronze:Allocate+1","bronze:MaxOutput","bronze:MaxOutput","bronze:BuggyMess","bronze:DazingPulse","bronze:Shell"],"relics":["bronze:BronzeCore","downfall:HeartsMalice","bronze:CableSpool","Divine Protection","Replay:Ringing Soul","Replay:Grab Bag","Painkiller Herb","infinitespire:Cupcake","SlaversCollar","Replay:Bottled Steam","Empty Cage","bronze:SilverBullet","Bottled Flame","downfall:HeartBlessingGreen","downfall:HeartBlessingBlue","Incense Burner","Replay:Wanted Poster","infinitespire:EmpoweringShard","downfall:HeartBlessingRed","Chameleon Ring","ChewingGum","Quantum Egg"],"acts_visited":["Exordium","TheCity","TheBeyond","Exordium"],"potions_floor_usage":[11,16,16,16,25,25,50,62],"damage_taken":[{"damage":0,"enemies":"Jaw Worm","floor":2,"turns":1},{"damage":0,"enemies":"Cultist","floor":3,"turns":1},{"damage":0,"enemies":"Lagavulin","floor":6,"turns":1},{"damage":0,"enemies":"Small Slimes","floor":8,"turns":3},{"damage":14,"enemies":"Exordium Wildlife","floor":10,"turns":4},{"damage":0,"enemies":"downfall:FleeingMerchant","floor":11,"turns":4},{"damage":3,"enemies":"Replay:BlueRogue","floor":13,"turns":4},{"damage":0,"enemies":"Lots of Slimes","floor":14,"turns":4},{"damage":0,"enemies":"2 Fungi Beasts","floor":15,"turns":2},{"damage":18,"enemies":"SI_SHIV_ARCHETYPE","floor":16,"turns":4},{"damage":6,"enemies":"Spheric Guardian","floor":19,"turns":4},{"damage":0,"enemies":"3 Byrds","floor":21,"turns":4},{"damage":0,"enemies":"3 Cultists","floor":22,"turns":4},{"damage":75,"enemies":"Nightmare","floor":25,"turns":9},{"damage":0,"enemies":"Centurion and Healer","floor":26,"turns":3},{"damage":0,"enemies":"downfall:FleeingMerchant","floor":27,"turns":4},{"damage":12,"enemies":"Book of Stabbing","floor":28,"turns":3},{"damage":11,"enemies":"Shelled Parasite and Fungi","floor":32,"turns":4},{"damage":2,"enemies":"IC_MUSHROOM_ARCHETYPE","floor":33,"turns":4},{"damage":5,"enemies":"Orb Walker","floor":36,"turns":3},{"damage":6,"enemies":"3 Shapes","floor":37,"turns":3},{"damage":0,"enemies":"Writhing Mass","floor":38,"turns":3},{"damage":2,"enemies":"Sphere and 2 Shapes","floor":39,"turns":3},{"damage":2,"enemies":"Spire Growth","floor":43,"turns":3},{"damage":0,"enemies":"downfall:FleeingMerchant","floor":44,"turns":1},{"damage":0,"enemies":"3 Darklings","floor":45,"turns":3},{"damage":60,"enemies":"Nightmare","floor":46,"turns":5},{"damage":0,"enemies":"Jaw Worm Horde","floor":48,"turns":2},{"damage":0,"enemies":"4 Shapes","floor":49,"turns":1},{"damage":54,"enemies":"WA_ARCHETYPE_DIVINITY","floor":50,"turns":4},{"damage":0,"enemies":"Cultist","floor":53,"turns":2},{"damage":0,"enemies":"2 Louse","floor":54,"turns":1},{"damage":0,"enemies":"2 Louse","floor":57,"turns":1},{"damage":0,"enemies":"Jaw Worm","floor":60,"turns":1},{"damage":0,"enemies":"Blue Slaver","floor":61,"turns":1},{"damage":106,"enemies":"Nightmare","floor":62,"turns":5}],"seed_played":"3573539980389774062","potions_obtained":[{"floor":6,"key":"Adrenaline Potion"},{"floor":10,"key":"LiquidBronze"},{"floor":14,"key":"Guardian:BlockOnCardUsePotion"},{"floor":15,"key":"ColorlessPotion"},{"floor":21,"key":"Weak Potion"},{"floor":22,"key":"Strength Potion"},{"floor":28,"key":"bronze:CleanCodePotion"},{"floor":33,"key":"SpeedPotion"},{"floor":36,"key":"sneckomod:MuddlingPotion"},{"floor":48,"key":"Milkshake"},{"floor":52,"key":"Adrenaline Potion"},{"floor":52,"key":"Dexterity Potion"},{"floor":53,"key":"Elixir"}],"is_trial":false,"path_per_floor":["R","M","M","?","?","E","T","M","R","M","$","?","E","M","M","B",null,"T","?","AVR","?","?","T","T","NM","?","T","E","?","T","T","?","B",null,"T","?","?","?","?","T","T","T","?","T","?","NM","T","?","?","B",null,"T","?","?","?","?","?","T","?","?","?","NM"],"character_chosen":"THE_AUTOMATON","items_purchased":["bronze:Allocate","bronze:MaxOutput"],"campfire_rested":2,"item_purchase_floors":[44,44],"current_hp_per_floor":[70,70,70,70,70,70,70,70,70,56,56,56,56,59,62,47,82,82,76,79,82,85,85,85,13,13,13,4,4,46,46,35,36,110,110,105,99,99,97,97,97,97,95,98,98,38,71,71,71,17,113,113,116,119,119,90,93,93,93,96,96,0,0,0],"gold":864,"neow_bonus":"THREE_ENEMY_KILL","is_daily":false,"chose_seed":false,"campfire_upgraded":6,"win_rate":0.0,"timestamp":1614382137,"path_taken":["R","M","M","?","?","E","T","M","R","M","$","?","E","M","M","BOSS","T","?","AVR","?","?","T","T","NM","?","T","E","?","T","?","?","BOSS","T","?","?","?","?","T","T","T","?","T","?","NM","T","?","?","BOSS","T","?","?","?","?","?","T","?","?","?","NM"],"items_purchased_type":["Card","Card"],"build_version":"2020-12-22","purchased_purges":1,"victory":false,"max_hp_per_floor":[70,70,70,70,70,70,70,70,70,70,70,70,73,76,79,82,82,82,82,85,88,91,91,91,94,94,94,97,97,107,107,107,110,110,110,110,110,110,110,110,110,110,110,113,113,113,113,113,113,113,113,113,116,119,119,119,122,122,122,125,125,125,125,125],"card_choices":[{"not_picked":["bronze:Turbo","bronze:DelayedGuard"],"picked":"bronze:BuggyMess","floor":2},{"not_picked":["bronze:Boost","bronze:BronzeArmor"],"picked":"bronze:BugBarrage","floor":3},{"not_picked":["bronze:WildBeam","bronze:Safeguard"],"picked":"bronze:BugBarrage","floor":6},{"not_picked":["bronze:DelayedGuard","bronze:BronzeArmor","bronze:Flail"],"picked":"SKIP","floor":8},{"not_picked":["bronze:BugBarrage","bronze:Deprecate"],"picked":"bronze:Frontload","floor":10},{"not_picked":["bronze:DelayedSlice","bronze:BitShift","bronze:WhirlingStrike"],"picked":"SKIP","floor":11},{"not_picked":["bronze:Terminator","bronze:Boost"],"picked":"bronze:MaxOutput","floor":13},{"not_picked":["bronze:ClassDefault","bronze:HyperBeam"],"picked":"bronze:Return","floor":14},{"not_picked":["bronze:Frontload","bronze:WhirlingStrike"],"picked":"bronze:Turbo","floor":15},{"not_picked":["bronze:ShipIt","bronze:CleanCode"],"picked":"bronze:Mutator","floor":16},{"not_picked":["bronze:Repair+1","bronze:WhirlingStrike+1","bronze:Deprecate+1"],"picked":"SKIP","floor":19},{"not_picked":["bronze:Invalidate+1","bronze:OilSpill"],"picked":"bronze:Repulsor","floor":21},{"not_picked":["bronze:Frontload","bronze:CloningBeam"],"picked":"bronze:BurnOut","floor":22},{"not_picked":["bronze:Safeguard","bronze:DigitalCarnage+1"],"picked":"bronze:Turbo","floor":25},{"not_picked":["bronze:ThunderWave","bronze:Deprecate","bronze:Frontload+1"],"picked":"SKIP","floor":26},{"not_picked":["bronze:ClassDefault","bronze:ForLoop","bronze:GetLatest"],"picked":"SKIP","floor":27},{"not_picked":["bronze:BuggyMess","bronze:CloningBeam"],"picked":"bronze:MaxOutput","floor":28},{"not_picked":["bronze:Flail","bronze:CleanCode","bronze:DigitalCarnage"],"picked":"SKIP","floor":32},{"not_picked":["bronze:Assembly","bronze:InfiniteLoop"],"picked":"bronze:ShipIt","floor":33},{"not_picked":["bronze:Deprecate+1","bronze:DigitalCarnage","bronze:OilSpill"],"picked":"SKIP","floor":36},{"not_picked":["bronze:ClassDefault+1","bronze:ChosenStrike+1","bronze:Repair"],"picked":"SKIP","floor":37},{"not_picked":["bronze:Overheat","bronze:BugBarrage","bronze:FollowUp+1"],"picked":"SKIP","floor":38},{"not_picked":["bronze:Overheat","bronze:BugBarrage","bronze:FollowUp+1"],"picked":"SKIP","floor":38},{"not_picked":["bronze:Fortify+1","bronze:Separator+1","bronze:OilSpill"],"picked":"SKIP","floor":39},{"not_picked":["bronze:Branch","bronze:Return+1","bronze:BugBarrage+1"],"picked":"SKIP","floor":43},{"not_picked":["bronze:Frontload+1","bronze:FindAndReplace","bronze:Philosophize"],"picked":"SKIP","floor":44},{"not_picked":["bronze:GetLatest","bronze:ChosenStrike+1","bronze:Philosophize+1"],"picked":"SKIP","floor":45},{"not_picked":["bronze:Return+1","bronze:FollowUp","bronze:CutThrough+1"],"picked":"SKIP","floor":46},{"not_picked":["bronze:DelayedGuard+1","bronze:FineTuning+1","bronze:Constructor"],"picked":"SKIP","floor":48},{"not_picked":["bronze:Backtrace+1","bronze:Overload","bronze:Frontload"],"picked":"SKIP","floor":49},{"not_picked":["bronze:Frontload","bronze:ChildClass"],"picked":"bronze:MaxOutput","floor":53},{"not_picked":["bronze:Shield","bronze:Turbo"],"picked":"bronze:BuggyMess","floor":54},{"not_picked":[],"picked":"bronze:DazingPulse","floor":57},{"not_picked":["bronze:Invalidate","bronze:CutThrough"],"picked":"bronze:Shell","floor":60},{"not_picked":["bronze:Boost","bronze:Branch","bronze:GetLatest"],"picked":"SKIP","floor":61}],"player_experience":1448725,"relics_obtained":[{"floor":6,"key":"bronze:CableSpool"},{"floor":7,"key":"Divine Protection"},{"floor":13,"key":"Replay:Ringing Soul"},{"floor":25,"key":"bronze:SilverBullet"},{"floor":28,"key":"Bottled Flame"},{"floor":31,"key":"Incense Burner"},{"floor":41,"key":"infinitespire:EmpoweringShard"},{"floor":46,"key":"Chameleon Ring"},{"floor":58,"key":"Quantum Egg"}],"event_choices":[{"cards_removed":["bronze:Strike"],"damage_healed":0,"gold_gain":0,"player_choice":"Card Removal","damage_taken":0,"max_hp_gain":0,"max_hp_loss":0,"event_name":"The Cleric","floor":59,"gold_loss":0}],"is_beta":false,"boss_relics":[{"not_picked":["Honey Jar","ReplayTheSpireMod:SealedPack"],"picked":"Replay:Grab Bag"},{"not_picked":["ReplayTheSpireMod:DimensionalGlitch","ReplayTheSpireMod:Onyx Gauntlets"],"picked":"Painkiller Herb"},{"not_picked":["Fusion Hammer","Velvet Choker"],"picked":"infinitespire:Cupcake"},{"not_picked":["Calling Bell","Kintsugi"],"picked":"SlaversCollar"},{"not_picked":["Ring of Chaos","SacredBark"],"picked":"Replay:Wanted Poster"},{"not_picked":["Replay:Ancient Bell","Tiny House"],"picked":"ChewingGum"}],"items_purged_floors":[44],"is_endless":true,"potions_floor_spawned":[6,10,14,15,21,22,28,33,36,43,46,48,49,53,60,61],"killed_by":"Nightmare","ascension_level":0}}