{"host":"bvr4vhlu71s3njyz","time":1614308684,"event":{"mods":["2.2 Compatiblity","AchievementEnabler","Act Like it!","Aspiration","Astrologer","Bard","BaseMod","Beaked The Cultist","Better Altar","Better Match","Better Note","Better Sensory Stone","Better Skull","Better Third Choice","CCEM2","Conjunction","Downfall","Fiend Mod","Friendly Minions","Gremlin Mod","GungeonMod","Hallownest","Hermit","Hubris","Infinite Spire","Jorbs\u0027s Wanderer Trilogy","Library of Ruina","Mad Scientist","Mimic Mod","Minty Spire (QoL Compilation)","Potionbrewer","Quarter Circle Forward PUNCH!","QueenMod","Replay The Spire","Robot Space Explorer","Shade Mod","Shedinja","Slumbering Mod","Spire Arcade","StSLib","The Blackbeard","The Bladedancer","The Bug Knight","The Caster","The Clintock","The Construct","The Cursed","The Dragon Tamer","The Dragonkin","The Exalted","The Forsaken","The Hayseed","The Hierophant","The Judge","The Marked","The Mystic","The Necromancer","The Poker Player","The Runesmith","The Sage","The Showman","TheFirefly","TheSurvivalist","TheVacant","Trackpad","Wandering Minibosses","thorton"],"gold_per_floor":[117,168,168,168,179,179,179,204,253,272,272,289,289,289,289,385,385,397,416,516,531,549,575,575,326,350,350,366,326,346,364,364,491,491,491],"floor_reached":34,"language":"ENG","playtime":2691,"items_purged":[],"score":722,"play_id":"1ef9f800-9c40-4d61-8d22-4a28ebb4d706","local_time":"20210225220444","is_ascension_mode":false,"campfire_choices":[{"floor":6,"key":"REST"},{"data":"Shedinja:AerialAce","floor":11,"key":"SMITH"},{"floor":15,"key":"REST"},{"floor":24,"key":"REST"},{"floor":32,"key":"REST"}],"circlet_count":0,"master_deck":["theDragonkin:Strike+1","theDragonkin:Strike","theDragonkin:Strike","theDragonkin:Strike+1","theDragonkin:Defend+1","theDragonkin:Defend","theDragonkin:Defend","theDragonkin:Defend","theDragonkin:HolySmite","theDragonkin:BlazingBreath","theDragonkin:Ravage","theDragonkin:AcidBreath","theDragonkin:BurningRage","Burn","Burn","theDragonkin:TwinBreath","Shedinja:AerialAce+1","theDragonkin:DivineJolt","theDragonkin:AshBreath","theDragonkin:MagmaScales","theDragonkin:ShieldBash","theDragonkin:FlameClaw","theDragonkin:LiquidFlame+1","theDragonkin:StormFront","theDragonkin:AncestralSeance","theDragonkin:HolyWordBarrier","theDragonkin:LiquidFlame","theDragonkin:FlameWard+1","ReplayTheSpireMod:Book of Names+1","infinitespire:NeuralNetwork","theDragonkin:DivineBreath","theDragonkin:LiquidFlame+1","theDragonkin:HeatShield+1","theDragonkin:ShieldBash"],"relics":["theDragonkin:GarnetScale","aspiration:Nostalgia","blackbeard:LoadTheCannons","Bromod:ArcaneMomentum","Shedinja:ExtraMaxHp","Shedinja:EnergyLoss","theForsaken:Gavel","DemoMod:ClearGuonStone","qcfpunch:Chain_With_Nametags","hubris:VirtuousBlindfold","trackpad:IceCube","Boot","Bag of Marbles","CCEMRelics:TeddyBear","construct:WeddingRing","infinitespire:EvilPickle"],"acts_visited":["Exordium","TheCity","TheBeyond"],"potions_floor_usage":[16,19,23,23,31,31],"damage_taken":[{"damage":0,"enemies":"2 Louse","floor":1,"turns":3},{"damage":3,"enemies":"Small Slimes","floor":5,"turns":2},{"damage":12,"enemies":"HollowMod:MossKnight","floor":8,"turns":8},{"damage":0,"enemies":"Jaw Worm","floor":10,"turns":3},{"damage":0,"enemies":"Blue Slaver","floor":12,"turns":2},{"damage":0,"enemies":"Slime Boss","floor":16,"turns":9},{"damage":0,"enemies":"Spheric Guardian","floor":18,"turns":7},{"damage":8,"enemies":"2 Thieves","floor":19,"turns":4},{"damage":20,"enemies":"Sentry and Sphere","floor":21,"turns":5},{"damage":0,"enemies":"Centurion and Healer","floor":22,"turns":7},{"damage":36,"enemies":"Gremlin Leader","floor":23,"turns":6},{"damage":13,"enemies":"Snake Plant","floor":28,"turns":5},{"damage":0,"enemies":"Chosen and Byrds","floor":30,"turns":4},{"damage":29,"enemies":"Centurion and Healer","floor":31,"turns":8},{"damage":0,"enemies":"Pondfish","floor":33,"turns":13}],"seed_played":"6724739455882156739","potions_obtained":[{"floor":1,"key":"champ:CounterPotion"},{"floor":2,"key":"LiquidMemories"},{"floor":10,"key":"Guardian:BlockOnCardUsePotion"},{"floor":19,"key":"Dexterity Potion"},{"floor":21,"key":"DistilledChaos"},{"floor":28,"key":"champ:CounterPotion"},{"floor":33,"key":"theDragonkin:DragonkinCommonPotion"}],"is_trial":false,"path_per_floor":["M","?","?","?","M","R","?","E","T","M","R","M","?","?","R","B",null,"M","M","?","M","M","E","R","$","T","AVR","M","?","M","M","R","B",null],"character_chosen":"THE_DRAGONKIN","items_purchased":["theDragonkin:LiquidFlame","Boot","theDragonkin:FlameWard"],"campfire_rested":4,"item_purchase_floors":[25,25,25],"current_hp_per_floor":[85,51,51,51,48,73,73,61,61,61,61,61,61,61,85,85,85,85,77,77,57,57,21,46,46,46,46,33,33,33,4,29,29,85,85],"gold":491,"neow_bonus":"NOSTALGIA","is_daily":false,"chose_seed":false,"campfire_upgraded":1,"win_rate":0.0,"timestamp":1614308684,"path_taken":["M","?","?","?","?","R","?","E","T","M","R","M","?","?","R","BOSS","M","M","?","M","?","E","R","$","T","AVR","M","?","M","?","R","BOSS"],"items_purchased_type":["Card","Relic","Card"],"build_version":"2020-12-22","purchased_purges":0,"victory":false,"max_hp_per_floor":[85,85,85,85,85,85,85,85,85,85,85,85,85,85,85,85,85,85,85,85,85,85,85,85,85,85,85,85,85,85,85,85,85,85,85],"card_choices":[{"not_picked":["theDragonkin:LightArmor","theDragonkin:DeepBreath"],"picked":"theDragonkin:Ravage","floor":1},{"not_picked":["theDragonkin:HallowedGround","theDragonkin:HeatShield"],"picked":"theDragonkin:AcidBreath","floor":2},{"not_picked":["theDragonkin:CorrosiveBelch","theDragonkin:HeatShield"],"picked":"theDragonkin:BurningRage","floor":2},{"not_picked":["theDragonkin:Sunbeam","theDragonkin:EmberSwipe"],"picked":"theDragonkin:TwinBreath","floor":5},{"not_picked":["theDragonkin:TwinBreath","theDragonkin:AcidBreath"],"picked":"theDragonkin:DivineJolt","floor":8},{"not_picked":["theDragonkin:GooGrip","theDragonkin:DivineFire"],"picked":"theDragonkin:AshBreath","floor":10},{"not_picked":["theDragonkin:DivineFire","theDragonkin:EmberSwipe"],"picked":"theDragonkin:MagmaScales","floor":12},{"not_picked":["theDragonkin:Outbreak","theDragonkin:BurnAfterReading"],"picked":"theDragonkin:ShieldBash","floor":16},{"not_picked":["theDragonkin:BurningRage+1","theDragonkin:DivineJolt"],"picked":"theDragonkin:FlameClaw","floor":18},{"not_picked":["theDragonkin:Cinderstrike","theDragonkin:DivineJolt"],"picked":"theDragonkin:LiquidFlame+1","floor":19},{"not_picked":["theDragonkin:HeatShield+1","theDragonkin:Detox"],"picked":"theDragonkin:StormFront","floor":21},{"not_picked":["theDragonkin:EmberSwipe","theDragonkin:CorrosiveBelch"],"picked":"theDragonkin:AncestralSeance","floor":22},{"not_picked":["theDragonkin:AncestralSeance","theDragonkin:EmberSwipe"],"picked":"theDragonkin:HolyWordBarrier","floor":23},{"not_picked":["theDragonkin:SolarFlare","theDragonkin:HeatBarrier+1"],"picked":"theDragonkin:DivineBreath","floor":28},{"not_picked":["theDragonkin:DivineJolt","theDragonkin:DivineFire+1"],"picked":"theDragonkin:LiquidFlame+1","floor":30},{"not_picked":["theDragonkin:ShieldBash","theDragonkin:FlameClaw"],"picked":"theDragonkin:HeatShield+1","floor":31},{"not_picked":["theDragonkin:BurnAfterReading","theDragonkin:CinderStorm"],"picked":"theDragonkin:ShieldBash","floor":33}],"player_experience":1292654,"relics_obtained":[{"floor":2,"key":"Bromod:ArcaneMomentum"},{"floor":8,"key":"theForsaken:Gavel"},{"floor":9,"key":"DemoMod:ClearGuonStone"},{"floor":14,"key":"qcfpunch:Chain_With_Nametags"},{"floor":23,"key":"trackpad:IceCube"},{"floor":26,"key":"Bag of Marbles"}],"event_choices":[{"damage_healed":0,"gold_gain":100,"player_choice":"Pray","damage_taken":0,"max_hp_gain":0,"max_hp_loss":0,"event_name":"Golden Shrine","floor":20,"gold_loss":0},{"damage_healed":0,"gold_gain":0,"player_choice":"Upgraded Two","damage_taken":0,"max_hp_gain":0,"max_hp_loss":0,"event_name":"Designer","floor":29,"gold_loss":40,"cards_upgraded":["theDragonkin:FlameWard","ReplayTheSpireMod:Book of Names"]}],"is_beta":false,"boss_relics":[{"not_picked":["aspiration:IroncladSkillbook","hubris:Backtick"],"picked":"hubris:VirtuousBlindfold"},{"not_picked":["hubris:BlackHole","Replay:Drink Me","Runic Dome"]}],"items_purged_floors":[],"is_endless":false,"potions_floor_spawned":[1,10,19,21,28,33],"ascension_level":0}}