{"host":"gn96mxb33x5p409u","time":1614341131,"event":{"mods":["2.2 Compatiblity","AchievementEnabler","Act Like it!","BaseMod","Colored Powertips","Downfall","Hubris","Infinite Spire","Library of Ruina","Library of Ruina Extra","Lobotomy","Minty Spire (QoL Compilation)","Replay The Spire","Ruina","StSLib","The Animator"],"gold_per_floor":[111,126,126,126,145,184,184,197,197,122,167,192,205,243,243,364,364,389,404,404,418,438,479,479,498,498,498,538,538,558,576,576,707,707,730,746,764,878,385,385,424,424,424,439,453,473,373,386,386,386,386,386,386,59,98,98],"floor_reached":57,"language":"ENG","playtime":6324,"items_purged":["Guardian:CurlUp","hubris:Defend_Merchant+1","LightDefense"],"score":1340,"play_id":"6bf3214c-36d3-4102-a728-5e66045370a9","local_time":"20210226140531","is_ascension_mode":false,"campfire_choices":[{"floor":7.0,"key":"REST"},{"floor":15.0,"key":"RECALL"},{"floor":24.0,"key":"REST"},{"data":"TraceOfFumes","floor":32.0,"key":"SMITH"},{"data":"GuidanceOfTheGears","floor":40,"key":"SMITH"},{"floor":49,"key":"REST"},{"data":"RepressedFlesh","floor":53,"key":"SMITH"}],"circlet_count":0,"master_deck":["LightAttack","LightAttack","LightAttack","LightDefense","LightDefense","LightDefense","ChargeAndCover","FocusedStrikes","FleshFillet","Faith","HiddenBlade","Outburst","Parry2","FrontalAssault","CircusKnives","DefenseOrder","EndlessBattle","CleanUp","TraceOfFumes+1","BiXi+1","LawAndOrder+1","FaintMemories+1","SmokingPipe","GuidanceOfTheGears+1","ForTheFamily+1","ClassAndRespect","Rewind+1","BindingChains+1","HighSpeedStabbing","RepressedFlesh+1","ScatteringSlash+1","Eject+1","GrazeTheGrass+1"],"relics":["PageOfLibrarian","Golden Idol","Dream Catcher","hubris:OldNail","ReplayTheSpireMod:TigerMarble","MutagenicStrength","Simple Rune","PageOfNothingThere","Replay:Accelerometer","hubris:ScarierMask","Replay:Rubber Ducky","Replay:Baseball","Bottled Tornado","hubris:DeckOfHolding","Toy Ornithopter","Toolbox","infinitespire:WardingShard"],"acts_visited":["Exordium","TheCity","TheBeyond","TheEnding"],"potions_floor_usage":[33,33,33,33,33,41,41,46,50,50,50,56,56],"damage_taken":[{"damage":0.0,"enemies":"Cultist","floor":1.0,"turns":3.0},{"damage":0.0,"enemies":"Small Slimes","floor":2.0,"turns":3.0},{"damage":0.0,"enemies":"Jaw Worm","floor":5.0,"turns":3.0},{"damage":20.0,"enemies":"3 Sentries","floor":6.0,"turns":6.0},{"damage":6.0,"enemies":"Exordium Wildlife","floor":8.0,"turns":2.0},{"damage":3.0,"enemies":"Looter","floor":12.0,"turns":2.0},{"damage":0.0,"enemies":"Large Slime","floor":13.0,"turns":4.0},{"damage":16.0,"enemies":"Lagavulin","floor":14.0,"turns":5.0},{"damage":3.0,"enemies":"Hexaghost","floor":16.0,"turns":8.0},{"damage":4.0,"enemies":"Chosen","floor":18.0,"turns":5.0},{"damage":12.0,"enemies":"Shell Parasite","floor":19.0,"turns":3.0},{"damage":12.0,"enemies":"Chosen and Byrds","floor":21.0,"turns":6.0},{"damage":28.0,"enemies":"Cultist and Chosen","floor":22.0,"turns":6.0},{"damage":5.0,"enemies":"Gremlin Leader","floor":23.0,"turns":3.0},{"damage":0.0,"enemies":"Snecko","floor":25.0,"turns":2.0},{"damage":7.0,"enemies":"Book of Stabbing","floor":28.0,"turns":5.0},{"damage":7.0,"enemies":"Snake Plant","floor":30.0,"turns":2.0},{"damage":0.0,"enemies":"Cultist and Chosen","floor":31.0,"turns":3.0},{"damage":26,"enemies":"KingOfGreed","floor":33,"turns":15},{"damage":11,"enemies":"3 Shapes","floor":35,"turns":2},{"damage":2,"enemies":"Orb Walker","floor":36,"turns":2},{"damage":9,"enemies":"Spire Growth","floor":37,"turns":3},{"damage":25,"enemies":"Nemesis","floor":41,"turns":6},{"damage":3,"enemies":"3 Darklings","floor":44,"turns":3},{"damage":0,"enemies":"Maw","floor":45,"turns":6},{"damage":22,"enemies":"4 Shapes","floor":46,"turns":4},{"damage":0,"enemies":"Transient","floor":48,"turns":5},{"damage":2,"enemies":"Donu and Deca","floor":50,"turns":6},{"damage":9,"enemies":"Donu and Deca","floor":51,"turns":6},{"damage":0,"enemies":"Shield and Spear","floor":55,"turns":3},{"damage":38,"enemies":"The Heart","floor":56,"turns":7}],"seed_played":"523129859463636972","potions_obtained":[{"floor":1.0,"key":"Cursed Concoction"},{"floor":5.0,"key":"Strength Potion"},{"floor":8.0,"key":"SkillPotion"},{"floor":21.0,"key":"BlessingOfTheForge"},{"floor":23.0,"key":"Block Potion"},{"floor":25.0,"key":"GamblersBrew"},{"floor":28.0,"key":"EntropicBrew"},{"floor":33,"key":"Flashbang"},{"floor":35,"key":"Energy Potion"},{"floor":37,"key":"LifebloodPotion"},{"floor":41,"key":"FearPotion"},{"floor":44,"key":"Weak Potion"},{"floor":48,"key":"Milkshake"},{"floor":55,"key":"SkillPotion"}],"is_trial":false,"path_per_floor":["M","M","?","?","M","E","R","M","T","$","T","M","M","E","R","B",null,"M","M","?","M","M","E","R","M","T","?","E","?","M","M","R","B",null,"M","M","M","?","$","R","E","?","T","M","M","M","NS","M","R","B",null,null,"R","$","E","B",null],"character_chosen":"Librarian","items_purchased":["Replay:Baseball","Bottled Tornado","Toolbox","Eject+1"],"campfire_rested":3,"item_purchase_floors":[39,39,54,54],"current_hp_per_floor":[60,60,60,60,60,40,61,55,55,55,55,52,52,36,36,42,73,69,57,57,45,17,12,33,33,33,33,39,39,42,42,42,28,73,62,60,51,51,51,51,32,32,32,29,41,30,30,30,51,73,64,73,73,73,73,37],"gold":98,"neow_bonus":"THREE_RARE_CARDS","is_daily":false,"chose_seed":false,"campfire_upgraded":3,"win_rate":0.0,"timestamp":1614341131,"path_taken":["M","?","?","?","M","E","R","M","T","$","?","M","?","E","R","BOSS","M","M","?","M","M","E","R","M","T","?","E","?","M","?","R","BOSS","M","M","?","?","$","R","E","?","T","M","?","?","NS","M","R","BOSS","R","$","E","BOSS"],"items_purchased_type":["Relic","Relic","Relic","Card"],"build_version":"2020-12-22","purchased_purges":3,"victory":true,"max_hp_per_floor":[65,79,73,73,73,73,73,73,73,73,73,73,73,73,73,73,73,73,73,73,73,73,73,73,73,73,73,73,73,73,73,73,73,73,73,73,73,73,73,73,73,73,73,73,73,73,73,73,73,73,73,73,73,73,73,73],"card_choices":[{"not_picked":["BlazingStrike","Cruelty"],"picked":"FleshFillet","floor":0.0},{"not_picked":["SpearedSweep","StrikeDown","QuickSuppression","Reload","SunsetBlade","Rewind","CrackOfDawn","QuickAttack"],"picked":"Faith","floor":1.0},{"not_picked":["EnergyStrike","QuickAttack","FierceCharge","SpearedSweep","WrathOfTorment","ChargeUp","SetFire","StrongStrike"],"picked":"HiddenBlade","floor":2.0},{"not_picked":["ClassAndRespect","Faith","StructuralAnalysis","Thrust","QuickSuppression","SnakesPrey","AGoldenOpportunity","EnergyConversion"],"picked":"Outburst","floor":5.0},{"not_picked":["MindWhip","PinpointShot","FleetFootsteps","TendonChords","Faith","MirageStorm","MultiHit","RhinoRam"],"picked":"Parry2","floor":6.0},{"not_picked":["Unlock1","Leap_lor","Parry","Juggling","SpearedSweep","ViolentFlame","ExtractFuel","UncannyStrike"],"picked":"FrontalAssault","floor":7.0},{"not_picked":["SpearedSweep","HighKick","Reload","Gigigig","GreatSerpentsImpact","BurningFlash","SunsetBlade","SuppressingShot","Transpierce"],"picked":"SKIP","floor":8.0},{"not_picked":["ProselytesBlade","UpbeatPerformance","GrazeTheGrass","GuardingStance","SuppressingShot","MultiBlock","FleetFootsteps","Pound"],"picked":"CircusKnives","floor":12.0},{"not_picked":["AGoldenOpportunity","GrazeTheGrass","TendonChords","HardRehearsal","CircusKnives","Unlock1","LawAndOrder","MindWhip"],"picked":"DefenseOrder","floor":13.0},{"not_picked":["Wallop_lor","ICanCookAnything","StartinOutLightly","RagingStormLove","HighKick","Parry2","MultiBlock","Struggle"],"picked":"EndlessBattle","floor":14.0},{"not_picked":["DaringDecision","RagingStormLove"],"picked":"CleanUp","floor":16.0},{"not_picked":["FleetFootsteps","AGoldenOpportunity","TieShanKao","WillBeTasty+1","FendThisOffIfYouCan","FlowOfTheSword+1","Parry2","ViolentFlame+1"],"picked":"TraceOfFumes","floor":18.0},{"not_picked":["EnergyStrike","SetFire","MindCrush","ForcefulGesture","Overcharge+1","HeavyPeaks+1","StrongStrike","TheArtOfRapidSteps"],"picked":"BiXi+1","floor":19.0},{"not_picked":["BackAttack","StartinOutLightly","PinpointShot","DesperateStruggle","MultiHit","HighKick","DarkCloud","TasteMyFlamingBat"],"picked":"LawAndOrder+1","floor":21.0},{"not_picked":["Guardian_lor+1","ICanCookAnything+1","SunsetBlade","QuickAttack+1","BindingChains","GrazeTheGrass","ShrineToMusic","Observe"],"picked":"FleetFootsteps+1","floor":22.0},{"not_picked":["FleetFootsteps","Punishment","SinglePointStab+1","Preparation","StayCalm","Laceration","Disposal","Clone+1"],"picked":"FaintMemories+1","floor":23.0},{"not_picked":["ConcentratedFire","ViolentFlame","Thrust","Reload+1","Pound","ExtremeEdge","HighKick","BlowItUp"],"picked":"Feast+1","floor":24.0},{"not_picked":["FleetEdge","AsThePrescriptOrders","Standoff","Leap_lor","FervidEmotions+1","BiteOff","YouOnlyLiveOnce","BiXi","SinglePointStab+1"],"picked":"SKIP","floor":25.0},{"not_picked":["NightInTheBackstreets","Ripple","DriedUp","AsThePrescriptOrders","Disposal","HiddenBlade","DestructiveImpact","SunsetBlade+1","DarkCloud"],"picked":"SKIP","floor":28.0},{"not_picked":["Wallop_lor","Execute_lor","EnergyShield","BiAn","DeepDrag+1","SnakesPrey+1","CoordinatedAssault","FaintMemories"],"picked":"SmokingPipe","floor":30.0},{"not_picked":["YoureTooSlow","Unlock1","SearingSword","Parry2","SinglePointStab","StrikeDown","AssaultOrder","DevastatingThrash","ConcentratedFire+1"],"picked":"SKIP","floor":31.0},{"not_picked":["CoordinatedAssault","GatherIntel","RatsGuideToSurvival+1","EndlessBattle","Guardian_lor","MultiHit","StrikeDown","Quickness","Marionette+1"],"picked":"SKIP","floor":35},{"not_picked":["StructuralAnalysis","RagingStormLove","EnergyCycle+1","Outburst+1","Parry2","Diversion+1","TheArtOfRapidSteps+1","BiAn"],"picked":"GuidanceOfTheGears","floor":36},{"not_picked":["ViolentFlame+1","Wallop_lor","ScatteringSlash","SharpSwipe+1","EnergyBeam","Zzzzzap+1","StrongStrike+1","WillBeTasty+1"],"picked":"ForTheFamily+1","floor":37},{"not_picked":["FierceCharge","StructuralAnalysis+1","TrimTheIngredients","Feast+1","HighKick","CoordinatedAssault+1","Fence","FleetFootsteps+1"],"picked":"ClassAndRespect","floor":38},{"not_picked":["PreemptiveStrike","GuardingStance+1","SnakesPrey+1","BladeWhirl","Suppress","Parry2","TraceOfFumes","FierceCharge+1"],"picked":"Rewind+1","floor":38},{"not_picked":["CircusKnives+1","GuidanceOfTheGears+1","Preparation+1","MindPrepared+1","Outburst+1","SnakesPrey","ProselytesBlade+1","Riposte"],"picked":"BindingChains+1","floor":41},{"not_picked":["MultiBlock","EnergyShield","SuppressingShot","QuickAttack+1","VioletBlade+1","AutomatedMovement","EnergyStrike","Faith"],"picked":"RepressedFlesh","floor":44},{"not_picked":["PreparedMind+1","CoordinatedAssault","PinpointShot","DevastatingThrash+1","TrashDisposal","NightInTheBackstreets+1","DesperateStruggle","ToOvercomeCrisis","SinglePointStab"],"picked":"SKIP","floor":45},{"not_picked":["IllEndYou+1","FleetFootsteps+1","Tttonst","TraceOfFumes+1","UnavoidableGaze","HighKick","ChopItOff","SmokingPipe+1","Tailoring+1"],"picked":"SKIP","floor":46},{"not_picked":["SharpSwipe","Thrust","GuardingStance+1","WillOfThePrescript+1","PuppetBlockade","SunsetBlade+1","DefenseOrder","EnergyCycle","FocusFire+1"],"picked":"SKIP","floor":48},{"not_picked":["Duel_lor","Unlock1","IdentifyWeakpoint+1","SteelKnuckles+1","InkOver","Thirst","SturdyDefense","Parry+1"],"picked":"ScatteringSlash+1","floor":49},{"not_picked":["CumulusWall+1","ClassAndRespect+1","EnergyBeam","CombatPreparation+1","DimensionalRift","FrontalAssault+1","SuppressingShot","FleetFootsteps"],"picked":"GrazeTheGrass+1","floor":55}],"player_experience":559661,"relics_obtained":[{"floor":6.0,"key":"Dream Catcher"},{"floor":11.0,"key":"hubris:OldNail"},{"floor":14.0,"key":"ReplayTheSpireMod:TigerMarble"},{"floor":23.0,"key":"Simple Rune"},{"floor":26.0,"key":"PageOfNothingThere"},{"floor":28.0,"key":"Replay:Accelerometer"},{"floor":38,"key":"Replay:Rubber Ducky"},{"floor":41,"key":"hubris:DeckOfHolding"},{"floor":43,"key":"Toy Ornithopter"},{"floor":55,"key":"infinitespire:WardingShard"}],"event_choices":[{"damage_healed":0.0,"max_hp_gain":0.0,"max_hp_loss":6.0,"gold_gain":0.0,"event_name":"Golden Idol","player_choice":"Lose Max HP","floor":3.0,"gold_loss":0.0,"damage_taken":0.0,"relics_obtained":["Golden Idol"]},{"damage_healed":0.0,"max_hp_gain":0.0,"max_hp_loss":0.0,"gold_gain":0.0,"event_name":"Drug Dealer","player_choice":"Inject Mutagens","floor":20.0,"gold_loss":0.0,"damage_taken":0.0,"relics_obtained":["MutagenicStrength"]},{"damage_healed":0.0,"max_hp_gain":0.0,"max_hp_loss":0.0,"gold_gain":0.0,"event_name":"Back to Basics","player_choice":"Simplicity","floor":27.0,"gold_loss":0.0,"damage_taken":0.0,"cards_upgraded":["LightDefense","LightAttack","LightAttack","LightAttack","LightDefense","LightDefense","LightDefense","ChargeAndCover","FocusedStrikes","hubris:Defend_Merchant"]},{"damage_healed":0.0,"max_hp_gain":0.0,"max_hp_loss":0.0,"gold_gain":0.0,"event_name":"Duplicator","player_choice":"Ignored","floor":29.0,"gold_loss":0.0,"damage_taken":0.0},{"damage_healed":0,"gold_gain":0,"cards_transformed":["Dodge"],"player_choice":"Transformed","damage_taken":0,"max_hp_gain":0,"max_hp_loss":0,"event_name":"Transmorgrifier","floor":42,"gold_loss":0,"cards_obtained":["HighSpeedStabbing"]}],"is_beta":false,"boss_relics":[{"not_picked":["Fusion Hammer","Runic Pyramid","infinitespire:Cupcake"]},{"not_picked":["ReplayTheSpireMod:SealedPack","Velvet Choker"],"picked":"hubris:ScarierMask"}],"items_purged_floors":[10,39,54],"is_endless":false,"potions_floor_spawned":[1,5,8,12,13,21,23,25,28,33,35,37,41,44,48,55],"ascension_level":0}}