{"host":"fbdlh90rovbiajun","time":1614359390,"event":{"mods":["AchievementEnabler","BaseMod","Colored Map","Keyboard Shortcuts","Minty Spire (QoL Compilation)","SuperFastMode"],"gold_per_floor":[117,117,117,117,134,134,166,166,166,179,207,207,232,247,247,349,349,369,294,294,310,310,340,340,356,356,390,400,6,6,39,39,136,136,150,5,54,0,0,35,35,60,60,95,111,137,149,179,191,203,203],"floor_reached":50,"language":"KOR","playtime":1604,"items_purged":["Strike_R"],"score":819,"play_id":"c4690720-9eb7-4a7b-a632-cb1f0c50cc73","local_time":"20210227020950","is_ascension_mode":true,"campfire_choices":[{"data":"Infernal Blade","floor":6,"key":"SMITH"},{"data":"Flex","floor":8,"key":"SMITH"},{"data":"Flex","floor":15,"key":"SMITH"},{"data":"Bash","floor":24,"key":"SMITH"},{"data":"Defend_R","floor":30,"key":"SMITH"},{"data":"Shrug It Off","floor":32,"key":"SMITH"},{"floor":41,"key":"REST"},{"data":"Infernal Blade","floor":47,"key":"SMITH"},{"data":"Defend_R","floor":49,"key":"SMITH"}],"circlet_count":0,"master_deck":["Strike_R","Strike_R","Strike_R+1","Defend_R+1","Defend_R+1","Defend_R+1","Bash+1","Double Tap+1","Flex+1","Infernal Blade+1","Flex+1","Whirlwind+1","Pommel Strike+1","Hemokinesis+1","Heavy Blade+1","Reaper+1","Iron Wave+1","Thunderclap+1","Infernal Blade+1","Dropkick+1","Shrug It Off+1","Heavy Blade+1","Clash+1","Infernal Blade+1","Seeing Red+1"],"relics":["Black Blood","Bag of Marbles","Molten Egg 2","Happy Flower","FossilizedHelix","Pantograph","Orichalcum","Kunai","Darkstone Periapt","Matryoshka","Sling","Ancient Tea Set","Black Star","Vajra","Unceasing Top","Red Mask","Eternal Feather","Frozen Egg 2","Mummified Hand","Bag of Preparation","Strawberry","Paper Frog","Letter Opener","MealTicket","Self Forming Clay","MawBank"],"acts_visited":["Exordium","TheCity","TheBeyond"],"potions_floor_usage":[13,33,40,50,50,50],"damage_taken":[{"damage":11,"enemies":"2 Louse","floor":1,"turns":3},{"damage":0,"enemies":"Small Slimes","floor":5,"turns":1},{"damage":32,"enemies":"Gremlin Nob","floor":7,"turns":4},{"damage":0,"enemies":"Cultist","floor":10,"turns":1},{"damage":26,"enemies":"Lagavulin","floor":11,"turns":4},{"damage":0,"enemies":"Gremlin Nob","floor":13,"turns":2},{"damage":0,"enemies":"Blue Slaver","floor":14,"turns":1},{"damage":40,"enemies":"The Guardian","floor":16,"turns":6},{"damage":2,"enemies":"Chosen","floor":18,"turns":3},{"damage":0,"enemies":"Shell Parasite","floor":21,"turns":3},{"damage":34,"enemies":"Slavers","floor":23,"turns":5},{"damage":14,"enemies":"Snake Plant","floor":25,"turns":3},{"damage":21,"enemies":"Book of Stabbing","floor":27,"turns":4},{"damage":0,"enemies":"Cultist and Chosen","floor":28,"turns":3},{"damage":16,"enemies":"Slavers","floor":31,"turns":4},{"damage":48,"enemies":"Champ","floor":33,"turns":8},{"damage":0,"enemies":"Orb Walker","floor":35,"turns":2},{"damage":0,"enemies":"2 Orb Walkers","floor":37,"turns":1},{"damage":64,"enemies":"Nemesis","floor":40,"turns":5},{"damage":0,"enemies":"Reptomancer","floor":42,"turns":4},{"damage":0,"enemies":"Giant Head","floor":44,"turns":4},{"damage":0,"enemies":"3 Darklings","floor":45,"turns":3},{"damage":9,"enemies":"Reptomancer","floor":46,"turns":3},{"damage":0,"enemies":"4 Shapes","floor":48,"turns":1},{"damage":104,"enemies":"Time Eater","floor":50,"turns":7}],"seed_played":"-6553442676512194398","potions_obtained":[{"floor":5,"key":"BloodPotion"},{"floor":10,"key":"BloodPotion"},{"floor":14,"key":"SteroidPotion"},{"floor":16,"key":"Ancient Potion"},{"floor":35,"key":"HeartOfIron"},{"floor":45,"key":"DuplicationPotion"},{"floor":46,"key":"GamblersBrew"}],"is_trial":false,"path_per_floor":["M","?","?","?","M","R","E","R","T","M","E","?","E","M","R","B",null,"M","$","?","M","T","E","R","M","T","E","M","$","R","E","R","B",null,"M","$","?","?","$","E","R","E","T","E","M","E","R","M","R","B"],"character_chosen":"IRONCLAD","items_purchased":["Matryoshka","Sling","Vajra"],"campfire_rested":1,"item_purchase_floors":[29,29,36],"current_hp_per_floor":[75,68,68,68,74,74,48,48,48,54,34,18,40,46,46,12,80,80,80,80,80,80,68,68,66,66,80,80,80,80,76,76,44,80,80,80,80,80,80,28,64,76,83,87,87,87,87,87,87,0,0],"gold":203,"neow_bonus":"ONE_RANDOM_RARE_CARD","is_daily":false,"chose_seed":false,"campfire_upgraded":8,"win_rate":0.0,"timestamp":1614359390,"path_taken":["M","?","?","?","?","R","E","R","T","M","E","?","E","M","R","BOSS","M","$","?","M","?","E","R","M","T","E","M","$","R","E","R","BOSS","M","$","?","?","?","E","R","E","T","E","M","E","R","M","R","BOSS"],"items_purchased_type":["Relic","Relic","Relic"],"build_version":"2020-12-22","purchased_purges":1,"victory":false,"max_hp_per_floor":[80,80,80,80,80,80,80,80,80,80,80,80,80,80,80,80,80,80,80,80,80,80,80,80,80,80,80,80,80,80,80,80,80,80,80,80,80,80,80,80,80,80,87,87,87,87,87,87,87,87,87],"card_choices":[{"not_picked":["Pommel Strike","Ghostly Armor"],"picked":"Flex","floor":1},{"not_picked":["Armaments","Twin Strike"],"picked":"Flex","floor":5},{"not_picked":["Headbutt","Flame Barrier","Bloodletting"],"picked":"SKIP","floor":7},{"not_picked":["Sever Soul+1","Sentinel"],"picked":"Whirlwind+1","floor":10},{"not_picked":["Exhume","Sword Boomerang+1"],"picked":"Pommel Strike+1","floor":11},{"not_picked":["Flame Barrier","Seeing Red"],"picked":"Hemokinesis+1","floor":13},{"not_picked":["Searing Blow+1","Blood for Blood+1"],"picked":"Heavy Blade+1","floor":14},{"not_picked":["Impervious","Brutality"],"picked":"Reaper+1","floor":16},{"not_picked":["Pommel Strike+1","Anger+1"],"picked":"Iron Wave+1","floor":18},{"not_picked":["Intimidate","Clothesline+1","Perfected Strike+1"],"picked":"SKIP","floor":21},{"not_picked":["Pommel Strike+1","Blood for Blood+1"],"picked":"Thunderclap+1","floor":23},{"not_picked":["Anger+1","Impervious","Cleave+1"],"picked":"SKIP","floor":25},{"not_picked":["Sword Boomerang+1","Perfected Strike+1"],"picked":"Infernal Blade+1","floor":27},{"not_picked":["Anger+1","Shockwave+1"],"picked":"Dropkick+1","floor":28},{"not_picked":["Flame Barrier+1","Carnage+1"],"picked":"Shrug It Off","floor":31},{"not_picked":["Twin Strike+1","Cleave+1"],"picked":"Heavy Blade+1","floor":35},{"not_picked":["Hemokinesis+1","Fiend Fire+1"],"picked":"Clash+1","floor":40},{"not_picked":["Shrug It Off+1","Body Slam+1","Perfected Strike+1"],"picked":"SKIP","floor":42},{"not_picked":["Heavy Blade+1","Power Through+1"],"picked":"Infernal Blade","floor":44},{"not_picked":["Shrug It Off+1","Combust+1","Reckless Charge+1"],"picked":"SKIP","floor":45},{"not_picked":["Sentinel+1","Shrug It Off+1"],"picked":"Seeing Red+1","floor":46},{"not_picked":["Thunderclap+1","Warcry+1","Perfected Strike+1"],"picked":"SKIP","floor":48}],"player_experience":135955,"relics_obtained":[{"floor":7,"key":"Bag of Marbles"},{"floor":9,"key":"Molten Egg 2"},{"floor":11,"key":"Happy Flower"},{"floor":13,"key":"FossilizedHelix"},{"floor":22,"key":"Pantograph"},{"floor":23,"key":"Orichalcum"},{"floor":26,"key":"Kunai"},{"floor":27,"key":"Darkstone Periapt"},{"floor":31,"key":"Ancient Tea Set"},{"floor":37,"key":"Unceasing Top"},{"floor":40,"key":"Eternal Feather"},{"floor":40,"key":"Frozen Egg 2"},{"floor":42,"key":"Mummified Hand"},{"floor":42,"key":"Bag of Preparation"},{"floor":43,"key":"Strawberry"},{"floor":43,"key":"Paper Frog"},{"floor":44,"key":"Letter Opener"},{"floor":44,"key":"MealTicket"},{"floor":46,"key":"Self Forming Clay"},{"floor":46,"key":"MawBank"}],"event_choices":[{"cards_removed":["Strike_R"],"damage_healed":0,"gold_gain":0,"player_choice":"Card Removal","damage_taken":7,"max_hp_gain":0,"max_hp_loss":0,"event_name":"Golden Wing","floor":2,"gold_loss":0},{"damage_healed":0,"gold_gain":0,"cards_transformed":["Defend_R"],"player_choice":"Change","damage_taken":0,"max_hp_gain":0,"max_hp_loss":0,"event_name":"Living Wall","floor":3,"gold_loss":0,"cards_obtained":["Infernal Blade"]},{"damage_healed":0,"gold_gain":0,"player_choice":"Upgraded","damage_taken":0,"max_hp_gain":0,"max_hp_loss":0,"event_name":"Upgrade Shrine","floor":4,"gold_loss":0,"cards_upgraded":["Double Tap"]},{"damage_healed":0,"gold_gain":0,"player_choice":"Entered Light","damage_taken":16,"max_hp_gain":0,"max_hp_loss":0,"event_name":"Shining Light","floor":12,"gold_loss":0,"cards_upgraded":["Strike_R","Defend_R"]},{"damage_healed":0,"gold_gain":0,"player_choice":"Ignored","damage_taken":0,"max_hp_gain":0,"max_hp_loss":0,"event_name":"Ghosts","floor":20,"gold_loss":0},{"damage_healed":0,"gold_gain":0,"player_choice":"Fight","damage_taken":0,"max_hp_gain":0,"max_hp_loss":0,"event_name":"Mysterious Sphere","floor":37,"gold_loss":0},{"damage_healed":0,"gold_gain":0,"player_choice":"Paid","damage_taken":0,"relics_obtained":["Red Mask"],"max_hp_gain":0,"max_hp_loss":0,"event_name":"Tomb of Lord Red Mask","floor":38,"gold_loss":54}],"is_beta":false,"boss_relics":[{"not_picked":["Mark of Pain","Coffee Dripper"],"picked":"Black Blood"},{"not_picked":["Runic Cube","Astrolabe"],"picked":"Black Star"}],"items_purged_floors":[19],"is_endless":false,"potions_floor_spawned":[5,10,14,16,23,25,27,35,37,45,46],"killed_by":"Time Eater","ascension_level":1}}