{"host":"1vxemzms76200xsp","time":1614370560,"event":{"mods":["AchievementEnabler","BaseMod","Better Synergies","Card Forge","Friendly Minions","Highlight Path","Minty Spire (QoL Compilation)","StSLib"],"gold_per_floor":[113,130,24,41,51,51,68,18,18,18,18],"floor_reached":10,"language":"ENG","playtime":784,"items_purged":[],"score":60,"play_id":"92e53756-2181-4f21-a664-db5134e9b523","local_time":"20210226221600","daily_mods":["Draft"],"is_ascension_mode":false,"campfire_choices":[],"circlet_count":0,"master_deck":["Caltrops","Riddle With Holes","Deadly Poison","Riddle With Holes","Deadly Poison","Poisoned Stab","Sucker Punch","Bane","Heel Hook","Deflect","Bane","Dodge and Roll","Blur","Deadly Poison","Catalyst","Bouncing Flask","Crippling Poison","Bouncing Flask"],"relics":["Ring of the Snake","Hammer of Thor","Seething Fire","Anvil of the Gods","Eternal Feather"],"acts_visited":["Exordium"],"potions_floor_usage":[],"damage_taken":[{"damage":7,"enemies":"Jaw Worm","floor":1,"turns":3},{"damage":7,"enemies":"2 Louse","floor":2,"turns":2},{"damage":2,"enemies":"Cultist","floor":4,"turns":2},{"damage":12,"enemies":"Blue Slaver","floor":5,"turns":3},{"damage":15,"enemies":"Exordium Wildlife","floor":7,"turns":4},{"damage":22,"enemies":"Lagavulin","floor":10,"turns":3}],"seed_played":"-6502271610837348322","potions_obtained":[{"floor":1,"key":"BlessingOfTheForge"},{"floor":2,"key":"GhostInAJar"},{"floor":4,"key":"Weak Potion"}],"is_trial":true,"path_per_floor":["M","M","$","M","M","?","M","?","T","E"],"character_chosen":"THE_SILENT","items_purchased":["Catalyst","Bouncing Flask"],"campfire_rested":0,"item_purchase_floors":[3,3],"current_hp_per_floor":[63,56,56,54,42,35,20,20,20,0,0],"gold":18,"neow_bonus":"","is_daily":false,"chose_seed":false,"campfire_upgraded":0,"win_rate":0.0,"timestamp":1614370560,"path_taken":["M","M","$","M","M","?","M","?","T","E"],"items_purchased_type":["Card","Card"],"build_version":"2020-12-22","purchased_purges":0,"victory":false,"max_hp_per_floor":[70,70,70,70,70,70,70,70,70,70,70],"card_choices":[{"not_picked":["Quick Slash","Finisher"],"picked":"Caltrops","floor":0},{"not_picked":["Quick Slash","Sucker Punch"],"picked":"Riddle With Holes","floor":0},{"not_picked":["Sucker Punch","Dagger Spray"],"picked":"Deadly Poison","floor":0},{"not_picked":["Dodge and Roll","Deflect"],"picked":"Riddle With Holes","floor":0},{"not_picked":["Tactician","Well Laid Plans"],"picked":"Deadly Poison","floor":0},{"not_picked":["Flying Knee","Cloak And Dagger"],"picked":"Poisoned Stab","floor":0},{"not_picked":["Blade Dance","Outmaneuver"],"picked":"Sucker Punch","floor":0},{"not_picked":["Flying Knee","Dash"],"picked":"Expertise","floor":0},{"not_picked":["Crippling Poison","Deflect"],"picked":"Bane","floor":0},{"not_picked":["PiercingWail","Quick Slash"],"picked":"Heel Hook","floor":0},{"not_picked":["Blade Dance","Flechettes"],"picked":"Deflect","floor":0},{"not_picked":["Cloak And Dagger","Sucker Punch"],"picked":"Bane","floor":0},{"not_picked":["Blade Dance","Outmaneuver"],"picked":"Sucker Punch","floor":0},{"not_picked":["Underhanded Strike","Backstab"],"picked":"Dodge and Roll","floor":0},{"not_picked":["Slice","Outmaneuver"],"picked":"Blur","floor":0},{"not_picked":["Backflip","PiercingWail","Setup"],"picked":"SKIP","floor":1},{"not_picked":["Acrobatics","Bane"],"picked":"Deadly Poison","floor":2},{"not_picked":["Dash","Outmaneuver"],"picked":"Crippling Poison","floor":4},{"not_picked":["Heel Hook","Dagger Spray"],"picked":"Bouncing Flask","floor":5},{"not_picked":["Endless Agony","Prepared","Dodge and Roll"],"picked":"SKIP","floor":7}],"player_experience":34577,"relics_obtained":[{"floor":9,"key":"Eternal Feather"}],"event_choices":[{"cards_removed":["Expertise"],"damage_healed":0,"gold_gain":0,"player_choice":"Card Removal","damage_taken":7,"max_hp_gain":0,"max_hp_loss":0,"event_name":"Golden Wing","floor":6,"gold_loss":0},{"cards_removed":["Sucker Punch"],"damage_healed":0,"gold_gain":0,"player_choice":"Card Removal","damage_taken":0,"max_hp_gain":0,"max_hp_loss":0,"event_name":"The Cleric","floor":8,"gold_loss":50}],"is_beta":false,"boss_relics":[],"items_purged_floors":[],"is_endless":false,"potions_floor_spawned":[1,2,4],"killed_by":"Lagavulin","ascension_level":0}}