{"host":"t6r1isv2bex5ovch","time":1614369337,"event":{"mods":["AchievementEnabler","Act Like it!","Aspiration","BaseMod","Better Altar","Better Match","Better Note","Better Sensory Stone","Better Skull","Better Third Choice","Better Vampires","Bossed Relics","Colored Powertips","Displayed Cursed Tome","Fox Events","Gremlin Skip","Halation","Hallownest","Highlight Path","Hubris","Infinite Spire","Minty Spire (QoL Compilation)","Reliquary","Ruina","Spire Arcade","StSLib","The Bug Knight"],"gold_per_floor":[115,131,131,155,155,155,168,183,206,206,220,238,238,255,255,357,357,367,292,292,292,307,332,332,332,414,339,339,239,239,252,252,252,252],"floor_reached":33,"language":"ENG","playtime":2154,"items_purged":["HollowMod:BlackTendrils","HollowMod:NailStrikeStart"],"score":337,"play_id":"334da3be-dedc-4ced-ac51-0e9d1d92592b","local_time":"20210227065537","is_ascension_mode":true,"campfire_choices":[{"data":"HollowMod:CycloneSlash","floor":6.0,"key":"SMITH"},{"data":"HollowMod:NailStrikeStart","floor":10.0,"key":"SMITH"},{"floor":15.0,"key":"REST"},{"floor":24,"key":"REST"},{"data":"Hallownest:attackMasterCycloneSlash","floor":30,"key":"SMITH"},{"floor":32,"key":"REST"}],"circlet_count":0,"master_deck":["HollowMod:NailStrikeStart","HollowMod:NailStrikeStart","HollowMod:QuickDashStart","HollowMod:QuickDashStart","HollowMod:QuickDashStart","HollowMod:QuickDashStart","HollowMod:FocusHealStart","HollowMod:PogoStrike","HollowMod:CycloneSlash+1","Apotheosis+1","Hallownest:pwrSporeShroom","Hallownest:attackMasterCycloneSlash+1"],"relics":["HollowMod:VesselMask","hubris:Icosahedron","Bottled Flame"],"acts_visited":["Hallownest:Greenpath","Hallownest:CityofTears"],"potions_floor_usage":[],"damage_taken":[{"damage":8.0,"enemies":"Hallownest:2_MossCreeps","floor":1.0,"turns":5.0},{"damage":6.0,"enemies":"Hallownest:2_Baldur","floor":2.0,"turns":3.0},{"damage":2.0,"enemies":"Hallownest:monsterHuskGuard","floor":7.0,"turns":3.0},{"damage":0.0,"enemies":"Hallownest:monsterAspidMother","floor":8.0,"turns":4.0},{"damage":20.0,"enemies":"Hallownest:1_Baldur_1_Crawlid_1_Warrior","floor":11.0,"turns":8.0},{"damage":0.0,"enemies":"Hallownest:Wandering_and_Horned","floor":12.0,"turns":5.0},{"damage":15.0,"enemies":"Hallownest:MossCreep_and_Mosskin","floor":14.0,"turns":4.0},{"damage":76.0,"enemies":"Hallownest:BossFalseKnight","floor":16.0,"turns":13.0},{"damage":54.0,"enemies":"Hallownest:Guard_and_Sentry","floor":18.0,"turns":9.0},{"damage":2.0,"enemies":"Hallownest:3_Youths","floor":22.0,"turns":14.0},{"damage":27.0,"enemies":"Hallownest:Nosk","floor":23.0,"turns":14.0},{"damage":36,"enemies":"Hallownest:Warrior_and_Youth","floor":31,"turns":4},{"damage":61,"enemies":"Hallownest:BossGrimm","floor":33,"turns":3}],"seed_played":"-3412794527361498657","potions_obtained":[{"floor":1.0,"key":"Fruit Juice"},{"floor":2.0,"key":"SteroidPotion"},{"floor":12.0,"key":"ColorlessPotion"},{"floor":14.0,"key":"Block Potion"},{"floor":18.0,"key":"Weak Potion"},{"floor":22.0,"key":"FearPotion"}],"is_trial":false,"path_per_floor":["M","M","?","T","?","R","M","M","T","R","M","M","?","M","R","B",null,"M","?","?","?","M","E","R","AVR","T","$","?","$","R","M","R","B"],"character_chosen":"THE_BUGKNIGHT","items_purchased":[],"campfire_rested":3,"item_purchase_floors":[],"current_hp_per_floor":[67,61,61,61,61,61,65,71,71,71,51,82,82,67,82,18,66,14,14,10,24,50,39,63,63,63,63,63,63,63,29,53,0,0],"gold":252,"neow_bonus":"TEN_PERCENT_HP_BONUS","is_daily":false,"chose_seed":false,"campfire_upgraded":3,"win_rate":0.0,"timestamp":1614369337,"path_taken":["M","?","?","?","?","R","M","?","T","R","?","?","?","M","R","BOSS","M","?","?","?","M","E","R","AVR","T","?","?","?","R","M","R","BOSS"],"items_purchased_type":[],"build_version":"2020-12-22","purchased_purges":2,"victory":false,"max_hp_per_floor":[82,82,82,82,82,82,82,82,82,82,82,82,82,82,82,82,82,82,82,82,82,82,82,82,82,82,82,82,82,82,82,82,82,82],"card_choices":[{"not_picked":["HollowMod:CrystalDash","HollowMod:PureNailStrike","HollowMod:HeavyBlow"],"picked":"SKIP","floor":1.0},{"not_picked":["HollowMod:SharpenedShadows","HollowMod:TaintedHusks"],"picked":"HollowMod:CycloneSlash","floor":2.0},{"not_picked":["HollowMod:CycloneSlash","HollowMod:LifebloodCocoon","HollowMod:ShadowDash"],"picked":"SKIP","floor":7.0},{"not_picked":["HollowMod:GoodIntentions","HollowMod:CloakDash","HollowMod:InfectedAttack"],"picked":"SKIP","floor":8.0},{"not_picked":["HollowMod:ChannelNail","HollowMod:SharpenedNail","HollowMod:DashSlash"],"picked":"SKIP","floor":11.0},{"not_picked":["HollowMod:HeavyBlow","HollowMod:AbyssShriek","HollowMod:BrokenVessel"],"picked":"SKIP","floor":12.0},{"not_picked":["HollowMod:NewJinnsSoul","HollowMod:AbyssShriek","HollowMod:PerfectDash"],"picked":"SKIP","floor":14.0},{"not_picked":["HollowMod:BlackTendrils","HollowMod:SoulStrike","HollowMod:SiblingsSouls+1"],"picked":"SKIP","floor":18.0},{"not_picked":["Sadistic Nature+1","Secret Technique+1"],"picked":"Apotheosis+1","floor":19.0},{"not_picked":["HollowMod:ShadowDash","HollowMod:NewGlowingWomb","HollowMod:SharpenedNail"],"picked":"SKIP","floor":22.0},{"not_picked":["HollowMod:DungDefenderAura","HollowMod:DescendingDark","HollowMod:VengefulVoid"],"picked":"SKIP","floor":23},{"not_picked":["HollowMod:SoulStrike","HollowMod:SharpenedNail","HollowMod:VengefulVoid+1"],"picked":"SKIP","floor":31}],"player_experience":613952,"relics_obtained":[{"floor":26,"key":"Bottled Flame"}],"event_choices":[{"damage_healed":0.0,"max_hp_gain":0.0,"max_hp_loss":0.0,"gold_gain":0.0,"event_name":"betterMatch:BetterMatch","player_choice":"3","floor":19.0,"gold_loss":0.0,"damage_taken":0.0,"cards_obtained":["betterMatch:ColorlessRareCard"]}],"is_beta":false,"boss_relics":[{"not_picked":["Snecko Eye","halation:Risk","halation:CatFaceCupcake"]}],"items_purged_floors":[27,29],"is_endless":false,"potions_floor_spawned":[1,2,12,14,18,22],"killed_by":"Hallownest:BossGrimm","ascension_level":7}}