{"host":"lkiec0wxjd85dqdp","time":1614370791,"event":{"mods":["2.2 Compatiblity","BaseMod","Bestiary","Block Reminder","Colored Map","Colored Powertips","DeckTracker","Googly Eyes","Highlight Path","Minty Spire (QoL Compilation)","Quick Restart","Rare Cards Sparkle","StSLib","The Cursed","Unknown Chances"],"gold_per_floor":[156,106,31,68,135,182,235,235,235,315,382,382,15,52,52,176,176,221,221,76,113,177,177,212,212,262,272,272,272,75,102,102,222,222,259,352,4,21,35,35,60,127,150,207,242,242,242,292,292,292],"floor_reached":51,"language":"RUS","playtime":1879,"items_purged":["Strike_P","Defend_P","Strike_P"],"score":1250,"play_id":"e8809e6c-6eef-4ff4-b1bf-c9ca82e4b094","local_time":"20210226221951","is_ascension_mode":true,"campfire_choices":[{"data":"HandOfGreed","floor":8.0,"key":"SMITH"},{"data":"Eruption","floor":15.0,"key":"SMITH"},{"data":"Ragnarok","floor":23.0,"key":"SMITH"},{"data":"Halt","floor":25.0,"key":"SMITH"},{"data":"ThirdEye","floor":28.0,"key":"SMITH"},{"floor":32.0,"key":"REST"},{"floor":40.0,"key":"REST"},{"floor":49.0,"key":"REST"}],"circlet_count":0,"master_deck":["Strike_P","Defend_P","Defend_P+1","Defend_P","Eruption+1","Vigilance","HandOfGreed+1","ThirdEye+1","SandsOfTime","Halt+1","EmptyBody","Indignation+1","Ragnarok+1","Wish","Wish","Swivel+1","Vault","Apotheosis"],"relics":["PureWater","Bronze Scales","Shuriken","Odd Mushroom","Frozen Eye","Philosopher\u0027s Stone","CultistMask","Bag of Marbles","Ice Cream","Damaru","TungstenRod","Fusion Hammer","Orichalcum","Sling","FossilizedHelix","Happy Flower","War Paint","CaptainsWheel"],"acts_visited":["TheCity","TheBeyond"],"potions_floor_usage":[50],"damage_taken":[{"damage":0.0,"enemies":"Small Slimes","floor":1.0,"turns":4.0},{"damage":2.0,"enemies":"Jaw Worm","floor":4.0,"turns":3.0},{"damage":13.0,"enemies":"Lagavulin","floor":6.0,"turns":5.0},{"damage":0.0,"enemies":"2 Louse","floor":7.0,"turns":4.0},{"damage":2.0,"enemies":"The Mushroom Lair","floor":10.0,"turns":5.0},{"damage":1.0,"enemies":"Exordium Thugs","floor":11.0,"turns":3.0},{"damage":0.0,"enemies":"Blue Slaver","floor":14.0,"turns":3.0},{"damage":0.0,"enemies":"Slime Boss","floor":16.0,"turns":4.0},{"damage":0.0,"enemies":"Spheric Guardian","floor":18.0,"turns":2.0},{"damage":0.0,"enemies":"Chosen","floor":21.0,"turns":3.0},{"damage":12.0,"enemies":"Centurion and Healer","floor":22.0,"turns":6.0},{"damage":0.0,"enemies":"Gremlin Leader","floor":24.0,"turns":3.0},{"damage":0.0,"enemies":"Cultist and Chosen","floor":27.0,"turns":3.0},{"damage":18.0,"enemies":"Slavers","floor":31.0,"turns":2.0},{"damage":0.0,"enemies":"Champ","floor":33.0,"turns":7.0},{"damage":0.0,"enemies":"Orb Walker","floor":35.0,"turns":2.0},{"damage":5.0,"enemies":"3 Shapes","floor":36.0,"turns":7.0},{"damage":0.0,"enemies":"Spire Growth","floor":38.0,"turns":4.0},{"damage":15.0,"enemies":"Writhing Mass","floor":39.0,"turns":3.0},{"damage":35.0,"enemies":"Nemesis","floor":41.0,"turns":5.0},{"damage":0.0,"enemies":"Sphere and 2 Shapes","floor":42.0,"turns":3.0},{"damage":0.0,"enemies":"Giant Head","floor":44.0,"turns":5.0},{"damage":0.0,"enemies":"3 Darklings","floor":45.0,"turns":1.0},{"damage":0.0,"enemies":"Mind Bloom Boss Battle","floor":48.0,"turns":3.0},{"damage":35,"enemies":"Donu and Deca","floor":50,"turns":10}],"seed_played":"3338585195595830631","potions_obtained":[{"floor":1.0,"key":"SkillPotion"},{"floor":6.0,"key":"Strength Potion"},{"floor":14.0,"key":"Ambrosia"},{"floor":16.0,"key":"Strength Potion"},{"floor":27.0,"key":"Ancient Potion"},{"floor":31.0,"key":"AttackPotion"},{"floor":33.0,"key":"SteroidPotion"},{"floor":44.0,"key":"Swift Potion"},{"floor":45.0,"key":"FearPotion"}],"is_trial":false,"path_per_floor":["M","?","$","M","?","E","M","R","T","?","M","?","$","M","R","B",null,"M","?","$","M","M","R","E","R","T","M","R","?","$","E","R","B",null,"M","M","$","M","M","R","E","M","T","E","M","?","?","?","R","B",null],"character_chosen":"WATCHER","items_purchased":["Frozen Eye","Indignation","SteroidPotion","Bag of Marbles","Wish","Orichalcum","Sling","Strength Potion"],"campfire_rested":3,"item_purchase_floors":[13,13,13,20,30,37,37,37],"current_hp_per_floor":[65,65,65,63,63,50,50,50,50,48,47,52,52,52,52,52,66,66,66,66,66,54,54,54,54,54,54,54,54,54,36,57,57,67,67,62,62,62,47,68,33,33,33,33,33,29,29,29,50,15],"gold":292,"neow_bonus":"RANDOM_COLORLESS_2","is_daily":false,"chose_seed":false,"campfire_upgraded":5,"win_rate":0.0,"timestamp":1614370791,"path_taken":["M","?","$","M","?","E","M","R","T","?","?","?","?","M","R","BOSS","M","?","?","?","M","R","E","R","T","M","R","?","$","E","R","BOSS","M","M","$","M","M","R","E","M","T","E","M","?","?","?","R","BOSS"],"items_purchased_type":["Relic","Card","Potion","Relic","Card","Relic","Relic","Potion"],"build_version":"2020-12-22","purchased_purges":3,"victory":true,"max_hp_per_floor":[65,65,65,65,65,65,65,65,65,65,65,70,70,70,70,70,70,70,70,70,70,70,70,70,70,70,70,70,70,70,70,70,70,70,70,70,70,70,70,70,70,70,70,70,70,70,70,70,70,70],"card_choices":[{"not_picked":["Master of Strategy","Secret Weapon"],"picked":"HandOfGreed","floor":0.0},{"not_picked":["CrushJoints","Crescendo","PathToVictory"],"picked":"SKIP","floor":1.0},{"not_picked":["JustLucky","FlurryOfBlows"],"picked":"ThirdEye","floor":4.0},{"not_picked":["Establishment","FollowUp"],"picked":"SandsOfTime","floor":6.0},{"not_picked":["Evaluate","BowlingBash"],"picked":"Halt","floor":7.0},{"not_picked":["BowlingBash","Prostrate"],"picked":"EmptyBody","floor":11.0},{"not_picked":["Protect","Vengeance","JustLucky"],"picked":"SKIP","floor":14.0},{"not_picked":["Omniscience","ConjureBlade"],"picked":"Ragnarok","floor":16.0},{"not_picked":["Prostrate","Worship","BowlingBash"],"picked":"SKIP","floor":18.0},{"not_picked":["CutThroughFate","BowlingBash+1","CrushJoints"],"picked":"SKIP","floor":21.0},{"not_picked":["Crescendo","CarveReality","EmptyBody"],"picked":"SKIP","floor":22.0},{"not_picked":["SashWhip","Protect","FollowUp"],"picked":"SKIP","floor":24.0},{"not_picked":["CutThroughFate","InnerPeace+1","FlyingSleeves"],"picked":"SKIP","floor":27.0},{"not_picked":["JustLucky+1","Consecrate+1","Collect+1"],"picked":"SKIP","floor":31.0},{"not_picked":["Judgement","Scrawl"],"picked":"Wish","floor":33.0},{"not_picked":["EmptyBody+1","CrushJoints+1","Sanctity+1"],"picked":"SKIP","floor":35.0},{"not_picked":["Wallop","Collect+1","Sanctity+1"],"picked":"SKIP","floor":36.0},{"not_picked":["JustLucky+1","SashWhip+1","CrushJoints+1"],"picked":"SKIP","floor":38.0},{"not_picked":["FlurryOfBlows+1","WreathOfFlame","SignatureMove"],"picked":"SKIP","floor":39.0},{"not_picked":["BowlingBash","Protect","ForeignInfluence+1"],"picked":"SKIP","floor":41.0},{"not_picked":["ClearTheMind","Prostrate","Consecrate"],"picked":"SKIP","floor":42.0},{"not_picked":["ThirdEye","ForeignInfluence+1"],"picked":"Swivel+1","floor":44.0},{"not_picked":["MentalFortress+1","Wallop"],"picked":"Vault","floor":45.0},{"not_picked":["Mind Blast","Violence"],"picked":"Apotheosis","floor":46.0}],"player_experience":105827,"relics_obtained":[{"floor":6.0,"key":"Bronze Scales"},{"floor":9.0,"key":"Shuriken"},{"floor":10.0,"key":"Odd Mushroom"},{"floor":24.0,"key":"Ice Cream"},{"floor":26.0,"key":"Damaru"},{"floor":31.0,"key":"TungstenRod"},{"floor":41.0,"key":"FossilizedHelix"},{"floor":43.0,"key":"Happy Flower"},{"floor":44.0,"key":"War Paint"},{"floor":48.0,"key":"CaptainsWheel"}],"event_choices":[{"cards_removed":["Strike_P"],"damage_healed":0.0,"max_hp_gain":0.0,"max_hp_loss":0.0,"gold_gain":0.0,"event_name":"The Cleric","player_choice":"Card Removal","floor":2.0,"gold_loss":50.0,"damage_taken":0.0},{"damage_healed":0.0,"max_hp_gain":0.0,"max_hp_loss":0.0,"gold_gain":67.0,"event_name":"Golden Wing","player_choice":"Gained Gold","floor":5.0,"gold_loss":0.0,"damage_taken":0.0},{"damage_healed":0.0,"max_hp_gain":0.0,"max_hp_loss":0.0,"gold_gain":0.0,"event_name":"Mushrooms","player_choice":"Fought Mushrooms","floor":10.0,"gold_loss":0.0,"damage_taken":0.0},{"damage_healed":0.0,"max_hp_gain":5.0,"max_hp_loss":0.0,"gold_gain":0.0,"event_name":"Big Fish","player_choice":"Donut","floor":12.0,"gold_loss":0.0,"damage_taken":0.0},{"damage_healed":0.0,"max_hp_gain":0.0,"max_hp_loss":0.0,"gold_gain":0.0,"event_name":"FaceTrader","player_choice":"Trade","floor":19.0,"gold_loss":0.0,"damage_taken":0.0,"relics_obtained":["CultistMask"]},{"damage_healed":0.0,"max_hp_gain":0.0,"max_hp_loss":0.0,"gold_gain":0.0,"event_name":"The Library","player_choice":"Read","floor":29.0,"gold_loss":0.0,"damage_taken":0.0,"cards_obtained":["Tantrum"]},{"damage_healed":0.0,"max_hp_gain":0.0,"max_hp_loss":0.0,"gold_gain":0.0,"event_name":"SensoryStone","player_choice":"Memory 2","floor":46.0,"gold_loss":0.0,"damage_taken":5.0},{"cards_removed":["Tantrum"],"damage_healed":0.0,"max_hp_gain":0.0,"max_hp_loss":0.0,"gold_gain":0.0,"event_name":"Falling","player_choice":"Removed Attack","floor":47.0,"gold_loss":0.0,"damage_taken":0.0},{"damage_healed":0.0,"max_hp_gain":0.0,"max_hp_loss":0.0,"gold_gain":0.0,"event_name":"MindBloom","player_choice":"Fight","floor":48.0,"gold_loss":0.0,"damage_taken":0.0}],"is_beta":false,"boss_relics":[{"not_picked":["SlaversCollar","Tiny House"],"picked":"Philosopher\u0027s Stone"},{"not_picked":["Pandora\u0027s Box","Black Star"],"picked":"Fusion Hammer"}],"items_purged_floors":[3,13,30],"is_endless":false,"potions_floor_spawned":[1,6,14,16,22,27,31,33,36,44,45],"ascension_level":7}}