{"host":"lvf3ywlo9ittp3f6","time":1614375060,"event":{"mods":["AchievementEnabler","BaseMod","Better Third Choice","Block Reminder","Colored Map","Colored Powertips","Highlight Path","Minty Spire (QoL Compilation)","Permanent Neow","Rare Cards Sparkle","Relic Stats","StSLib","Synergy Search"],"gold_per_floor":[109,121,121,121,296,326,326,356,356,375,406,417,305,316,316,417,417,436,452,467,216,216,249,249,275,275,288,288,288,321,331,331,428,428,440,440,440,454,82,115,115,147,147,147,164,192,205,205,205,205],"floor_reached":51,"language":"ENG","playtime":2952,"items_purged":["Doubt","Strike_G","Defend_G"],"score":1197,"play_id":"728f41ad-2792-49aa-ad9b-7c9e033c683b","local_time":"20210227003100","is_ascension_mode":true,"campfire_choices":[{"data":"Bouncing Flask","floor":7.0,"key":"SMITH"},{"data":"Noxious Fumes","floor":15,"key":"SMITH"},{"data":"Wraith Form v2","floor":24,"key":"SMITH"},{"data":"Caltrops","floor":29,"key":"SMITH"},{"data":"Neutralize","floor":32,"key":"SMITH"},{"data":"After Image","floor":41,"key":"SMITH"},{"data":"Backstab","floor":44,"key":"SMITH"},{"data":"Acrobatics","floor":49,"key":"SMITH"}],"circlet_count":0,"master_deck":["Strike_G","Strike_G","Strike_G","Defend_G+1","Defend_G","Defend_G+1","Defend_G","Survivor","Neutralize+1","Bouncing Flask+1","PiercingWail","Judgement+1","Caltrops+1","Dagger Spray","Backstab+1","Calculated Gamble","Noxious Fumes+1","Wraith Form v2+1","Dash+1","Calculated Gamble","Dagger Spray+1","Catalyst+1","Backflip+1","After Image+1","Acrobatics+1","Finesse","Bandage Up","Wraith Form v2+1","Finesse","Calculated Gamble+1","Escape Plan","Well Laid Plans+1"],"relics":["Ring of the Snake","NeowsBlessing","The Specimen","Mummified Hand","Matryoshka","Mercury Hourglass","Mango","Happy Flower","Runic Pyramid","Strawberry","White Beast Statue","War Paint","Art of War","Gremlin Horn","Bottled Lightning","Coffee Dripper","DollysMirror","Bag of Preparation","Singing Bowl","Torii"],"acts_visited":["Exordium","TheCity","TheBeyond"],"potions_floor_usage":[25,30,31],"damage_taken":[{"damage":0.0,"enemies":"Cultist","floor":1.0,"turns":1.0},{"damage":0.0,"enemies":"2 Louse","floor":2.0,"turns":1.0},{"damage":0.0,"enemies":"Gremlin Nob","floor":6.0,"turns":1.0},{"damage":2.0,"enemies":"3 Sentries","floor":8.0,"turns":5.0},{"damage":4,"enemies":"Jaw Worm","floor":10,"turns":2},{"damage":16,"enemies":"Lagavulin","floor":11,"turns":6},{"damage":1,"enemies":"Looter","floor":12,"turns":2},{"damage":0,"enemies":"Blue Slaver","floor":14,"turns":1},{"damage":22,"enemies":"Hexaghost","floor":16,"turns":7},{"damage":7,"enemies":"Chosen","floor":18,"turns":3},{"damage":1,"enemies":"2 Thieves","floor":19,"turns":3},{"damage":2,"enemies":"Sentry and Sphere","floor":20,"turns":4},{"damage":17,"enemies":"Book of Stabbing","floor":23,"turns":5},{"damage":0,"enemies":"Gremlin Leader","floor":25,"turns":4},{"damage":0,"enemies":"Snake Plant","floor":27,"turns":2},{"damage":22,"enemies":"Book of Stabbing","floor":30,"turns":6},{"damage":1,"enemies":"Centurion and Healer","floor":31,"turns":3},{"damage":31,"enemies":"Champ","floor":33,"turns":9},{"damage":0,"enemies":"Orb Walker","floor":35,"turns":3},{"damage":0,"enemies":"3 Darklings","floor":38,"turns":3},{"damage":9,"enemies":"Giant Head","floor":40,"turns":8},{"damage":0,"enemies":"Nemesis","floor":42,"turns":5},{"damage":0,"enemies":"Maw","floor":45,"turns":5},{"damage":0,"enemies":"Giant Head","floor":46,"turns":7},{"damage":0,"enemies":"Sphere and 2 Shapes","floor":47,"turns":2},{"damage":82,"enemies":"Time Eater","floor":50,"turns":12}],"seed_played":"-7097473710224853027","potions_obtained":[{"floor":1.0,"key":"SteroidPotion"},{"floor":2.0,"key":"Explosive Potion"},{"floor":11,"key":"FairyPotion"},{"floor":19,"key":"Explosive Potion"},{"floor":20,"key":"Fruit Juice"},{"floor":25,"key":"Fire Potion"},{"floor":27,"key":"Regen Potion"},{"floor":30,"key":"Regen Potion"},{"floor":31,"key":"LiquidMemories"},{"floor":40,"key":"PowerPotion"}],"is_trial":false,"path_per_floor":["M","M","?","?","?","E","R","E","T","M","E","M","$","M","R","B",null,"M","M","M","$","?","E","R","E","T","M","?","R","E","M","R","B",null,"M","?","?","M","$","E","R","E","T","R","M","E","M","?","R","B",null],"character_chosen":"THE_SILENT","items_purchased":["Noxious Fumes","Strawberry","DollysMirror","Finesse"],"campfire_rested":0,"item_purchase_floors":[13,21,39,39],"current_hp_per_floor":[63,63,51,51,51,51,51,49,63,59,43,42,42,42,42,20,68,61,60,58,65,47,30,30,35,35,35,68,68,61,69,69,38,85,85,85,75,75,75,70,70,76,76,76,82,86,90,90,90,12],"gold":205,"neow_bonus":"THREE_ENEMY_KILL","is_daily":false,"chose_seed":false,"campfire_upgraded":8,"win_rate":0.0,"timestamp":1614375060,"path_taken":["M","?","?","?","?","E","R","E","T","M","E","M","$","M","R","BOSS","M","M","M","$","?","E","R","E","T","M","?","R","E","M","R","BOSS","M","?","?","M","$","E","R","E","T","R","M","E","M","?","R","BOSS"],"items_purchased_type":["Card","Relic","Relic","Card"],"build_version":"2020-12-22","purchased_purges":3,"victory":true,"max_hp_per_floor":[70,70,70,70,70,70,70,70,84,84,84,84,84,84,84,84,84,84,84,84,91,96,96,96,101,101,101,101,101,101,101,101,101,101,101,101,101,101,101,101,101,103,103,103,105,105,105,100,100,100],"relic_stats":{"Happy Flower":[31],"Gremlin Horn":[5,5],"Singing Bowl":4,"Torii":0,"counters":[26,110],"Mummified Hand":[67],"Art of War":[8],"Bag of Preparation":[10],"War Paint":["Defend_G","Defend_G"],"obtain_stats":[{"NeowsBlessing":0,"The Specimen":3,"Happy Flower":11,"Gremlin Horn":26,"Singing Bowl":42,"Torii":46,"Mango":9,"Bag of Preparation":40,"War Paint":25,"White Beast Statue":23,"Mercury Hourglass":9,"Matryoshka":8,"Mummified Hand":6,"DollysMirror":39,"Strawberry":21,"Art of War":26,"Coffee Dripper":34,"Bottled Lightning":30,"Ring of the Snake":0,"Runic Pyramid":17},{"NeowsBlessing":0,"The Specimen":2,"Happy Flower":6,"Gremlin Horn":14,"Singing Bowl":22,"Torii":24,"Mango":4,"Bag of Preparation":21,"War Paint":14,"White Beast Statue":13,"Mercury Hourglass":4,"Matryoshka":4,"Mummified Hand":3,"DollysMirror":20,"Strawberry":12,"Art of War":14,"Coffee Dripper":18,"Bottled Lightning":16,"Ring of the Snake":0,"Runic Pyramid":9},{"NeowsBlessing":0,"The Specimen":2,"Happy Flower":16,"Gremlin Horn":45,"Singing Bowl":84,"Torii":96,"Mango":8,"Bag of Preparation":79,"War Paint":45,"White Beast Statue":41,"Mercury Hourglass":8,"Matryoshka":8,"Mummified Hand":3,"DollysMirror":71,"Strawberry":36,"Art of War":45,"Coffee Dripper":65,"Bottled Lightning":53,"Ring of the Snake":0,"Runic Pyramid":26}],"Ring of the Snake":[52],"Mercury Hourglass":[281]},"card_choices":[{"not_picked":["Terror","Outmaneuver"],"picked":"Bouncing Flask","floor":1.0},{"not_picked":["All Out Attack","Terror"],"picked":"PiercingWail","floor":2.0},{"not_picked":["Blade Dance","Dodge and Roll","Slice"],"picked":"SKIP","floor":6.0},{"not_picked":["Deflect","Setup"],"picked":"Caltrops","floor":8},{"not_picked":["Quick Slash","Deflect"],"picked":"Dagger Spray","floor":10},{"not_picked":["PiercingWail","Flying Knee"],"picked":"Backstab","floor":11},{"not_picked":["Accuracy","Flechettes"],"picked":"Calculated Gamble","floor":12},{"not_picked":["Deadly Poison","Prepared","Flying Knee"],"picked":"SKIP","floor":14},{"not_picked":["Unload","Venomology"],"picked":"Wraith Form v2","floor":16},{"not_picked":["Infinite Blades","Bane"],"picked":"Dash+1","floor":18},{"not_picked":["Deflect+1","Masterful Stab"],"picked":"Calculated Gamble","floor":19},{"not_picked":["Underhanded Strike+1","Accuracy"],"picked":"Dagger Spray+1","floor":20},{"not_picked":["Grand Finale","Outmaneuver"],"picked":"Catalyst+1","floor":23},{"not_picked":["Flying Knee","Deflect","Outmaneuver+1"],"picked":"SKIP","floor":25},{"not_picked":["Sucker Punch","Blade Dance","Choke"],"picked":"SKIP","floor":27},{"not_picked":["Endless Agony","Acrobatics"],"picked":"Backflip+1","floor":30},{"not_picked":["Cloak And Dagger","Prepared","Backflip"],"picked":"SKIP","floor":31},{"not_picked":["Unload","Storm of Steel"],"picked":"After Image","floor":33},{"not_picked":["Slice","Outmaneuver+1"],"picked":"Acrobatics","floor":35},{"not_picked":["Chrysalis","Violence"],"picked":"Finesse","floor":37},{"not_picked":["Transmutation","Violence"],"picked":"Bandage Up","floor":37},{"not_picked":["Dagger Spray","Poisoned Stab","Dodge and Roll"],"picked":"SKIP","floor":38},{"not_picked":["Footwork","Setup"],"picked":"Calculated Gamble+1","floor":40},{"not_picked":["Grand Finale","Finisher","Slice+1"],"picked":"Singing Bowl","floor":42},{"not_picked":["Heel Hook+1","Dodge and Roll+1","Skewer"],"picked":"Singing Bowl","floor":45},{"not_picked":["Storm of Steel","Sucker Punch"],"picked":"Escape Plan","floor":46},{"not_picked":["Quick Slash","Prepared"],"picked":"Well Laid Plans+1","floor":47}],"player_experience":503186,"relics_obtained":[{"floor":6.0,"key":"Mummified Hand"},{"floor":8,"key":"Matryoshka"},{"floor":9,"key":"Mercury Hourglass"},{"floor":9,"key":"Mango"},{"floor":11,"key":"Happy Flower"},{"floor":23,"key":"White Beast Statue"},{"floor":25,"key":"War Paint"},{"floor":26,"key":"Art of War"},{"floor":26,"key":"Gremlin Horn"},{"floor":30,"key":"Bottled Lightning"},{"floor":40,"key":"Bag of Preparation"},{"floor":42,"key":"Singing Bowl"},{"floor":46,"key":"Torii"}],"event_choices":[{"damage_healed":0.0,"max_hp_gain":0.0,"max_hp_loss":0.0,"gold_gain":0.0,"event_name":"Living Wall","player_choice":"Grow","floor":4.0,"gold_loss":0.0,"damage_taken":0.0,"cards_upgraded":["Judgement"]},{"damage_healed":0.0,"max_hp_gain":0.0,"max_hp_loss":0.0,"gold_gain":175.0,"event_name":"betterThird:BetterSerpent","player_choice":"AGREE","floor":5.0,"gold_loss":0.0,"damage_taken":121.0},{"damage_healed":0,"gold_gain":0,"player_choice":"Shed Blood","damage_taken":23,"max_hp_gain":5,"max_hp_loss":0,"event_name":"Forgotten Altar","floor":22,"gold_loss":0},{"damage_healed":33,"gold_gain":0,"player_choice":"Heal","damage_taken":0,"max_hp_gain":0,"max_hp_loss":0,"event_name":"The Library","floor":28,"gold_loss":0},{"cards_removed":["Strike_G"],"damage_healed":0,"gold_gain":0,"player_choice":"Removed Attack","damage_taken":0,"max_hp_gain":0,"max_hp_loss":0,"event_name":"Falling","floor":36,"gold_loss":0},{"damage_healed":0,"gold_gain":0,"player_choice":"Memory 3","damage_taken":10,"max_hp_gain":0,"max_hp_loss":0,"event_name":"SensoryStone","floor":37,"gold_loss":0},{"damage_healed":0,"gold_gain":0,"player_choice":"Max HP","damage_taken":0,"max_hp_gain":0,"max_hp_loss":5,"event_name":"Winding Halls","floor":48,"gold_loss":0}],"is_beta":false,"boss_relics":[{"not_picked":["Ring of the Serpent","WristBlade"],"picked":"Runic Pyramid"},{"not_picked":["Pandora\u0027s Box","Cursed Key"],"picked":"Coffee Dripper"}],"items_purged_floors":[13,21,39],"is_endless":false,"potions_floor_spawned":[1,2,11,14,19,20,25,27,30,31,33,35,38,40,42,45,46,47],"ascension_level":6}}