{"host":"fuszjwm6fqgjjp4d","time":1614314871,"event":{"mods":["BaseMod","Colored Map","Minty Spire (QoL Compilation)","Permanent Neow","Relic Sorter","Relic Stats","StSLib"],"gold_per_floor":[117,135,152,166,181,181,193,193,193,193,206,206,206,216,216,216,216],"floor_reached":16,"language":"ENG","playtime":673,"items_purged":[],"score":192,"play_id":"cf2cd417-cb6f-48f3-8634-c664c50b76d6","local_time":"20210225224751","is_ascension_mode":true,"campfire_choices":[{"data":"Searing Blow","floor":6.0,"key":"SMITH"},{"data":"Searing Blow+1","floor":8.0,"key":"SMITH"},{"data":"Searing Blow+2","floor":15,"key":"SMITH"}],"circlet_count":0,"master_deck":["AscendersBane","Strike_R","Strike_R","Strike_R","Strike_R","Defend_R","Defend_R","Defend_R","Defend_R","Bash","Pommel Strike","Feel No Pain","Searing Blow+3","Carnage","Battle Trance"],"relics":["Burning Blood","Turnip","InkBottle"],"acts_visited":["Exordium"],"potions_floor_usage":[],"damage_taken":[{"damage":2.0,"enemies":"Cultist","floor":1.0,"turns":4.0},{"damage":2.0,"enemies":"Jaw Worm","floor":2.0,"turns":3.0},{"damage":7.0,"enemies":"Small Slimes","floor":3.0,"turns":4.0},{"damage":5.0,"enemies":"Gremlin Gang","floor":4.0,"turns":5.0},{"damage":17.0,"enemies":"Looter","floor":5.0,"turns":3.0},{"damage":11.0,"enemies":"2 Fungi Beasts","floor":7.0,"turns":4.0},{"damage":16.0,"enemies":"Red Slaver","floor":11.0,"turns":4.0},{"damage":10,"enemies":"3 Louse","floor":14,"turns":3},{"damage":88,"enemies":"Slime Boss","floor":16,"turns":10}],"seed_played":"-2903334388047855710","potions_obtained":[{"floor":2.0,"key":"SteroidPotion"},{"floor":4.0,"key":"GamblersBrew"},{"floor":7.0,"key":"Dexterity Potion"},{"floor":11.0,"key":"SteroidPotion"}],"is_trial":false,"path_per_floor":["M","M","M","M","M","R","M","R","T","?","M","?","?","M","R","B"],"character_chosen":"IRONCLAD","items_purchased":[],"campfire_rested":0,"item_purchase_floors":[],"current_hp_per_floor":[68,68,67,68,57,57,52,52,52,45,35,35,78,74,74,0,0],"gold":216,"neow_bonus":"ONE_RARE_RELIC","is_daily":false,"chose_seed":false,"campfire_upgraded":3,"win_rate":0.0,"timestamp":1614314871,"path_taken":["M","M","M","M","?","R","M","R","T","?","M","?","?","?","R","BOSS"],"items_purchased_type":[],"build_version":"2020-12-22","purchased_purges":0,"victory":false,"max_hp_per_floor":[68,68,68,68,68,68,68,68,68,68,68,68,78,78,78,78,78],"relic_stats":{"counters":[9,40],"Turnip":[3],"obtain_stats":[{"Turnip":0,"Burning Blood":0,"InkBottle":9},{"Turnip":0,"Burning Blood":0,"InkBottle":6},{"Turnip":0,"Burning Blood":0,"InkBottle":23}],"Burning Blood":40,"InkBottle":[3]},"card_choices":[{"not_picked":["Blood for Blood","Headbutt"],"picked":"Pommel Strike","floor":1.0},{"not_picked":["Dropkick","Infernal Blade"],"picked":"Feel No Pain","floor":2.0},{"not_picked":["Havoc","Armaments"],"picked":"Searing Blow","floor":3.0},{"not_picked":["Metallicize","Evolve"],"picked":"Carnage","floor":4.0},{"not_picked":["Rage","Body Slam","Combust"],"picked":"SKIP","floor":5.0},{"not_picked":["Clash","Reckless Charge"],"picked":"Bludgeon","floor":7.0},{"not_picked":["Flame Barrier","Twin Strike"],"picked":"Battle Trance","floor":11.0},{"not_picked":["Pommel Strike","Shockwave","Dark Embrace"],"picked":"SKIP","floor":14}],"player_experience":1548388,"relics_obtained":[{"floor":9.0,"key":"InkBottle"}],"event_choices":[{"cards_removed":["Strike_R"],"damage_healed":0.0,"max_hp_gain":0.0,"max_hp_loss":0.0,"gold_gain":0.0,"event_name":"Golden Wing","player_choice":"Card Removal","floor":10.0,"gold_loss":0.0,"damage_taken":7.0},{"damage_healed":0,"gold_gain":0,"player_choice":"Fled","damage_taken":0,"max_hp_gain":0,"max_hp_loss":0,"event_name":"Scrap Ooze","floor":12,"gold_loss":0},{"cards_removed":["Bludgeon"],"damage_healed":33,"gold_gain":0,"player_choice":"Offered Rare","damage_taken":0,"max_hp_gain":10,"max_hp_loss":0,"event_name":"Bonfire Elementals","floor":13,"gold_loss":0}],"is_beta":false,"boss_relics":[],"items_purged_floors":[],"is_endless":false,"potions_floor_spawned":[2,4,7,11],"killed_by":"Slime Boss","ascension_level":20}}