{"host":"928gv66myv2vlnsd","time":1614301828,"event":{"mods":["BaseMod","Highlight Path","Minty Spire (QoL Compilation)","Relic Stats","StSLib"],"gold_per_floor":[12,12,24,40,40,65,85,85,85,7,20,35,62,62,62,62,62],"floor_reached":16,"language":"ENG","playtime":815,"items_purged":[],"score":224,"play_id":"82cf9fff-2e18-4efc-8f5b-56f13c6c6a5f","local_time":"20210225201028","is_ascension_mode":true,"campfire_choices":[{"floor":8,"key":"REST"},{"floor":15,"key":"REST"}],"circlet_count":0,"master_deck":["AscendersBane","Strike_R","Strike_R","Strike_R","Strike_R","Defend_R","Defend_R","Defend_R","Defend_R","Bash","Fiend Fire","Combust","Sentinel","Dropkick","Flex","Offering","Dual Wield","Shrug It Off","Battle Trance","Corruption","Warcry","Feel No Pain","Inflame","Feed"],"relics":["Burning Blood","Self Forming Clay","Question Card","Shovel"],"acts_visited":["Exordium"],"potions_floor_usage":[6,13,13],"damage_taken":[{"damage":0,"enemies":"Cultist","floor":1,"turns":2},{"damage":4,"enemies":"Jaw Worm","floor":3,"turns":4},{"damage":0,"enemies":"2 Louse","floor":4,"turns":3},{"damage":57,"enemies":"Gremlin Nob","floor":6,"turns":5},{"damage":23,"enemies":"Lots of Slimes","floor":7,"turns":4},{"damage":9,"enemies":"Looter","floor":11,"turns":3},{"damage":8,"enemies":"Large Slime","floor":12,"turns":3},{"damage":12,"enemies":"3 Sentries","floor":13,"turns":7},{"damage":75,"enemies":"The Guardian","floor":16,"turns":8}],"seed_played":"987584227163576031","potions_obtained":[{"floor":1,"key":"DistilledChaos"},{"floor":11,"key":"GamblersBrew"},{"floor":12,"key":"EssenceOfSteel"}],"is_trial":false,"path_per_floor":["M","$","M","M","?","E","M","R","T","$","M","M","E","?","R","B"],"character_chosen":"IRONCLAD","items_purchased":["Corruption"],"campfire_rested":2,"item_purchase_floors":[10],"current_hp_per_floor":[74,74,75,75,75,24,7,29,29,29,26,24,18,18,40,0,0],"gold":62,"neow_bonus":"THREE_RARE_CARDS","is_daily":false,"chose_seed":false,"campfire_upgraded":0,"win_rate":0.0,"timestamp":1614301828,"path_taken":["M","?","M","M","?","E","?","R","T","$","M","?","E","?","R","BOSS"],"items_purchased_type":["Card"],"build_version":"2020-12-22","purchased_purges":0,"victory":false,"max_hp_per_floor":[75,75,75,75,75,75,75,75,75,75,75,75,75,75,75,75,75],"relic_stats":{"Shovel":0,"counters":[9,39],"Self Forming Clay":[66],"Question Card":3,"obtain_stats":[{"Shovel":13,"Self Forming Clay":6,"Question Card":9,"Burning Blood":0},{"Shovel":8,"Self Forming Clay":4,"Question Card":5,"Burning Blood":0},{"Shovel":31,"Self Forming Clay":14,"Question Card":18,"Burning Blood":0}],"Burning Blood":41},"card_choices":[{"not_picked":["Limit Break","Brutality"],"picked":"Fiend Fire","floor":0},{"not_picked":["Rampage","Sever Soul"],"picked":"Combust","floor":1},{"not_picked":["Second Wind","Clash"],"picked":"Sentinel","floor":3},{"not_picked":["Bloodletting","Battle Trance"],"picked":"Dropkick","floor":4},{"not_picked":["Clothesline","Armaments"],"picked":"Shrug It Off","floor":6},{"not_picked":["Perfected Strike","Flex"],"picked":"Battle Trance","floor":7},{"not_picked":["Clash","Sword Boomerang","Iron Wave"],"picked":"Warcry","floor":11},{"not_picked":["Pommel Strike","Inflame","Barricade"],"picked":"Feel No Pain","floor":12},{"not_picked":["Anger","Searing Blow","Rampage"],"picked":"Inflame","floor":13}],"player_experience":1479141,"relics_obtained":[{"floor":6,"key":"Self Forming Clay"},{"floor":9,"key":"Question Card"},{"floor":13,"key":"Shovel"}],"event_choices":[{"damage_healed":0,"gold_gain":0,"player_choice":"3 cards matched","damage_taken":0,"max_hp_gain":0,"max_hp_loss":0,"event_name":"Match and Keep!","floor":5,"gold_loss":0,"cards_obtained":["Flex","Offering","Dual Wield"]},{"damage_healed":0,"gold_gain":0,"cards_transformed":["Strike_R"],"player_choice":"Transformed","damage_taken":0,"max_hp_gain":0,"max_hp_loss":0,"event_name":"Transmorgrifier","floor":14,"gold_loss":0,"cards_obtained":["Feed"]}],"is_beta":false,"boss_relics":[],"items_purged_floors":[],"is_endless":false,"potions_floor_spawned":[1,11,12],"killed_by":"The Guardian","ascension_level":20}}