{"host":"9qgbal69wq5palas","time":1614376705,"event":{"mods":["2.2 Compatiblity","Abigail Mod","AchievementEnabler","Act Like it!","Aspiration","Astrologer","Bartender","BaseMod","Better Altar","Better Note","Better Skull","Better Third Choice","Colored Powertips","Hallownest","Hermit","Highlight Path","Hubris","Infinite Spire","Jorbs\u0027s Wanderer Trilogy","Koishi","Lobotomy","Minty Spire (QoL Compilation)","Potionbrewer","Quick Restart","Random Character Button","Replay The Spire","Shade Mod","Shop Mod","Spicy Shops","StSLib","The Animator","The Bug Knight","The Cursed","The Disciple","The Exalted","The Hierophant","The Necromancer","The Servant 0.9.4","Wandering Minibosses"],"gold_per_floor":[109,83,83,93,93,105,105,137,437,469,488,520,540,550,550,550,550],"floor_reached":16,"language":"ENG","playtime":834,"items_purged":[],"score":207,"play_id":"34d61bbc-8c10-4e00-a3c9-d2bf121e8faf","local_time":"20210226225825","is_ascension_mode":true,"campfire_choices":[{"data":"TheCursedMod:SpitefulStrike","floor":7.0,"key":"SMITH"},{"floor":15,"key":"REST"}],"circlet_count":0,"master_deck":["AscendersBane","TheCursedMod:Strike_TheCursed","TheCursedMod:Strike_TheCursed","TheCursedMod:Strike_TheCursed","TheCursedMod:Defend_TheCursed","TheCursedMod:Defend_TheCursed","TheCursedMod:Defend_TheCursed","TheCursedMod:Defend_TheCursed","TheCursedMod:CursedWand","TheCursedMod:CleanUpWorkshop+1","TheCursedMod:Dregs","TheCursedMod:FleshFromBone","TheCursedMod:SpitefulStrike+1","TheCursedMod:Wield","TheCursedMod:CursedBlade","TheCursedMod:CursedMace","TheCursedMod:ReleasedStrength","TheCursedMod:RapidMovement","TheCursedMod:SoulReap","TheCursedMod:RapidMovement","TheCursedMod:CircleOfCorruption"],"relics":["TheCursedMod:BlackMagic101","potionbrewer:SlideRule","Old Coin","infinitespire:Beetle Shell","Ginger"],"acts_visited":["Exordium"],"potions_floor_usage":[14,16],"damage_taken":[{"damage":9.0,"enemies":"Jaw Worm","floor":1.0,"turns":5.0},{"damage":0.0,"enemies":"Cultist","floor":4.0,"turns":4.0},{"damage":0.0,"enemies":"2 Louse","floor":6.0,"turns":3.0},{"damage":17.0,"enemies":"3 Sentries","floor":8.0,"turns":10.0},{"damage":16.0,"enemies":"Gremlin Nob","floor":10.0,"turns":4.0},{"damage":8.0,"enemies":"Looter","floor":11.0,"turns":4.0},{"damage":13.0,"enemies":"Replay:BlueRogue","floor":12.0,"turns":5.0},{"damage":0.0,"enemies":"Exordium Wildlife","floor":13.0,"turns":3.0},{"damage":0,"enemies":"3 Louse","floor":14,"turns":4},{"damage":54,"enemies":"The Guardian","floor":16,"turns":13}],"seed_played":"-7160266736209687314","potions_obtained":[{"floor":4.0,"key":"potionbrewer:CleansingPotion"},{"floor":8.0,"key":"potionbrewer:QuicksilverPotion"},{"floor":10.0,"key":"potionbrewer:AcidPotion"},{"floor":13,"key":"BlessingOfTheForge"},{"floor":14,"key":"Fire Potion"}],"is_trial":false,"path_per_floor":["M","?","?","M","?","M","R","E","T","E","M","E","M","M","R","B"],"character_chosen":"THE_CURSED","items_purchased":[],"campfire_rested":1,"item_purchase_floors":[],"current_hp_per_floor":[55,55,55,55,55,55,55,38,38,22,14,1,6,11,32,0,0],"gold":550,"neow_bonus":"UPGRADE_CARD","is_daily":false,"chose_seed":false,"campfire_upgraded":1,"win_rate":0.0,"timestamp":1614376705,"path_taken":["M","?","?","M","?","M","R","E","T","E","?","E","M","M","R","BOSS"],"items_purchased_type":[],"build_version":"2020-12-22","purchased_purges":0,"victory":false,"max_hp_per_floor":[71,71,71,71,71,71,71,71,71,71,71,71,71,71,71,71,71],"card_choices":[{"not_picked":["TheCursedMod:RavingStaff","TheCursedMod:SaltUponWound"],"picked":"TheCursedMod:FleshFromBone","floor":1.0},{"not_picked":["TheCursedMod:ReleasedKnowledge","TheCursedMod:RapidMovement"],"picked":"TheCursedMod:SpitefulStrike","floor":4.0},{"not_picked":["TheCursedMod:CircleOfFlame","TheCursedMod:RavingStaff"],"picked":"TheCursedMod:CursedBlade","floor":6.0},{"not_picked":["TheCursedMod:VitalStrike","TheCursedMod:FuryStrike"],"picked":"TheCursedMod:CursedMace","floor":8.0},{"not_picked":["TheCursedMod:ShockAndAwe","TheCursedMod:Stigma"],"picked":"TheCursedMod:ReleasedStrength","floor":10.0},{"not_picked":["TheCursedMod:Stigma","TheCursedMod:RavingStaff"],"picked":"TheCursedMod:RapidMovement","floor":11.0},{"not_picked":["TheCursedMod:FleshFromBone","TheCursedMod:RavingStaff"],"picked":"TheCursedMod:SoulReap","floor":12.0},{"not_picked":["TheCursedMod:StingEye","TheCursedMod:Torture"],"picked":"TheCursedMod:RapidMovement","floor":13},{"not_picked":["TheCursedMod:SpitefulStrike","TheCursedMod:CursedMace"],"picked":"TheCursedMod:CircleOfCorruption","floor":14}],"player_experience":2822790,"relics_obtained":[{"floor":8.0,"key":"potionbrewer:SlideRule"},{"floor":9.0,"key":"Old Coin"},{"floor":10.0,"key":"infinitespire:Beetle Shell"},{"floor":12.0,"key":"Ginger"}],"event_choices":[{"damage_healed":0.0,"max_hp_gain":0.0,"max_hp_loss":0.0,"gold_gain":0.0,"event_name":"betterThird:BetterGoop","player_choice":"Left","floor":2.0,"gold_loss":26.0,"damage_taken":0.0},{"damage_healed":0.0,"max_hp_gain":0.0,"max_hp_loss":0.0,"gold_gain":0.0,"cards_transformed":["TheCursedMod:Strike_TheCursed"],"event_name":"Transmorgrifier","player_choice":"Transformed","floor":5.0,"gold_loss":0.0,"damage_taken":0.0,"cards_obtained":["TheCursedMod:Wield"]}],"is_beta":false,"boss_relics":[],"items_purged_floors":[],"is_endless":false,"potions_floor_spawned":[4,8,10,13,14],"killed_by":"The Guardian","ascension_level":14}}