{"host":"fhwr1fuluf6086fh","time":1614356193,"event":{"mods":["2.2 Compatiblity","Act Like it!","BaseMod","Colored Map","Elementarium","Minty Spire (QoL Compilation)","StSLib"],"gold_per_floor":[118,133,149,162,179,179,193,213,238,238,254,273,283,313,313,390,390,406,406,426,351,2,2,2],"floor_reached":23,"language":"ENG","playtime":2353,"items_purged":[],"score":383,"play_id":"d8ad5142-8429-43c5-8ff3-04632a6bf792","local_time":"20210226111633","is_ascension_mode":true,"campfire_choices":[{"floor":6,"key":"REST"},{"floor":15,"key":"REST"}],"circlet_count":0,"master_deck":["AscendersBane","Strike_R","Defend_R","Defend_R","Defend_R","Defend_R","Bash","Corruption","Clothesline","Pommel Strike","Inflame","Pommel Strike","Feed","True Grit","True Grit","Blood for Blood","Cleave","Flame Barrier","Sentinel","Feed","Power Through+1","Flame Barrier","Iron Wave+1","Rampage","Flash of Steel"],"relics":["Burning Blood","Ancient Tea Set","Matryoshka","Empty Cage","Regal Pillow"],"acts_visited":["Exordium","TheCity"],"potions_floor_usage":[14,16,16,23],"damage_taken":[{"damage":8,"enemies":"2 Louse","floor":1,"turns":4},{"damage":6,"enemies":"Cultist","floor":2,"turns":5},{"damage":4,"enemies":"Small Slimes","floor":3,"turns":3},{"damage":26,"enemies":"3 Louse","floor":4,"turns":4},{"damage":12,"enemies":"Looter","floor":5,"turns":4},{"damage":25,"enemies":"Exordium Thugs","floor":7,"turns":6},{"damage":0,"enemies":"Large Slime","floor":8,"turns":4},{"damage":10,"enemies":"Looter","floor":11,"turns":3},{"damage":5,"enemies":"Gremlin Gang","floor":12,"turns":7},{"damage":0,"enemies":"Large Slime","floor":13,"turns":5},{"damage":31,"enemies":"3 Sentries","floor":14,"turns":8},{"damage":54,"enemies":"Hexaghost","floor":16,"turns":10},{"damage":25,"enemies":"3 Byrds","floor":18,"turns":7},{"damage":9,"enemies":"Shell Parasite","floor":20,"turns":7},{"damage":59,"enemies":"Slavers","floor":23,"turns":5}],"seed_played":"445453150682754312","potions_obtained":[{"floor":4,"key":"LiquidBronze"},{"floor":5,"key":"SpeedPotion"},{"floor":14,"key":"ElixirPotion"},{"floor":20,"key":"EssenceOfSteel"}],"is_trial":false,"path_per_floor":["M","M","M","M","M","R","M","M","T","?","M","M","M","E","R","B",null,"M","?","M","?","$","E"],"character_chosen":"IRONCLAD","items_purchased":["Regal Pillow","Rampage","Flash of Steel"],"campfire_rested":2,"item_purchase_floors":[22,22,22],"current_hp_per_floor":[48,48,50,30,24,46,30,39,39,39,38,42,51,29,56,8,72,56,56,56,56,56,0,0],"gold":2,"neow_bonus":"THREE_RARE_CARDS","is_daily":false,"chose_seed":false,"campfire_upgraded":0,"win_rate":0.0,"timestamp":1614356193,"path_taken":["M","M","M","M","M","R","M","M","T","?","M","M","?","E","R","BOSS","M","?","?","?","$","E"],"items_purchased_type":["Relic","Card","Card"],"build_version":"2020-12-22","purchased_purges":0,"victory":false,"max_hp_per_floor":[75,75,75,75,75,75,78,81,81,81,84,87,90,93,93,93,93,96,96,99,99,99,99,99],"card_choices":[{"not_picked":["Brutality","Barricade"],"picked":"Corruption","floor":0},{"not_picked":["Havoc","Cleave"],"picked":"Clothesline","floor":1},{"not_picked":["Combust","Twin Strike"],"picked":"Pommel Strike","floor":2},{"not_picked":["Iron Wave","Warcry"],"picked":"Inflame","floor":3},{"not_picked":["Body Slam","Burning Pact"],"picked":"Pommel Strike","floor":4},{"not_picked":["Flex","Heavy Blade"],"picked":"Feed","floor":5},{"not_picked":["Heavy Blade","Perfected Strike"],"picked":"True Grit","floor":7},{"not_picked":["Warcry","Sword Boomerang"],"picked":"True Grit","floor":8},{"not_picked":["Immolate","Uppercut"],"picked":"Blood for Blood","floor":11},{"not_picked":["Wild Strike","Clothesline"],"picked":"Cleave","floor":12},{"not_picked":["Reckless Charge","Whirlwind"],"picked":"Flame Barrier","floor":13},{"not_picked":["Flex","Armaments"],"picked":"Sentinel","floor":14},{"not_picked":["Bludgeon","Offering"],"picked":"Feed","floor":16},{"not_picked":["Battle Trance","True Grit"],"picked":"Power Through+1","floor":18},{"not_picked":["Cleave","Flex"],"picked":"Iron Wave+1","floor":20}],"player_experience":905035,"relics_obtained":[{"floor":9,"key":"Ancient Tea Set"},{"floor":14,"key":"Matryoshka"}],"event_choices":[{"cards_removed":["Strike_R"],"damage_healed":0,"gold_gain":0,"player_choice":"Purged","damage_taken":0,"max_hp_gain":0,"max_hp_loss":0,"event_name":"Purifier","floor":10,"gold_loss":0},{"damage_healed":0,"gold_gain":0,"player_choice":"Copied","damage_taken":0,"max_hp_gain":0,"max_hp_loss":0,"event_name":"Duplicator","floor":19,"gold_loss":0,"cards_obtained":["Flame Barrier"]},{"cards_removed":["Strike_R"],"damage_healed":0,"gold_gain":0,"player_choice":"Gave Gold","damage_taken":0,"max_hp_gain":0,"max_hp_loss":0,"event_name":"Beggar","floor":21,"gold_loss":75}],"is_beta":false,"boss_relics":[{"not_picked":["Busted Crown","SacredBark"],"picked":"Empty Cage"}],"items_purged_floors":[],"is_endless":false,"potions_floor_spawned":[4,5,12,13,14,20],"killed_by":"Slavers","ascension_level":16}}