{"host":"irkvb15aeca84r2v","time":1614301826,"event":{"mods":["AchievementEnabler","BaseMod","Better Note","Block Reminder","Minty Spire (QoL Compilation)","Permanent Neow","Quick Restart","StSLib"],"gold_per_floor":[118,132,3,13,29,29,55,55,55,55,55,87,87,106,106,106,106],"floor_reached":16,"language":"ENG","playtime":758,"items_purged":["Strike_R"],"score":110,"play_id":"af62af85-f836-4b16-9ee2-1d37dcbfd13f","local_time":"20210225191026","is_ascension_mode":false,"campfire_choices":[{"data":"Barricade","floor":6,"key":"SMITH"},{"floor":8,"key":"RECALL"},{"floor":15,"key":"REST"}],"circlet_count":0,"master_deck":["Strike_R","Strike_R","Strike_R","Defend_R","Defend_R","Defend_R","Defend_R","Bash","Barricade+1","Searing Blow","Armaments+1","Shrug It Off","Body Slam"],"relics":["Burning Blood","Eternal Feather","Paper Frog"],"acts_visited":[],"potions_floor_usage":[7,7],"damage_taken":[{"damage":4,"enemies":"2 Louse","floor":1,"turns":3},{"damage":8,"enemies":"Small Slimes","floor":2,"turns":5},{"damage":3,"enemies":"Jaw Worm","floor":4,"turns":4},{"damage":8,"enemies":"2 Fungi Beasts","floor":5,"turns":7},{"damage":25,"enemies":"3 Sentries","floor":7,"turns":11},{"damage":43,"enemies":"Gremlin Nob","floor":12,"turns":6},{"damage":11,"enemies":"Gremlin Gang","floor":14,"turns":9},{"damage":72,"enemies":"Hexaghost","floor":16,"turns":16}],"seed_played":"-7522522863501989060","potions_obtained":[{"floor":1,"key":"GamblersBrew"},{"floor":2,"key":"Explosive Potion"},{"floor":12,"key":"BlessingOfTheForge"}],"is_trial":false,"path_per_floor":["M","M","$","M","M","R","E","R","T","?","?","E","?","M","R","B"],"character_chosen":"IRONCLAD","items_purchased":["Armaments"],"campfire_rested":1,"item_purchase_floors":[3],"current_hp_per_floor":[80,78,78,80,78,78,59,65,65,80,80,43,43,38,68,0,0],"gold":106,"neow_bonus":"TRANSFORM_CARD","is_daily":false,"chose_seed":false,"campfire_upgraded":1,"win_rate":0.0,"timestamp":1614301826,"path_taken":["M","M","$","M","M","R","E","R","T","?","?","E","?","M","R","BOSS"],"items_purchased_type":["Card"],"build_version":"2020-12-22","purchased_purges":1,"victory":false,"max_hp_per_floor":[80,80,80,80,80,80,80,80,80,80,80,80,80,80,80,80,80],"card_choices":[{"not_picked":["Reckless Charge","True Grit"],"picked":"Searing Blow","floor":1},{"not_picked":["Clothesline","Havoc","Metallicize"],"picked":"SKIP","floor":2},{"not_picked":["Rampage","Second Wind","Cleave"],"picked":"SKIP","floor":4},{"not_picked":["Heavy Blade","Iron Wave","Shockwave"],"picked":"SKIP","floor":5},{"not_picked":["Fire Breathing","Headbutt"],"picked":"Shrug It Off","floor":7},{"not_picked":["Heavy Blade","Thunderclap","Fiend Fire"],"picked":"SKIP","floor":12},{"not_picked":["Shockwave","Hemokinesis"],"picked":"Body Slam","floor":14}],"player_experience":339187,"relics_obtained":[{"floor":7,"key":"Eternal Feather"},{"floor":12,"key":"Paper Frog"}],"event_choices":[{"damage_healed":26,"gold_gain":0,"player_choice":"Banana","damage_taken":0,"max_hp_gain":0,"max_hp_loss":0,"event_name":"Big Fish","floor":10,"gold_loss":0},{"damage_healed":0,"gold_gain":0,"player_choice":"Grow","damage_taken":0,"max_hp_gain":0,"max_hp_loss":0,"event_name":"Living Wall","floor":11,"gold_loss":0,"cards_upgraded":["Armaments"]},{"damage_healed":0,"gold_gain":0,"player_choice":"Searched \u00270\u0027 times","damage_taken":0,"max_hp_gain":0,"max_hp_loss":0,"event_name":"Dead Adventurer","floor":13,"gold_loss":0}],"is_beta":false,"boss_relics":[],"items_purged_floors":[3],"is_endless":false,"potions_floor_spawned":[1,2,12],"killed_by":"Hexaghost","ascension_level":0}}