{"host":"sqt6c5vt7d1y5xtt","time":1614353899,"event":{"mods":["AchievementEnabler","BaseMod","Block Reminder","Library of Ruina","Minty Spire (QoL Compilation)","Quick Restart"],"gold_per_floor":[110,110,110,127,146,146,165,165,165,196,146,99,127,144,144,242,242,262,117,137,149,149,149,182,182,230,145,145,245,280,296,296,399,399,409,434,496,508,520,532,555,2,26,41,54,54,73,101,101,101,101,101,101,133,133],"floor_reached":56,"language":"KOR","playtime":1779,"items_purged":[],"score":1623,"play_id":"652febed-44c3-4dac-a38e-dc1153bd184b","local_time":"20210226123819","is_ascension_mode":false,"campfire_choices":[{"data":"TheWillOfTheCity","floor":6,"key":"SMITH"},{"data":"Faith","floor":8,"key":"SMITH"},{"floor":15,"key":"RECALL"},{"data":"DegradedShockwave","floor":23,"key":"SMITH"},{"data":"Observe","floor":28,"key":"SMITH"},{"data":"GrazeTheGrass","floor":32,"key":"SMITH"},{"data":"Apotheosis","floor":40,"key":"SMITH"},{"data":"Master of Strategy","floor":46,"key":"SMITH"},{"data":"WillOfThePrescript","floor":49,"key":"SMITH"},{"data":"FrontalAssault","floor":52,"key":"SMITH"}],"circlet_count":0,"master_deck":["DegradedFairy+1","DegradedFairy","DegradedFairy","DegradedChain","DegradedChain+1","DegradedLock","DegradedPillar","DegradedPillar","DegradedShockwave+1","FrontalAssault+1","Faith+1","TheWillOfTheCity+1","WillOfThePrescript+1","TrashDisposal","Parry2","TheArtOfRapidSteps","Unlock1","Lock","GrazeTheGrass+1","Multislash","Observe+1","RipSpace","RhinoRam","TendonChords","Apotheosis+1","ToOvercomeCrisis+1","Master of Strategy+1","InnerArdor+1","BulkyImpact","GuidanceOfTheGears","EnergyShield"],"relics":["PageOfLibrarian","PageOfWayBackHome","PageOfNothingThere","PageOfAspirationHeart","SlaversCollar","Vajra","PageOfTodaysShyLook","MealTicket","PageOfLittleHelper","Blood Vial","Ancient Tea Set","Coffee Dripper","MawBank","Torii","Anchor","Strawberry","Nunchaku","Art of War","PageOfMercenary"],"acts_visited":["Exordium","TheCity","TheBeyond","TheEnding"],"potions_floor_usage":[42],"damage_taken":[{"damage":0,"enemies":"Jaw Worm","floor":1,"turns":1},{"damage":0,"enemies":"2 Louse","floor":4,"turns":1},{"damage":0,"enemies":"Small Slimes","floor":5,"turns":1},{"damage":0,"enemies":"Exordium Thugs","floor":7,"turns":2},{"damage":0,"enemies":"Lagavulin","floor":10,"turns":2},{"damage":0,"enemies":"Gremlin Nob","floor":13,"turns":2},{"damage":0,"enemies":"Large Slime","floor":14,"turns":1},{"damage":0,"enemies":"Hexaghost","floor":16,"turns":4},{"damage":0,"enemies":"Spheric Guardian","floor":18,"turns":1},{"damage":0,"enemies":"2 Thieves","floor":20,"turns":2},{"damage":0,"enemies":"3 Cultists","floor":21,"turns":3},{"damage":0,"enemies":"Gremlin Leader","floor":24,"turns":2},{"damage":0,"enemies":"Slavers","floor":30,"turns":1},{"damage":0,"enemies":"Sentry and Sphere","floor":31,"turns":3},{"damage":2,"enemies":"Champ","floor":33,"turns":4},{"damage":0,"enemies":"Orb Walker","floor":35,"turns":2},{"damage":0,"enemies":"Mind Bloom Boss Battle","floor":37,"turns":2},{"damage":1,"enemies":"3 Darklings","floor":41,"turns":3},{"damage":3,"enemies":"4 Shapes","floor":44,"turns":2},{"damage":0,"enemies":"Writhing Mass","floor":45,"turns":1},{"damage":0,"enemies":"Spire Growth","floor":47,"turns":2},{"damage":0,"enemies":"Reptomancer","floor":48,"turns":2},{"damage":0,"enemies":"Time Eater","floor":50,"turns":4},{"damage":0,"enemies":"Shield and Spear","floor":54,"turns":3},{"damage":33,"enemies":"The Heart","floor":55,"turns":5}],"seed_played":"-2858199491862917965","potions_obtained":[{"floor":1,"key":"Energy Potion"},{"floor":14,"key":"AttackPotion"},{"floor":16,"key":"Swift Potion"},{"floor":45,"key":"Regen Potion"}],"is_trial":false,"path_per_floor":["M","?","?","M","M","R","M","R","T","E","?","$","E","M","R","B",null,"M","$","M","M","?","R","E","T","T","?","R","?","E","M","R","B",null,"M","T","?","?","?","R","M","$","T","M","M","R","M","E","R","B",null,"R","$","E","B",null],"character_chosen":"Librarian","items_purchased":["Parry2","Vajra","Anchor","Strawberry","Master of Strategy","Fruit Juice"],"campfire_rested":0,"item_purchase_floors":[12,19,42,42,42,42],"current_hp_per_floor":[60,60,42,42,42,42,42,42,42,42,42,42,55,59,59,69,103,103,103,103,103,103,103,103,103,103,103,103,103,103,103,103,101,103,103,103,103,103,103,103,102,115,115,112,114,114,115,115,115,115,115,115,115,115,88],"gold":133,"neow_bonus":"THREE_CARDS","is_daily":false,"chose_seed":false,"campfire_upgraded":9,"win_rate":0.0,"timestamp":1614353899,"path_taken":["M","?","?","M","M","R","M","R","T","E","?","$","E","M","R","BOSS","M","$","M","M","?","R","E","?","T","?","R","?","E","M","R","BOSS","M","?","?","?","?","R","M","$","T","M","M","R","?","E","R","BOSS","R","$","E","BOSS"],"items_purchased_type":["Card","Relic","Relic","Relic","Card","Potion"],"build_version":"2020-12-22","purchased_purges":0,"victory":true,"max_hp_per_floor":[90,90,90,90,90,90,90,90,90,90,90,90,103,103,103,103,103,103,103,103,103,103,103,103,103,103,103,103,103,103,103,103,103,103,103,103,103,103,103,103,103,115,115,115,115,115,115,115,115,115,115,115,115,115,115],"card_choices":[{"not_picked":["UnavoidableGaze","Tailoring"],"picked":"FrontalAssault","floor":0},{"not_picked":["HeavyPeaks","ClassAndRespect","Leap_lor","SuppressingShot","IronWall","Thrust","StrongStrike","SummaryJudgment"],"picked":"Faith","floor":1},{"not_picked":["CumulusWall","EnergyCycle","Castigation","ClassAndRespect","NightInTheBackstreets","FlyingSword","SinglePointStab","UnavoidableGaze"],"picked":"TheArtOfRapidSteps","floor":4},{"not_picked":["StrikeDown","CoordinatedAssault","CutIn","StructuralAnalysis","BlindFaith","FleetFootsteps","UpbeatPerformance","DesperateStruggle"],"picked":"TheWillOfTheCity","floor":5},{"not_picked":["AbsorbImpact","DeepDrag","GreatSerpentsImpact","FierceCharge","Pound","Thrust","SpearedSweep","MultiHit"],"picked":"WillOfThePrescript","floor":7},{"not_picked":["FlamingDragonFist","Rewind","TheRedNotes","Feast","BlindFaith","StrongStrike","BulkyImpact","BayonetCombat"],"picked":"TrashDisposal","floor":10},{"not_picked":["SmokingPipe","TrashDisposal","SinglePointStab","Wallop_lor","BlazingStrike","StrikeDown","Reload","EnergyBeam"],"picked":"TheArtOfRapidSteps","floor":13},{"not_picked":["ClassAndRespect","RushDown","YoureTooSlow","ShrineToMusic","StayCalm","WillBeTasty","UpbeatPerformance","BackAttack"],"picked":"Unlock1","floor":14},{"not_picked":["SilentNight","SavageMode"],"picked":"Lock","floor":16},{"not_picked":["DevastatingThrash+1","FleetFootsteps","DestructiveImpact","Wallop_lor","SpearedSweep+1","GatherIntel","BlindFaith+1","Standoff"],"picked":"GrazeTheGrass","floor":18},{"not_picked":["ToOvercomeCrisis+1","StructuralAnalysis","Execute_lor+1","UpbeatPerformance","HighKick","FieryWaltz","ChopItOff","ViolentFlame","IronWall"],"picked":"SKIP","floor":20},{"not_picked":["MultiHit","SnakesPrey+1","Thrust","IronWall","Pound","WillOfThePrescript","SmokingPipe","Faith"],"picked":"Multislash","floor":21},{"not_picked":["StrongStrike","MultiHit","GutHarvesting","GreatSerpentsImpact","QuickSuppression","DefenseOrder","Parry2","Standoff"],"picked":"Observe","floor":24},{"not_picked":["InkOver","AGoldenOpportunity","TasteMyFlamingBat","RapidGashes","FendThisOffIfYouCan","GreatSerpentsImpact","Track","AsThePrescriptOrders","FleetFootsteps+1"],"picked":"SKIP","floor":30},{"not_picked":["Unlock1","EnergyShield+1","SuppressingShot","GuardingStance","CrackOfDawn","EnergyCycle","FleetFootsteps","DarkCloud"],"picked":"ReadyUp","floor":31},{"not_picked":["ChargeUp","RagingStormLove"],"picked":"RipSpace","floor":33},{"not_picked":["PreemptiveStrike","ViolentFlame+1","Feast+1","Thrust","Overpower+1","Standoff","SnakesPrey","StrongStrike+1"],"picked":"RhinoRam","floor":35},{"not_picked":["UpbeatPerformance","DestructiveImpact+1","AGoldenOpportunity+1","BindingArms","HardRehearsal","Rewind+1","DarkCloud","QuickSuppression"],"picked":"TendonChords","floor":37},{"not_picked":["Mind Blast","Purity","Bandage Up","Deep Breath","Transmutation","Chrysalis","HandOfGreed","Swift Strike"],"picked":"Apotheosis","floor":38},{"not_picked":["SomberProcuration+1","VioletBlade+1","Unlock1","GreatSerpentsImpact+1","BladeWhirl","IllEndYou","FleetEdge+1","FendThisOffIfYouCan"],"picked":"ToOvercomeCrisis+1","floor":41},{"not_picked":["Overpower+1","LawAndOrder","Struggle","NightInTheBackstreets+1","PinpointShot+1","Diversion","ICanCookAnything+1","ViolentFlame+1"],"picked":"InnerArdor+1","floor":44},{"not_picked":["SharpSwipe+1","WillOfThePrescript+1","GrazeTheGrass","Diversion+1","IllEndYou","CoordinatedAssault+1","InhaleSmoke+1","SilentNight","SerpentSwordTechnique"],"picked":"SKIP","floor":45},{"not_picked":["DefenseOrder","BlowItUp+1","StructuralAnalysis","TendonChords+1","MindPrepared+1","HighKick+1","SinglePointStab+1","MultiHit+1"],"picked":"BulkyImpact","floor":47},{"not_picked":["Overcharge+1","HandlingWork","Concentration+1","SnakesPrey","DesperateStruggle+1","EndlessBattle+1","ScratchThat","Standoff"],"picked":"GuidanceOfTheGears","floor":48},{"not_picked":["NightInTheBackstreets+1","MultiBlock","HighKick","JiaoTu+1","MindCrush","SnakesPrey+1","FleshFillet","MultiHit+1"],"picked":"EnergyShield","floor":54}],"player_experience":175973,"relics_obtained":[{"floor":9,"key":"PageOfWayBackHome"},{"floor":10,"key":"PageOfNothingThere"},{"floor":13,"key":"PageOfAspirationHeart"},{"floor":24,"key":"MealTicket"},{"floor":25,"key":"PageOfLittleHelper"},{"floor":30,"key":"Ancient Tea Set"},{"floor":36,"key":"MawBank"},{"floor":37,"key":"Torii"},{"floor":43,"key":"Nunchaku"},{"floor":48,"key":"Art of War"},{"floor":54,"key":"PageOfMercenary"}],"event_choices":[{"damage_healed":0,"gold_gain":0,"player_choice":"Ignored","damage_taken":0,"max_hp_gain":0,"max_hp_loss":0,"event_name":"Liars Game","floor":2,"gold_loss":0},{"damage_healed":0,"gold_gain":0,"player_choice":"Entered Light","damage_taken":18,"max_hp_gain":0,"max_hp_loss":0,"event_name":"Shining Light","floor":3,"gold_loss":0,"cards_upgraded":["DegradedChain","DegradedFairy"]},{"cards_removed":["TheArtOfRapidSteps"],"damage_healed":0,"gold_gain":0,"player_choice":"Card Removal","damage_taken":0,"max_hp_gain":0,"max_hp_loss":0,"event_name":"The Cleric","floor":11,"gold_loss":50},{"damage_healed":0,"gold_gain":0,"player_choice":"Opened","damage_taken":0,"relics_obtained":["PageOfTodaysShyLook"],"max_hp_gain":0,"max_hp_loss":0,"event_name":"The Mausoleum","floor":22,"gold_loss":0},{"damage_healed":0,"gold_gain":0,"player_choice":"Obtained Relic","damage_taken":0,"relics_obtained":["Blood Vial"],"max_hp_gain":0,"max_hp_loss":0,"event_name":"Addict","floor":27,"gold_loss":85},{"damage_healed":0,"gold_gain":100,"player_choice":"Pray","damage_taken":0,"max_hp_gain":0,"max_hp_loss":0,"event_name":"Golden Shrine","floor":29,"gold_loss":0},{"damage_healed":0,"gold_gain":0,"player_choice":"Fight","damage_taken":0,"max_hp_gain":0,"max_hp_loss":0,"event_name":"MindBloom","floor":37,"gold_loss":0},{"damage_healed":0,"gold_gain":0,"player_choice":"Memory 1","damage_taken":0,"max_hp_gain":0,"max_hp_loss":0,"event_name":"SensoryStone","floor":38,"gold_loss":0},{"cards_removed":["ReadyUp"],"damage_healed":0,"gold_gain":0,"player_choice":"Removed Skill","damage_taken":0,"max_hp_gain":0,"max_hp_loss":0,"event_name":"Falling","floor":39,"gold_loss":0}],"is_beta":false,"boss_relics":[{"not_picked":["Tiny House","Astrolabe"],"picked":"SlaversCollar"},{"not_picked":["Busted Crown","Fusion Hammer"],"picked":"Coffee Dripper"}],"items_purged_floors":[],"is_endless":false,"potions_floor_spawned":[1,14,16,18,24,30,33,41,45,47],"ascension_level":0}}