{"host":"36t3qd3wjvajtu1z","time":1614381696,"event":{"mods":["2.2 Compatiblity","AchievementEnabler","BaseMod","Bestiary","Block Reminder","Colored Powertips","Curses Come First","Filter the Spire","Highlight Path","Minty Spire (QoL Compilation)","Permanent Neow","Quick Restart","Random Character Button","Rare Cards Sparkle","Relic Stats","Slay-I","StSLib","Unknown Chances"],"gold_per_floor":[11,30,43,58,72,72,97,115,115,132,146,146,146,172,172,248,248,258,26,43,58,73,73,99,99,99,113,113,70,70,88,88,162,162,174,16,36,36,55,55,68,13,39,73,73,99,99,109,109,109,109],"floor_reached":50,"language":"ENG","playtime":3400,"items_purged":["Strike_B"],"score":1047,"play_id":"a5152af6-6c05-474e-8411-53c0860f5fa3","local_time":"20210226152136","is_ascension_mode":true,"campfire_choices":[{"floor":6.0,"key":"REST"},{"data":"Beam Cell","floor":12.0,"key":"SMITH"},{"data":"Doom and Gloom","floor":15.0,"key":"SMITH"},{"floor":23.0,"key":"REST"},{"floor":28.0,"key":"REST"},{"data":"Reprogram","floor":32.0,"key":"SMITH"},{"data":"Aggregate","floor":40,"key":"SMITH"},{"floor":45,"key":"REST"},{"data":"Enlightenment","floor":47,"key":"SMITH"},{"floor":49,"key":"REST"}],"circlet_count":0,"master_deck":["AscendersBane","Strike_B","Strike_B","Strike_B","Defend_B","Defend_B","Defend_B","Defend_B","Zap","Dualcast","Doom and Gloom+1","Beam Cell+1","Self Repair","FTL","Go for the Eyes","Machine Learning","Ball Lightning","Reinforced Body","Core Surge","Echo Form","Self Repair","Static Discharge","Double Energy","Echo Form","Reprogram+1","Conserve Battery","Seek","Electrodynamics","Leap+1","Enlightenment+1","Aggregate+1","All For One","Conserve Battery","Steam","Scrape","Gash","Streamline"],"relics":["Cracked Core","Prayer Wheel","HornCleat","Mercury Hourglass","Shuriken","Regal Pillow","Runic Pyramid","Potion Belt","Happy Flower","MealTicket","Philosopher\u0027s Stone","Centennial Puzzle","Pocketwatch","Omamori"],"acts_visited":["Exordium","TheCity","TheBeyond"],"potions_floor_usage":[44,44],"damage_taken":[{"damage":1.0,"enemies":"Cultist","floor":1.0,"turns":3.0},{"damage":3.0,"enemies":"2 Louse","floor":2.0,"turns":2.0},{"damage":2.0,"enemies":"Jaw Worm","floor":3.0,"turns":3.0},{"damage":10.0,"enemies":"2 Fungi Beasts","floor":4.0,"turns":3.0},{"damage":41.0,"enemies":"Exordium Thugs","floor":5.0,"turns":4.0},{"damage":24.0,"enemies":"Gremlin Nob","floor":7.0,"turns":4.0},{"damage":3.0,"enemies":"Blue Slaver","floor":8.0,"turns":4.0},{"damage":0.0,"enemies":"Lots of Slimes","floor":10.0,"turns":1.0},{"damage":0.0,"enemies":"Large Slime","floor":11.0,"turns":5.0},{"damage":5.0,"enemies":"3 Sentries","floor":14.0,"turns":4.0},{"damage":15.0,"enemies":"Slime Boss","floor":16.0,"turns":8.0},{"damage":3.0,"enemies":"3 Byrds","floor":18.0,"turns":3.0},{"damage":21.0,"enemies":"Shell Parasite","floor":20.0,"turns":4.0},{"damage":24.0,"enemies":"Sentry and Sphere","floor":21.0,"turns":6.0},{"damage":18.0,"enemies":"Centurion and Healer","floor":22.0,"turns":6.0},{"damage":36.0,"enemies":"Slavers","floor":24.0,"turns":4.0},{"damage":36.0,"enemies":"Snake Plant","floor":27.0,"turns":4.0},{"damage":33.0,"enemies":"Shelled Parasite and Fungi","floor":31.0,"turns":8.0},{"damage":23.0,"enemies":"Champ","floor":33.0,"turns":9.0},{"damage":5,"enemies":"Orb Walker","floor":35,"turns":5},{"damage":10,"enemies":"3 Shapes","floor":37,"turns":4},{"damage":14,"enemies":"3 Darklings","floor":39,"turns":3},{"damage":5,"enemies":"Sphere and 2 Shapes","floor":41,"turns":9},{"damage":59,"enemies":"Reptomancer","floor":44,"turns":6},{"damage":23,"enemies":"Nemesis","floor":46,"turns":7},{"damage":29,"enemies":"Jaw Worm Horde","floor":48,"turns":5},{"damage":80,"enemies":"Time Eater","floor":50,"turns":6}],"seed_played":"4986708853513074519","potions_obtained":[{"floor":1.0,"key":"PowerPotion"},{"floor":2.0,"key":"FearPotion"},{"floor":7.0,"key":"Energy Potion"},{"floor":11.0,"key":"SteroidPotion"},{"floor":16.0,"key":"FearPotion"},{"floor":18.0,"key":"Swift Potion"},{"floor":22.0,"key":"GamblersBrew"},{"floor":31.0,"key":"DistilledChaos"},{"floor":46,"key":"FearPotion"},{"floor":48,"key":"FearPotion"}],"is_trial":false,"path_per_floor":["M","M","M","M","M","R","E","M","T","M","M","R","T","E","R","B",null,"M","$","M","M","M","R","E","?","T","M","R","$","?","M","R","B",null,"M","$","M","?","M","R","M","$","T","E","R","E","R","M","R","B"],"character_chosen":"DEFECT","items_purchased":["Potion Belt","Reprogram","Enlightenment","ColorlessPotion","Explosive Potion"],"campfire_rested":5,"item_purchase_floors":[19,29,36,36,42],"current_hp_per_floor":[63,60,65,62,28,49,32,36,36,36,43,43,43,38,38,30,61,65,65,44,27,30,66,44,44,44,8,44,59,59,54,54,52,66,71,71,71,71,64,64,71,71,71,33,69,71,71,49,71,0,0],"gold":109,"neow_bonus":"ONE_RARE_RELIC","is_daily":false,"chose_seed":false,"campfire_upgraded":5,"win_rate":0.0,"timestamp":1614381696,"path_taken":["M","M","M","M","M","R","E","M","T","M","M","R","?","E","R","BOSS","M","$","M","M","?","R","E","?","T","M","R","?","?","M","R","BOSS","M","$","M","?","M","R","M","?","T","E","R","E","R","M","R","BOSS"],"items_purchased_type":["Relic","Card","Card","Potion","Potion"],"build_version":"2020-12-22","purchased_purges":1,"victory":false,"max_hp_per_floor":[71,71,71,71,71,71,71,71,71,71,71,71,71,71,71,71,71,71,71,71,71,71,71,71,71,71,71,71,71,71,71,71,71,71,71,71,71,71,71,71,71,71,71,71,71,71,71,71,71,71,71],"relic_stats":{"Regal Pillow":46,"Centennial Puzzle":[12],"Happy Flower":[22],"counters":[27,129],"Shuriken":[26],"Prayer Wheel":19,"MealTicket":15,"obtain_stats":[{"Potion Belt":19,"Regal Pillow":14,"Happy Flower":24,"Omamori":46,"Mercury Hourglass":9,"Centennial Puzzle":43,"HornCleat":7,"Shuriken":13,"Prayer Wheel":0,"MealTicket":26,"Philosopher\u0027s Stone":34,"Cracked Core":0,"Runic Pyramid":17,"Pocketwatch":44},{"Potion Belt":12,"Regal Pillow":10,"Happy Flower":16,"Omamori":25,"Mercury Hourglass":7,"Centennial Puzzle":23,"HornCleat":6,"Shuriken":9,"Prayer Wheel":0,"MealTicket":16,"Philosopher\u0027s Stone":19,"Cracked Core":0,"Runic Pyramid":11,"Pocketwatch":24},{"Potion Belt":44,"Regal Pillow":33,"Happy Flower":64,"Omamori":118,"Mercury Hourglass":23,"Centennial Puzzle":105,"HornCleat":19,"Shuriken":29,"Prayer Wheel":0,"MealTicket":64,"Philosopher\u0027s Stone":84,"Cracked Core":0,"Runic Pyramid":41,"Pocketwatch":111}],"Mercury Hourglass":[409],"Pocketwatch":[1]},"card_choices":[{"not_picked":["Turbo","Gash"],"picked":"Doom and Gloom","floor":1.0},{"not_picked":["Tempest","Undo","Leap"],"picked":"SKIP","floor":1.0},{"not_picked":["Double Energy","Self Repair"],"picked":"Beam Cell","floor":2.0},{"not_picked":["Leap","Steam"],"picked":"Self Repair","floor":2.0},{"not_picked":["Redo","Cold Snap"],"picked":"FTL","floor":3.0},{"not_picked":["Turbo","Chill","Barrage"],"picked":"SKIP","floor":3.0},{"not_picked":["Coolheaded","Stack","Amplify"],"picked":"SKIP","floor":4.0},{"not_picked":["Hologram","Stack","Scrape"],"picked":"SKIP","floor":4.0},{"not_picked":["Cold Snap","Compile Driver"],"picked":"Go for the Eyes","floor":5.0},{"not_picked":["Storm","Beam Cell","Scrape"],"picked":"SKIP","floor":5.0},{"not_picked":["Gash","Undo"],"picked":"Machine Learning","floor":7.0},{"not_picked":["Conserve Battery","Recycle"],"picked":"Ball Lightning","floor":8.0},{"not_picked":["Rebound","Undo","Lockon"],"picked":"SKIP","floor":8.0},{"not_picked":["Sweeping Beam","Go for the Eyes"],"picked":"Reinforced Body","floor":10.0},{"not_picked":["Blizzard","Hello World","Cold Snap"],"picked":"SKIP","floor":10.0},{"not_picked":["Fusion","Hello World"],"picked":"Core Surge","floor":11.0},{"not_picked":["Compile Driver","Hologram","FTL"],"picked":"SKIP","floor":11.0},{"not_picked":["Redo","Turbo","Hologram"],"picked":"SKIP","floor":14.0},{"not_picked":["Amplify","Creative AI"],"picked":"Echo Form","floor":16.0},{"not_picked":["Ball Lightning","Auto Shields","Rebound+1"],"picked":"SKIP","floor":18.0},{"not_picked":["Ball Lightning","Doom and Gloom","Steam"],"picked":"SKIP","floor":18.0},{"not_picked":["Barrage","Fusion","Rebound"],"picked":"SKIP","floor":20.0},{"not_picked":["Cold Snap","Redo","Sweeping Beam"],"picked":"SKIP","floor":20.0},{"not_picked":["Turbo","Hyperbeam"],"picked":"Self Repair","floor":21.0},{"not_picked":["Beam Cell","Skim"],"picked":"Static Discharge","floor":21.0},{"not_picked":["Beam Cell+1","Sunder"],"picked":"Double Energy","floor":22.0},{"not_picked":["Rip and Tear","Rebound","Steam Power"],"picked":"SKIP","floor":22.0},{"not_picked":["Coolheaded","Gash","Go for the Eyes"],"picked":"SKIP","floor":24.0},{"not_picked":["Chill","Beam Cell","Stack"],"picked":"SKIP","floor":27.0},{"not_picked":["Tempest","Steam","Beam Cell"],"picked":"SKIP","floor":27.0},{"not_picked":["Storm","Undo"],"picked":"Conserve Battery","floor":31.0},{"not_picked":["Beam Cell+1","Steam Power","Barrage"],"picked":"SKIP","floor":31.0},{"not_picked":["Amplify","Reboot"],"picked":"Seek","floor":33.0},{"not_picked":["Turbo+1","Coolheaded"],"picked":"Electrodynamics","floor":35},{"not_picked":["Sweeping Beam","Go for the Eyes+1"],"picked":"Leap+1","floor":35},{"not_picked":["Sweeping Beam","Conserve Battery"],"picked":"Aggregate","floor":37},{"not_picked":["Stack","Consume","Ball Lightning"],"picked":"SKIP","floor":37},{"not_picked":["Streamline","Loop"],"picked":"All For One","floor":39},{"not_picked":["Leap","Chill"],"picked":"Conserve Battery","floor":39},{"not_picked":["Ball Lightning","Consume","Rebound"],"picked":"SKIP","floor":41},{"not_picked":["Cold Snap","Compile Driver+1","Beam Cell"],"picked":"SKIP","floor":41},{"not_picked":["Capacitor","Lockon"],"picked":"Steam","floor":44},{"not_picked":["Self Repair","Glacier"],"picked":"Scrape","floor":46},{"not_picked":["Reboot","Redo"],"picked":"Gash","floor":48},{"not_picked":["Ball Lightning+1","Static Discharge"],"picked":"Streamline","floor":48}],"player_experience":631200,"relics_obtained":[{"floor":7.0,"key":"HornCleat"},{"floor":9.0,"key":"Mercury Hourglass"},{"floor":13.0,"key":"Shuriken"},{"floor":14.0,"key":"Regal Pillow"},{"floor":24.0,"key":"Happy Flower"},{"floor":26.0,"key":"MealTicket"},{"floor":43,"key":"Centennial Puzzle"},{"floor":44,"key":"Pocketwatch"},{"floor":46,"key":"Omamori"}],"event_choices":[{"damage_healed":0.0,"max_hp_gain":0.0,"max_hp_loss":0.0,"gold_gain":0.0,"event_name":"Duplicator","player_choice":"Copied","floor":25.0,"gold_loss":0.0,"damage_taken":0.0,"cards_obtained":["Echo Form"]},{"damage_healed":0.0,"max_hp_gain":0.0,"max_hp_loss":0.0,"gold_gain":0.0,"event_name":"Vampires","player_choice":"Ignored","floor":30.0,"gold_loss":0.0,"damage_taken":0.0},{"damage_healed":0,"gold_gain":0,"player_choice":"0 cards matched","damage_taken":0,"max_hp_gain":0,"max_hp_loss":0,"event_name":"Match and Keep!","floor":38,"gold_loss":0,"cards_obtained":[]}],"is_beta":false,"boss_relics":[{"not_picked":["Astrolabe","FrozenCore"],"picked":"Runic Pyramid"},{"not_picked":["Tiny House","Sozu"],"picked":"Philosopher\u0027s Stone"}],"items_purged_floors":[19],"is_endless":false,"potions_floor_spawned":[1,2,7,11,16,18,22,31,46,48],"killed_by":"Time Eater","ascension_level":18}}