{"host":"e4mqwdeqkh64qloq","time":1614308536,"event":{"mods":["BaseMod","Downfall","Minty Spire (QoL Compilation)","Relic Stats","Replay The Spire","StSLib","The Cursed"],"gold_per_floor":[99,109,124,139,139,171,171,171,71,85,104,204,189,208,228,333,333,333,333,344,344,357,374,397,432,332,352,367,400,300,312,326,424,424,424,442,455,85,100,125,201,57,57,72,72,172,199,211,226,226,226,253,101,101,101,101,101],"floor_reached":55,"language":"ENG","playtime":4648,"items_purged":["Slimebound:Grow+1"],"score":900,"play_id":"ac7b6bda-7984-4f1e-bf73-d708b4d0ccd3","local_time":"20210225220216","is_ascension_mode":false,"campfire_choices":[{"floor":1.0,"key":"DIG"},{"data":"Slimebound:Split","floor":9.0,"key":"SMITH"},{"floor":26,"key":"RECALL"},{"data":"Slimebound:Grow","floor":30,"key":"SMITH"},{"floor":35,"key":"DIG"},{"data":"1","floor":45,"key":"LIFT"},{"floor":54,"key":"REST"}],"circlet_count":0,"master_deck":["Slimebound:Tackle+1","Slimebound:Split+1","Slimebound:CorrosiveSpit+1","Discovery+1","Slimebound:LeechingTouch","Slimebound:RejuvenatingLick+1","Slimebound:Prepare+1","Slimebound:GoopSpray+1","Slimebound:HauntingLick+1","Slimebound:Equalize","Slimebound:RallyTheTroops","Slimebound:SplitAcid+1","Slimebound:HauntingLick+1","Slimebound:MassFeed","Slimebound:HauntingLick+1","Slimebound:GoopTackle+1","Slimebound:MassRepurpose+1","Slimebound:SlimeSlap","Slimebound:FormOfPuddle+1","Slimebound:GoopTackle+1","Slimebound:SplitMire+1","Slimebound:LeechingTouch+1","Slimebound:AcidTongue","Slimebound:SplitMire+1","Slimebound:SlimeTap+1","Slimebound:SamplingLick+1","Slimebound:LeechEnergy+1","Slimebound:LivingWall+1","Slimebound:LeadByExample","Slimebound:Teamwork+1","Slimebound:SlimeBarrage+1","Slimebound:LeechEnergy+1","Midas Touch+1","Slimebound:SlimeBrawl+1","Slimebound:SplitLeeching+1","Slimebound:SplitLeeching+1","Slimebound:Gluttony"],"relics":["Slimebound:AbsorbEndCombat","Toxic Egg 2","HornCleat","Letter Opener","downfall:HeartBlessingGreen","Pandora\u0027s Box","Toy Ornithopter","downfall:HeartBlessingBlue","Vajra","downfall:HeartBlessingRed","Black Star","War Paint","BargainBundle","Ornamental Fan","Orichalcum","Oddly Smooth Stone","Replay:Accelerometer","Replay:Ringing Soul","Toolbox","Girya","White Beast Statue","Singing Bowl","Whetstone","Gremlin Food","Dead Branch","Slimebound:AggressiveSlimeRelic"],"acts_visited":["Exordium","TheCity","TheBeyond","TheEnding"],"potions_floor_usage":[23,29,33,44,50,55,55],"damage_taken":[{"damage":11.0,"enemies":"Jaw Worm","floor":2.0,"turns":3.0},{"damage":0.0,"enemies":"Small Slimes","floor":3.0,"turns":3.0},{"damage":0.0,"enemies":"2 Louse","floor":4.0,"turns":2.0},{"damage":35.0,"enemies":"3 Sentries","floor":6.0,"turns":7.0},{"damage":0.0,"enemies":"2 Fungi Beasts","floor":10.0,"turns":2.0},{"damage":0.0,"enemies":"Blue Slaver","floor":11.0,"turns":2.0},{"damage":6.0,"enemies":"downfall:FleeingMerchant","floor":13.0,"turns":4.0},{"damage":0.0,"enemies":"Large Slime","floor":14.0,"turns":4.0},{"damage":0.0,"enemies":"3 Louse","floor":15.0,"turns":1.0},{"damage":4.0,"enemies":"SI_SHIV_ARCHETYPE","floor":16.0,"turns":7.0},{"damage":4,"enemies":"Spheric Guardian","floor":20,"turns":4},{"damage":0,"enemies":"Chosen","floor":21,"turns":1},{"damage":3,"enemies":"Centurion and Healer","floor":22,"turns":5},{"damage":4,"enemies":"Snecko","floor":23,"turns":5},{"damage":8,"enemies":"Book of Stabbing","floor":25,"turns":4},{"damage":10,"enemies":"Cultist and Chosen","floor":27,"turns":3},{"damage":0,"enemies":"Snake Plant","floor":28,"turns":2},{"damage":40,"enemies":"Slavers","floor":29,"turns":4},{"damage":10,"enemies":"Snecko","floor":31,"turns":3},{"damage":0,"enemies":"3 Cultists","floor":32,"turns":3},{"damage":20,"enemies":"DF_ARCHETYPE_CLAW","floor":33,"turns":7},{"damage":4,"enemies":"3 Shapes","floor":36,"turns":3},{"damage":18,"enemies":"3 Darklings","floor":37,"turns":4},{"damage":3,"enemies":"downfall:FleeingMerchant","floor":38,"turns":4},{"damage":4,"enemies":"Sphere and 2 Shapes","floor":39,"turns":2},{"damage":22,"enemies":"Giant Head","floor":40,"turns":5},{"damage":11,"enemies":"4 Shapes","floor":44,"turns":3},{"damage":0,"enemies":"downfall:LadyInBlue","floor":46,"turns":6},{"damage":3,"enemies":"Nemesis","floor":47,"turns":5},{"damage":18,"enemies":"Jaw Worm Horde","floor":48,"turns":2},{"damage":0,"enemies":"Maw","floor":49,"turns":6},{"damage":23,"enemies":"WA_ARCHETYPE_DIVINITY","floor":50,"turns":7},{"damage":99,"enemies":"downfall:CharBossMerchant","floor":52,"turns":7},{"damage":197,"enemies":"downfall:NeowBoss","floor":55,"turns":15}],"seed_played":"-214021633473635687","potions_obtained":[{"floor":3.0,"key":"PowerPotion"},{"floor":4.0,"key":"Strength Potion"},{"floor":10.0,"key":"Milkshake"},{"floor":22,"key":"Block Potion"},{"floor":25,"key":"Energy Potion"},{"floor":31,"key":"Adrenaline Potion"},{"floor":33,"key":"SteroidPotion"},{"floor":40,"key":"AttackPotion"},{"floor":44,"key":"Fruit Juice"},{"floor":46,"key":"Slimebound:SpawnSlimePotion"},{"floor":52,"key":"Explosive Potion"}],"is_trial":false,"path_per_floor":["R","M","M","M","?","E","T","?","R","M","M","?","$","M","M","B",null,"R","?","M","M","M","M","T","E","R","M","M","E","R","M","M","B",null,"R","M","M","$","M","E","T","$","?","M","R","?","E","M","M","B",null,"E","$","R","B"],"character_chosen":"SLIMEBOUND","items_purchased":["BargainBundle","Ornamental Fan","Orichalcum","ColorlessPotion","SneckoOil","Midas Touch+1","Toolbox","Slimebound:AggressiveSlimeRelic"],"campfire_rested":1,"item_purchase_floors":[38,38,38,38,38,38,42,53],"current_hp_per_floor":[65,62,65,65,65,34,34,34,34,38,42,42,50,65,65,62,65,65,65,66,66,71,71,71,74,84,80,84,51,51,51,68,69,90,90,88,76,79,81,82,82,82,82,96,96,101,105,93,111,90,111,30,30,63,0,0,0],"gold":101,"neow_bonus":"RANDOM_COLORLESS","is_daily":false,"chose_seed":false,"campfire_upgraded":2,"win_rate":0.0,"timestamp":1614308536,"path_taken":["R","M","M","M","?","E","T","?","R","M","M","?","$","M","M","BOSS","R","?","M","M","M","M","T","E","R","M","M","E","R","M","M","BOSS","R","M","M","$","M","E","T","$","?","M","R","?","E","M","M","BOSS","E","$","R","BOSS"],"items_purchased_type":["Relic","Relic","Relic","Potion","Potion","Card","Relic","Relic"],"build_version":"2020-12-22","purchased_purges":1,"victory":false,"max_hp_per_floor":[65,65,65,65,65,65,65,65,65,65,65,65,65,65,65,65,65,65,65,68,68,71,71,71,74,84,84,84,87,87,87,90,90,90,90,90,90,90,90,90,90,90,90,98,98,101,106,109,111,111,111,113,113,113,113,113,113],"relic_stats":{"Singing Bowl":6,"counters":[34,144],"Ornamental Fan":[48],"Dead Branch":[51],"Pandora\u0027s Box":["Slimebound:HauntingLick","Slimebound:GoopTackle","Slimebound:Grow","Slimebound:MassRepurpose","Slimebound:SlimeSlap","Slimebound:FormOfPuddle","Slimebound:GoopTackle"],"Black Star":3,"Letter Opener":[576],"Whetstone":["Slimebound:GoopTackle","Slimebound:Tackle"],"War Paint":["Slimebound:CorrosiveSpit","Discovery"],"Orichalcum":[30],"obtain_stats":[{"Replay:Accelerometer":40,"Singing Bowl":47,"Vajra":29,"downfall:HeartBlessingGreen":9,"Whetstone":47,"Replay:Ringing Soul":41,"HornCleat":6,"downfall:BrokenWingStatue":8,"downfall:HeartBlessingBlue":26,"Toolbox":42,"Toxic Egg 2":1,"Gremlin Food":52,"Girya":43,"Slimebound:AggressiveSlimeRelic":53,"BargainBundle":38,"downfall:HeartBlessingRed":30,"Dead Branch":52,"Oddly Smooth Stone":40,"Letter Opener":7,"War Paint":35,"Orichalcum":38,"White Beast Statue":46,"Ornamental Fan":38,"Pandora\u0027s Box":17,"Slimebound:AbsorbEndCombat":0,"Black Star":34,"Toy Ornithopter":25},{"Replay:Accelerometer":26,"Singing Bowl":29,"Vajra":18,"downfall:HeartBlessingGreen":4,"Whetstone":29,"Replay:Ringing Soul":26,"HornCleat":4,"downfall:BrokenWingStatue":4,"downfall:HeartBlessingBlue":15,"Toolbox":26,"Toxic Egg 2":0,"Gremlin Food":33,"Girya":26,"Slimebound:AggressiveSlimeRelic":33,"BargainBundle":24,"downfall:HeartBlessingRed":18,"Dead Branch":33,"Oddly Smooth Stone":26,"Letter Opener":4,"War Paint":21,"Orichalcum":24,"White Beast Statue":28,"Ornamental Fan":24,"Pandora\u0027s Box":10,"Slimebound:AbsorbEndCombat":0,"Black Star":21,"Toy Ornithopter":15},{"Replay:Accelerometer":94,"Singing Bowl":107,"Vajra":63,"downfall:HeartBlessingGreen":15,"Whetstone":107,"Replay:Ringing Soul":94,"HornCleat":15,"downfall:BrokenWingStatue":15,"downfall:HeartBlessingBlue":54,"Toolbox":94,"Toxic Egg 2":0,"Gremlin Food":129,"Girya":94,"Slimebound:AggressiveSlimeRelic":129,"BargainBundle":87,"downfall:HeartBlessingRed":63,"Dead Branch":129,"Oddly Smooth Stone":94,"Letter Opener":15,"War Paint":76,"Orichalcum":87,"White Beast Statue":102,"Ornamental Fan":87,"Pandora\u0027s Box":35,"Slimebound:AbsorbEndCombat":0,"Black Star":76,"Toy Ornithopter":54}],"Toy Ornithopter":20},"card_choices":[{"not_picked":["ReplayTheSpireMod:Private Reserves","Forethought"],"picked":"Discovery","floor":0.0},{"not_picked":["Slimebound:HauntingLick+1","Slimebound:ComboTackle"],"picked":"Slimebound:LeechingTouch","floor":2.0},{"not_picked":["Slimebound:ComboTackle","Slimebound:LeechingTouch"],"picked":"Slimebound:RejuvenatingLick+1","floor":3.0},{"not_picked":["Slimebound:ComboTackle","Slimebound:Nibble"],"picked":"Slimebound:Prepare+1","floor":4.0},{"not_picked":["Slimebound:Schlurp+1","Slimebound:ComboTackle"],"picked":"Slimebound:GoopSpray+1","floor":6.0},{"not_picked":["Slimebound:LivingWall+1","Slimebound:Schlurp+1"],"picked":"Slimebound:HauntingLick+1","floor":10.0},{"not_picked":["Slimebound:Dissolve+1","Slimebound:GoopSpray+1"],"picked":"Slimebound:Equalize","floor":11.0},{"not_picked":["Slimebound:FinishingTackle","Slimebound:Schlurp+1"],"picked":"Slimebound:RallyTheTroops","floor":13.0},{"not_picked":["Slimebound:SamplingLick+1","Slimebound:TongueLash"],"picked":"Slimebound:SplitAcid+1","floor":14.0},{"not_picked":["Slimebound:Prepare+1","Slimebound:SlimeTap+1"],"picked":"Slimebound:HauntingLick+1","floor":15.0},{"not_picked":["Slimebound:OneTwoCombo","Slimebound:SelfFormingGoo"],"picked":"Slimebound:MassFeed","floor":16.0},{"not_picked":["Slimebound:RollThrough","Slimebound:Replication+1"],"picked":"Slimebound:LeechingTouch+1","floor":20},{"not_picked":["Slimebound:FinishingTackle","Slimebound:PressTheAttack"],"picked":"Slimebound:AcidTongue","floor":21},{"not_picked":["Slimebound:FlameTackle","Slimebound:SlimeSpikes+1"],"picked":"Slimebound:SplitMire+1","floor":22},{"not_picked":["Slimebound:Grow+1","Slimebound:LeechingTouch"],"picked":"Slimebound:SlimeTap+1","floor":23},{"not_picked":["Slimebound:MassFeed","Slimebound:SplitMire+1"],"picked":"Slimebound:SamplingLick+1","floor":25},{"not_picked":["Slimebound:SlimeSpikes+1","Slimebound:SplitAcid+1"],"picked":"Slimebound:LeechEnergy+1","floor":27},{"not_picked":["Slimebound:AcidTongue","Slimebound:ItLooksTasty","Slimebound:SplitAcid+1"],"picked":"SKIP","floor":28},{"not_picked":["Slimebound:BestDefense+1","Slimebound:SlimeBrawl+1"],"picked":"Slimebound:LivingWall+1","floor":29},{"not_picked":["Slimebound:SlimeSpikes+1","Slimebound:SpikyOuterGoop"],"picked":"Slimebound:LeadByExample","floor":31},{"not_picked":["Slimebound:FirmFortitude+1","Slimebound:LivingWall+1","Slimebound:Chomp+1"],"picked":"SKIP","floor":32},{"not_picked":["Slimebound:Overexert","Slimebound:RallyTheTroops"],"picked":"Slimebound:Teamwork+1","floor":33},{"not_picked":["Slimebound:LivingWall+1","Slimebound:Repurpose+1","Slimebound:FinishingTackle"],"picked":"SKIP","floor":36},{"not_picked":["Slimebound:AcidTongue","Slimebound:SplitMire+1"],"picked":"Slimebound:SlimeBarrage+1","floor":37},{"not_picked":["Slimebound:ItLooksTasty+1","Slimebound:Equalize+1"],"picked":"Slimebound:LeechEnergy+1","floor":38},{"not_picked":["Slimebound:GoopTackle+1","Slimebound:SlimeSpikes+1"],"picked":"Slimebound:SlimeBrawl+1","floor":39},{"not_picked":["Slimebound:Grow","Slimebound:FormOfPuddle+1","Slimebound:Chomp+1"],"picked":"SKIP","floor":40},{"not_picked":["Slimebound:ForwardTackle","Slimebound:AcidTongue"],"picked":"Slimebound:SplitLeeching+1","floor":44},{"not_picked":["Slimebound:GrowthPunch","Slimebound:GoopTackle+1"],"picked":"Slimebound:SplitLeeching+1","floor":46},{"not_picked":["Slimebound:SplitBruiser+1","Slimebound:LeadByExample+1","Slimebound:AcidTongue+1"],"picked":"Singing Bowl","floor":47},{"not_picked":["Slimebound:SplitMire+1","Slimebound:FlameTackle"],"picked":"Slimebound:Gluttony","floor":48},{"not_picked":["Slimebound:Repurpose+1","Slimebound:ItLooksTasty+1","Slimebound:Equalize+1"],"picked":"Singing Bowl","floor":49},{"not_picked":["Slimebound:SlimeTap+1","Slimebound:DisruptingSlam+1","Slimebound:SamplingLick+1"],"picked":"Singing Bowl","floor":52}],"player_experience":260137,"relics_obtained":[{"floor":1.0,"key":"Toxic Egg 2"},{"floor":6.0,"key":"HornCleat"},{"floor":7.0,"key":"Letter Opener"},{"floor":25,"key":"Toy Ornithopter"},{"floor":29,"key":"Vajra"},{"floor":35,"key":"War Paint"},{"floor":40,"key":"Oddly Smooth Stone"},{"floor":40,"key":"Replay:Accelerometer"},{"floor":41,"key":"Replay:Ringing Soul"},{"floor":43,"key":"Girya"},{"floor":46,"key":"White Beast Statue"},{"floor":47,"key":"Singing Bowl"},{"floor":47,"key":"Whetstone"},{"floor":52,"key":"Gremlin Food"},{"floor":52,"key":"Dead Branch"}],"event_choices":[{"damage_healed":0,"gold_gain":0,"player_choice":"Read","damage_taken":0,"max_hp_gain":0,"max_hp_loss":0,"event_name":"The Library","floor":18,"gold_loss":0,"cards_obtained":["Slimebound:SplitMire"]}],"is_beta":false,"boss_relics":[{"not_picked":["Astrolabe","Replay:Grab Bag"],"picked":"Pandora\u0027s Box"},{"not_picked":["Snecko Eye","Runic Dome"],"picked":"Black Star"}],"items_purged_floors":[38],"is_endless":false,"potions_floor_spawned":[3,4,10,22,25,27,31,33,39,40,44,47,48,49,52],"killed_by":"downfall:NeowBoss","ascension_level":0}}