{"host":"ju58ncaxwefs1zmn","time":1614348956,"event":{"mods":["100% Spire Juice","2.2 Compatiblity","Act Like it!","Aspiration","BaseMod","CapriCore","Duelist Mod","Gensokyo","Hermit","Highlight Path","Hubris","Infinite Spire","Koishi","Marisa????????","Minty Spire (QoL Compilation)","Permanent Neow","Quick Restart","Random Character Button","Relic Filter","Relic Stats","Reliquary","Robot Space Explorer","StSLib","The Cursed","The Hierophant","The Immortal","The Marked","The Servant 0.9.4","The Showman","TheBandit","Wandering Minibosses","thorton"],"gold_per_floor":[18,38,38,56,76,76,109,109,109,109,139,150,177,197,197,293,293,303,131,131,131,131,166,177,194,194,214,214,244,244,256,256,359,359,370,389,389,404,418,445,458,458,535,551,551,566,334,360,360,360,360,360,18,51,51],"floor_reached":56,"language":"ENG","playtime":6423,"items_purged":["Strike_S","Strike_S","Strike_S"],"score":1701,"play_id":"d42f9689-8605-41a5-a4b0-94a1338b2ae0","local_time":"20210226061556","is_ascension_mode":true,"campfire_choices":[{"data":"BestPractice","floor":6,"key":"SMITH"},{"data":"SilverBlades","floor":8,"key":"SMITH"},{"data":"Spin","floor":10,"key":"SMITH"},{"data":"Foresight","floor":15,"key":"SMITH"},{"data":"Dramatic Entrance","floor":28,"key":"SMITH"},{"data":"Replace","floor":30,"key":"SMITH"},{"data":"SoulSculpture","floor":32,"key":"SMITH"},{"floor":42,"key":"RECALL"},{"data":"TheWorld","floor":45,"key":"SMITH"},{"data":"Prepared","floor":49,"key":"SMITH"},{"data":"Rearm","floor":52,"key":"SMITH"}],"circlet_count":0,"master_deck":["Defend_S","Defend_S","Defend_S","Defend_S","KidneyShot","Exchange","BestPractice+1","Starlight","DualDimension","Spin+1","Sunlight","SilverBlades+1","KillingDoll","Foresight+1","Sabotage","FastForward","SoulSculpture","Contraction","Dramatic Entrance+1","RitualDagger","Alleviate","DancingSilver","Potential+1","Replace+1","SoulSculpture+1","Luminosity+1","TheWorld+1","Expertise+1","Misdirection+1","Calculated Gamble+1","DualDimension+1","Acrobatics+1","FastForward+1","Rearm+1","Blind","Prepared+1","Moonlight","Purity","Calculated Gamble+1"],"relics":["Uniform","Turnip","Bag of Preparation","hubris:MysteriousPyramids","Lantern","Potion Belt","thethorton:CrushedCigarette","hubris:Icosahedron","PreservedInsect","hubris:ToyBattleship","infinitespire:Lucky Rock","aspiration:SilentSkillbook","wanderingMiniBosses:CarrionFlame","aspiration:TrustyKnives","Matryoshka","reliquary:RosewoodLute","reliquary:SharkskinSheath","reliquary:WeakTea"],"acts_visited":["Exordium","TheCity","TheBeyond","TheEnding"],"potions_floor_usage":[23,35,39,39,39,55,55,55],"damage_taken":[{"damage":2,"enemies":"Cultist","floor":1,"turns":4},{"damage":6,"enemies":"Jaw Worm","floor":2,"turns":7},{"damage":2,"enemies":"Small Slimes","floor":4,"turns":3},{"damage":0,"enemies":"Blue Slaver","floor":5,"turns":4},{"damage":20,"enemies":"3 Sentries","floor":7,"turns":4},{"damage":0,"enemies":"Lagavulin","floor":11,"turns":5},{"damage":0,"enemies":"Lots of Slimes","floor":12,"turns":1},{"damage":9,"enemies":"3 Sentries","floor":13,"turns":5},{"damage":5,"enemies":"Looter","floor":14,"turns":3},{"damage":0,"enemies":"The Guardian","floor":16,"turns":7},{"damage":0,"enemies":"3 Byrds","floor":18,"turns":5},{"damage":18,"enemies":"Slavers","floor":23,"turns":5},{"damage":0,"enemies":"Chosen","floor":24,"turns":3},{"damage":0,"enemies":"Snecko","floor":25,"turns":6},{"damage":0,"enemies":"Chosen and Byrds","floor":27,"turns":6},{"damage":0,"enemies":"Book of Stabbing","floor":29,"turns":4},{"damage":14,"enemies":"Centurion and Healer","floor":31,"turns":3},{"damage":0,"enemies":"hubris:MusketHawk","floor":33,"turns":7},{"damage":5,"enemies":"Orb Walker","floor":35,"turns":2},{"damage":0,"enemies":"3 Shapes","floor":36,"turns":2},{"damage":0,"enemies":"3 Darklings","floor":38,"turns":1},{"damage":21,"enemies":"Writhing Mass","floor":39,"turns":6},{"damage":0,"enemies":"Giant Head","floor":40,"turns":6},{"damage":0,"enemies":"Jaw Worm Horde","floor":41,"turns":1},{"damage":0,"enemies":"3 Darklings","floor":44,"turns":2},{"damage":0,"enemies":"Sphere and 2 Shapes","floor":46,"turns":3},{"damage":0,"enemies":"Nemesis","floor":48,"turns":7},{"damage":0,"enemies":"infinitespire:MassOfShapes","floor":50,"turns":9},{"damage":0,"enemies":"Shield and Spear","floor":54,"turns":2},{"damage":23,"enemies":"The Heart","floor":55,"turns":7}],"seed_played":"1027094222750605094","potions_obtained":[{"floor":4,"key":"Dexterity Potion"},{"floor":5,"key":"CultistPotion"},{"floor":11,"key":"FearPotion"},{"floor":12,"key":"Block Potion"},{"floor":16,"key":"PowerPotion"},{"floor":24,"key":"Strength Potion"},{"floor":31,"key":"Dexterity Potion"},{"floor":33,"key":"ColorlessPotion"},{"floor":38,"key":"Swift Potion"},{"floor":40,"key":"FairyPotion"},{"floor":41,"key":"FairyPotion"},{"floor":44,"key":"Swift Potion"}],"is_trial":false,"path_per_floor":["M","M","?","M","M","R","E","R","T","R","E","M","E","M","R","B",null,"M","$","?","?","?","E","M","M","T","M","R","E","R","M","R","B",null,"M","M","?","M","M","E","M","R","T","M","R","M","$","E","R","B",null,"R","$","E","B",null],"character_chosen":"THE_SERVANT","items_purchased":["Dramatic Entrance","Rearm","Blind","Moonlight","Purity","SkillPotion"],"campfire_rested":0,"item_purchase_floors":[19,47,47,53,53,53],"current_hp_per_floor":[63,57,57,55,55,55,35,35,35,35,35,35,26,21,21,21,65,65,65,65,59,59,41,41,41,41,41,41,41,41,27,27,27,65,60,60,60,60,39,39,39,39,39,39,39,39,39,39,39,39,65,65,65,65,42],"gold":51,"neow_bonus":"ONE_RARE_RELIC","is_daily":false,"chose_seed":false,"campfire_upgraded":10,"win_rate":0.0,"timestamp":1614348956,"path_taken":["M","?","?","M","M","R","E","R","T","R","E","M","E","M","R","BOSS","M","$","?","?","?","E","M","M","T","M","R","E","R","M","R","BOSS","M","M","?","M","M","E","M","R","T","M","R","?","$","E","R","BOSS","R","$","E","BOSS"],"items_purchased_type":["Card","Card","Card","Card","Card","Potion"],"build_version":"2020-12-22","purchased_purges":3,"victory":true,"max_hp_per_floor":[65,65,65,65,65,65,65,65,65,65,65,65,65,65,65,65,65,65,65,65,65,65,65,65,65,65,65,65,65,65,65,65,65,65,65,65,65,65,65,65,65,65,65,65,65,65,65,65,65,65,65,65,65,65,65],"relic_stats":{"counters":[30,130],"Turnip":[21],"PreservedInsect":281,"Bag of Preparation":[54],"obtain_stats":[{"Potion Belt":13,"Lantern":11,"PreservedInsect":23,"aspiration:TrustyKnives":37,"Uniform":0,"Bag of Preparation":7,"infinitespire:Lucky Rock":29,"reliquary:WeakTea":54,"hubris:MysteriousPyramids":9,"reliquary:RosewoodLute":43,"hubris:Icosahedron":20,"Matryoshka":40,"wanderingMiniBosses:CarrionFlame":35,"aspiration:SilentSkillbook":34,"Turnip":0,"hubris:ToyBattleship":26,"thethorton:CrushedCigarette":17,"reliquary:SharkskinSheath":48},{"Potion Belt":8,"Lantern":6,"PreservedInsect":12,"aspiration:TrustyKnives":20,"Uniform":0,"Bag of Preparation":5,"infinitespire:Lucky Rock":16,"reliquary:WeakTea":29,"hubris:MysteriousPyramids":5,"reliquary:RosewoodLute":24,"hubris:Icosahedron":11,"Matryoshka":23,"wanderingMiniBosses:CarrionFlame":19,"aspiration:SilentSkillbook":18,"Turnip":0,"hubris:ToyBattleship":14,"thethorton:CrushedCigarette":10,"reliquary:SharkskinSheath":27},{"Potion Belt":33,"Lantern":27,"PreservedInsect":53,"aspiration:TrustyKnives":86,"Uniform":0,"Bag of Preparation":22,"infinitespire:Lucky Rock":72,"reliquary:WeakTea":123,"hubris:MysteriousPyramids":22,"reliquary:RosewoodLute":100,"hubris:Icosahedron":48,"Matryoshka":99,"wanderingMiniBosses:CarrionFlame":84,"aspiration:SilentSkillbook":82,"Turnip":0,"hubris:ToyBattleship":62,"thethorton:CrushedCigarette":43,"reliquary:SharkskinSheath":112}]},"card_choices":[{"not_picked":["Ricochet","Desolation"],"picked":"BestPractice","floor":1},{"not_picked":["Defy","Sabotage"],"picked":"Starlight","floor":2},{"not_picked":["InstantArmor","RealityMarble"],"picked":"Spin","floor":4},{"not_picked":["Moonlight","Ricochet"],"picked":"Sunlight","floor":5},{"not_picked":["Alleviate","Barrier"],"picked":"SilverBlades","floor":7},{"not_picked":["Defy","Rearm"],"picked":"KillingDoll","floor":11},{"not_picked":["Shuttle","Starlight"],"picked":"Foresight","floor":12},{"not_picked":["Alleviate","Spin"],"picked":"Sabotage","floor":13},{"not_picked":["Starlight","MoonPhase"],"picked":"FastForward","floor":14},{"not_picked":["FloweringNight","TheWorld"],"picked":"SoulSculpture","floor":16},{"not_picked":["ReturningBlade","Revamp"],"picked":"Contraction","floor":18},{"not_picked":["FastForward","Starlight"],"picked":"DancingSilver","floor":23},{"not_picked":["Spin","Revamp"],"picked":"Potential+1","floor":24},{"not_picked":["Foresight","SurpressingFire"],"picked":"Replace","floor":25},{"not_picked":["Rearm","Starlight"],"picked":"SoulSculpture","floor":27},{"not_picked":["ShatteredReality","Ricochet","Rewind"],"picked":"SKIP","floor":29},{"not_picked":["Revamp","Rewind"],"picked":"Luminosity+1","floor":31},{"not_picked":["Sunlight","SilverMatrix"],"picked":"TheWorld","floor":33},{"not_picked":["Rewind+1","Poisoned Stab+1","Read"],"picked":"Expertise+1","floor":35},{"not_picked":["Orbit","Potential","Poisoned Stab"],"picked":"Misdirection+1","floor":36},{"not_picked":["Dodge and Roll","Flying Knee","PendulumOfEternity"],"picked":"Calculated Gamble+1","floor":38},{"not_picked":["Snipe","Choke+1","Cloak And Dagger+1"],"picked":"DualDimension+1","floor":39},{"not_picked":["Spin+1","Desolation+1","Solidify"],"picked":"Acrobatics+1","floor":40},{"not_picked":["Riddle With Holes+1","Outmaneuver+1","WasteNot+1","Poisoned Stab+1"],"picked":"SKIP","floor":41},{"not_picked":["All Out Attack+1","Accuracy","Cloak And Dagger+1","SurpressingFire"],"picked":"SKIP","floor":44},{"not_picked":["Sucker Punch","Alleviate","Unruled+1"],"picked":"FastForward+1","floor":46},{"not_picked":["KillingDoll","Foresight+1","Replace+1"],"picked":"Prepared","floor":48},{"not_picked":["Unruled+1","Luminosity+1","Underhanded Strike+1"],"picked":"Calculated Gamble+1","floor":54}],"player_experience":977041,"relics_obtained":[{"floor":7,"key":"Bag of Preparation"},{"floor":9,"key":"hubris:MysteriousPyramids"},{"floor":11,"key":"Lantern"},{"floor":13,"key":"Potion Belt"},{"floor":23,"key":"PreservedInsect"},{"floor":26,"key":"hubris:ToyBattleship"},{"floor":29,"key":"infinitespire:Lucky Rock"},{"floor":35,"key":"wanderingMiniBosses:CarrionFlame"},{"floor":40,"key":"Matryoshka"},{"floor":43,"key":"reliquary:RosewoodLute"},{"floor":48,"key":"reliquary:SharkskinSheath"},{"floor":54,"key":"reliquary:WeakTea"}],"event_choices":[{"damage_healed":0,"gold_gain":0,"cards_transformed":["Strike_S"],"player_choice":"Transformed","damage_taken":0,"max_hp_gain":0,"max_hp_loss":0,"event_name":"Transmorgrifier","floor":3,"gold_loss":0,"cards_obtained":["DualDimension"]},{"damage_healed":0,"gold_gain":0,"player_choice":"Joined the Cult","damage_taken":6,"max_hp_gain":0,"max_hp_loss":0,"event_name":"Nest","floor":21,"gold_loss":0,"cards_obtained":["RitualDagger"]},{"damage_healed":0,"gold_gain":0,"player_choice":"Read","damage_taken":0,"max_hp_gain":0,"max_hp_loss":0,"event_name":"The Library","floor":22,"gold_loss":0,"cards_obtained":["Alleviate"]},{"damage_healed":0,"gold_gain":0,"player_choice":"Gave Potion","damage_taken":0,"relics_obtained":["aspiration:TrustyKnives"],"max_hp_gain":0,"max_hp_loss":0,"event_name":"WeMeetAgain","floor":37,"gold_loss":0}],"is_beta":false,"boss_relics":[{"not_picked":["SlaversCollar","infinitespire:Cupcake"],"picked":"thethorton:CrushedCigarette"},{"not_picked":["Snecko Eye","Runic Pyramid"],"picked":"aspiration:SilentSkillbook"}],"items_purged_floors":[19,47,53],"is_endless":false,"potions_floor_spawned":[4,5,11,12,16,24,31,33,38,40,41,44],"ascension_level":2}}