{"host":"0azimyi6n3ugndj4","time":1614299636,"event":{"mods":["2.2 Compatiblity","BaseMod","Bestiary","Conspire","Curses Come First","Defuse TimeMaze Blight","Hermit","Hubris","Hyrulean Relics","Infinite Spire","Keyboard Shortcuts","Library of Ruina","Library of Ruina Extra","Minty Spire (QoL Compilation)","Relic Filter Mod","Relic Stats","Reliquary","Replay The Spire","StSLib","SuperFastMode","The Cursed","The Hierophant","Uncapped","¡¼?Úª?ø«¡½REMEMod"],"gold_per_floor":[148,148,181,181,181,181,241,316,316,316,316,367,517,517,517,517,517],"floor_reached":16,"language":"ENG","playtime":522,"items_purged":[],"score":321,"play_id":"642bf785-0497-478f-ad96-7b2fa38ba7fd","local_time":"20210226093356","daily_mods":["Draft","Hoarder","Insanity","Chimera","Specialized","Vintage","ControlledChaos","Allstar","Diverse","Colorless Cards","Heirloom","Time Dilation","Flight","Elite Swarm","Lethality","Midas","Binary"],"is_ascension_mode":true,"campfire_choices":[{"floor":6,"key":"REST"},{"floor":15,"key":"REST"}],"circlet_count":0,"master_deck":["Demon Form+1","Wraith Form v2","Echo Form","DevaForm","AscendersBane","Bash","Survivor","Zap","Eruption","Strike_R","Strike_G","Strike_B","Defend_R","Defend_G","Defend_P","StayCalm","BiAn","LikeWater","Leap_lor","Barrage","hermit:HighCaliber","TheCursedMod:CursedStaff","Blade Dance","TheCursedMod:Mangle","ScatteringSlash","DefenseOrder","Crippling Poison","Tantrum","Well Laid Plans","LoosenUp","hierophant:ThreeLashes","hierophant:Shelter","TheCursedMod:SmokeScreen","TheCursedMod:CircleOfCorruption","QuickSuppression","UnavoidableGaze","Sunder","ExtremeEdge+1","Warcry","Warcry","FlyingSword","hermit:Quickdraw","hierophant:Smite","hierophant:Encroach","REME_TheoryOfElimination","hierophant:ThreeLashes","StrikeDown","All Out Attack","GreatSerpentsImpact","hermit:Feint","hermit:LoneWolf","hierophant:Encroach","hermit:CalledShot","Replay:ManipulateFuture","TheCursedMod:Obscuration","FTL","Caltrops","DimensionalRift","ReplayTheSpireMod:Limb From Limb","PathToVictory","hierophant:Upheaval","Feast","Body Slam","TheCursedMod:Wield","Cleave","Heatsinks","Heatsinks","Heatsinks","Fiend Fire","Fiend Fire","Fiend Fire","Fiend Fire","Fiend Fire","Fiend Fire","Fiend Fire","Fiend Fire","Fiend Fire","Fiend Fire","Fiend Fire","Fiend Fire","Fiend Fire","Fiend Fire","Fiend Fire","hermit:ItchyTrigger","hermit:ItchyTrigger","hermit:ItchyTrigger","Bane","Bane","Bane","Replay:ManipulateFuture","Replay:ManipulateFuture","Replay:ManipulateFuture","TheCursedMod:RapidMovement","TheCursedMod:RapidMovement","TheCursedMod:RapidMovement","Spot Weakness","Spot Weakness","Spot Weakness","Fluid Movement","Fluid Movement","Fluid Movement","Nirvana","Nirvana","Nirvana","TasteMyFlamingBat","TasteMyFlamingBat","TasteMyFlamingBat","hermit:GhostlyPresence","hermit:GhostlyPresence","hermit:GhostlyPresence","Infinite Blades","Infinite Blades","Infinite Blades","Rupture","Rupture","Rupture","TheCursedMod:TacticalStrike","TheCursedMod:TacticalStrike","TheCursedMod:TacticalStrike","hermit:Snipe","hermit:Snipe","hermit:Snipe","Stack","Stack","Stack","DesperateStruggle","DesperateStruggle","DesperateStruggle","Doubt","Doubt","Doubt"],"relics":["PageOfLibrarian","Frozen Eye","Busted Crown","REME_ComplimentaryCards","hubris:AstralHammer","Nunchaku","hubris:TenFootPole","hubris:Icosahedron","reliquary:Sideboard","REME_HandOfSuture","zeldaRelics:CouragePiece","Dream Catcher"],"acts_visited":["Exordium"],"potions_floor_usage":[16,16],"damage_taken":[{"damage":9,"enemies":"conspire:RoseBush","floor":1,"turns":2},{"damage":12,"enemies":"infinitespire:Voidling","floor":3,"turns":2},{"damage":11,"enemies":"Jaw Worm","floor":7,"turns":2},{"damage":16,"enemies":"Lagavulin","floor":8,"turns":4},{"damage":12,"enemies":"Blue Slaver","floor":12,"turns":2},{"damage":46,"enemies":"Slime Boss","floor":16,"turns":7}],"seed_played":"-614963754869354479","potions_obtained":[{"floor":1,"key":"EssenceOfSteel"},{"floor":8,"key":"EssenceOfSteel"},{"floor":12,"key":"ColorlessPotion"}],"is_trial":true,"path_per_floor":["M","?","M","?","?","R","M","E","T","?","?","M","?","?","R","B"],"character_chosen":"Librarian","items_purchased":[],"campfire_rested":2,"item_purchase_floors":[],"current_hp_per_floor":[45,45,33,33,33,51,40,24,24,24,24,12,12,12,35,0,0],"gold":517,"neow_bonus":"","is_daily":false,"chose_seed":false,"campfire_upgraded":0,"win_rate":0.0,"timestamp":1614299636,"path_taken":["M","?","?","?","?","R","M","E","T","?","?","?","?","?","R","BOSS"],"items_purchased_type":[],"build_version":"2020-12-22","purchased_purges":0,"victory":false,"max_hp_per_floor":[71,71,62,62,62,62,78,62,62,62,62,70,70,70,78,78,78],"relic_stats":{"Nunchaku":[2],"Dream Catcher":1,"Busted Crown":18,"counters":[6,19],"obtain_stats":[{"PageOfLibrarian":0,"Frozen Eye":0,"Nunchaku":1,"Dream Catcher":12,"Busted Crown":0,"hubris:Icosahedron":4,"hubris:AstralHammer":0,"reliquary:Sideboard":5,"REME_HandOfSuture":7,"hubris:TenFootPole":3,"zeldaRelics:CouragePiece":8,"REME_ComplimentaryCards":0},{"PageOfLibrarian":0,"Frozen Eye":0,"Nunchaku":1,"Dream Catcher":5,"Busted Crown":0,"hubris:Icosahedron":2,"hubris:AstralHammer":0,"reliquary:Sideboard":2,"REME_HandOfSuture":3,"hubris:TenFootPole":2,"zeldaRelics:CouragePiece":4,"REME_ComplimentaryCards":0},{"PageOfLibrarian":0,"Frozen Eye":0,"Nunchaku":2,"Dream Catcher":12,"Busted Crown":0,"hubris:Icosahedron":4,"hubris:AstralHammer":0,"reliquary:Sideboard":4,"REME_HandOfSuture":6,"hubris:TenFootPole":4,"zeldaRelics:CouragePiece":10,"REME_ComplimentaryCards":0}]},"card_choices":[{"not_picked":["Replay:BluntJabs","Trip"],"picked":"hermit:ItchyTrigger","floor":0},{"not_picked":["Deflect","Survey Options"],"picked":"Bane","floor":0},{"not_picked":["Cloak And Dagger","hierophant:Shelter"],"picked":"Replay:ManipulateFuture","floor":0},{"not_picked":["Pound","PreemptiveStrike"],"picked":"TheCursedMod:RapidMovement","floor":0},{"not_picked":["FollowUp","hubris:ReadiedAction"],"picked":"Spot Weakness","floor":0},{"not_picked":["Massacre","hierophant:Zeal"],"picked":"Fluid Movement","floor":0},{"not_picked":["StrikeDown","Rampage"],"picked":"Nirvana","floor":0},{"not_picked":["hierophant:Zeal","TheRedNotes"],"picked":"TasteMyFlamingBat","floor":0},{"not_picked":["hermit:Roulette","hubris:SlightOfHand"],"picked":"hermit:GhostlyPresence","floor":0},{"not_picked":["Heel Hook","Prepared"],"picked":"Infinite Blades","floor":0},{"not_picked":["Dash","UpbeatPerformance"],"picked":"Rupture","floor":0},{"not_picked":["Replay:Sssssssssshield","hierophant:SealAway"],"picked":"TheCursedMod:TacticalStrike","floor":0},{"not_picked":["hierophant:PristineSoul","Underhanded Strike"],"picked":"hermit:Snipe","floor":0},{"not_picked":["TheCursedMod:CircleOfAmplification","hierophant:HammerAndAnvil"],"picked":"Stack","floor":0},{"not_picked":["REME_ShortnessOfBreath","Blade Dance"],"picked":"DesperateStruggle","floor":0},{"not_picked":["WillProduceFineSilk","Barricade","TheCursedMod:OutForBlood","Thinking Ahead","Core Surge"],"picked":"Cruelty","floor":8},{"not_picked":["infinitespire:Menacing","ReplayTheSpireMod:Chaos Vortex"],"picked":"infinitespire:SealOfDarkness+","floor":10},{"not_picked":["ReplayTheSpireMod:Reroute Power","TheCursedMod:CursedAmulet","PinpointShot","Dagger Spray","DeceiveReality"],"picked":"Wild Strike","floor":15}],"player_experience":1576767,"relics_obtained":[{"floor":1,"key":"Nunchaku"},{"floor":3,"key":"hubris:TenFootPole"},{"floor":5,"key":"reliquary:Sideboard"},{"floor":7,"key":"REME_HandOfSuture"},{"floor":8,"key":"zeldaRelics:CouragePiece"},{"floor":9,"key":"zeldaRelics:CouragePiece"},{"floor":12,"key":"Dream Catcher"}],"event_choices":[{"damage_healed":0,"gold_gain":0,"player_choice":"Upgraded","damage_taken":0,"max_hp_gain":0,"max_hp_loss":0,"event_name":"Upgrade Shrine","floor":2,"gold_loss":0,"cards_upgraded":["Demon Form"]},{"cards_removed":["infinitespire:Pacifist","infinitespire:Pacifist","infinitespire:Pacifist","Looming Evil","Looming Evil","Looming Evil"],"damage_healed":0,"gold_gain":0,"player_choice":"Removed Curses","damage_taken":0,"max_hp_gain":0,"max_hp_loss":0,"event_name":"Fountain of Cleansing","floor":11,"gold_loss":0},{"damage_healed":0,"gold_gain":150,"player_choice":"AGREE","damage_taken":0,"max_hp_gain":0,"max_hp_loss":0,"event_name":"Liars Game","floor":13,"gold_loss":0,"cards_obtained":["Doubt"]}],"is_beta":false,"boss_relics":[],"items_purged_floors":[],"is_endless":false,"potions_floor_spawned":[1,8,12],"killed_by":"Slime Boss","ascension_level":20}}