{"host":"phapnj0danpxvjlm","time":1614365638,"event":{"mods":["Act Like it!","BaseMod","Better Note","Better Third Choice","Bossed Relics","Colored Powertips","Downfall","Hermit","Lobotomy","Marisa????????","Minty Spire (QoL Compilation)","Permanent Neow","Quick Restart","Rare Cards Sparkle","Ruina","Spire Arcade","StSLib","The Animator","The Necromancer","The Wild Card"],"gold_per_floor":[118,95,95,107,120,152,152,164,190,208,208,208,226,72,72,170,170,186,186,104,117,136,136,156,156,156],"floor_reached":25,"language":"ENG","playtime":1027,"items_purged":[],"score":280,"play_id":"4124a5e8-1f4c-4f3c-960d-5aab5cd184d8","local_time":"20210226195358","is_ascension_mode":false,"campfire_choices":[{"data":"theWildCard:StingingStrike","floor":7.0,"key":"SMITH"},{"data":"theWildCard:SeveringSlash","floor":11.0,"key":"SMITH"},{"data":"theWildCard:SeveringSlash","floor":15.0,"key":"SMITH"},{"floor":23.0,"key":"REST"}],"circlet_count":0,"master_deck":["theWildCard:BasicStrike","theWildCard:BasicStrike","theWildCard:BasicStrike","theWildCard:BasicStrike","theWildCard:BasicDefend","theWildCard:BasicDefend+1","theWildCard:BasicDefend+1","theWildCard:BasicDefend","theWildCard:CallToAdventure","theWildCard:Arsene","theWildCard:SeveringSlash+1","theWildCard:Michael","theWildCard:SeveringSlash+1","theWildCard:StingingStrike+1","theWildCard:Odin","theWildCard:ChangingDestiny","ruina:Mimicry","theWildCard:EnergizedStroke","theWildCard:Providence+1","theWildCard:MagicalMight+1"],"relics":["theWildCard:VelvetContract","Singing Bowl","Vajra","War Paint","NlothsMask","Membership Card","ruina:Prescript"],"acts_visited":["Exordium","Exordium"],"potions_floor_usage":[25,25],"damage_taken":[{"damage":0.0,"enemies":"Cultist","floor":1.0,"turns":2.0},{"damage":0.0,"enemies":"2 Louse","floor":4.0,"turns":2.0},{"damage":5.0,"enemies":"Jaw Worm","floor":5.0,"turns":3.0},{"damage":0.0,"enemies":"Gremlin Nob","floor":6.0,"turns":3.0},{"damage":0.0,"enemies":"2 Fungi Beasts","floor":8.0,"turns":2.0},{"damage":0.0,"enemies":"Looter","floor":10.0,"turns":3.0},{"damage":0.0,"enemies":"3 Louse","floor":13.0,"turns":2.0},{"damage":0.0,"enemies":"Slime Boss","floor":16.0,"turns":5.0},{"damage":3.0,"enemies":"ruina:Nosferatu","floor":18.0,"turns":6.0},{"damage":0.0,"enemies":"ruina:3_Bats","floor":21.0,"turns":1.0},{"damage":25.0,"enemies":"ruina:3_Scarecrows","floor":22.0,"turns":4.0},{"damage":43.0,"enemies":"ruina:Woodsman","floor":24.0,"turns":6.0},{"damage":62,"enemies":"ruina:RoadHome","floor":25,"turns":8}],"seed_played":"-8224798711322112358","potions_obtained":[{"floor":0.0,"key":"Weak Potion"},{"floor":0.0,"key":"DuplicationPotion"},{"floor":0.0,"key":"Ancient Potion"},{"floor":4.0,"key":"ColorlessPotion"},{"floor":5.0,"key":"Explosive Potion"},{"floor":6.0,"key":"SkillPotion"},{"floor":10.0,"key":"EntropicBrew"},{"floor":18.0,"key":"Explosive Potion"},{"floor":22.0,"key":"Explosive Potion"},{"floor":24.0,"key":"DistilledChaos"}],"is_trial":false,"path_per_floor":["M","$","T","M","M","E","R","M","T","M","R","?","M","$","R","B",null,"M","?","$","M","M","R","M","E"],"character_chosen":"THE_WILD_CARD","items_purchased":["theWildCard:Michael","Membership Card","ruina:Mimicry"],"campfire_rested":1,"item_purchase_floors":[2,14,20],"current_hp_per_floor":[60,60,60,62,57,57,57,57,57,59,59,59,61,61,61,61,66,65,65,65,65,40,60,37,0,0],"gold":156,"neow_bonus":"THREE_SMALL_POTIONS","is_daily":false,"chose_seed":false,"campfire_upgraded":3,"win_rate":0.0,"timestamp":1614365638,"path_taken":["M","$","?","?","M","E","R","M","T","M","R","?","M","?","R","BOSS","M","?","$","?","M","R","M","E"],"items_purchased_type":["Card","Relic","Card"],"build_version":"2020-12-22","purchased_purges":0,"victory":false,"max_hp_per_floor":[60,60,60,62,62,62,62,62,62,64,64,64,66,66,66,66,66,68,68,68,68,68,68,68,68,68],"card_choices":[{"not_picked":["theWildCard:StalwartBlade","theWildCard:ArchaicAssault"],"picked":"theWildCard:SeveringSlash","floor":1.0},{"not_picked":["theWildCard:ManOfManyFaces","theWildCard:Sakuya","theWildCard:ArcaneArts"],"picked":"Singing Bowl","floor":4.0},{"not_picked":["theWildCard:ArcaneArts","theWildCard:TheArcanaUnleashed"],"picked":"theWildCard:SeveringSlash","floor":5.0},{"not_picked":["theWildCard:BladeOfGenerations","theWildCard:Caesar"],"picked":"theWildCard:StingingStrike","floor":6.0},{"not_picked":["theWildCard:Impatience","theWildCard:CryOfAgony"],"picked":"theWildCard:Odin","floor":8.0},{"not_picked":["theWildCard:Michael","theWildCard:StalwartBlade","theWildCard:Attunement"],"picked":"Singing Bowl","floor":10.0},{"not_picked":["theWildCard:Salvation","theWildCard:Loki","theWildCard:Safeguard"],"picked":"Singing Bowl","floor":13.0},{"not_picked":["theWildCard:Lucifer","theWildCard:TheArcanaUnleashed"],"picked":"theWildCard:ChangingDestiny","floor":16.0},{"not_picked":["theWildCard:Unburden","theWildCard:StingingStrike","theWildCard:Polydeuces"],"picked":"Singing Bowl","floor":18.0},{"not_picked":["theWildCard:Overwhelm","theWildCard:CryOfAgony"],"picked":"theWildCard:EnergizedStroke","floor":21.0},{"not_picked":["theWildCard:Safeguard","theWildCard:Abstinence"],"picked":"theWildCard:Providence+1","floor":22.0},{"not_picked":["theWildCard:Michael","theWildCard:PaleRider"],"picked":"theWildCard:MagicalMight+1","floor":24.0}],"player_experience":585031,"relics_obtained":[{"floor":3.0,"key":"Singing Bowl"},{"floor":6.0,"key":"Vajra"},{"floor":9.0,"key":"War Paint"}],"event_choices":[{"damage_healed":0.0,"max_hp_gain":0.0,"max_hp_loss":0.0,"gold_gain":0.0,"event_name":"FaceTrader","player_choice":"Trade","floor":12.0,"gold_loss":0.0,"damage_taken":0.0,"relics_obtained":["NlothsMask"]}],"is_beta":false,"boss_relics":[{"not_picked":["Busted Crown","Philosopher\u0027s Stone","Ectoplasm"]}],"items_purged_floors":[],"is_endless":false,"potions_floor_spawned":[4,5,6,10,16,18,22,24],"killed_by":"ruina:RoadHome","ascension_level":0}}