{"host":"y1nstw52wejfnhs9","time":1614298555,"event":{"mods":["BaseMod","Bestiary","Better Note","Better Skull","Better Third Choice","Custom Start","Minty Spire (QoL Compilation)","Practice Mode","Replay The Spire","SOS???????","StSLib","SuperFastMode","The Bug Knight","The Forsaken","The Wild Card"],"gold_per_floor":[115,115,130,61,76,76,108,108,157,157,432,57,92,109,109,109,109],"floor_reached":16,"language":"ENG","playtime":986,"items_purged":["Regret"],"score":140,"play_id":"d0e21173-8012-4d6f-84a5-8e5d1e75f3be","local_time":"20210225161555","is_ascension_mode":true,"campfire_choices":[{"data":"Zap","floor":6,"key":"SMITH"},{"data":"Buffer","floor":8,"key":"SMITH"},{"data":"Conserve Battery","floor":10,"key":"SMITH"},{"data":"Strike_B","floor":15,"key":"SMITH"}],"circlet_count":0,"master_deck":["Strike_B","Strike_B","Strike_B","Strike_B+1","Defend_B","Defend_B","Defend_B","Defend_B","Zap+1","Dualcast","ReplayTheSpireMod:Reroute Power","Panic Button","Conserve Battery+1","Crystallizer","Buffer+1","Storm"],"relics":["Cracked Core","Toy Ornithopter","PreservedInsect","TungstenRod","Regal Pillow"],"acts_visited":["Exordium"],"potions_floor_usage":[16,16,16],"damage_taken":[{"damage":1,"enemies":"Jaw Worm","floor":1,"turns":3},{"damage":1,"enemies":"Cultist","floor":3,"turns":3},{"damage":0,"enemies":"Small Slimes","floor":5,"turns":4},{"damage":3,"enemies":"Replay:BlueRogue","floor":7,"turns":8},{"damage":0,"enemies":"Lagavulin","floor":13,"turns":7},{"damage":8,"enemies":"Gremlin Gang","floor":14,"turns":8},{"damage":91,"enemies":"Fading Forest","floor":16,"turns":10}],"seed_played":"-4319063117162449621","potions_obtained":[{"floor":2,"key":"Energy Potion"},{"floor":2,"key":"CultistPotion"},{"floor":2,"key":"Toxic Potion"},{"floor":5,"key":"FocusPotion"}],"is_trial":false,"path_per_floor":["M","?","M","$","M","R","E","R","T","R","?","$","E","M","R","B"],"character_chosen":"DEFECT","items_purchased":["Crystallizer","TungstenRod"],"campfire_rested":0,"item_purchase_floors":[4,12],"current_hp_per_floor":[74,74,73,73,73,73,70,70,70,70,70,70,70,62,62,0,0],"gold":109,"neow_bonus":"THREE_CARDS","is_daily":false,"chose_seed":false,"campfire_upgraded":4,"win_rate":0.0,"timestamp":1614298555,"path_taken":["M","?","?","$","M","R","E","R","T","R","?","$","E","M","R","BOSS"],"items_purchased_type":["Card","Relic"],"build_version":"2020-12-22","purchased_purges":1,"victory":false,"max_hp_per_floor":[75,75,75,75,75,75,75,75,75,75,75,75,75,75,75,75,75],"card_choices":[{"not_picked":["Turbo","Tempest"],"picked":"ReplayTheSpireMod:Reroute Power","floor":0},{"not_picked":["Steam","Rebound"],"picked":"Panic Button","floor":1},{"not_picked":["Compile Driver","Hello World"],"picked":"Conserve Battery","floor":3},{"not_picked":["Beam Cell","ReplaySort","Stack"],"picked":"SKIP","floor":5},{"not_picked":["Auto Shields","Chaos"],"picked":"Buffer","floor":7},{"not_picked":["Hologram","Auto Shields","Stack"],"picked":"SKIP","floor":13},{"not_picked":["Redo","Recycle"],"picked":"Storm","floor":14}],"player_experience":457970,"relics_obtained":[{"floor":7,"key":"Toy Ornithopter"},{"floor":9,"key":"PreservedInsect"},{"floor":13,"key":"Regal Pillow"}],"event_choices":[{"damage_healed":0,"gold_gain":0,"player_choice":"Got Potions","damage_taken":0,"max_hp_gain":0,"max_hp_loss":0,"event_name":"Lab","floor":2,"gold_loss":0},{"damage_healed":0,"gold_gain":275,"player_choice":"Desecrate","damage_taken":0,"max_hp_gain":0,"max_hp_loss":0,"event_name":"Golden Shrine","floor":11,"gold_loss":0,"cards_obtained":["Regret"]}],"is_beta":false,"boss_relics":[],"items_purged_floors":[12],"is_endless":false,"potions_floor_spawned":[5,14],"killed_by":"Fading Forest","ascension_level":1}}