{"host":"fwdkxxz7291ipt0p","time":1614351397,"event":{"mods":["Act Like it!","BaseMod","Bossed Relics","Dota2Spire","Energized Spire","Marked Mod","Minty Spire (QoL Compilation)","Relic Filter Mod","StSLib","The Cursed","The Hierophant","The Runesmith","Youmu£®ªÍ∆«—˝√Œ£©"],"gold_per_floor":[111,61,61,79,94,94,19,38,65,65,79,98,115,132,132,236,236,250,262,262,262,361,396,396,396,419,439,459,459,476,486,486,486,486],"floor_reached":33,"language":"ZHS","playtime":1454,"items_purged":["TheCursedMod:Strike_TheCursed"],"score":263,"play_id":"193cffbc-3f01-4127-b32d-9501e72f22c8","local_time":"20210226225637","is_ascension_mode":false,"campfire_choices":[{"data":"TheCursedMod:CursedMace","floor":6.0,"key":"SMITH"},{"data":"TheCursedMod:Neurasthenia","floor":15.0,"key":"SMITH"},{"floor":25.0,"key":"REST"},{"data":"TheCursedMod:OutForBlood","floor":32,"key":"SMITH"}],"circlet_count":0,"master_deck":["TheCursedMod:Strike_TheCursed","TheCursedMod:Defend_TheCursed","TheCursedMod:Defend_TheCursed","TheCursedMod:CursedWand","TheCursedMod:CleanUpWorkshop","TheCursedMod:Dregs","TheCursedMod:CursedAmulet","TheCursedMod:CursedMace+1","TheCursedMod:AbyssShockwave","TheCursedMod:ReleasedStrength","TheCursedMod:SpitefulPlan","TheCursedMod:SmokeScreen","TheCursedMod:Neurasthenia+1","TheCursedMod:TacticalStrike","TheCursedMod:OutForBlood+1","TheCursedMod:CursedArmor+1","TheCursedMod:RapidMovement","TheCursedMod:CircleOfBlood","TheCursedMod:BlessingInDisguise+1","TheCursedMod:Dregs","TheCursedMod:CircleOfBlood","TheCursedMod:Obscuration","TheCursedMod:RavingStaff"],"relics":["TheCursedMod:BlackMagic101","NeowsBlessing","Akabeko","energizedSpire:CursedPentagram","Anchor","Bag of Preparation"],"acts_visited":["Exordium","TheCity"],"potions_floor_usage":[30,33,33],"damage_taken":[{"damage":0.0,"enemies":"Small Slimes","floor":1.0,"turns":1.0},{"damage":0.0,"enemies":"2 Louse","floor":4.0,"turns":1.0},{"damage":0.0,"enemies":"Cultist","floor":5.0,"turns":1.0},{"damage":8.0,"enemies":"Large Slime","floor":8.0,"turns":4.0},{"damage":0.0,"enemies":"2 Fungi Beasts","floor":11.0,"turns":4.0},{"damage":0.0,"enemies":"Gremlin Gang","floor":12.0,"turns":1.0},{"damage":5.0,"enemies":"Blue Slaver","floor":13.0,"turns":3.0},{"damage":2.0,"enemies":"Red Slaver","floor":14.0,"turns":3.0},{"damage":26.0,"enemies":"The Guardian","floor":16.0,"turns":9.0},{"damage":14.0,"enemies":"Spheric Guardian","floor":18.0,"turns":4.0},{"damage":9.0,"enemies":"2 Thieves","floor":19.0,"turns":4.0},{"damage":32.0,"enemies":"Book of Stabbing","floor":23.0,"turns":6.0},{"damage":1.0,"enemies":"Snecko","floor":27.0,"turns":4.0},{"damage":2.0,"enemies":"Centurion and Healer","floor":28.0,"turns":3.0},{"damage":5,"enemies":"Snake Plant","floor":30,"turns":4},{"damage":3,"enemies":"Shelled Parasite and Fungi","floor":31,"turns":6},{"damage":27,"enemies":"Collector","floor":33,"turns":7}],"seed_played":"-8626194604364743105","potions_obtained":[{"floor":4.0,"key":"Energy Potion"},{"floor":5.0,"key":"Weak Potion"},{"floor":8.0,"key":"SpeedPotion"},{"floor":13.0,"key":"Fire Potion"},{"floor":18.0,"key":"BlessingOfTheForge"},{"floor":23.0,"key":"Fire Potion"},{"floor":31,"key":"AttackPotion"}],"is_trial":false,"path_per_floor":["M","?","?","M","M","R","$","M","T","?","M","M","M","M","R","B",null,"M","M","?","?","?","E","?","R","T","M","M","?","M","M","R","B"],"character_chosen":"THE_CURSED","items_purchased":[],"campfire_rested":1,"item_purchase_floors":[],"current_hp_per_floor":[75,75,68,68,68,68,68,60,60,60,60,60,55,53,53,27,75,61,52,38,38,38,8,8,32,32,35,37,37,32,33,33,12,12],"gold":486,"neow_bonus":"THREE_ENEMY_KILL","is_daily":false,"chose_seed":false,"campfire_upgraded":3,"win_rate":0.0,"timestamp":1614351397,"path_taken":["M","?","?","M","M","R","$","M","T","?","M","M","?","M","R","BOSS","M","M","?","?","?","E","?","R","T","?","M","?","M","M","R","BOSS"],"items_purchased_type":[],"build_version":"2020-12-22","purchased_purges":1,"victory":false,"max_hp_per_floor":[75,75,75,75,75,75,75,75,75,75,75,75,75,75,75,75,75,75,75,80,80,80,80,80,80,80,80,80,80,80,80,80,80,80],"card_choices":[{"not_picked":["TheCursedMod:Wield","TheCursedMod:SpreadPlague"],"picked":"TheCursedMod:CursedAmulet","floor":1.0},{"not_picked":["TheCursedMod:CursedArmor","TheCursedMod:Stigma"],"picked":"TheCursedMod:CursedMace","floor":4.0},{"not_picked":["TheCursedMod:Mangle","TheCursedMod:CircleOfCorruption"],"picked":"TheCursedMod:AbyssShockwave","floor":5.0},{"not_picked":["TheCursedMod:Obscuration","TheCursedMod:BlessingInDisguise"],"picked":"TheCursedMod:ReleasedStrength","floor":8.0},{"not_picked":["TheCursedMod:ReleasedStrength","TheCursedMod:CursedRelics"],"picked":"TheCursedMod:SpitefulPlan","floor":11.0},{"not_picked":["TheCursedMod:SpitefulStrike","TheCursedMod:EmpowerCircles"],"picked":"TheCursedMod:SmokeScreen","floor":12.0},{"not_picked":["TheCursedMod:WearCloak","TheCursedMod:Torture"],"picked":"TheCursedMod:Neurasthenia","floor":13.0},{"not_picked":["TheCursedMod:CursedAmulet","TheCursedMod:CircleOfFlame"],"picked":"TheCursedMod:TacticalStrike","floor":14.0},{"not_picked":["TheCursedMod:Neurasthenia","TheCursedMod:StunningStrike"],"picked":"TheCursedMod:OutForBlood","floor":16.0},{"not_picked":["TheCursedMod:CircleOfFlame+1","TheCursedMod:Stigma+1"],"picked":"TheCursedMod:CursedArmor+1","floor":18.0},{"not_picked":["TheCursedMod:Evocation+1","TheCursedMod:CursedAmulet+1"],"picked":"TheCursedMod:RapidMovement","floor":19.0},{"not_picked":["TheCursedMod:FuryStrike+1","TheCursedMod:CursedShiv","TheCursedMod:SpitefulStrike"],"picked":"SKIP","floor":23.0},{"not_picked":["TheCursedMod:Stigma+1","TheCursedMod:SpitefulPlan+1","TheCursedMod:CircleOfCorruption"],"picked":"SKIP","floor":27.0},{"not_picked":["TheCursedMod:CircleOfFlame","TheCursedMod:Mangle"],"picked":"TheCursedMod:BlessingInDisguise+1","floor":28.0},{"not_picked":["TheCursedMod:TacticalStrike","TheCursedMod:Wield"],"picked":"TheCursedMod:Obscuration","floor":30},{"not_picked":["TheCursedMod:PrepareRite","TheCursedMod:Stigma"],"picked":"TheCursedMod:RavingStaff","floor":31}],"player_experience":564599,"relics_obtained":[{"floor":9.0,"key":"Akabeko"},{"floor":23.0,"key":"Anchor"},{"floor":26.0,"key":"Bag of Preparation"}],"event_choices":[{"cards_removed":["TheCursedMod:Strike_TheCursed"],"damage_healed":0.0,"max_hp_gain":0.0,"max_hp_loss":0.0,"gold_gain":0.0,"event_name":"The Cleric","player_choice":"Card Removal","floor":2.0,"gold_loss":50.0,"damage_taken":0.0},{"cards_removed":["TheCursedMod:Defend_TheCursed"],"damage_healed":0.0,"max_hp_gain":0.0,"max_hp_loss":0.0,"gold_gain":0.0,"event_name":"Golden Wing","player_choice":"Card Removal","floor":3.0,"gold_loss":0.0,"damage_taken":7.0},{"damage_healed":0.0,"max_hp_gain":0.0,"max_hp_loss":0.0,"gold_gain":0.0,"event_name":"NoteForYourself","player_choice":"Ignored","floor":10.0,"gold_loss":0.0,"damage_taken":0.0},{"damage_healed":0.0,"max_hp_gain":5.0,"max_hp_loss":0.0,"gold_gain":0.0,"event_name":"Forgotten Altar","player_choice":"Shed Blood","floor":20.0,"gold_loss":0.0,"damage_taken":19.0},{"damage_healed":0.0,"max_hp_gain":0.0,"max_hp_loss":0.0,"gold_gain":0.0,"cards_transformed":["TheCursedMod:Strike_TheCursed","TheCursedMod:Defend_TheCursed"],"event_name":"Drug Dealer","player_choice":"Became Test Subject","floor":21.0,"gold_loss":0.0,"damage_taken":0.0,"cards_obtained":["TheCursedMod:CircleOfBlood","TheCursedMod:OutForBlood"]},{"damage_healed":0.0,"max_hp_gain":0.0,"max_hp_loss":0.0,"gold_gain":99.0,"event_name":"Nest","player_choice":"Stole From Cult","floor":22.0,"gold_loss":0.0,"damage_taken":0.0},{"cards_removed":["TheCursedMod:OutForBlood"],"damage_healed":0.0,"max_hp_gain":0.0,"max_hp_loss":0.0,"gold_gain":0.0,"event_name":"Wheel of Change","player_choice":"Card Removal","floor":24.0,"gold_loss":0.0,"damage_taken":0.0},{"damage_healed":0,"gold_gain":0,"player_choice":"Copied","damage_taken":0,"max_hp_gain":0,"max_hp_loss":0,"event_name":"Duplicator","floor":29,"gold_loss":0,"cards_obtained":["TheCursedMod:CircleOfBlood"]}],"is_beta":false,"boss_relics":[{"not_picked":["Calling Bell","Runic Pyramid"],"picked":"energizedSpire:CursedPentagram"}],"items_purged_floors":[7],"is_endless":false,"potions_floor_spawned":[4,5,8,13,18,23,27,31],"killed_by":"Collector","ascension_level":0}}