{"host":"d6l8e539agfqi5o9","time":1614299206,"event":{"mods":["AchievementEnabler","BaseMod","Colored Map","Highlight Path","Minty Spire (QoL Compilation)","StSLib"],"gold_per_floor":[13,23,23,23,35,68,68,68,68,68,82,115,115,134,134,134,134],"floor_reached":16,"language":"ENG","playtime":684,"items_purged":[],"score":121,"play_id":"7539505f-35da-4ee6-a212-22c6a13fbca6","local_time":"20210225192646","is_ascension_mode":true,"campfire_choices":[{"floor":10,"key":"REST"},{"floor":15,"key":"REST"}],"circlet_count":0,"master_deck":["Strike_R","Strike_R","Strike_R","Defend_R","Defend_R","Defend_R","Defend_R","Bash","Pommel Strike","Heavy Blade","Sever Soul","Shrug It Off","True Grit","Shrug It Off","Inflame","Double Tap","Thunderclap"],"relics":["Burning Blood","Unceasing Top","Sundial","Self Forming Clay","Bag of Preparation"],"acts_visited":["Exordium"],"potions_floor_usage":[12,16],"damage_taken":[{"damage":13,"enemies":"Jaw Worm","floor":1,"turns":4},{"damage":10,"enemies":"Cultist","floor":2,"turns":4},{"damage":7,"enemies":"Small Slimes","floor":5,"turns":3},{"damage":56,"enemies":"Lagavulin","floor":6,"turns":10},{"damage":0,"enemies":"3 Louse","floor":11,"turns":4},{"damage":34,"enemies":"3 Sentries","floor":12,"turns":10},{"damage":23,"enemies":"Lots of Slimes","floor":14,"turns":5},{"damage":42,"enemies":"The Guardian","floor":16,"turns":11}],"seed_played":"1450718430390761961","potions_obtained":[{"floor":1,"key":"Regen Potion"},{"floor":12,"key":"Strength Potion"},{"floor":14,"key":"BlessingOfTheForge"}],"is_trial":false,"path_per_floor":["M","M","?","$","M","E","?","$","T","R","M","E","?","M","R","B"],"character_chosen":"IRONCLAD","items_purchased":[],"campfire_rested":2,"item_purchase_floors":[],"current_hp_per_floor":[73,69,69,69,68,18,18,18,18,42,48,35,35,18,42,0,0],"gold":134,"neow_bonus":"ONE_RARE_RELIC","is_daily":false,"chose_seed":false,"campfire_upgraded":0,"win_rate":0.0,"timestamp":1614299206,"path_taken":["M","M","?","?","M","E","?","$","T","R","M","E","?","M","R","BOSS"],"items_purchased_type":[],"build_version":"2020-12-22","purchased_purges":0,"victory":false,"max_hp_per_floor":[80,80,80,80,80,80,80,80,80,80,80,80,80,80,80,80,80],"card_choices":[{"not_picked":["Evolve","Wild Strike"],"picked":"Pommel Strike","floor":1},{"not_picked":["Clothesline","Bloodletting"],"picked":"Heavy Blade","floor":2},{"not_picked":["Clash","Anger"],"picked":"Shrug It Off","floor":5},{"not_picked":["Feed","Iron Wave"],"picked":"True Grit","floor":6},{"not_picked":["Feel No Pain","Sword Boomerang"],"picked":"Inflame","floor":11},{"not_picked":["Hemokinesis","Battle Trance","Warcry"],"picked":"SKIP","floor":12},{"not_picked":["Heavy Blade","Pommel Strike"],"picked":"Thunderclap","floor":14}],"player_experience":183941,"relics_obtained":[{"floor":6,"key":"Sundial"},{"floor":9,"key":"Self Forming Clay"},{"floor":12,"key":"Bag of Preparation"}],"event_choices":[{"damage_healed":0,"gold_gain":0,"cards_transformed":["Strike_R"],"player_choice":"Transformed","damage_taken":0,"max_hp_gain":0,"max_hp_loss":0,"event_name":"Transmorgrifier","floor":3,"gold_loss":0,"cards_obtained":["Sever Soul"]},{"damage_healed":0,"gold_gain":0,"cards_transformed":["Strike_R"],"player_choice":"Change","damage_taken":0,"max_hp_gain":0,"max_hp_loss":0,"event_name":"Living Wall","floor":7,"gold_loss":0,"cards_obtained":["Shrug It Off"]},{"damage_healed":0,"gold_gain":0,"player_choice":"1 cards matched","damage_taken":0,"max_hp_gain":0,"max_hp_loss":0,"event_name":"Match and Keep!","floor":13,"gold_loss":0,"cards_obtained":["Double Tap"]}],"is_beta":false,"boss_relics":[],"items_purged_floors":[],"is_endless":false,"potions_floor_spawned":[1,12,14],"killed_by":"The Guardian","ascension_level":2}}