{"host":"2psfthmeyefnuu1p","time":1614343319,"event":{"mods":["Aspiration","BaseMod","Challenge The Spire","Conspire","Downfall","Faster Ascension Climbing","GungeonMod","Hermit","Lobotomy","Minty Spire (QoL Compilation)","Quick Restart","Replay The Spire","Robot Space Explorer","RumiaBox-露米娅的神秘盒子","Spicy Shops","StSLib","The Administrix","The Bladedancer","The Bug Knight","The Construct","The Cursed","The Gatherer","The Hayseed","The Jungle","The Runesmith","The Servant 0.9.4","TheWitcher","Uncapped","WarShipGirlsR/战舰少女R mod","[IsaacMod]以撒尖塔","noobMod","【功能Mod】混沌之环修复补丁","篝火指南"],"gold_per_floor":[132,146,166,184,63,63,94,94,117,117,130,164,178,189,25,123,123,140,158,257,257,123,158,70,95,122,122,122,179,104,104,6,104,104,120,133,200,222,250,111,127,127,150,160,160,84,125,49,49,49,49,49,49,75,75],"floor_reached":56,"language":"ZHS","playtime":3423,"items_purged":["ReplayTheSpireMod:Doomed","SnafuTest:CurseSurrender"],"score":1660,"play_id":"3eae5881-35ad-461c-b998-f9be586170f0","local_time":"20210226204159","is_ascension_mode":true,"campfire_choices":[{"floor":6,"key":"RECALL"},{"floor":8,"key":"REST"}],"circlet_count":0,"master_deck":["DemoMod:DoubleSwitch","DemoMod:FortunesFavor","DemoMod:TeaPot","DemoMod:HardPowerCard","DemoMod:FastSwitch","DemoMod:BoxingGlove","DemoMod:ZorGun","DemoMod:ShadowBullets","DemoMod:StickyCrossBow","Sadistic Nature","DemoMod:GunslingerForm","DemoMod:SpreadAmmo+1","DemoMod:FastSwitch+1","DemoMod:Eureka+1","DemoMod:StickyCrossBow","DemoMod:StickyCrossBow","conspire:Banana","DemoMod:AbyssalTentacle","DemoMod:TripleGun","DemoMod:BlankBullets","DemoMod:EasyReloadBullets+1","Apotheosis","DemoMod:JK47","DemoMod:TripleGun","DemoMod:FullFirepower","DemoMod:PotionOfGunFriendShip+1","DemoMod:BalloonGun","DemoMod:HuntsMan","DemoMod:Camera+1","Panacea","DemoMod:RadGun+1","DemoMod:EasyReloadBullets+1","DemoMod:TeaPot+1","DemoMod:BlankBullets","DemoMod:ShadowBullets+1","DemoMod:DoubleVision","DemoMod:JK47+1","DemoMod:PotionOfGunFriendShip+1","DemoMod:BattleInHaste+1","DemoMod:AC15","DemoMod:ThirdPartyController","DemoMod:BalloonGun","DemoMod:ThirdPartyController","DemoMod:BalloonGun","DemoMod:Gungine","DemoMod:Elimentaler","DemoMod:Gungine","DemoMod:TeaPot+1"],"relics":["DemoMod:Dog","HushsDoor","ice","SteamSale","DemoMod:Test1","conspire:SpecialSausage","DemoMod:SerJunkan","DemoMod:Junk","GodSword3","ClockworkSouvenir","Astrolabe","aspiration:RitualStick","GodSword5","DemoMod:ClearGuonStone","Potion Belt","aspiration:Lifesprig","Replay:Wax Seal","HandDrill","Cursed Key","DemoMod:GlassGuonStoneRelic","ReplayTheSpireMod:CursedCoin","DemoMod:Metronome","Blue Doll","DemoMod:MeatBun","Membership Card","DollysMirror","Mercury Hourglass","Garlic","Simple Rune","BelialBook","TheBean","GuppysTail","Lee\u0027s Waffle","DemoMod:PortableTableDevice","conspire:Dentures","SnafuTest:BearRelic","aspiration:StickyExplosives","DemoMod:GreenGuonStone","Strange Spoon","Orrery","Strawberry","DemoMod:RatBoots","Chemical X","DemoMod:GundromedaStrain","HollowMod:PaleOreRelic","SumBook"],"acts_visited":["Exordium","TheCity","TheBeyond","TheEnding"],"potions_floor_usage":[4,16,16,29,35,50,50,50,55,55],"damage_taken":[{"damage":11,"enemies":"Cultist","floor":1,"turns":4},{"damage":0,"enemies":"Small Slimes","floor":2,"turns":3},{"damage":12,"enemies":"Jaw Worm","floor":3,"turns":4},{"damage":0,"enemies":"3 Louse","floor":4,"turns":1},{"damage":40,"enemies":"Gremlin Nob","floor":7,"turns":5},{"damage":2,"enemies":"2 Fungi Beasts","floor":11,"turns":3},{"damage":18,"enemies":"3 Sentries","floor":12,"turns":6},{"damage":3,"enemies":"Looter","floor":13,"turns":3},{"damage":0,"enemies":"Blue Slaver","floor":14,"turns":2},{"damage":30,"enemies":"The Guardian","floor":16,"turns":6},{"damage":24,"enemies":"conspire:FuzzyDice","floor":18,"turns":4},{"damage":8,"enemies":"Shell Parasite","floor":19,"turns":2},{"damage":29,"enemies":"Replay:Snechameleon","floor":23,"turns":4},{"damage":0,"enemies":"Book of Stabbing","floor":25,"turns":2},{"damage":9,"enemies":"Collector","floor":33,"turns":4},{"damage":0,"enemies":"3 Darklings","floor":35,"turns":2},{"damage":0,"enemies":"Orb Walker","floor":36,"turns":1},{"damage":0,"enemies":"Jaw Worm Horde","floor":38,"turns":2},{"damage":0,"enemies":"conspire:MimicChest","floor":39,"turns":2},{"damage":0,"enemies":"Spire Growth","floor":41,"turns":3},{"damage":0,"enemies":"Maw","floor":44,"turns":3},{"damage":0,"enemies":"HollowMod:StalkingDevout","floor":47,"turns":4},{"damage":0,"enemies":"Awakened One","floor":50,"turns":5},{"damage":0,"enemies":"Shield and Spear","floor":54,"turns":1},{"damage":0,"enemies":"LittleHush","floor":55,"turns":8}],"seed_played":"-4090675368364925431","potions_obtained":[{"floor":1,"key":"AttackPotion"},{"floor":7,"key":"Milkshake"},{"floor":13,"key":"FearPotion"},{"floor":14,"key":"DemoMod:LeadSkinPotion"},{"floor":25,"key":"Toxic Potion"},{"floor":29,"key":"Fruit Juice"},{"floor":33,"key":"BlessingOfTheForge"},{"floor":35,"key":"Fruit Juice"},{"floor":39,"key":"Block Potion"},{"floor":44,"key":"Fire Potion"},{"floor":54,"key":"FearPotion"}],"is_trial":false,"path_per_floor":["M","M","M","M","$","R","E","R","T","T","M","E","M","M","R","B",null,"M","M","?","?","$","E","R","E","T","?","$","?","$","?","R","B",null,"M","M","$","M","?","R","M","R","T","M","?","R","E","$","R","B",null,"R","$","E","B",null],"character_chosen":"HUNTRESS","items_purchased":["DemoMod:SerJunkan","ClockworkSouvenir","Sadistic Nature","conspire:Banana","DemoMod:AbyssalTentacle","DemoMod:TripleGun","Apotheosis","Potion Belt","Replay:Wax Seal","HandDrill","ReplayTheSpireMod:CursedCoin","DemoMod:BalloonGun","DemoMod:Metronome","DemoMod:Camera+1","Panacea","DemoMod:MeatBun","Membership Card","DollysMirror","Mercury Hourglass","Garlic","Simple Rune","BelialBook","DemoMod:ShadowBullets+1","DemoMod:DoubleVision","PowerPotion","Milkshake","Reflective Coating","Flashbang","TheBean","GuppysTail","Lee\u0027s Waffle","DemoMod:PortableTableDevice","conspire:Dentures","SnafuTest:BearRelic","aspiration:StickyExplosives","DemoMod:GreenGuonStone","Strange Spoon","Orrery","Strawberry","DemoMod:RatBoots","Chemical X","DemoMod:GundromedaStrain","HollowMod:PaleOreRelic","SumBook"],"campfire_rested":1,"item_purchase_floors":[5,15,15,22,22,22,24,30,32,32,37,37,37,40,40,46,48,48,48,48,48,48,48,48,48,48,48,48,49,49,49,49,49,49,52,52,52,52,53,53,53,53,53,53],"current_hp_per_floor":[59,59,47,47,47,47,7,28,28,28,26,8,5,70,70,40,84,60,52,52,34,34,97,97,98,98,98,98,79,79,64,64,56,111,117,117,117,117,118,118,118,118,118,120,120,123,123,123,133,134,137,137,144,144,146],"gold":75,"neow_bonus":"DOUBLE_BOSS_RELIC","is_daily":false,"chose_seed":false,"campfire_upgraded":0,"win_rate":0.0,"timestamp":1614343319,"path_taken":["M","?","M","?","$","R","E","R","T","?","M","E","?","M","R","BOSS","M","M","?","?","$","E","R","E","T","?","$","?","$","?","R","BOSS","M","?","$","?","?","R","M","R","T","M","?","R","E","$","R","BOSS","R","$","E","BOSS"],"items_purchased_type":["Relic","Relic","Card","Card","Card","Card","Card","Relic","Relic","Relic","Relic","Card","Relic","Card","Card","Relic","Relic","Relic","Relic","Relic","Relic","Relic","Card","Card","Potion","Potion","Potion","Potion","Relic","Relic","Relic","Relic","Relic","Relic","Relic","Relic","Relic","Relic","Relic","Relic","Relic","Relic","Relic","Relic"],"build_version":"2020-12-22","purchased_purges":2,"victory":true,"max_hp_per_floor":[70,70,70,70,70,70,70,70,70,70,70,70,70,70,70,84,84,87,89,89,89,89,99,99,100,100,100,100,105,105,105,105,111,111,117,117,117,118,119,119,120,120,120,123,123,123,126,126,133,137,137,137,144,144,146],"card_choices":[{"not_picked":[],"picked":"ChaosCard","floor":0},{"not_picked":["DemoMod:AC15","DemoMod:SpreadAmmo"],"picked":"DemoMod:DoubleSwitch","floor":1},{"not_picked":["DemoMod:CursedBullets","DemoMod:ThirdPartyController"],"picked":"DemoMod:FortunesFavor","floor":2},{"not_picked":["DemoMod:BattleInHaste","DemoMod:SAA"],"picked":"DemoMod:TeaPot","floor":3},{"not_picked":["DemoMod:JK47","DemoMod:GunstockTap"],"picked":"DemoMod:HardPowerCard","floor":4},{"not_picked":["DemoMod:GunstockTap","DemoMod:DoubleSwitch"],"picked":"DemoMod:FastSwitch","floor":7},{"not_picked":["DemoMod:FastSwitch","DemoMod:AC15"],"picked":"DemoMod:BoxingGlove","floor":11},{"not_picked":["DemoMod:Unmoved","DemoMod:EasyReloadBullets"],"picked":"DemoMod:ZorGun","floor":12},{"not_picked":["DemoMod:StickyCrossBow","DemoMod:MachoBrace"],"picked":"DemoMod:ShadowBullets","floor":13},{"not_picked":["DemoMod:BattleInHaste","DemoMod:BoxingGlove"],"picked":"DemoMod:StickyCrossBow","floor":14},{"not_picked":["DemoMod:DarkMarker","DemoMod:Slinger"],"picked":"DemoMod:GunslingerForm","floor":16},{"not_picked":["DemoMod:MachoBrace","DemoMod:ConditionalReflex"],"picked":"DemoMod:StickyCrossBow","floor":18},{"not_picked":["DemoMod:EasyReloadBullets","DemoMod:DirectionalPad"],"picked":"DemoMod:StickyCrossBow","floor":19},{"not_picked":["DemoMod:ZorGun+1","DemoMod:BoxingGlove"],"picked":"DemoMod:BlankBullets","floor":23},{"not_picked":["DemoMod:AC15","DemoMod:BoxingGlove+1"],"picked":"DemoMod:EasyReloadBullets+1","floor":23},{"not_picked":["DemoMod:FortunesFavor","DemoMod:DirectionalPad","DemoMod:AC15+1"],"picked":"SKIP","floor":25},{"not_picked":["DemoMod:ChanceBullets","DemoMod:HardPowerCard"],"picked":"DemoMod:JK47","floor":29},{"not_picked":["DemoMod:SAA","DemoMod:SniperShot+1"],"picked":"DemoMod:TripleGun","floor":29},{"not_picked":["DemoMod:DoubleVision","DemoMod:Eureka"],"picked":"DemoMod:FullFirepower","floor":33},{"not_picked":["DemoMod:BattleInHaste","DemoMod:DirectionalPad","DemoMod:SniperShot+1"],"picked":"SKIP","floor":35},{"not_picked":["DemoMod:Camera","DemoMod:ZorGun+1"],"picked":"DemoMod:PotionOfGunFriendShip+1","floor":36},{"not_picked":["DemoMod:AbyssalTentacle+1","DemoMod:BattleInHaste"],"picked":"DemoMod:HuntsMan","floor":38},{"not_picked":["DemoMod:HungryBullets+1","DemoMod:BattleInHaste"],"picked":"DemoMod:RadGun+1","floor":41},{"not_picked":["DemoMod:ConditionalReflex","DemoMod:StickyCrossBow+1"],"picked":"DemoMod:EasyReloadBullets+1","floor":44},{"not_picked":["DemoMod:TripleGun+1","DemoMod:RadGun"],"picked":"DemoMod:TeaPot+1","floor":47},{"not_picked":["DemoMod:Rummage+1","DemoMod:SpreadAmmo"],"picked":"DemoMod:JK47+1","floor":52},{"not_picked":["DemoMod:SAA+1","DemoMod:FastSwitch+1"],"picked":"DemoMod:PotionOfGunFriendShip+1","floor":52},{"not_picked":["DemoMod:ChanceBullets","DemoMod:Unmoved"],"picked":"DemoMod:BattleInHaste+1","floor":52},{"not_picked":["DemoMod:BattleInHaste+1","DemoMod:ThirdPartyController"],"picked":"DemoMod:AC15","floor":52},{"not_picked":["DemoMod:MachoBrace+1","DemoMod:JK47+1"],"picked":"DemoMod:TeaPot+1","floor":54}],"player_experience":167557,"relics_obtained":[{"floor":7,"key":"DemoMod:Junk"},{"floor":10,"key":"GodSword3"},{"floor":12,"key":"DemoMod:Junk"},{"floor":23,"key":"GodSword5"},{"floor":25,"key":"DemoMod:Junk"},{"floor":26,"key":"DemoMod:ClearGuonStone"},{"floor":29,"key":"DemoMod:Junk"},{"floor":39,"key":"DemoMod:Junk"},{"floor":43,"key":"Blue Doll"},{"floor":47,"key":"DemoMod:Junk"},{"floor":54,"key":"DemoMod:Junk"}],"event_choices":[{"damage_healed":0,"gold_gain":99,"player_choice":"Stole From Cult","damage_taken":0,"max_hp_gain":0,"max_hp_loss":0,"event_name":"Nest","floor":20,"gold_loss":0},{"damage_healed":0,"gold_gain":0,"player_choice":"Ignored","damage_taken":0,"max_hp_gain":0,"max_hp_loss":0,"event_name":"Beggar","floor":27,"gold_loss":0},{"cards_removed":["DemoMod:ManualReload"],"damage_healed":0,"gold_gain":0,"player_choice":"Removed Skill","damage_taken":0,"max_hp_gain":0,"max_hp_loss":0,"event_name":"Falling","floor":45,"gold_loss":0}],"is_beta":false,"boss_relics":[{"not_picked":["aspiration:RunicSpoon","conspire:RunicOctahedron"],"picked":"Astrolabe"},{"not_picked":[]},{"not_picked":["Honey Jar","Kintsugi"],"picked":"Cursed Key"},{"not_picked":[]}],"items_purged_floors":[48,48],"is_endless":false,"potions_floor_spawned":[1,7,12,13,14,25,33,35,39,44,54],"ascension_level":2}}