{"host":"eoar8rbrvmits2sz","time":1614374150,"event":{"mods":["BaseMod","Minty Spire (QoL Compilation)","Rare Cards Sparkle"],"gold_per_floor":[217,86,11,31,42,79,109,109,132,169,228,242,276,64,64,152,224,237,45,65,65,85,85,85,85,111,111,153,180,197,233,233,319,346,357,88,88,107,122,122,122],"floor_reached":40,"language":"ENG","playtime":2208,"items_purged":["Strike_G","Skewer"],"score":984,"play_id":"4b36d093-9cf6-4c1f-872d-c89b37023f9b","local_time":"20210226151550","is_ascension_mode":true,"campfire_choices":[{"floor":8.0,"key":"REST"},{"data":"Blade Dance","floor":15.0,"key":"SMITH"},{"data":"Venomology","floor":23.0,"key":"SMITH"},{"data":"PiercingWail","floor":25.0,"key":"SMITH"},{"data":"Noxious Fumes","floor":32,"key":"SMITH"}],"circlet_count":0,"master_deck":["AscendersBane","Survivor","Neutralize","Blade Dance+1","PiercingWail","Venomology+1","PiercingWail+1","Burst","Corpse Explosion","Outmaneuver","Corpse Explosion","Underhanded Strike","Die Die Die","Noxious Fumes+1","Acrobatics","Footwork","Ghostly","Ghostly","Ghostly","Bouncing Flask+1","Malaise","Heel Hook+1","Glass Knife+1","Catalyst+1","Acrobatics+1"],"relics":["Ring of the Snake","CeramicFish","MealTicket","Akabeko","Lizard Tail","Calipers","Toy Ornithopter","Pandora\u0027s Box","OrangePellets","Bag of Marbles","Strawberry","Omamori","Bird Faced Urn","Astrolabe","Happy Flower"],"acts_visited":["Exordium","TheCity","TheBeyond"],"potions_floor_usage":[30,31,31,33,35,38,40,40,40],"damage_taken":[{"damage":0.0,"enemies":"Jaw Worm","floor":1.0,"turns":4.0},{"damage":0.0,"enemies":"Small Slimes","floor":4.0,"turns":4.0},{"damage":0.0,"enemies":"2 Louse","floor":5.0,"turns":3.0},{"damage":55.0,"enemies":"Lagavulin","floor":6.0,"turns":10.0},{"damage":0.0,"enemies":"Gremlin Nob","floor":10.0,"turns":2.0},{"damage":3.0,"enemies":"Blue Slaver","floor":12.0,"turns":3.0},{"damage":15.0,"enemies":"3 Sentries","floor":13.0,"turns":10.0},{"damage":4.0,"enemies":"The Guardian","floor":16.0,"turns":14.0},{"damage":0.0,"enemies":"3 Byrds","floor":18.0,"turns":2.0},{"damage":4.0,"enemies":"2 Thieves","floor":20.0,"turns":2.0},{"damage":0.0,"enemies":"Cultist and Chosen","floor":22.0,"turns":2.0},{"damage":9.0,"enemies":"Slavers","floor":28.0,"turns":2.0},{"damage":0,"enemies":"Snake Plant","floor":30,"turns":1},{"damage":57,"enemies":"Book of Stabbing","floor":31,"turns":6},{"damage":25,"enemies":"Automaton","floor":33,"turns":9},{"damage":1,"enemies":"Orb Walker","floor":35,"turns":3},{"damage":9,"enemies":"3 Darklings","floor":38,"turns":4},{"damage":13,"enemies":"4 Shapes","floor":39,"turns":7},{"damage":98,"enemies":"Giant Head","floor":40,"turns":8}],"seed_played":"-6304106055350998434","potions_obtained":[{"floor":1.0,"key":"SneckoOil"},{"floor":6.0,"key":"AttackPotion"},{"floor":12.0,"key":"Energy Potion"},{"floor":13.0,"key":"ColorlessPotion"},{"floor":22.0,"key":"SkillPotion"},{"floor":33,"key":"Ancient Potion"},{"floor":35,"key":"Swift Potion"}],"is_trial":false,"path_per_floor":["M","$","?","M","M","E","?","R","T","E","?","M","E","$","R","B",null,"M","$","M","T","M","R","$","R","T","?","E","?","M","E","R","B",null,"M","$","?","M","M","E"],"character_chosen":"THE_SILENT","items_purchased":["Blade Dance","PiercingWail","Toy Ornithopter","Noxious Fumes","OrangePellets","Happy Flower"],"campfire_rested":1,"item_purchase_floors":[2,14,14,19,19,36],"current_hp_per_floor":[59,59,59,59,59,4,4,23,23,23,23,20,5,20,20,26,56,56,66,62,62,62,62,66,66,73,73,64,36,36,18,18,2,28,36,36,46,42,33,0,0],"gold":122,"neow_bonus":"HUNDRED_GOLD","is_daily":false,"chose_seed":false,"campfire_upgraded":4,"win_rate":0.0,"timestamp":1614374150,"path_taken":["M","$","?","M","M","E","?","R","T","E","?","?","E","?","R","BOSS","M","$","?","?","M","R","$","R","T","?","E","?","M","E","R","BOSS","M","$","?","M","M","E"],"items_purchased_type":["Card","Card","Relic","Card","Relic","Relic"],"build_version":"2020-12-22","purchased_purges":2,"victory":false,"max_hp_per_floor":[66,66,66,66,66,66,66,66,66,66,66,66,66,66,66,66,66,66,66,66,66,66,66,66,66,73,73,73,36,36,36,36,36,36,36,36,46,46,46,46,46],"card_choices":[{"not_picked":["Eviscerate","Cloak And Dagger"],"picked":"Dash","floor":1.0},{"not_picked":["Dash","Bouncing Flask"],"picked":"Blade Dance","floor":4.0},{"not_picked":["Flying Knee","Acrobatics"],"picked":"Skewer","floor":5.0},{"not_picked":["Infinite Blades","Dagger Spray"],"picked":"PiercingWail","floor":6.0},{"not_picked":["Poisoned Stab","Prepared"],"picked":"Venomology","floor":10.0},{"not_picked":["Endless Agony","Poisoned Stab","Tactician"],"picked":"SKIP","floor":12.0},{"not_picked":["Acrobatics","Prepared","Quick Slash"],"picked":"SKIP","floor":13.0},{"not_picked":["Doppelganger","Tools of the Trade"],"picked":"Burst","floor":16.0},{"not_picked":["Caltrops","Dagger Spray","Deadly Poison"],"picked":"SKIP","floor":18.0},{"not_picked":["Backstab","Deflect","Dagger Throw"],"picked":"SKIP","floor":20.0},{"not_picked":["Deflect","Deadly Poison"],"picked":"Acrobatics","floor":22.0},{"not_picked":["Noxious Fumes+1","Choke+1"],"picked":"Footwork","floor":28.0},{"not_picked":["Noxious Fumes","Slice","Blade Dance"],"picked":"SKIP","floor":30},{"not_picked":["Storm of Steel","Terror"],"picked":"Bouncing Flask+1","floor":31},{"not_picked":["Unload","Bullet Time"],"picked":"Malaise","floor":33},{"not_picked":["Blade Dance","Flying Knee+1","Outmaneuver"],"picked":"SKIP","floor":35},{"not_picked":["Masterful Stab+1","Setup+1"],"picked":"Acrobatics+1","floor":38},{"not_picked":["Slice","Predator","Footwork"],"picked":"SKIP","floor":39}],"player_experience":1001478,"relics_obtained":[{"floor":6.0,"key":"CeramicFish"},{"floor":9.0,"key":"Akabeko"},{"floor":10.0,"key":"Lizard Tail"},{"floor":13.0,"key":"Calipers"},{"floor":21.0,"key":"Bag of Marbles"},{"floor":26.0,"key":"Strawberry"},{"floor":28.0,"key":"Omamori"},{"floor":31,"key":"Bird Faced Urn"}],"event_choices":[{"cards_removed":["Strike_G"],"damage_healed":0.0,"max_hp_gain":0.0,"max_hp_loss":0.0,"gold_gain":0.0,"event_name":"The Cleric","player_choice":"Card Removal","floor":3.0,"gold_loss":75.0,"damage_taken":0.0},{"damage_healed":0.0,"max_hp_gain":0.0,"max_hp_loss":0.0,"gold_gain":30.0,"event_name":"Dead Adventurer","player_choice":"Searched \u00272\u0027 times","floor":7.0,"gold_loss":0.0,"damage_taken":0.0,"relics_obtained":["MealTicket"]},{"damage_healed":0.0,"max_hp_gain":0.0,"max_hp_loss":0.0,"gold_gain":59.0,"event_name":"Golden Wing","player_choice":"Gained Gold","floor":11.0,"gold_loss":0.0,"damage_taken":0.0},{"cards_removed":["Grand Finale"],"damage_healed":0.0,"max_hp_gain":0.0,"max_hp_loss":0.0,"gold_gain":0.0,"event_name":"Back to Basics","player_choice":"Elegance","floor":27.0,"gold_loss":0.0,"damage_taken":0.0},{"damage_healed":0.0,"max_hp_gain":0.0,"max_hp_loss":37.0,"gold_gain":0.0,"event_name":"Ghosts","player_choice":"Became a Ghost","floor":29.0,"gold_loss":0.0,"damage_taken":0.0,"cards_obtained":["Ghostly","Ghostly","Ghostly"]},{"cards_removed":["Glass Knife"],"damage_healed":0,"gold_gain":0,"player_choice":"Offered Rare","damage_taken":0,"max_hp_gain":10,"max_hp_loss":0,"event_name":"Bonfire Elementals","floor":37,"gold_loss":0}],"is_beta":false,"boss_relics":[{"not_picked":["Velvet Choker","Calling Bell"],"picked":"Pandora\u0027s Box"},{"not_picked":["SacredBark","Empty Cage"],"picked":"Astrolabe"}],"items_purged_floors":[2,36],"is_endless":false,"potions_floor_spawned":[1,6,12,13,18,22,33,35,38],"killed_by":"Giant Head","ascension_level":20}}