{"host":"5ffrjkuvgrxgllwx","time":1614317657,"event":{"mods":["AchievementEnabler","BaseMod","Colored Map","Colored Powertips","Minty Spire (QoL Compilation)","Quick Restart","Rare Cards Sparkle","StSLib","everything is the same but u backflip on backflip"],"gold_per_floor":[111,124,199,124,148,148,176,192,192,219,31,47,47,65,65,142,142,153,153,153],"floor_reached":19,"language":"ENG","playtime":900,"items_purged":[],"score":374,"play_id":"2fb7f163-955d-440a-a38d-2a4cfe133892","local_time":"20210226003417","is_ascension_mode":true,"campfire_choices":[{"data":"WindmillStrike","floor":6,"key":"SMITH"},{"floor":15,"key":"REST"}],"circlet_count":0,"master_deck":["AscendersBane","Strike_P","Strike_P","Strike_P","Defend_P","Defend_P","Defend_P","Defend_P","Eruption","Vigilance","Prostrate","WindmillStrike+1","Prostrate","FearNoEvil","CutThroughFate","Protect","Tantrum","DevaForm","Protect"],"relics":["PureWater","NeowsBlessing","Ancient Tea Set","Gremlin Horn","Peace Pipe","Lantern","Blood Vial","Pantograph","VioletLotus"],"acts_visited":["Exordium","TheCity"],"potions_floor_usage":[10,16,16,18],"damage_taken":[{"damage":0,"enemies":"Jaw Worm","floor":1,"turns":1},{"damage":0,"enemies":"Cultist","floor":2,"turns":1},{"damage":0,"enemies":"Lagavulin","floor":7,"turns":1},{"damage":7,"enemies":"Small Slimes","floor":8,"turns":3},{"damage":24,"enemies":"3 Sentries","floor":10,"turns":10},{"damage":3,"enemies":"3 Louse","floor":12,"turns":4},{"damage":1,"enemies":"Lots of Slimes","floor":14,"turns":4},{"damage":32,"enemies":"Hexaghost","floor":16,"turns":7},{"damage":31,"enemies":"Shell Parasite","floor":18,"turns":5},{"damage":31,"enemies":"3 Byrds","floor":19,"turns":3}],"seed_played":"412661686735385630","potions_obtained":[{"floor":1,"key":"EssenceOfSteel"},{"floor":7,"key":"LiquidMemories"},{"floor":8,"key":"AttackPotion"},{"floor":14,"key":"ColorlessPotion"},{"floor":16,"key":"ColorlessPotion"}],"is_trial":false,"path_per_floor":["M","M","?","?","T","R","E","M","T","E","$","M","?","M","R","B",null,"M","M"],"character_chosen":"WATCHER","items_purchased":["Blood Vial","CutThroughFate"],"campfire_rested":1,"item_purchase_floors":[11,11],"current_hp_per_floor":[61,61,50,50,50,50,50,43,43,19,19,18,13,14,34,29,58,29,0,0],"gold":153,"neow_bonus":"THREE_ENEMY_KILL","is_daily":false,"chose_seed":false,"campfire_upgraded":1,"win_rate":0.0,"timestamp":1614317657,"path_taken":["M","M","?","?","?","R","E","?","T","E","?","M","?","M","R","BOSS","M","M"],"items_purchased_type":["Relic","Card"],"build_version":"2020-12-22","purchased_purges":0,"victory":false,"max_hp_per_floor":[68,68,68,68,68,68,68,68,68,68,68,68,68,68,68,68,68,68,68,68],"card_choices":[{"not_picked":["Conclude","Worship"],"picked":"Prostrate","floor":1},{"not_picked":["SashWhip","Fasting2"],"picked":"WindmillStrike","floor":2},{"not_picked":["Fasting2","EmptyFist","Weave"],"picked":"SKIP","floor":7},{"not_picked":["Nirvana","Meditate"],"picked":"Prostrate","floor":8},{"not_picked":["SashWhip","CarveReality"],"picked":"FearNoEvil","floor":10},{"not_picked":["EmptyBody","ClearTheMind"],"picked":"Protect","floor":12},{"not_picked":["ReachHeaven","Wireheading"],"picked":"Tantrum","floor":14},{"not_picked":["Brilliance","Omniscience"],"picked":"DevaForm","floor":16},{"not_picked":["Study","CrushJoints"],"picked":"Protect","floor":18}],"player_experience":1415941,"relics_obtained":[{"floor":5,"key":"Ancient Tea Set"},{"floor":7,"key":"Gremlin Horn"},{"floor":9,"key":"Peace Pipe"},{"floor":10,"key":"Lantern"}],"event_choices":[{"damage_healed":0,"gold_gain":75,"player_choice":"Gather Gold","damage_taken":11,"max_hp_gain":0,"max_hp_loss":0,"event_name":"World of Goop","floor":3,"gold_loss":0},{"cards_removed":["Strike_P"],"damage_healed":0,"gold_gain":0,"player_choice":"Card Removal","damage_taken":0,"max_hp_gain":0,"max_hp_loss":0,"event_name":"The Cleric","floor":4,"gold_loss":75},{"damage_healed":0,"gold_gain":0,"player_choice":"Success","damage_taken":5,"relics_obtained":["Pantograph"],"max_hp_gain":0,"max_hp_loss":0,"event_name":"Scrap Ooze","floor":13,"gold_loss":0}],"is_beta":false,"boss_relics":[{"not_picked":["Tiny House","Calling Bell"],"picked":"VioletLotus"}],"items_purged_floors":[],"is_endless":false,"potions_floor_spawned":[1,7,8,14,16],"killed_by":"3 Byrds","ascension_level":17}}