{"host":"z439itq93uucuvou","time":1614315343,"event":{"mods":["BaseMod","Colored Powertips","Downfall","Jorbs\u0027s Wanderer Trilogy","Minty Spire (QoL Compilation)","StSLib"],"gold_per_floor":[99,115,115,128,140,140,188,216,239,271,133,165,177,209,236,248,248,248],"floor_reached":16,"language":"ENG","playtime":735,"items_purged":[],"score":103,"play_id":"eff6de8f-a684-4e8a-adbf-1743efbbdf0e","local_time":"20210225205543","is_ascension_mode":true,"campfire_choices":[{"data":"1","floor":1.0,"key":"LIFT"},{"data":"bronze:FineTuning","floor":13.0,"key":"SMITH"}],"circlet_count":0,"master_deck":["bronze:Strike","bronze:Strike","bronze:Strike","bronze:Strike","bronze:Defend","bronze:Defend","bronze:Defend","bronze:Defend","bronze:Replicate","bronze:Goto","bronze:Philosophize","bronze:Repair","bronze:BitShift","bronze:Philosophize","bronze:WhirlingStrike","bronze:FineTuning+1","bronze:Overheat"],"relics":["bronze:BronzeCore","Girya","MawBank"],"acts_visited":["Exordium"],"potions_floor_usage":[],"damage_taken":[{"damage":1.0,"enemies":"Jaw Worm","floor":2.0,"turns":3.0},{"damage":3.0,"enemies":"Small Slimes","floor":4.0,"turns":3.0},{"damage":0.0,"enemies":"Cultist","floor":5.0,"turns":3.0},{"damage":0.0,"enemies":"Exordium Wildlife","floor":8.0,"turns":4.0},{"damage":4.0,"enemies":"Lots of Slimes","floor":9.0,"turns":3.0},{"damage":14.0,"enemies":"downfall:LooterAlt","floor":10.0,"turns":3.0},{"damage":10.0,"enemies":"Large Slime","floor":12.0,"turns":7.0},{"damage":16.0,"enemies":"Exordium Thugs","floor":14.0,"turns":5.0},{"damage":10.0,"enemies":"Blue Slaver","floor":15.0,"turns":4.0},{"damage":60,"enemies":"DF_ARCHETYPE_STREAMLINE","floor":16,"turns":6}],"seed_played":"1476860072500096443","potions_obtained":[{"floor":2.0,"key":"hexamod:SoulburnPotion"},{"floor":4.0,"key":"bronze:BuildAFunctionPotion"},{"floor":8.0,"key":"Guardian:BlockOnCardUsePotion"},{"floor":15.0,"key":"bronze:FreeFunctionsPotion"}],"is_trial":false,"path_per_floor":["R","M","?","M","M","?","T","M","M","M","?","M","R","M","M","B"],"character_chosen":"THE_AUTOMATON","items_purchased":[],"campfire_rested":0,"item_purchase_floors":[],"current_hp_per_floor":[63,62,67,64,68,68,68,68,64,57,78,74,74,58,55,0,0,0],"gold":248,"neow_bonus":"ONE_RARE_RELIC","is_daily":false,"chose_seed":false,"campfire_upgraded":1,"win_rate":0.0,"timestamp":1614315343,"path_taken":["R","M","?","M","M","?","T","M","M","?","?","M","R","M","M","BOSS"],"items_purchased_type":[],"build_version":"2020-12-22","purchased_purges":0,"victory":false,"max_hp_per_floor":[63,63,68,68,68,68,68,68,68,68,78,78,78,78,78,78,78,78],"card_choices":[{"not_picked":["bronze:OilSpill","bronze:GetLatest"],"picked":"bronze:Philosophize","floor":2.0},{"not_picked":["bronze:Shield","bronze:Boost"],"picked":"bronze:Repair","floor":4.0},{"not_picked":["bronze:Refactor","bronze:Shell"],"picked":"bronze:BitShift","floor":5.0},{"not_picked":["bronze:Deprecate","bronze:Shell"],"picked":"bronze:WhirlingStrike","floor":8.0},{"not_picked":["bronze:Allocate","bronze:Return"],"picked":"bronze:FineTuning","floor":9.0},{"not_picked":["bronze:Deprecate","bronze:DelayedSlice","bronze:WildBeam"],"picked":"SKIP","floor":10.0},{"not_picked":["bronze:Shell","bronze:WildBeam","bronze:CutThrough"],"picked":"SKIP","floor":12.0},{"not_picked":["bronze:DigitalCarnage","bronze:OilSpill","bronze:Backtrace"],"picked":"SKIP","floor":14.0},{"not_picked":["bronze:BurnOut","bronze:InfiniteBeams"],"picked":"bronze:Overheat","floor":15.0}],"player_experience":1764489,"relics_obtained":[{"floor":7.0,"key":"MawBank"}],"event_choices":[{"damage_healed":0.0,"max_hp_gain":5.0,"max_hp_loss":0.0,"gold_gain":0.0,"event_name":"Big Fish","player_choice":"Donut","floor":3.0,"gold_loss":0.0,"damage_taken":0.0}],"is_beta":false,"boss_relics":[],"items_purged_floors":[],"is_endless":false,"potions_floor_spawned":[2,4,8,15],"killed_by":"DF_ARCHETYPE_STREAMLINE","ascension_level":1}}