{"host":"0v07cr0k93jhgkpm","time":1614341610,"event":{"mods":["BaseMod","Colored Map","DeckTracker","Minty Spire (QoL Compilation)","Quick Restart","SuperFastMode"],"gold_per_floor":[114,189,203,35,52,52,67,67,67,67,82,114,114,126,126,126,126],"floor_reached":16,"language":"KOR","playtime":411,"items_purged":[],"score":204,"play_id":"2d059164-ad73-4dbd-893d-f39450f08828","local_time":"20210226211330","is_ascension_mode":true,"campfire_choices":[{"data":"Deadly Poison","floor":6.0,"key":"SMITH"},{"data":"Setup","floor":8.0,"key":"SMITH"},{"floor":10.0,"key":"REST"},{"floor":13,"key":"REST"},{"floor":15,"key":"REST"}],"circlet_count":0,"master_deck":["AscendersBane","Strike_G","Strike_G","Strike_G","Strike_G","Strike_G","Defend_G","Defend_G","Defend_G","Defend_G","Defend_G","Survivor","Neutralize","Dagger Spray","Deadly Poison+1","Setup+1","Dash","Flechettes","Acrobatics","PiercingWail","Cloak And Dagger"],"relics":["Ring of the Snake","NeowsBlessing","Dream Catcher","Bottled Lightning","Mercury Hourglass"],"acts_visited":["Exordium"],"potions_floor_usage":[11,12,16],"damage_taken":[{"damage":0.0,"enemies":"Jaw Worm","floor":1.0,"turns":1.0},{"damage":0.0,"enemies":"Small Slimes","floor":3.0,"turns":1.0},{"damage":0.0,"enemies":"Cultist","floor":5.0,"turns":1.0},{"damage":0.0,"enemies":"3 Louse","floor":7.0,"turns":3.0},{"damage":23,"enemies":"Gremlin Gang","floor":11,"turns":5},{"damage":35,"enemies":"Lagavulin","floor":12,"turns":7},{"damage":1,"enemies":"2 Fungi Beasts","floor":14,"turns":2},{"damage":53,"enemies":"The Guardian","floor":16,"turns":12}],"seed_played":"-4157387426316270471","potions_obtained":[{"floor":5.0,"key":"LiquidBronze"},{"floor":7.0,"key":"Ancient Potion"},{"floor":14,"key":"Strength Potion"}],"is_trial":false,"path_per_floor":["M","?","M","$","M","R","M","R","T","R","M","E","R","M","R","B"],"character_chosen":"THE_SILENT","items_purchased":["Dream Catcher"],"campfire_rested":3,"item_purchase_floors":[4],"current_hp_per_floor":[59,48,48,48,48,48,48,48,48,66,43,8,27,26,45,0,0],"gold":126,"neow_bonus":"THREE_ENEMY_KILL","is_daily":false,"chose_seed":false,"campfire_upgraded":2,"win_rate":0.0,"timestamp":1614341610,"path_taken":["M","?","M","$","M","R","M","R","T","R","M","E","R","M","R","BOSS"],"items_purchased_type":["Relic"],"build_version":"2020-12-22","purchased_purges":0,"victory":false,"max_hp_per_floor":[66,66,66,66,66,66,66,66,66,66,66,66,66,66,66,66,66],"card_choices":[{"not_picked":["Acrobatics","Setup"],"picked":"Dagger Spray","floor":1.0},{"not_picked":["Deflect","Slice","Prepared"],"picked":"SKIP","floor":3.0},{"not_picked":["Flying Knee","Outmaneuver"],"picked":"Deadly Poison","floor":5.0},{"not_picked":["Outmaneuver","Infinite Blades"],"picked":"Setup","floor":7.0},{"not_picked":["Malaise","Backstab"],"picked":"Dash","floor":10.0},{"not_picked":["Endless Agony","Accuracy"],"picked":"Flechettes","floor":11},{"not_picked":["Flechettes","Dagger Throw"],"picked":"Acrobatics","floor":12},{"not_picked":["Poisoned Stab","Finisher"],"picked":"PiercingWail","floor":13},{"not_picked":["Quick Slash","Poisoned Stab","Dodge and Roll"],"picked":"SKIP","floor":14},{"not_picked":["Accuracy","Sucker Punch"],"picked":"Cloak And Dagger","floor":15}],"player_experience":2521947,"relics_obtained":[{"floor":9.0,"key":"Bottled Lightning"},{"floor":12,"key":"Mercury Hourglass"}],"event_choices":[{"damage_healed":0.0,"max_hp_gain":0.0,"max_hp_loss":0.0,"gold_gain":75.0,"event_name":"World of Goop","player_choice":"Gather Gold","floor":2.0,"gold_loss":0.0,"damage_taken":11.0}],"is_beta":false,"boss_relics":[],"items_purged_floors":[],"is_endless":false,"potions_floor_spawned":[5,7,14],"killed_by":"The Guardian","ascension_level":20}}