{"host":"snggrqcauaf0m8fe","time":1614347274,"event":{"mods":["BaseMod","Minty Spire (QoL Compilation)","Quick Restart"],"gold_per_floor":[115,135,135,135,135,169,169,184,209,209,226,239,296,52,52,150,150,139,139,40,40,40,75,89,109,109,109,36,36,36,71,71,169,169,179,179,179,179,179,179,205,205,205,20,20,31,31,41,41,41],"floor_reached":51,"language":"ENG","playtime":2349,"items_purged":["Strike_B+1"],"score":1008,"play_id":"64a76e78-58e2-47de-854a-fcfe718b0b06","local_time":"20210226144754","is_ascension_mode":true,"campfire_choices":[{"data":"Dualcast","floor":7,"key":"SMITH"},{"data":"Zap","floor":10,"key":"SMITH"},{"data":"Double Energy","floor":15,"key":"SMITH"},{"data":"Defragment","floor":27,"key":"SMITH"},{"data":"Capacitor","floor":32,"key":"SMITH"},{"data":"Barrage","floor":40,"key":"SMITH"},{"data":"Redo","floor":42,"key":"SMITH"},{"data":"Chill","floor":47,"key":"SMITH"},{"data":"Skim","floor":49,"key":"SMITH"}],"circlet_count":0,"master_deck":["Strike_B+1","Defend_B+1","Defend_B+1","Defend_B+1","Defend_B+1","Zap+1","Dualcast+1","Skim+1","Barrage+1","Self Repair","Double Energy+1","Capacitor+1","Redo+1","Coolheaded+1","Defragment+1","Redo","Go for the Eyes","Barrage+1","Chill+1","Defragment+1","Buffer+1"],"relics":["FrozenCore","NeowsBlessing","Nunchaku","Letter Opener","Strawberry","MealTicket","Runic Capacitor","Frozen Egg 2","Singing Bowl","Enchiridion","Juzu Bracelet","SacredBark","Oddly Smooth Stone","Ginger","Membership Card","Bag of Marbles"],"acts_visited":["Exordium","TheCity","TheBeyond"],"potions_floor_usage":[13,23,41,50,50],"damage_taken":[{"damage":0,"enemies":"Small Slimes","floor":1,"turns":1},{"damage":0,"enemies":"2 Louse","floor":2,"turns":1},{"damage":0,"enemies":"Gremlin Nob","floor":6,"turns":1},{"damage":0,"enemies":"Jaw Worm","floor":8,"turns":3},{"damage":0,"enemies":"Blue Slaver","floor":11,"turns":2},{"damage":7,"enemies":"3 Louse","floor":12,"turns":2},{"damage":4,"enemies":"Gremlin Nob","floor":13,"turns":3},{"damage":32,"enemies":"The Guardian","floor":16,"turns":10},{"damage":23,"enemies":"2 Thieves","floor":18,"turns":4},{"damage":45,"enemies":"Slavers","floor":23,"turns":9},{"damage":0,"enemies":"Shell Parasite","floor":24,"turns":7},{"damage":1,"enemies":"Centurion and Healer","floor":25,"turns":8},{"damage":26,"enemies":"Gremlin Leader","floor":31,"turns":7},{"damage":0,"enemies":"Champ","floor":33,"turns":17},{"damage":0,"enemies":"3 Darklings","floor":35,"turns":9},{"damage":0,"enemies":"Nemesis","floor":41,"turns":13},{"damage":0,"enemies":"3 Shapes","floor":46,"turns":7},{"damage":5,"enemies":"3 Darklings","floor":48,"turns":7},{"damage":15,"enemies":"Time Eater","floor":50,"turns":7}],"seed_played":"-3017478535767032275","potions_obtained":[{"floor":11,"key":"PowerPotion"},{"floor":12,"key":"Dexterity Potion"},{"floor":16,"key":"Dexterity Potion"},{"floor":18,"key":"Fire Potion"},{"floor":24,"key":"Block Potion"},{"floor":25,"key":"Weak Potion"},{"floor":31,"key":"EssenceOfDarkness"},{"floor":36,"key":"FairyPotion"},{"floor":46,"key":"Regen Potion"}],"is_trial":false,"path_per_floor":["M","M","?","?","?","E","R","M","T","R","M","M","?","$","R","B",null,"M","?","$","?","?","E","M","M","T","R","$","?","$","E","R","B",null,"M","?","?","?","?","R","E","R","T","$","T","M","R","M","R","B",null],"character_chosen":"DEFECT","items_purchased":["Capacitor","Runic Capacitor","Redo","Defragment","Redo","Defragment+1","Membership Card"],"campfire_rested":0,"item_purchase_floors":[14,14,14,20,20,28,44],"current_hp_per_floor":[75,75,68,61,66,66,66,66,73,73,73,66,69,84,84,59,87,71,71,86,86,86,48,55,61,61,61,76,60,75,58,58,65,89,91,91,91,86,86,86,88,88,88,88,88,90,90,92,92,92],"gold":41,"neow_bonus":"THREE_ENEMY_KILL","is_daily":false,"chose_seed":false,"campfire_upgraded":9,"win_rate":0.0,"timestamp":1614347274,"path_taken":["M","M","?","?","?","E","R","?","T","R","M","M","?","$","R","BOSS","M","?","$","?","?","E","M","?","T","R","?","?","$","E","R","BOSS","M","?","?","?","?","R","E","R","T","$","?","M","R","M","R","BOSS"],"items_purchased_type":["Card","Relic","Card","Card","Card","Card","Relic"],"build_version":"2020-12-22","purchased_purges":1,"victory":true,"max_hp_per_floor":[75,75,75,75,80,80,80,80,87,87,87,87,87,87,87,87,87,87,87,87,87,87,87,87,87,87,87,87,87,87,89,89,89,89,91,91,91,86,86,86,88,88,88,88,88,90,90,92,92,92],"card_choices":[{"not_picked":["Leap","Ball Lightning","Fusion"],"picked":"SKIP","floor":1},{"not_picked":["Gash","Stack","Cold Snap"],"picked":"SKIP","floor":2},{"not_picked":["Conserve Battery","Electrodynamics","Rebound"],"picked":"SKIP","floor":6},{"not_picked":["Cold Snap","Turbo"],"picked":"Skim","floor":8},{"not_picked":["Force Field","Stack"],"picked":"Barrage","floor":11},{"not_picked":["Meteor Strike","Loop"],"picked":"Self Repair","floor":12},{"not_picked":["Coolheaded","Scrape"],"picked":"Double Energy","floor":13},{"not_picked":["Turbo","Redo"],"picked":"Coolheaded+1","floor":18},{"not_picked":["Sweeping Beam","Scrape"],"picked":"Barrage+1","floor":23},{"not_picked":["Static Discharge+1","Leap"],"picked":"Chill","floor":24},{"not_picked":["Barrage","Stack+1","Recycle"],"picked":"SKIP","floor":25},{"not_picked":["Go for the Eyes","Stack","Melter+1"],"picked":"Singing Bowl","floor":31},{"not_picked":["Machine Learning+1","Thunder Strike"],"picked":"Buffer+1","floor":33},{"not_picked":["Chill+1","Stack","Ball Lightning+1"],"picked":"Singing Bowl","floor":35},{"not_picked":["Gash","Cold Snap","Heatsinks+1"],"picked":"Singing Bowl","floor":41},{"not_picked":["Barrage","Hello World+1","Rebound+1"],"picked":"Singing Bowl","floor":46},{"not_picked":["Capacitor+1","Sweeping Beam+1","Core Surge"],"picked":"Singing Bowl","floor":48}],"player_experience":826231,"relics_obtained":[{"floor":6,"key":"Letter Opener"},{"floor":9,"key":"Strawberry"},{"floor":23,"key":"Frozen Egg 2"},{"floor":26,"key":"Singing Bowl"},{"floor":29,"key":"Enchiridion"},{"floor":31,"key":"Juzu Bracelet"},{"floor":41,"key":"Oddly Smooth Stone"},{"floor":43,"key":"Ginger"},{"floor":45,"key":"Bag of Marbles"}],"event_choices":[{"damage_healed":0,"gold_gain":0,"player_choice":"Success","damage_taken":7,"relics_obtained":["Nunchaku"],"max_hp_gain":0,"max_hp_loss":0,"event_name":"Scrap Ooze","floor":3,"gold_loss":0},{"cards_removed":["Strike_B"],"damage_healed":0,"gold_gain":0,"player_choice":"Card Removal","damage_taken":7,"max_hp_gain":0,"max_hp_loss":0,"event_name":"Golden Wing","floor":4,"gold_loss":0},{"damage_healed":0,"gold_gain":0,"player_choice":"Donut","damage_taken":0,"max_hp_gain":5,"max_hp_loss":0,"event_name":"Big Fish","floor":5,"gold_loss":0},{"damage_healed":0,"gold_gain":0,"player_choice":"Searched \u00273\u0027 times","damage_taken":0,"relics_obtained":["MealTicket"],"max_hp_gain":0,"max_hp_loss":0,"event_name":"Dead Adventurer","floor":13,"gold_loss":0},{"damage_healed":0,"gold_gain":0,"player_choice":"Ignored","damage_taken":0,"max_hp_gain":0,"max_hp_loss":0,"event_name":"Vampires","floor":19,"gold_loss":0},{"damage_healed":0,"gold_gain":0,"player_choice":"Simplicity","damage_taken":0,"max_hp_gain":0,"max_hp_loss":0,"event_name":"Back to Basics","floor":21,"gold_loss":0,"cards_upgraded":["Strike_B","Strike_B","Strike_B","Defend_B","Defend_B","Defend_B","Defend_B"]},{"damage_healed":0,"gold_gain":0,"player_choice":"1 cards matched","damage_taken":0,"max_hp_gain":0,"max_hp_loss":0,"event_name":"Match and Keep!","floor":22,"gold_loss":0,"cards_obtained":["Go for the Eyes"]},{"damage_healed":0,"gold_gain":0,"player_choice":"Obtained Book","damage_taken":16,"max_hp_gain":0,"max_hp_loss":0,"event_name":"Cursed Tome","floor":29,"gold_loss":0},{"damage_healed":0,"gold_gain":0,"player_choice":"Got Potions","damage_taken":0,"max_hp_gain":0,"max_hp_loss":0,"event_name":"Lab","floor":36,"gold_loss":0},{"damage_healed":0,"gold_gain":0,"player_choice":"Ignored","damage_taken":0,"max_hp_gain":0,"max_hp_loss":0,"event_name":"Tomb of Lord Red Mask","floor":37,"gold_loss":0},{"damage_healed":0,"gold_gain":0,"player_choice":"Max HP","damage_taken":0,"max_hp_gain":0,"max_hp_loss":5,"event_name":"Winding Halls","floor":38,"gold_loss":0},{"cards_removed":["Strike_B"],"damage_healed":0,"gold_gain":0,"player_choice":"Removed Attack","damage_taken":0,"max_hp_gain":0,"max_hp_loss":0,"event_name":"Falling","floor":39,"gold_loss":0}],"is_beta":false,"boss_relics":[{"not_picked":["Runic Dome","Nuclear Battery"],"picked":"FrozenCore"},{"not_picked":["Calling Bell","Black Star"],"picked":"SacredBark"}],"items_purged_floors":[44],"is_endless":false,"potions_floor_spawned":[11,12,16,18,24,25,31,46],"ascension_level":4}}