{"host":"y13mj1mxwnd5xx1x","time":1614303851,"event":{"mods":["AchievementEnabler","BaseMod","Minty Spire (QoL Compilation)"],"gold_per_floor":[114,129,144,144,159,189,189,219,269,269,299,299,314,314,314,439,439,458,458,477,199,218,218,218],"floor_reached":23,"language":"ENG","playtime":1279,"items_purged":["Injury"],"score":211,"play_id":"921c3ae9-6d51-474e-9c6b-d9d476b4698a","local_time":"20210225194411","daily_mods":["Chimera","Time Dilation","Elite Swarm"],"is_ascension_mode":false,"campfire_choices":[{"floor":7,"key":"REST"},{"floor":10,"key":"REST"},{"data":"Capacitor","floor":12,"key":"SMITH"},{"floor":15,"key":"REST"}],"circlet_count":0,"master_deck":["Bash","Survivor","Zap","Eruption","Strike_R","Strike_G","Strike_B","Defend_R","Defend_G","Defend_P","Skim","Ball Lightning","Consume+1","Capacitor+1","Biased Cognition","Electrodynamics","Buffer","Genetic Algorithm","Seek","CurseOfTheBell","Fusion","Barrage","BootSequence","Leap","Steam"],"relics":["Cracked Core","Bag of Preparation","Happy Flower","Potion Belt","Bag of Marbles","Golden Idol","Calling Bell","Akabeko","Question Card","Gambling Chip","Lee\u0027s Waffle"],"acts_visited":["Exordium","TheCity"],"potions_floor_usage":[6,13,18,20],"damage_taken":[{"damage":0,"enemies":"2 Louse","floor":1,"turns":3},{"damage":0,"enemies":"Small Slimes","floor":2,"turns":2},{"damage":6,"enemies":"Jaw Worm","floor":3,"turns":2},{"damage":12,"enemies":"3 Louse","floor":5,"turns":2},{"damage":32,"enemies":"Gremlin Nob","floor":6,"turns":4},{"damage":23,"enemies":"3 Sentries","floor":8,"turns":6},{"damage":19,"enemies":"Gremlin Nob","floor":11,"turns":4},{"damage":10,"enemies":"Looter","floor":13,"turns":4},{"damage":8,"enemies":"The Guardian","floor":16,"turns":8},{"damage":20,"enemies":"Spheric Guardian","floor":18,"turns":4},{"damage":33,"enemies":"Shell Parasite","floor":20,"turns":7},{"damage":8,"enemies":"Cultist and Chosen","floor":22,"turns":6},{"damage":79,"enemies":"Book of Stabbing","floor":23,"turns":7}],"seed_played":"4728103701414758894","potions_obtained":[{"floor":2,"key":"SteroidPotion"},{"floor":3,"key":"Swift Potion"},{"floor":6,"key":"FocusPotion"},{"floor":13,"key":"Fruit Juice"},{"floor":18,"key":"CultistPotion"},{"floor":22,"key":"SpeedPotion"}],"is_trial":false,"path_per_floor":["M","M","M","?","M","E","R","E","T","R","E","R","M","?","R","B",null,"M","?","M","$","M","E"],"character_chosen":"DEFECT","items_purchased":["Lee\u0027s Waffle","Leap"],"campfire_rested":3,"item_purchase_floors":[21,21],"current_hp_per_floor":[75,75,69,69,57,25,47,24,24,46,27,27,22,22,46,38,80,60,60,27,87,79,0,0],"gold":218,"neow_bonus":"","is_daily":true,"chose_seed":false,"campfire_upgraded":1,"win_rate":0.0,"timestamp":1614303851,"path_taken":["M","M","M","?","M","E","R","E","T","R","E","R","M","?","R","BOSS","M","?","M","$","M","E"],"items_purchased_type":["Relic","Card"],"build_version":"2020-12-22","purchased_purges":1,"victory":false,"max_hp_per_floor":[75,75,75,75,75,75,75,75,75,75,75,75,80,80,80,80,80,80,80,80,87,87,87,87],"card_choices":[{"not_picked":["Go for the Eyes","Hologram"],"picked":"Skim","floor":1},{"not_picked":["Redo","Sweeping Beam"],"picked":"Ball Lightning","floor":2},{"not_picked":["Compile Driver","Scrape"],"picked":"Consume","floor":3},{"not_picked":["Coolheaded","Undo"],"picked":"Capacitor","floor":5},{"not_picked":["Machine Learning","Hyperbeam"],"picked":"Biased Cognition","floor":6},{"not_picked":["Multi-Cast","Meteor Strike"],"picked":"Electrodynamics","floor":8},{"not_picked":["Fission","Core Surge"],"picked":"Buffer","floor":11},{"not_picked":["Rebound","Chaos"],"picked":"Genetic Algorithm","floor":13},{"not_picked":["Multi-Cast","Meteor Strike"],"picked":"Seek","floor":16},{"not_picked":["Melter","Cold Snap","Heatsinks"],"picked":"Fusion","floor":18},{"not_picked":["Gash","Fission","Barrage"],"picked":"BootSequence","floor":20},{"not_picked":["Beam Cell","Fusion","Gash"],"picked":"Steam","floor":22}],"player_experience":226230,"relics_obtained":[{"floor":6,"key":"Bag of Preparation"},{"floor":8,"key":"Happy Flower"},{"floor":9,"key":"Potion Belt"},{"floor":11,"key":"Bag of Marbles"},{"floor":17,"key":"Akabeko"},{"floor":17,"key":"Question Card"},{"floor":17,"key":"Gambling Chip"}],"event_choices":[{"damage_healed":0,"gold_gain":0,"player_choice":"Grow","damage_taken":0,"max_hp_gain":0,"max_hp_loss":0,"event_name":"Living Wall","floor":4,"gold_loss":0,"cards_upgraded":["Consume"]},{"damage_healed":0,"gold_gain":0,"player_choice":"Take Wound","damage_taken":0,"relics_obtained":["Golden Idol"],"max_hp_gain":0,"max_hp_loss":0,"event_name":"Golden Idol","floor":14,"gold_loss":0,"cards_obtained":["Injury"]},{"damage_healed":0,"gold_gain":0,"player_choice":"Read","damage_taken":0,"max_hp_gain":0,"max_hp_loss":0,"event_name":"The Library","floor":19,"gold_loss":0,"cards_obtained":["Barrage"]}],"is_beta":false,"boss_relics":[{"not_picked":["Runic Dome","Coffee Dripper"],"picked":"Calling Bell"}],"items_purged_floors":[21],"is_endless":false,"potions_floor_spawned":[2,3,6,13,18,22],"killed_by":"Book of Stabbing","ascension_level":0}}