{"host":"9l1knhxfturzliqa","time":1614320524,"event":{"mods":["AchievementEnabler","BaseMod","Colored Map","Colored Powertips","DeckTracker","Highlight Path","Keyboard Shortcuts","Minty Spire (QoL Compilation)","Random Character Button"],"gold_per_floor":[115,130,280,280,290,290,290,290,290,215,290,290,316,330,330,408,408,420,451,9,22,32,57,69,69,69,69,85,85,105,130,130,205,205,224,244,69,69,69,69,69],"floor_reached":40,"language":"KOR","playtime":2977,"items_purged":["Strike_B","Shame"],"score":996,"play_id":"a4a4526d-d841-4437-b1e0-2729c4e094bd","local_time":"20210226152204","is_ascension_mode":true,"campfire_choices":[{"data":"Zap","floor":6.0,"key":"SMITH"},{"floor":8.0,"key":"REST"},{"floor":12.0,"key":"REST"},{"data":"Dualcast","floor":15.0,"key":"SMITH"},{"floor":25.0,"key":"REST"},{"data":"Chrysalis","floor":29.0,"key":"SMITH"},{"floor":32.0,"key":"REST"}],"circlet_count":0,"master_deck":["AscendersBane","Strike_B+1","Strike_B","Defend_B","Defend_B","Defend_B","Zap+1","Dualcast+1","Compile Driver","Recycle+1","Coolheaded+1","Barrage","Doom and Gloom","Seek","Glacier","Hologram","Chrysalis+1","Stack+1","Chill","White Noise","Self Repair","Blizzard+1","Buffer","Defragment"],"relics":["FrozenCore","Torii","Anchor","Sozu","Red Mask","Sling","Blood Vial","Calipers","FossilizedHelix","Peace Pipe"],"acts_visited":["Exordium","TheCity","TheBeyond"],"potions_floor_usage":[],"damage_taken":[{"damage":12.0,"enemies":"Jaw Worm","floor":1.0,"turns":3.0},{"damage":0.0,"enemies":"2 Louse","floor":2.0,"turns":3.0},{"damage":4.0,"enemies":"Cultist","floor":5.0,"turns":4.0},{"damage":8.0,"enemies":"Gremlin Nob","floor":13.0,"turns":3.0},{"damage":1.0,"enemies":"3 Louse","floor":14.0,"turns":2.0},{"damage":0.0,"enemies":"Slime Boss","floor":16.0,"turns":6.0},{"damage":2.0,"enemies":"2 Thieves","floor":18.0,"turns":3.0},{"damage":28.0,"enemies":"Masked Bandits","floor":19.0,"turns":4.0},{"damage":2.0,"enemies":"Shell Parasite","floor":21.0,"turns":5.0},{"damage":0.0,"enemies":"Centurion and Healer","floor":22.0,"turns":15.0},{"damage":17.0,"enemies":"Gremlin Leader","floor":23.0,"turns":7.0},{"damage":1.0,"enemies":"Cultist and Chosen","floor":24.0,"turns":3.0},{"damage":1.0,"enemies":"Snake Plant","floor":28.0,"turns":6.0},{"damage":0.0,"enemies":"Centurion and Healer","floor":30.0,"turns":5.0},{"damage":35.0,"enemies":"Book of Stabbing","floor":31.0,"turns":7.0},{"damage":0.0,"enemies":"Automaton","floor":33.0,"turns":10.0},{"damage":0.0,"enemies":"Orb Walker","floor":35.0,"turns":5.0},{"damage":0.0,"enemies":"3 Shapes","floor":36.0,"turns":7.0},{"damage":76,"enemies":"Giant Head","floor":40,"turns":11}],"seed_played":"8761898275615756485","potions_obtained":[{"floor":2.0,"key":"DistilledChaos"},{"floor":5.0,"key":"LiquidBronze"},{"floor":13.0,"key":"SteroidPotion"}],"is_trial":false,"path_per_floor":["M","M","?","?","M","R","?","R","T","?","?","R","E","M","R","B",null,"M","?","$","M","M","E","M","R","T","?","M","R","M","E","R","B",null,"M","M","$","?","?","E"],"character_chosen":"DEFECT","items_purchased":["Sling","Chrysalis","Defragment"],"campfire_rested":4,"item_purchase_floors":[20,20,37],"current_hp_per_floor":[34,34,34,34,30,30,9,30,30,30,19,40,32,31,31,31,61,59,31,31,29,29,12,13,34,34,34,35,35,44,18,39,48,65,67,71,71,67,67,0,0],"gold":69,"neow_bonus":"TRANSFORM_TWO_CARDS","is_daily":false,"chose_seed":false,"campfire_upgraded":3,"win_rate":0.0,"timestamp":1614320524,"path_taken":["M","M","?","?","?","R","?","R","T","?","?","R","E","M","R","BOSS","M","?","$","M","M","E","M","R","T","?","M","R","M","E","R","BOSS","M","M","$","?","?","E"],"items_purchased_type":["Relic","Card","Card"],"build_version":"2020-12-22","purchased_purges":2,"victory":false,"max_hp_per_floor":[71,71,71,71,71,71,71,71,71,71,71,71,71,71,71,71,71,71,71,71,71,71,71,71,71,71,71,71,71,71,71,71,71,71,71,71,71,67,67,67,67],"card_choices":[{"not_picked":["Stack","Conserve Battery"],"picked":"Coolheaded","floor":1.0},{"not_picked":["Darkness","Turbo"],"picked":"Barrage","floor":2.0},{"not_picked":["Scrape","Redo","Turbo"],"picked":"SKIP","floor":5.0},{"not_picked":["Barrage","Gash","Steam"],"picked":"SKIP","floor":13.0},{"not_picked":["Redo","Aggregate"],"picked":"Doom and Gloom","floor":14.0},{"not_picked":["All For One","Core Surge"],"picked":"Seek","floor":16.0},{"not_picked":["Genetic Algorithm","Conserve Battery"],"picked":"Glacier","floor":18.0},{"not_picked":["Compile Driver","Go for the Eyes"],"picked":"Hologram","floor":19.0},{"not_picked":["Hologram","Skim"],"picked":"Stack+1","floor":21.0},{"not_picked":["Leap","Stack"],"picked":"Chill","floor":22.0},{"not_picked":["Compile Driver","Recycle"],"picked":"White Noise","floor":23.0},{"not_picked":["Reprogram","Auto Shields","Force Field"],"picked":"SKIP","floor":24.0},{"not_picked":["Skim","Go for the Eyes"],"picked":"Self Repair","floor":28.0},{"not_picked":["Consume","Double Energy"],"picked":"Blizzard+1","floor":30.0},{"not_picked":["Rebound","Storm","Compile Driver"],"picked":"SKIP","floor":31.0},{"not_picked":["Machine Learning","Thunder Strike"],"picked":"Buffer","floor":33.0},{"not_picked":["Coolheaded","Compile Driver+1","Hologram"],"picked":"SKIP","floor":35.0},{"not_picked":["Genetic Algorithm","Gash+1","Steam+1"],"picked":"SKIP","floor":36.0}],"player_experience":749530,"relics_obtained":[{"floor":9.0,"key":"Torii"},{"floor":13.0,"key":"Anchor"},{"floor":19.0,"key":"Red Mask"},{"floor":23.0,"key":"Blood Vial"},{"floor":26.0,"key":"Calipers"},{"floor":31.0,"key":"Peace Pipe"}],"event_choices":[{"damage_healed":0.0,"max_hp_gain":0.0,"max_hp_loss":0.0,"gold_gain":150.0,"event_name":"Liars Game","player_choice":"AGREE","floor":3.0,"gold_loss":0.0,"damage_taken":0.0,"cards_obtained":["Doubt"]},{"damage_healed":0.0,"max_hp_gain":0.0,"max_hp_loss":0.0,"gold_gain":0.0,"event_name":"Accursed Blacksmith","player_choice":"Forge","floor":4.0,"gold_loss":0.0,"damage_taken":0.0,"cards_upgraded":["Recycle"]},{"damage_healed":0.0,"max_hp_gain":0.0,"max_hp_loss":0.0,"gold_gain":0.0,"event_name":"Shining Light","player_choice":"Entered Light","floor":7.0,"gold_loss":0.0,"damage_taken":21.0,"cards_upgraded":["Coolheaded","Strike_B"]},{"cards_removed":["Doubt"],"damage_healed":0.0,"max_hp_gain":0.0,"max_hp_loss":0.0,"gold_gain":0.0,"event_name":"The Cleric","player_choice":"Card Removal","floor":10.0,"gold_loss":75.0,"damage_taken":0.0},{"damage_healed":0.0,"max_hp_gain":0.0,"max_hp_loss":0.0,"gold_gain":75.0,"event_name":"World of Goop","player_choice":"Gather Gold","floor":11.0,"gold_loss":0.0,"damage_taken":11.0},{"damage_healed":0.0,"max_hp_gain":0.0,"max_hp_loss":0.0,"gold_gain":0.0,"event_name":"Masked Bandits","player_choice":"Fought Bandits","floor":19.0,"gold_loss":0.0,"damage_taken":0.0},{"damage_healed":0.0,"max_hp_gain":0.0,"max_hp_loss":0.0,"gold_gain":0.0,"event_name":"Addict","player_choice":"Stole Relic","floor":27.0,"gold_loss":0.0,"damage_taken":0.0,"relics_obtained":["FossilizedHelix"],"cards_obtained":["Shame"]},{"damage_healed":0.0,"max_hp_gain":0.0,"max_hp_loss":4.0,"gold_gain":0.0,"event_name":"Winding Halls","player_choice":"Max HP","floor":38.0,"gold_loss":0.0,"damage_taken":0.0},{"damage_healed":0.0,"max_hp_gain":0.0,"max_hp_loss":0.0,"gold_gain":0.0,"event_name":"Lab","player_choice":"Got Potions","floor":39.0,"gold_loss":0.0,"damage_taken":0.0}],"is_beta":false,"boss_relics":[{"not_picked":["Runic Pyramid","Philosopher\u0027s Stone"],"picked":"Sozu"},{"not_picked":["SacredBark","Velvet Choker"],"picked":"FrozenCore"}],"items_purged_floors":[20,37],"is_endless":false,"potions_floor_spawned":[2,5,13,22,23,24,35],"killed_by":"Giant Head","ascension_level":18}}