{"host":"sxnl403xm2xmiyj1","time":1614310562,"event":{"mods":["BaseMod","Colored Map","Keyboard Shortcuts","Koishi","Minty Spire (QoL Compilation)","Quick Restart","StSLib","SuperFastMode"],"gold_per_floor":[115,40,40,60,60,91,91,123,196,196,17,17,28,95,95,173,173,185,185,202,127,127,159,159,159,159],"floor_reached":25,"language":"KOR","playtime":392,"items_purged":["Koishi:BasicStrike"],"score":500,"play_id":"c98d1a84-e711-4321-a323-a40c21dfcee3","local_time":"20210226123602","is_ascension_mode":true,"campfire_choices":[{"data":"Koishi:ParalyzingFear","floor":7.0,"key":"SMITH"},{"data":"Koishi:UnseenTerror","floor":10.0,"key":"SMITH"},{"data":"Koishi:FidgetySnatcher","floor":15.0,"key":"SMITH"},{"data":"Koishi:ConfinedInnocent","floor":24,"key":"SMITH"}],"circlet_count":0,"master_deck":["AscendersBane","Koishi:BasicStrike+1","Koishi:BasicDefend","Koishi:BasicDefend","Koishi:BasicDefend","Koishi:BasicDefend","Koishi:Provoke","Koishi:HauntingSlash+1","Koishi:ParalyzingFear+1","Koishi:MindNumbingTerror","Koishi:UnseenTerror+1","Koishi:RacingHeart","Koishi:FidgetySnatcher+1","Koishi:ParalyzingFear","Koishi:ConfinedInnocent+1","Koishi:Catatonia","Koishi:UnseenTerror","Koishi:DanmakuParanoia+1"],"relics":["Koishi:ImaginaryFriend","NeowsBlessing","Vajra","Mummified Hand","Strawberry","Toxic Egg 2","Philosopher\u0027s Stone","WarpedTongs","Thread and Needle"],"acts_visited":["Exordium","TheCity"],"potions_floor_usage":[23],"damage_taken":[{"damage":0.0,"enemies":"Small Slimes","floor":1.0,"turns":1.0},{"damage":0.0,"enemies":"2 Louse","floor":4.0,"turns":1.0},{"damage":0.0,"enemies":"Gremlin Nob","floor":6.0,"turns":1.0},{"damage":27.0,"enemies":"Lagavulin","floor":8.0,"turns":6.0},{"damage":0.0,"enemies":"Cultist","floor":13.0,"turns":3.0},{"damage":4.0,"enemies":"The Guardian","floor":16.0,"turns":10.0},{"damage":25.0,"enemies":"Shell Parasite","floor":18.0,"turns":5.0},{"damage":8.0,"enemies":"Chosen","floor":20.0,"turns":4.0},{"damage":57,"enemies":"Slavers","floor":23,"turns":6},{"damage":28,"enemies":"Book of Stabbing","floor":25,"turns":4}],"seed_played":"4677388881438848480","potions_obtained":[{"floor":8.0,"key":"FairyPotion"},{"floor":13.0,"key":"DistilledChaos"},{"floor":16.0,"key":"Swift Potion"},{"floor":20.0,"key":"Energy Potion"},{"floor":23,"key":"SteroidPotion"}],"is_trial":false,"path_per_floor":["M","?","?","M","?","E","R","E","T","R","$","?","M","?","R","B",null,"M","?","M","?","?","E","R","E"],"character_chosen":"KOISHI","items_purchased":["Koishi:FidgetySnatcher","Koishi:ParalyzingFear"],"campfire_rested":0,"item_purchase_floors":[11,11],"current_hp_per_floor":[51,51,34,34,29,29,29,19,19,19,19,19,23,23,23,34,57,44,44,39,39,39,26,26,0,0],"gold":159,"neow_bonus":"THREE_ENEMY_KILL","is_daily":false,"chose_seed":false,"campfire_upgraded":4,"win_rate":0.0,"timestamp":1614310562,"path_taken":["M","?","?","M","?","E","R","E","T","R","$","?","?","?","R","BOSS","M","?","?","?","?","E","R","E"],"items_purchased_type":["Card","Card"],"build_version":"2020-12-22","purchased_purges":1,"victory":false,"max_hp_per_floor":[57,57,57,57,57,57,57,64,64,64,64,64,64,64,64,64,64,64,64,64,64,64,64,64,64,64],"card_choices":[{"not_picked":["Koishi:PhantomBarrier","Koishi:SubconsciousSweep"],"picked":"Koishi:ParalyzingFear","floor":1.0},{"not_picked":["Koishi:PhantomStrike","Koishi:Vanish"],"picked":"Koishi:MindNumbingTerror","floor":4.0},{"not_picked":["Koishi:TraumaticStroke","Koishi:FidgetySnatcher"],"picked":"Koishi:UnseenTerror","floor":6.0},{"not_picked":["Koishi:CatchAndRose","Koishi:GrowingPain"],"picked":"Koishi:RacingHeart","floor":8.0},{"not_picked":["Koishi:ApparitionsStalkTheNight+1","Koishi:ReleaseOfTheId+1","Koishi:SpiritedAway"],"picked":"SKIP","floor":13.0},{"not_picked":["Koishi:FadingMemory+1","Koishi:Ego"],"picked":"Koishi:ConfinedInnocent","floor":16.0},{"not_picked":["Koishi:RacingHeart","Koishi:PhilosophyOfTheDespised+1"],"picked":"Koishi:Catatonia","floor":18.0},{"not_picked":["Koishi:StingingMind","Koishi:HeartfeltFancy+1"],"picked":"Koishi:UnseenTerror","floor":20.0},{"not_picked":["Koishi:HeartfeltFancy+1","Koishi:SubconsciousSweep"],"picked":"Koishi:DanmakuParanoia+1","floor":23}],"player_experience":289026,"relics_obtained":[{"floor":6.0,"key":"Mummified Hand"},{"floor":8.0,"key":"Strawberry"},{"floor":9.0,"key":"Toxic Egg 2"},{"floor":23,"key":"Thread and Needle"}],"event_choices":[{"cards_removed":["Koishi:BasicStrike"],"damage_healed":0.0,"max_hp_gain":0.0,"max_hp_loss":0.0,"gold_gain":0.0,"event_name":"The Cleric","player_choice":"Card Removal","floor":2.0,"gold_loss":75.0,"damage_taken":0.0},{"damage_healed":0.0,"max_hp_gain":0.0,"max_hp_loss":0.0,"gold_gain":0.0,"event_name":"Shining Light","player_choice":"Entered Light","floor":3.0,"gold_loss":0.0,"damage_taken":17.0,"cards_upgraded":["Koishi:BasicStrike","Koishi:HauntingSlash"]},{"damage_healed":0.0,"max_hp_gain":0.0,"max_hp_loss":0.0,"gold_gain":0.0,"event_name":"Scrap Ooze","player_choice":"Success","floor":5.0,"gold_loss":0.0,"damage_taken":5.0,"relics_obtained":["Vajra"]},{"cards_removed":["Koishi:BasicStrike"],"damage_healed":0.0,"max_hp_gain":0.0,"max_hp_loss":0.0,"gold_gain":0.0,"event_name":"Bonfire Elementals","player_choice":"Offered Basic","floor":12.0,"gold_loss":0.0,"damage_taken":0.0},{"damage_healed":0.0,"max_hp_gain":0.0,"max_hp_loss":0.0,"gold_gain":67.0,"event_name":"Golden Wing","player_choice":"Gained Gold","floor":14.0,"gold_loss":0.0,"damage_taken":0.0},{"damage_healed":0.0,"max_hp_gain":0.0,"max_hp_loss":0.0,"gold_gain":0.0,"event_name":"Accursed Blacksmith","player_choice":"Rummage","floor":19.0,"gold_loss":0.0,"damage_taken":0.0,"relics_obtained":["WarpedTongs"],"cards_obtained":["Pain"]},{"cards_removed":["Pain"],"damage_healed":0.0,"max_hp_gain":0.0,"max_hp_loss":0.0,"gold_gain":0.0,"event_name":"Beggar","player_choice":"Gave Gold","floor":21.0,"gold_loss":75.0,"damage_taken":0.0},{"damage_healed":0.0,"max_hp_gain":0.0,"max_hp_loss":0.0,"gold_gain":0.0,"event_name":"Ghosts","player_choice":"Ignored","floor":22.0,"gold_loss":0.0,"damage_taken":0.0}],"is_beta":false,"boss_relics":[{"not_picked":["Pandora\u0027s Box","Calling Bell"],"picked":"Philosopher\u0027s Stone"}],"items_purged_floors":[11],"is_endless":false,"potions_floor_spawned":[8,13,16,20,23],"killed_by":"Book of Stabbing","ascension_level":20}}