{"host":"lyzyr6cv4ove76ms","time":1614356742,"event":{"mods":["BaseMod","Colored Map","Downfall","Hubris","Infinite Spire","Minty Spire (QoL Compilation)","Replay The Spire","Robot Space Explorer","StSLib"],"gold_per_floor":[99,99,99,157,102,120,120,153,153,166,180,197,197,107,121,216,216,216,233,247,247,247,247,247,247],"floor_reached":23,"language":"ENG","playtime":1985,"items_purged":["hexamod:ThirdSeal"],"score":189,"play_id":"a23870e1-2ab4-4974-853c-19db55f2e277","local_time":"20210226172542","is_ascension_mode":false,"campfire_choices":[{"data":"hexamod:Sear","floor":1.0,"key":"SMITH"},{"data":"hexamod:HeatShield","floor":9.0,"key":"SMITH"},{"data":"hexamod:BurningTouch","floor":9.0,"key":"SMITH"},{"data":"hexamod:SoulSteal","floor":18.0,"key":"SMITH"},{"data":"hexamod:GhostflameBarrier","floor":18.0,"key":"SMITH"}],"circlet_count":0,"master_deck":["hexamod:Strike","hexamod:Strike","hexamod:Strike","hexamod:Strike","hexamod:Defend","hexamod:Defend","hexamod:Defend","hexamod:Defend","hexamod:Sear+1","hexamod:Float","hexamod:BurningTouch+1","hexamod:HeatShield+1","hexamod:SoulSteal+1","hexamod:CatchUp+1","hexamod:RadiantFlame","hexamod:ExtraCrispy","hexamod:GhostflameBarrier+1","hexamod:FirstSeal","hexamod:FifthSeal"],"relics":["hexamod:SpiritBrand","downfall:HeartsMalice","Replay:Arrowhead","infinitespire:Blanks Blanky","hubris:Icosahedron"],"acts_visited":["Exordium","TheCity"],"potions_floor_usage":[],"damage_taken":[{"damage":0.0,"enemies":"Cultist","floor":2.0,"turns":1.0},{"damage":0.0,"enemies":"Jaw Worm","floor":3.0,"turns":1.0},{"damage":0.0,"enemies":"downfall:FleeingMerchant","floor":5.0,"turns":1.0},{"damage":0.0,"enemies":"Small Slimes","floor":6.0,"turns":3.0},{"damage":16.0,"enemies":"Lagavulin","floor":8.0,"turns":6.0},{"damage":8.0,"enemies":"2 Fungi Beasts","floor":10.0,"turns":4.0},{"damage":0.0,"enemies":"Blue Slaver","floor":11.0,"turns":3.0},{"damage":2.0,"enemies":"downfall:LooterAlt","floor":12.0,"turns":4.0},{"damage":0.0,"enemies":"downfall:FleeingMerchant","floor":14.0,"turns":4.0},{"damage":2.0,"enemies":"2 Fungi Beasts","floor":15.0,"turns":4.0},{"damage":4.0,"enemies":"SI_SHIV_ARCHETYPE","floor":16.0,"turns":6.0},{"damage":20.0,"enemies":"downfall:LooterAlt2","floor":19.0,"turns":5.0},{"damage":14.0,"enemies":"3 Byrds","floor":20.0,"turns":3.0},{"damage":0,"enemies":"Cultist and Chosen","floor":23,"turns":1}],"seed_played":"-113809293351066513","potions_obtained":[{"floor":4.0,"key":"SneckoOil"},{"floor":4.0,"key":"champ:CounterPotion"},{"floor":4.0,"key":"infinitespire:BlackPotion"},{"floor":6.0,"key":"hexamod:InfernoChargePotion"},{"floor":11.0,"key":"infinitespire:BlackPotion"}],"is_trial":false,"path_per_floor":["R","M","M","?","$","M","T","E","R","M","M","M","?","$","M","B",null,"R","M","M","?","?","M"],"character_chosen":"THE_SPIRIT","items_purchased":["hexamod:CatchUp+1"],"campfire_rested":0,"item_purchase_floors":[5],"current_hp_per_floor":[70,70,70,70,70,70,70,54,54,46,46,44,44,51,56,52,70,70,57,50,50,50,50,50,50],"gold":247,"neow_bonus":"THREE_ENEMY_KILL","is_daily":false,"chose_seed":false,"campfire_upgraded":5,"win_rate":0.0,"timestamp":1614356742,"path_taken":["R","M","?","?","$","M","T","E","R","M","M","?","?","$","M","BOSS","R","M","M","?","?","M"],"items_purchased_type":["Card"],"build_version":"2020-12-22","purchased_purges":1,"victory":false,"max_hp_per_floor":[70,70,70,70,70,70,70,70,70,70,70,70,70,70,70,70,70,70,70,70,70,70,70,70,70],"card_choices":[{"not_picked":["hexamod:GhostShield","hexamod:NightmareStrike"],"picked":"hexamod:BurningTouch","floor":2.0},{"not_picked":["hexamod:Rewind","hexamod:GhostLash"],"picked":"hexamod:HeatShield","floor":3.0},{"not_picked":["hexamod:HauntingEcho","hexamod:HeatShield"],"picked":"hexamod:SoulSteal","floor":5.0},{"not_picked":["hexamod:GhostOfSpireFuture","hexamod:FastForward"],"picked":"hexamod:RadiantFlame","floor":6.0},{"not_picked":["hexamod:HeatMetal","hexamod:SpectralAdrenaline","hexamod:HauntingEcho"],"picked":"SKIP","floor":8.0},{"not_picked":["hexamod:FastForward","hexamod:NightmareGuise"],"picked":"hexamod:ExtraCrispy","floor":10.0},{"not_picked":["hexamod:InspiringFlames","hexamod:Hexaguard"],"picked":"hexamod:ThirdSeal","floor":11.0},{"not_picked":["hexamod:TimeWarp","hexamod:Hexaguard"],"picked":"hexamod:GhostflameBarrier","floor":12.0},{"not_picked":["hexamod:HauntingEcho","hexamod:RetreatToShadows"],"picked":"hexamod:FirstSeal","floor":12.0},{"not_picked":["hexamod:FastForward","hexamod:NightmareGuise","hexamod:ThermalTransfer"],"picked":"SKIP","floor":14.0},{"not_picked":["hexamod:InspiringFlames","hexamod:BacktrackSmack","hexamod:ChargedBarrage"],"picked":"SKIP","floor":14.0},{"not_picked":["hexamod:DynamicBlow","hexamod:HauntingEcho","hexamod:GhostLash"],"picked":"SKIP","floor":15.0},{"not_picked":["hexamod:TimeOfNeed","hexamod:HexaLevel"],"picked":"hexamod:FifthSeal","floor":16.0},{"not_picked":["hexamod:HeatCrush","hexamod:SoulSteal","hexamod:Rewind+1"],"picked":"SKIP","floor":19.0},{"not_picked":["hexamod:GhostShield","hexamod:HauntingEcho+1","hexamod:NightmareStrike"],"picked":"SKIP","floor":20.0}],"player_experience":801686,"relics_obtained":[{"floor":7.0,"key":"Replay:Arrowhead"},{"floor":8.0,"key":"Regal Pillow"}],"event_choices":[],"is_beta":false,"boss_relics":[{"not_picked":["hubris:Stopwatch","hubris:TerracottaHorce","Ring of Chaos"]}],"items_purged_floors":[14],"is_endless":false,"potions_floor_spawned":[6,11,15,16],"killed_by":"Cultist and Chosen","ascension_level":0}}