{"host":"wlgkfzos7pl2iqxb","time":1614381702,"event":{"mods":["100% Spire Juice","Act Like it!","BaseMod","Conspire","Defuse TimeMaze Blight","Gensokyo","Good Game Mod","Hubris","Infinite Spire","Koishi","Library of Ruina Extra","Marisa????????","Minty Spire (QoL Compilation)","Morshu Shopkeeper","Morshu Shopkeeper - ENHANCED","Rare Cards Sparkle","Relic Sorter","Relic Stats","Reliquary","Ruina","Shop Mod","Small Relic Pack","StSLib","Wandering Minibosses","[IsaacMod]????"],"gold_per_floor":[365,365,375,290,290,290,290],"floor_reached":6,"language":"ENG","playtime":398,"items_purged":[],"score":56,"play_id":"57e6c7df-1f39-4f9b-9b02-2cca066ae08c","local_time":"20210227002142","is_ascension_mode":true,"campfire_choices":[],"circlet_count":0,"master_deck":["AscendersBane","Koishi:BasicStrike","Koishi:BasicStrike","Koishi:BasicStrike","Koishi:BasicStrike","Koishi:BasicDefend","Koishi:BasicDefend","Koishi:BasicDefend","Koishi:BasicDefend","Koishi:Provoke","Koishi:HauntingSlash","SuicideKing","Pain","Moonworks:SubspaceTunnel","Koishi:PhantomBarrier+1","Koishi:PhantomBarrier","Gensokyo:RustyChest","Gensokyo:LockedMedkit"],"relics":["Koishi:ImaginaryFriend","REME:ComplimentaryCards","HushsDoor","MoneyPower"],"acts_visited":["Gensokyo:Gensokyo"],"potions_floor_usage":[],"damage_taken":[{"damage":5,"enemies":"Gensokyo:3_Fairies","floor":1,"turns":4},{"damage":9,"enemies":"Gensokyo:2_Kodama","floor":3,"turns":6},{"damage":43,"enemies":"Gensokyo:Cirno","floor":6,"turns":8}],"seed_played":"1411068389056502696","potions_obtained":[],"is_trial":false,"path_per_floor":["M","?","M","COS","?","E"],"character_chosen":"KOISHI","items_purchased":[],"campfire_rested":0,"item_purchase_floors":[],"current_hp_per_floor":[50,50,43,43,43,0,0],"gold":290,"neow_bonus":"TWO_FIFTY_GOLD","is_daily":false,"chose_seed":false,"campfire_upgraded":0,"win_rate":0.0,"timestamp":1614381702,"path_taken":["M","?","M","COS","?","E"],"items_purchased_type":[],"build_version":"2020-12-22","purchased_purges":0,"victory":false,"max_hp_per_floor":[60,60,60,60,60,60,60],"relic_stats":{"counters":[3,18],"obtain_stats":[{"KeepersGift":0,"REME:ComplimentaryCards":0,"MoneyPower":0,"HushsDoor":0,"Koishi:ImaginaryFriend":0},{"KeepersGift":0,"REME:ComplimentaryCards":0,"MoneyPower":0,"HushsDoor":0,"Koishi:ImaginaryFriend":0},{"KeepersGift":0,"REME:ComplimentaryCards":0,"MoneyPower":0,"HushsDoor":0,"Koishi:ImaginaryFriend":0}]},"card_choices":[{"not_picked":[],"picked":"SuicideKing","floor":0},{"not_picked":["Koishi:FourthEye","Koishi:SuperEgo","Koishi:Possession"],"picked":"SKIP","floor":1},{"not_picked":["Koishi:DanmakuParanoia","Koishi:StingingMind"],"picked":"Koishi:PhantomBarrier","floor":3}],"player_experience":943528,"relics_obtained":[],"event_choices":[],"is_beta":false,"boss_relics":[],"items_purged_floors":[],"is_endless":false,"potions_floor_spawned":[],"killed_by":"Gensokyo:Cirno","ascension_level":13}}