{"host":"yx5rao87132cy5xq","time":1614348120,"event":{"mods":["2.2 Compatiblity","AchievementEnabler","BaseMod","Bestiary","Colored Map","Colored Powertips","Highlight Path","Minty Spire (QoL Compilation)","Quick Restart","Relic Stats","Slay-I","SuperFastMode"],"gold_per_floor":[109,127,143,153,153,153,183,194,194,194,222,232,232,262,262,360,360,378,7,7,23,23,55,74,101,124,24,24,49,49,62,62,172,172,191,212,78,102,156,156,198,198,221,233,258,258,258,287,287,287],"floor_reached":51,"language":"ENG","playtime":2640,"items_purged":["Strike_G","Strike_G"],"score":1076,"play_id":"f2db0982-16eb-4611-82d9-a387a453adfc","local_time":"20210226150200","is_ascension_mode":true,"campfire_choices":[{"data":"Cloak And Dagger","floor":6.0,"key":"SMITH"},{"data":"Blade Dance","floor":13.0,"key":"SMITH"},{"data":"All Out Attack","floor":15.0,"key":"SMITH"},{"data":"Envenom","floor":30.0,"key":"SMITH"},{"data":"Blade Dance","floor":32.0,"key":"SMITH"},{"data":"Noxious Fumes","floor":40,"key":"SMITH"},{"floor":42,"key":"REST"},{"floor":46,"key":"REST"},{"data":"Wraith Form v2","floor":49,"key":"SMITH"}],"circlet_count":0,"master_deck":["Strike_G+1","Strike_G","Strike_G+1","Defend_G","Defend_G","Defend_G","Defend_G","Survivor","Neutralize+1","Backstab","Endless Agony","Cloak And Dagger+1","All Out Attack+1","Dagger Throw","Unload+1","Blade Dance+1","Dash+1","Envenom+1","Concentrate","Noxious Fumes+1","All Out Attack+1","Accuracy+1","Blade Dance+1","Finisher+1","Wraith Form v2+1","Adrenaline","PiercingWail+1","Deflect+1","Reflex+1","Prepared+1","Escape Plan+1","Terror+1"],"relics":["Ring of the Snake","NeowsBlessing","Bag of Marbles","Tingsha","Blue Candle","Molten Egg 2","Shuriken","WristBlade","Bag of Preparation","Kunai","Art of War","CeramicFish","Turnip","HoveringKite","StrikeDummy","Du-Vu Doll","Ancient Tea Set","Boot","Whetstone"],"acts_visited":["Exordium","TheCity","TheBeyond"],"potions_floor_usage":[33,50,50],"damage_taken":[{"damage":0.0,"enemies":"Jaw Worm","floor":1.0,"turns":1.0},{"damage":0.0,"enemies":"Small Slimes","floor":2.0,"turns":1.0},{"damage":0.0,"enemies":"2 Louse","floor":3.0,"turns":1.0},{"damage":0.0,"enemies":"Looter","floor":4.0,"turns":4.0},{"damage":20.0,"enemies":"Lagavulin","floor":7.0,"turns":4.0},{"damage":0.0,"enemies":"Lots of Slimes","floor":8.0,"turns":2.0},{"damage":0.0,"enemies":"Gremlin Nob","floor":11.0,"turns":2.0},{"damage":0.0,"enemies":"2 Fungi Beasts","floor":12.0,"turns":2.0},{"damage":0.0,"enemies":"3 Sentries","floor":14.0,"turns":3.0},{"damage":0.0,"enemies":"Slime Boss","floor":16.0,"turns":5.0},{"damage":0.0,"enemies":"Shell Parasite","floor":18.0,"turns":3.0},{"damage":0.0,"enemies":"3 Byrds","floor":21.0,"turns":2.0},{"damage":17.0,"enemies":"Book of Stabbing","floor":23.0,"turns":3.0},{"damage":0.0,"enemies":"Snake Plant","floor":24.0,"turns":1.0},{"damage":0.0,"enemies":"Gremlin Leader","floor":25.0,"turns":3.0},{"damage":0.0,"enemies":"Book of Stabbing","floor":29.0,"turns":1.0},{"damage":0.0,"enemies":"Snecko","floor":31.0,"turns":1.0},{"damage":23,"enemies":"Collector","floor":33,"turns":4},{"damage":0,"enemies":"3 Shapes","floor":35,"turns":9},{"damage":2,"enemies":"3 Darklings","floor":36,"turns":2},{"damage":10,"enemies":"Maw","floor":38,"turns":5},{"damage":13,"enemies":"2 Orb Walkers","floor":39,"turns":5},{"damage":28,"enemies":"Giant Head","floor":41,"turns":6},{"damage":0,"enemies":"Sphere and 2 Shapes","floor":44,"turns":2},{"damage":0,"enemies":"Writhing Mass","floor":48,"turns":1},{"damage":73,"enemies":"Donu and Deca","floor":50,"turns":6}],"seed_played":"773811791766743208","potions_obtained":[{"floor":2.0,"key":"SteroidPotion"},{"floor":3.0,"key":"FairyPotion"},{"floor":7.0,"key":"Poison Potion"},{"floor":12.0,"key":"DistilledChaos"},{"floor":16.0,"key":"Ancient Potion"},{"floor":23.0,"key":"ColorlessPotion"},{"floor":25.0,"key":"DistilledChaos"},{"floor":33,"key":"Strength Potion"},{"floor":41,"key":"CultistPotion"}],"is_trial":false,"path_per_floor":["M","M","M","M","?","R","E","M","T","?","E","M","R","E","R","B",null,"M","$","?","M","?","E","M","E","T","$","?","E","R","M","R","B",null,"M","M","?","M","?","R","E","R","T","M","T","R","?","M","R","B",null],"character_chosen":"THE_SILENT","items_purchased":["Bag of Preparation","Noxious Fumes","All Out Attack+1"],"campfire_rested":2,"item_purchase_floors":[19,19,19],"current_hp_per_floor":[70,70,70,70,67,67,47,47,47,47,47,47,47,47,47,47,70,70,70,70,70,70,53,53,53,53,53,53,53,53,53,53,30,70,70,68,68,58,45,45,17,38,38,38,38,59,59,59,59,21],"gold":287,"neow_bonus":"THREE_ENEMY_KILL","is_daily":false,"chose_seed":false,"campfire_upgraded":7,"win_rate":0.0,"timestamp":1614348120,"path_taken":["M","M","M","M","?","R","E","M","T","?","E","M","R","E","R","BOSS","M","$","?","M","?","E","?","E","T","$","?","E","R","M","R","BOSS","M","M","?","?","?","R","E","R","T","M","?","R","?","M","R","BOSS"],"items_purchased_type":["Relic","Card","Card"],"build_version":"2020-12-22","purchased_purges":2,"victory":true,"max_hp_per_floor":[70,70,70,70,70,70,70,70,70,70,70,70,70,70,70,70,70,70,70,70,70,70,70,70,70,70,70,70,70,70,70,70,70,70,70,70,70,70,70,70,70,70,70,70,70,70,70,70,70,70],"relic_stats":{"counters":[26,79],"Blue Candle":[0],"CeramicFish":63,"HoveringKite":[22],"Tingsha":[225],"Bag of Preparation":[31],"Whetstone":["Strike_G","Strike_G"],"Boot":[4],"Shuriken":[52],"Turnip":[3],"Art of War":[9],"Kunai":[41],"obtain_stats":[{"NeowsBlessing":0,"Blue Candle":9,"CeramicFish":26,"HoveringKite":34,"Tingsha":7,"Bag of Preparation":19,"Whetstone":45,"Ancient Tea Set":41,"Boot":43,"Du-Vu Doll":39,"WristBlade":17,"Shuriken":14,"Molten Egg 2":11,"Turnip":29,"Bag of Marbles":5,"Art of War":25,"Kunai":23,"StrikeDummy":37,"Ring of the Snake":0},{"NeowsBlessing":0,"Blue Candle":6,"CeramicFish":15,"HoveringKite":18,"Tingsha":5,"Bag of Preparation":11,"Whetstone":24,"Ancient Tea Set":23,"Boot":23,"Du-Vu Doll":22,"WristBlade":10,"Shuriken":9,"Molten Egg 2":7,"Turnip":16,"Bag of Marbles":4,"Art of War":15,"Kunai":13,"StrikeDummy":20,"Ring of the Snake":0},{"NeowsBlessing":0,"Blue Candle":13,"CeramicFish":37,"HoveringKite":43,"Tingsha":11,"Bag of Preparation":28,"Whetstone":72,"Ancient Tea Set":70,"Boot":70,"Du-Vu Doll":64,"WristBlade":25,"Shuriken":20,"Molten Egg 2":15,"Turnip":38,"Bag of Marbles":7,"Art of War":37,"Kunai":33,"StrikeDummy":54,"Ring of the Snake":0}],"Ring of the Snake":[54]},"card_choices":[{"not_picked":["Bane","Dash"],"picked":"Backstab","floor":1.0},{"not_picked":["Prepared","Poisoned Stab"],"picked":"Endless Agony","floor":2.0},{"not_picked":["Crippling Poison","Choke"],"picked":"Cloak And Dagger","floor":3.0},{"not_picked":["Deflect","Acrobatics"],"picked":"All Out Attack","floor":4.0},{"not_picked":["Accuracy","Bane"],"picked":"Dagger Throw","floor":7.0},{"not_picked":["Dagger Throw","Flying Knee"],"picked":"Dodge and Roll","floor":8.0},{"not_picked":["Corpse Explosion","Flying Knee+1"],"picked":"Unload+1","floor":11.0},{"not_picked":["Slice+1","Choke+1"],"picked":"Blade Dance","floor":12.0},{"not_picked":["Heel Hook+1","Poisoned Stab+1"],"picked":"Dash+1","floor":14.0},{"not_picked":["Tools of the Trade","Storm of Steel"],"picked":"Envenom","floor":16.0},{"not_picked":["Poisoned Stab+1","Outmaneuver"],"picked":"Concentrate","floor":18.0},{"not_picked":["Bane+1","Deadly Poison"],"picked":"Accuracy+1","floor":21.0},{"not_picked":["Riddle With Holes+1","Accuracy"],"picked":"Blade Dance","floor":23.0},{"not_picked":["Deadly Poison+1","Blade Dance+1"],"picked":"Finisher+1","floor":24.0},{"not_picked":["Dagger Spray+1","Finisher+1"],"picked":"Wraith Form v2","floor":25.0},{"not_picked":["Flying Knee+1","Crippling Poison","Outmaneuver"],"picked":"SKIP","floor":29.0},{"not_picked":["Slice+1","Masterful Stab+1","Outmaneuver"],"picked":"SKIP","floor":31.0},{"not_picked":["Burst","Bullet Time"],"picked":"Adrenaline","floor":33},{"not_picked":["Deadly Poison","Slice+1"],"picked":"PiercingWail+1","floor":35},{"not_picked":["Quick Slash+1","Deadly Poison"],"picked":"Deflect+1","floor":36},{"not_picked":["Prepared+1","Endless Agony+1"],"picked":"Reflex+1","floor":38},{"not_picked":["Poisoned Stab+1","Quick Slash+1"],"picked":"Prepared+1","floor":39},{"not_picked":["Dagger Throw+1","Tools of the Trade"],"picked":"Escape Plan+1","floor":41},{"not_picked":["Underhanded Strike+1","Leg Sweep","Expertise+1"],"picked":"SKIP","floor":44},{"not_picked":["Outmaneuver+1","Calculated Gamble+1"],"picked":"Terror+1","floor":48}],"player_experience":1208209,"relics_obtained":[{"floor":7.0,"key":"Tingsha"},{"floor":9.0,"key":"Blue Candle"},{"floor":11.0,"key":"Molten Egg 2"},{"floor":14.0,"key":"Shuriken"},{"floor":23.0,"key":"Kunai"},{"floor":25.0,"key":"Art of War"},{"floor":26.0,"key":"CeramicFish"},{"floor":29.0,"key":"Turnip"},{"floor":39,"key":"Du-Vu Doll"},{"floor":41,"key":"Ancient Tea Set"},{"floor":43,"key":"Boot"},{"floor":45,"key":"Whetstone"}],"event_choices":[{"damage_healed":0.0,"max_hp_gain":0.0,"max_hp_loss":0.0,"gold_gain":0.0,"event_name":"Scrap Ooze","player_choice":"Success","floor":5.0,"gold_loss":0.0,"damage_taken":3.0,"relics_obtained":["Bag of Marbles"]},{"damage_healed":0.0,"max_hp_gain":0.0,"max_hp_loss":0.0,"gold_gain":0.0,"event_name":"Living Wall","player_choice":"Grow","floor":10.0,"gold_loss":0.0,"damage_taken":0.0,"cards_upgraded":["Neutralize"]},{"damage_healed":0.0,"max_hp_gain":0.0,"max_hp_loss":0.0,"gold_gain":0.0,"event_name":"Ghosts","player_choice":"Ignored","floor":20.0,"gold_loss":0.0,"damage_taken":0.0},{"cards_removed":["Defend_G"],"damage_healed":0.0,"max_hp_gain":0.0,"max_hp_loss":0.0,"gold_gain":0.0,"event_name":"Bonfire Elementals","player_choice":"Offered Basic","floor":22.0,"gold_loss":0.0,"damage_taken":0.0},{"damage_healed":0,"gold_gain":0,"player_choice":"Paid Gold","damage_taken":0,"relics_obtained":["StrikeDummy"],"max_hp_gain":0,"max_hp_loss":0,"event_name":"WeMeetAgain","floor":37,"gold_loss":134},{"damage_healed":0,"gold_gain":0,"player_choice":"Fight","damage_taken":0,"max_hp_gain":0,"max_hp_loss":0,"event_name":"Mysterious Sphere","floor":39,"gold_loss":0},{"cards_removed":["Dodge and Roll"],"damage_healed":0,"gold_gain":0,"player_choice":"Removed Skill","damage_taken":0,"max_hp_gain":0,"max_hp_loss":0,"event_name":"Falling","floor":47,"gold_loss":0}],"is_beta":false,"boss_relics":[{"not_picked":["Busted Crown","Empty Cage"],"picked":"WristBlade"},{"not_picked":["Tiny House","Snecko Eye"],"picked":"HoveringKite"}],"items_purged_floors":[19,27],"is_endless":false,"potions_floor_spawned":[2,3,7,12,16,23,24,25,33,36,39,41],"ascension_level":4}}