{"host":"ut3q8wc68upnfjmc","time":1614308544,"event":{"mods":["BaseMod","Colored Map","Colored Powertips","Downfall","Minty Spire (QoL Compilation)","StSLib","Unceasing Turn Reminder"],"gold_per_floor":[113,125,139,159,129,158,158,189,189,200,219,294,13,28,28,130,130,149,149,149,13,32,32,59,127,127,127,137,156,37,69,69,174,174,185,185,202,12,362,393,393,425,425,425,425,425,10,10,10,10],"floor_reached":51,"language":"ENG","playtime":3857,"items_purged":[],"score":936,"play_id":"21bb742d-3ada-414f-b2de-15c0c1d8cbef","local_time":"20210225210224","is_ascension_mode":true,"campfire_choices":[{"data":"White Noise","floor":7,"key":"SMITH"},{"floor":15,"key":"REST"},{"data":"Fission","floor":23,"key":"SMITH"},{"data":"All For One","floor":27,"key":"SMITH"},{"data":"Panacea","floor":32,"key":"SMITH"},{"data":"Panacea","floor":41,"key":"SMITH"},{"data":"Violence","floor":44,"key":"SMITH"},{"data":"Streamline","floor":46,"key":"SMITH"},{"data":"Hyperbeam","floor":49,"key":"SMITH"}],"circlet_count":0,"master_deck":["Zap","Dualcast","White Noise+1","Coolheaded","Auto Shields","Go for the Eyes","Hyperbeam+1","Conserve Battery","Barrage","Self Repair","Streamline+1","BootSequence","Swift Strike","Chill","Undo","Fission+1","Beam Cell","All For One+1","Hologram","Rainbow","Steam","Melter","Chill","Streamline+1","Redo","Genetic Algorithm","Panacea+1","Turbo","Hologram","Double Energy","Redo+1","Panacea+1","Sunder+1","Core Surge","Turbo+1","Flash of Steel","Capacitor+1","Violence+1","FTL","Defragment+1","Compile Driver+1","Echo Form+1","Defragment+1","Lockon"],"relics":["Cracked Core","NeowsBlessing","Dead Branch","Sundial","Ornamental Fan","Membership Card","Pandora\u0027s Box","Gremlin Horn","Art of War","Red Mask","Blue Candle","Eternal Feather","MealTicket","TungstenRod","SlaversCollar","Toy Ornithopter","Old Coin","Mummified Hand","Frozen Egg 2","Centennial Puzzle","Mercury Hourglass","Lizard Tail","Frozen Eye"],"acts_visited":["Exordium","TheCity","TheBeyond"],"potions_floor_usage":[4,6,11,18,24,28,31,48],"damage_taken":[{"damage":0,"enemies":"Cultist","floor":1,"turns":1},{"damage":0,"enemies":"2 Louse","floor":2,"turns":1},{"damage":0,"enemies":"Small Slimes","floor":3,"turns":1},{"damage":18,"enemies":"Exordium Wildlife","floor":4,"turns":7},{"damage":16,"enemies":"3 Sentries","floor":6,"turns":9},{"damage":15,"enemies":"Lagavulin","floor":8,"turns":8},{"damage":2,"enemies":"2 Fungi Beasts","floor":10,"turns":2},{"damage":0,"enemies":"Looter","floor":11,"turns":1},{"damage":0,"enemies":"Exordium Wildlife","floor":14,"turns":4},{"damage":23,"enemies":"Hexaghost","floor":16,"turns":13},{"damage":0,"enemies":"3 Byrds","floor":18,"turns":2},{"damage":0,"enemies":"Spheric Guardian","floor":22,"turns":1},{"damage":0,"enemies":"Masked Bandits","floor":24,"turns":3},{"damage":14,"enemies":"Centurion and Healer","floor":28,"turns":5},{"damage":17,"enemies":"Snake Plant","floor":29,"turns":4},{"damage":2,"enemies":"Slavers","floor":31,"turns":5},{"damage":0,"enemies":"Collector","floor":33,"turns":10},{"damage":0,"enemies":"3 Shapes","floor":35,"turns":2},{"damage":0,"enemies":"Orb Walker","floor":37,"turns":3},{"damage":17,"enemies":"Mind Bloom Boss Battle","floor":39,"turns":6},{"damage":0,"enemies":"Giant Head","floor":40,"turns":6},{"damage":8,"enemies":"Nemesis","floor":42,"turns":5},{"damage":0,"enemies":"Writhing Mass","floor":48,"turns":1},{"damage":2,"enemies":"Awakened One","floor":50,"turns":8}],"seed_played":"-7148545441674845726","potions_obtained":[{"floor":2,"key":"LiquidBronze"},{"floor":3,"key":"SmokeBomb"},{"floor":5,"key":"Swift Potion"},{"floor":5,"key":"SmokeBomb"},{"floor":8,"key":"SteroidPotion"},{"floor":14,"key":"Explosive Potion"},{"floor":22,"key":"ColorlessPotion"},{"floor":24,"key":"EssenceOfDarkness"},{"floor":28,"key":"SpeedPotion"},{"floor":37,"key":"Dexterity Potion"},{"floor":39,"key":"Energy Potion"}],"is_trial":false,"path_per_floor":["M","M","M","M","?","E","R","E","T","M","M","?","$","M","R","B",null,"M","?","?","$","M","R","?","T","T","R","M","M","$","E","R","B",null,"M","?","M","$","?","E","R","E","T","R","?","R","$","M","R","B",null],"character_chosen":"DEFECT","items_purchased":["Membership Card","Streamline","BootSequence","Swift Strike","Chill","Panacea","Art of War","Turbo","Panacea","MealTicket","Violence","FTL","Toy Ornithopter","Mercury Hourglass","Defragment+1","Lizard Tail","Frozen Eye","Lockon"],"campfire_rested":1,"item_purchase_floors":[13,13,13,13,13,21,21,21,30,30,38,38,38,47,47,47,47,47],"current_hp_per_floor":[75,75,75,57,57,41,41,26,26,24,24,13,13,20,42,26,75,75,75,75,75,75,75,75,75,75,75,68,58,58,63,75,75,75,75,75,75,75,65,72,75,74,74,75,75,75,75,75,75,75],"gold":10,"neow_bonus":"THREE_ENEMY_KILL","is_daily":false,"chose_seed":false,"campfire_upgraded":8,"win_rate":0.0,"timestamp":1614308544,"path_taken":["M","?","?","?","?","E","R","E","T","?","M","?","$","M","R","BOSS","M","?","?","?","M","R","?","?","T","R","?","M","$","E","R","BOSS","M","?","M","$","?","E","R","E","T","R","?","R","$","M","R","BOSS"],"items_purchased_type":["Relic","Card","Card","Card","Card","Card","Relic","Card","Card","Relic","Card","Card","Relic","Relic","Card","Relic","Relic","Card"],"build_version":"2020-12-22","purchased_purges":0,"victory":true,"max_hp_per_floor":[75,75,75,75,75,75,75,75,75,75,75,75,75,75,75,75,75,75,75,75,75,75,75,75,75,75,75,75,75,75,75,75,75,75,75,75,75,75,75,75,75,75,75,75,75,75,75,75,75,75],"card_choices":[{"not_picked":["Streamline","Turbo"],"picked":"White Noise","floor":1},{"not_picked":["Reinforced Body","Redo"],"picked":"Coolheaded","floor":2},{"not_picked":["Cold Snap","Lockon"],"picked":"Auto Shields","floor":3},{"not_picked":["Leap","Loop"],"picked":"Go for the Eyes","floor":4},{"not_picked":["Heatsinks","Blizzard"],"picked":"Hyperbeam","floor":6},{"not_picked":["Gash","Doom and Gloom"],"picked":"Conserve Battery","floor":8},{"not_picked":["Coolheaded","Rebound"],"picked":"Barrage","floor":10},{"not_picked":["Cold Snap","Sweeping Beam"],"picked":"Self Repair","floor":11},{"not_picked":["Stack","Cold Snap"],"picked":"Undo","floor":14},{"not_picked":["Thunder Strike","Machine Learning"],"picked":"Fission","floor":16},{"not_picked":["Undo","Stack"],"picked":"Redo","floor":18},{"not_picked":["Heatsinks","Gash"],"picked":"Hologram","floor":22},{"not_picked":["Beam Cell","Ball Lightning"],"picked":"Double Energy","floor":24},{"not_picked":["Melter","Blizzard+1"],"picked":"Redo+1","floor":28},{"not_picked":["Doom and Gloom+1","Sweeping Beam","Ball Lightning+1"],"picked":"SKIP","floor":29},{"not_picked":["Redo","Cold Snap"],"picked":"Sunder+1","floor":31},{"not_picked":["Hyperbeam","Biased Cognition"],"picked":"Core Surge","floor":33},{"not_picked":["Streamline","Leap+1"],"picked":"Turbo+1","floor":35},{"not_picked":["Enlightenment","Deep Breath"],"picked":"Flash of Steel","floor":36},{"not_picked":["Turbo","Loop"],"picked":"Capacitor+1","floor":37},{"not_picked":["Self Repair","Steam+1"],"picked":"Defragment+1","floor":39},{"not_picked":["Coolheaded","Scrape"],"picked":"Compile Driver+1","floor":40},{"not_picked":["Gash","Reprogram+1"],"picked":"Echo Form+1","floor":42}],"player_experience":68011,"relics_obtained":[{"floor":6,"key":"Dead Branch"},{"floor":8,"key":"Sundial"},{"floor":9,"key":"Ornamental Fan"},{"floor":24,"key":"Red Mask"},{"floor":25,"key":"Blue Candle"},{"floor":26,"key":"Eternal Feather"},{"floor":31,"key":"TungstenRod"},{"floor":39,"key":"Old Coin"},{"floor":40,"key":"Mummified Hand"},{"floor":42,"key":"Frozen Egg 2"},{"floor":43,"key":"Centennial Puzzle"}],"event_choices":[{"damage_healed":0,"gold_gain":0,"player_choice":"Bought 2 Potions","damage_taken":0,"max_hp_gain":0,"max_hp_loss":0,"event_name":"The Woman in Blue","floor":5,"gold_loss":0},{"damage_healed":0,"gold_gain":75,"player_choice":"Gather Gold","damage_taken":11,"max_hp_gain":0,"max_hp_loss":0,"event_name":"World of Goop","floor":12,"gold_loss":0},{"damage_healed":0,"gold_gain":0,"player_choice":"Opened","damage_taken":0,"relics_obtained":["Gremlin Horn"],"max_hp_gain":0,"max_hp_loss":0,"event_name":"The Mausoleum","floor":19,"gold_loss":0},{"damage_healed":0,"gold_gain":0,"player_choice":"Read","damage_taken":0,"max_hp_gain":0,"max_hp_loss":0,"event_name":"The Library","floor":20,"gold_loss":0,"cards_obtained":["Genetic Algorithm"]},{"damage_healed":0,"gold_gain":0,"player_choice":"Fought Bandits","damage_taken":0,"max_hp_gain":0,"max_hp_loss":0,"event_name":"Masked Bandits","floor":24,"gold_loss":0},{"damage_healed":0,"gold_gain":0,"player_choice":"Memory 1","damage_taken":0,"max_hp_gain":0,"max_hp_loss":0,"event_name":"SensoryStone","floor":36,"gold_loss":0},{"damage_healed":0,"gold_gain":0,"player_choice":"Fight","damage_taken":0,"max_hp_gain":0,"max_hp_loss":0,"event_name":"MindBloom","floor":39,"gold_loss":0},{"damage_healed":0,"gold_gain":0,"player_choice":"Forge","damage_taken":0,"max_hp_gain":0,"max_hp_loss":0,"event_name":"Accursed Blacksmith","floor":45,"gold_loss":0,"cards_upgraded":["Streamline"]}],"is_beta":false,"boss_relics":[{"not_picked":["Calling Bell","Fusion Hammer"],"picked":"Pandora\u0027s Box"},{"not_picked":["Philosopher\u0027s Stone","Sozu"],"picked":"SlaversCollar"}],"items_purged_floors":[],"is_endless":false,"potions_floor_spawned":[2,3,8,14,22,24,28,37,39],"ascension_level":2}}