{"host":"d3bsw5ou8fswq5qc","time":1614382248,"event":{"mods":["Aspiration","BaseMod","Colored Map","Conspire","Downfall","GifTheSpireLib","Googly Eyes","Minty Spire (QoL Compilation)","Replay The Spire","StSLib","Stuff the Spire","The Jungle"],"gold_per_floor":[99,123,135,147,160,185,185,211,237,25,42,66,78,105,134,218,230,242,254,266,294,219,219,219,239,273,57,84,84,110,110,126,203,203,203,219,233,245,264,274,274,159,185,205,224,456,488,488,504,504],"floor_reached":51,"language":"FRA","playtime":7525,"items_purged":["Pride","StuffTheSpire:CuriosityCurse"],"score":1369,"play_id":"10a15bdf-d4f6-4230-8ec6-08490421ea21","local_time":"20210227003048","is_ascension_mode":true,"campfire_choices":[{"data":"Slimebound:Split","floor":1,"key":"SMITH"},{"floor":13,"key":"REST"},{"data":"Slimebound:Recycling","floor":18,"key":"SMITH"},{"data":"Slimebound:SamplingLick","floor":29,"key":"SMITH"},{"floor":35,"key":"DIG"}],"circlet_count":0,"master_deck":["AscendersBane","Slimebound:Strike_Slimebound","Slimebound:Strike_Slimebound","Slimebound:Strike_Slimebound","Slimebound:Tackle","Slimebound:Defend_Slimebound","Slimebound:Defend_Slimebound","Slimebound:Defend_Slimebound","Slimebound:Defend_Slimebound","Slimebound:Split+1","Slimebound:Recycling+1","Slimebound:Recollect","Slimebound:HauntingLick","Slimebound:LeechingTouch","Slimebound:SpikyOuterGoop","Slimebound:HauntingLick","Slimebound:SpikyOuterGoop","Slimebound:Gluttony","Slimebound:MassFeed","Slimebound:SpikyOuterGoop","Slimebound:GoopSpray","Slimebound:WasteNot","Slimebound:Schlurp","Slimebound:SamplingLick","Slimebound:LeechLife","Slimebound:SplitAcid","Slimebound:TongueLash","Slimebound:SamplingLick+1","Slimebound:SplitMire","Slimebound:LeechEnergy","Slimebound:SpikyOuterGoop","Slimebound:TongueLash","Slimebound:RainOfGoop","Slimebound:SlimeSlap","Slimebound:SplitLeeching","Slimebound:AcidTongue","Slimebound:SplitMire+1","Slimebound:MegaLick","Slimebound:DuplicatedForm","Slimebound:Schlurp","Slimebound:Dissolve+1"],"relics":["Slimebound:AbsorbEndCombat","Anchor","Pantograph","StuffTheSpire:OldFever","Strawberry","Turnip","MawBank","aspiration:SecretTechniqueScroll","Enchiridion","Boot","Replay:Bottled Flurry","Centennial Puzzle","Divine Protection","Vajra","FossilizedHelix","conspire:RunicOctahedron","PreservedInsect","StuffTheSpire:Nightcore","aspiration:HiddenCompartment","Mirror"],"acts_visited":["Exordium","TheCity","TheBeyond"],"potions_floor_usage":[6,8,16,21,26,45],"damage_taken":[{"damage":1,"enemies":"Cultist","floor":3,"turns":4},{"damage":3,"enemies":"2 Louse","floor":4,"turns":3},{"damage":3,"enemies":"Jaw Worm","floor":5,"turns":4},{"damage":36,"enemies":"Gremlin Nob","floor":6,"turns":4},{"damage":16,"enemies":"conspire:MimicChest","floor":8,"turns":6},{"damage":20,"enemies":"3 Sentries","floor":9,"turns":8},{"damage":0,"enemies":"downfall:FleeingMerchant","floor":10,"turns":4},{"damage":10,"enemies":"Exordium Wildlife","floor":11,"turns":6},{"damage":0,"enemies":"Blue Slaver","floor":14,"turns":4},{"damage":2,"enemies":"Exordium Thugs","floor":15,"turns":7},{"damage":11,"enemies":"WA_ARCHETYPE_RETAIN","floor":16,"turns":11},{"damage":4,"enemies":"3 Byrds","floor":21,"turns":6},{"damage":1,"enemies":"downfall:FleeingMerchant","floor":22,"turns":4},{"damage":3,"enemies":"Shell Parasite","floor":25,"turns":5},{"damage":8,"enemies":"Gremlin Leader","floor":26,"turns":8},{"damage":6,"enemies":"downfall:FleeingMerchant","floor":27,"turns":4},{"damage":7,"enemies":"Book of Stabbing","floor":28,"turns":6},{"damage":26,"enemies":"Gremlin Leader","floor":30,"turns":8},{"damage":0,"enemies":"Centurion and Healer","floor":32,"turns":5},{"damage":19,"enemies":"IC_MUSHROOM_ARCHETYPE","floor":33,"turns":10},{"damage":0,"enemies":"3 Shapes","floor":36,"turns":5},{"damage":0,"enemies":"Orb Walker","floor":37,"turns":4},{"damage":26,"enemies":"Sphere and 2 Shapes","floor":38,"turns":6},{"damage":0,"enemies":"4 Shapes","floor":39,"turns":7},{"damage":6,"enemies":"Maw","floor":40,"turns":7},{"damage":5,"enemies":"downfall:FleeingMerchant","floor":42,"turns":4},{"damage":15,"enemies":"Nemesis","floor":43,"turns":5},{"damage":25,"enemies":"Spire Growth","floor":44,"turns":5},{"damage":9,"enemies":"4 Shapes","floor":45,"turns":5},{"damage":0,"enemies":"downfall:FleeingMerchant","floor":46,"turns":4},{"damage":55,"enemies":"Giant Head","floor":47,"turns":9},{"damage":32,"enemies":"3 Darklings","floor":49,"turns":7},{"damage":34,"enemies":"SI_POISON_ARCHETYPE","floor":50,"turns":15}],"seed_played":"-4603473031765587198","potions_obtained":[{"floor":3,"key":"SpeedPotion"},{"floor":4,"key":"BlessingOfTheForge"},{"floor":8,"key":"sneckomod:MuddlingPotion"},{"floor":11,"key":"AttackPotion"},{"floor":14,"key":"champ:CounterPotion"},{"floor":21,"key":"SkillPotion"},{"floor":25,"key":"Regen Potion"},{"floor":26,"key":"SmokeBomb"},{"floor":40,"key":"AttackPotion"},{"floor":45,"key":"SpeedPotion"}],"is_trial":false,"path_per_floor":["R","T","M","M","M","E","T","?","E","$","M","T","R","M","M","B",null,"R","?","?","M","$","?","T","M","E","$","E","R","E","?","M","B",null,"R_BF","M","M","M","M","M","T","$","E","M","M","$","E","?","M","B",null],"character_chosen":"SLIMEBOUND","items_purchased":["Slimebound:MassFeed","Slimebound:SpikyOuterGoop","Slimebound:GoopSpray","Slimebound:TongueLash","Slimebound:LeechEnergy","Slimebound:SpikyOuterGoop","Slimebound:DuplicatedForm","Slimebound:Schlurp"],"campfire_rested":1,"item_purchase_floors":[10,10,10,22,27,27,46,46],"current_hp_per_floor":[59,59,62,61,62,32,32,31,19,23,27,27,50,59,68,76,82,82,82,66,87,87,87,87,87,79,81,82,82,71,71,82,71,85,85,90,90,81,90,89,89,90,90,90,86,92,70,70,90,70],"gold":504,"neow_bonus":"ONE_RANDOM_RARE_CARD","is_daily":false,"chose_seed":false,"campfire_upgraded":3,"win_rate":0.0,"timestamp":1614382248,"path_taken":["R","?","M","M","M","E","T","?","E","?","M","?","R","M","M","BOSS","R","?","?","M","$","?","T","M","E","$","E","R","E","?","M","BOSS","R_BF","M","M","M","M","M","T","$","E","M","M","$","E","?","M","BOSS"],"items_purchased_type":["Card","Card","Card","Card","Card","Card","Card","Card"],"build_version":"2020-12-22","purchased_purges":2,"victory":true,"max_hp_per_floor":[65,65,65,65,65,65,65,72,72,72,78,78,78,81,84,84,84,84,84,84,87,87,87,87,87,87,87,87,87,87,87,90,90,90,90,90,90,90,90,90,90,90,90,90,93,93,93,93,96,96],"card_choices":[{"not_picked":["Slimebound:ForwardTackle","Slimebound:SlimeBrawl"],"picked":"Slimebound:Recollect","floor":3},{"not_picked":["Slimebound:ServeAndProtect","Slimebound:Replication"],"picked":"Slimebound:HauntingLick","floor":4},{"not_picked":["Slimebound:GoopTackle","Slimebound:ComboTackle"],"picked":"Slimebound:LeechingTouch","floor":5},{"not_picked":["Slimebound:HungryTackle","Slimebound:GoopSpray"],"picked":"Slimebound:SpikyOuterGoop","floor":6},{"not_picked":["Slimebound:Dissolve","Slimebound:SlimeSpikes"],"picked":"Slimebound:HauntingLick","floor":8},{"not_picked":["Slimebound:HauntingLick","Slimebound:SplitSpecialist"],"picked":"Slimebound:SpikyOuterGoop","floor":9},{"not_picked":["Slimebound:LeechingTouch","Slimebound:RejuvenatingLick"],"picked":"Slimebound:Gluttony","floor":10},{"not_picked":["Slimebound:HauntingLick","Slimebound:GoopTackle"],"picked":"Slimebound:WasteNot","floor":11},{"not_picked":["Slimebound:SlimeSpikes","Slimebound:BestDefense"],"picked":"Slimebound:Schlurp","floor":14},{"not_picked":["Slimebound:PressTheAttack","Slimebound:SpikyOuterGoop"],"picked":"Slimebound:SamplingLick","floor":15},{"not_picked":["Slimebound:TagTeam","Slimebound:OneTwoCombo"],"picked":"Slimebound:LeechLife","floor":16},{"not_picked":["Slimebound:FinishingTackle","Slimebound:LivingWall"],"picked":"Slimebound:SplitAcid","floor":21},{"not_picked":["Slimebound:Gluttony","Slimebound:Overexert","Slimebound:RollThrough"],"picked":"SKIP","floor":22},{"not_picked":["Slimebound:SplitMire","Slimebound:ItLooksTasty"],"picked":"Slimebound:SamplingLick","floor":25},{"not_picked":["Slimebound:RollThrough","Slimebound:MassRepurpose","Slimebound:TongueLash"],"picked":"SKIP","floor":26},{"not_picked":["Slimebound:GoopSpray","Slimebound:SplitAcid"],"picked":"Slimebound:SplitMire","floor":27},{"not_picked":["Slimebound:Dissolve","Slimebound:ComboTackle"],"picked":"Slimebound:TongueLash","floor":28},{"not_picked":["Slimebound:LeechingTouch+1","Slimebound:LevelUp"],"picked":"Slimebound:RainOfGoop","floor":30},{"not_picked":["Slimebound:PressTheAttack","Slimebound:LeechingTouch","Slimebound:GoopSpray"],"picked":"SKIP","floor":32},{"not_picked":["Slimebound:SelfFormingGoo","Slimebound:Overexert"],"picked":"Slimebound:SlimeSlap","floor":33},{"not_picked":["Slimebound:ForwardTackle+1","Slimebound:Schlurp"],"picked":"Slimebound:SplitLeeching","floor":36},{"not_picked":["Slimebound:SplitSpecialist","Slimebound:PressTheAttack+1"],"picked":"Slimebound:AcidTongue","floor":37},{"not_picked":["Slimebound:LivingWall","Slimebound:GoopTackle","Slimebound:SamplingLick"],"picked":"SKIP","floor":38},{"not_picked":["Slimebound:GoopSpray","Slimebound:ServeAndProtect","Slimebound:ComboTackle"],"picked":"SKIP","floor":39},{"not_picked":["Slimebound:SplitMire","Slimebound:RollThrough","Slimebound:HauntingLick"],"picked":"SKIP","floor":40},{"not_picked":["Slimebound:LeechLife","Slimebound:Chomp+1","Slimebound:GoopTackle"],"picked":"SKIP","floor":42},{"not_picked":["Slimebound:Overexert","Slimebound:SplitMire","Slimebound:TongueLash"],"picked":"SKIP","floor":43},{"not_picked":["Slimebound:GoopSpray","Slimebound:DisruptingSlam+1"],"picked":"Slimebound:SplitMire+1","floor":44},{"not_picked":["Slimebound:LivingWall+1","Slimebound:RollThrough","Slimebound:GoopSpray"],"picked":"SKIP","floor":45},{"not_picked":["Slimebound:Repurpose+1","Slimebound:Darklings"],"picked":"Slimebound:MegaLick","floor":46},{"not_picked":["Slimebound:Repurpose","Slimebound:TongueLash+1","Slimebound:ItLooksTasty"],"picked":"SKIP","floor":47},{"not_picked":["Slimebound:RollThrough","Slimebound:ItLooksTasty"],"picked":"Slimebound:Dissolve+1","floor":49}],"player_experience":334486,"relics_obtained":[{"floor":2,"key":"Anchor"},{"floor":6,"key":"Pantograph"},{"floor":7,"key":"StuffTheSpire:OldFever"},{"floor":8,"key":"Strawberry"},{"floor":9,"key":"Turnip"},{"floor":12,"key":"MawBank"},{"floor":20,"key":"Enchiridion"},{"floor":24,"key":"Replay:Bottled Flurry"},{"floor":26,"key":"Centennial Puzzle"},{"floor":28,"key":"Divine Protection"},{"floor":30,"key":"Vajra"},{"floor":35,"key":"PreservedInsect"},{"floor":41,"key":"StuffTheSpire:Nightcore"},{"floor":43,"key":"aspiration:HiddenCompartment"},{"floor":47,"key":"Mirror"}],"event_choices":[{"damage_healed":0,"gold_gain":0,"player_choice":"Stole Relic","damage_taken":0,"relics_obtained":["Boot"],"max_hp_gain":0,"max_hp_loss":0,"event_name":"Addict","floor":23,"gold_loss":0,"cards_obtained":["Pride"]},{"cards_removed":["Slimebound:CorrosiveSpit"],"damage_healed":0,"gold_gain":0,"player_choice":"Removed Skill","damage_taken":0,"max_hp_gain":0,"max_hp_loss":0,"event_name":"Falling","floor":48,"gold_loss":0}],"is_beta":false,"boss_relics":[{"not_picked":["ReplayTheSpireMod:DimensionalGlitch","aspiration:PoetsPen_weak"],"picked":"aspiration:SecretTechniqueScroll"},{"not_picked":["Tiny House","expansioncontent:StudyCardRelic"],"picked":"conspire:RunicOctahedron"}],"items_purged_floors":[27,42],"is_endless":false,"potions_floor_spawned":[3,4,8,11,14,21,25,26,30,40,43,44,45,49],"ascension_level":13}}