{"host":"roto7j7840a50pxh","time":1614313579,"event":{"mods":["Act Like it!","BaseMod","Better Altar","Better Note","Better Sensory Stone","Better Skull","Better Third Choice","BetterRewards","Colored Map","Colored Powertips","Downfall","Hermit","Highlight Path","Hubris","Infinite Spire","Minty Spire (QoL Compilation)","Replay The Spire","Robot Space Explorer","Shade Mod","Spicy Shops","StSLib","The Construct","The Cursed","The Dragon Tamer","The Hierophant","The Necromancer","The Runesmith","The Servant 0.9.4","TheVacant"],"gold_per_floor":[111,126,138,138,150,150,180,197,223,233,246,262,4,63,63,162,162,183,183,183,155,175,201,201,229,229,245,245,163,192,192,192,297,297,311,311,532,61,72,99,99,132,183,23,60,86,86,107,107,117],"floor_reached":51,"language":"ENG","playtime":8252,"items_purged":[],"score":1175,"play_id":"06cac2db-f806-457e-a177-e3924f424c89","local_time":"20210225232619","is_ascension_mode":true,"campfire_choices":[{"data":"hermit:TakeCover","floor":6.0,"key":"SMITH"},{"floor":24,"key":"REST"},{"floor":28,"key":"REST"},{"data":"hermit:Adapt","floor":41,"key":"SMITH"},{"data":"FlawlessForm","floor":49,"key":"SMITH"}],"circlet_count":0,"master_deck":["hermit:Strike_Hermit","hermit:Strike_Hermit","hermit:Strike_Hermit","hermit:Strike_Hermit","hermit:Defend_Hermit","hermit:Defend_Hermit","hermit:Defend_Hermit","hermit:Defend_Hermit","hermit:Snapshot","hermit:Covet","hermit:Quickdraw+1","hermit:Dive+1","hermit:CalledShot+1","hermit:TakeCover+1","hermit:Determination+1","hermit:TakeCover+1","hermit:EyeOfTheStorm+1","hermit:Maintenance+1","hermit:Gestalt+1","hermit:Dive+1","hermit:FinalCanter","hermit:Snipe+1","ReplayTheSpireMod:Brewmster+1","hermit:GoldenBullet+1","hermit:PistolWhip","hermit:Gestalt+1","hermit:Deadeye+1","hermit:Feint+1","Defy+1","hermit:Manifest+1","Replay:Fractal Strike","FlawlessForm+1","hermit:GhostlyPresence+1","hermit:Vantage+1","hermit:Dive+1","hermit:Headshot","hermit:Adapt+1","hermit:Desperado+1","Hallucinations","Clumsy","hermit:HoleUp+1","hermit:Glare+1","hermit:Quickdraw","hermit:Midnight+1","Parasite","hermit:WideOpen"],"relics":["hermit:Momento","NeowsBlessing","Toxic Egg 2","infinitespire:Satchel","Guide Book","Potion Belt","Replay:Ancient Bell","hubris:TenFootPole","Pantograph","Incense Burner","Replay:Bottled Eggs","Iron Hammer","hubris:DisguiseKit","TungstenRod","hermit:CharredGlove","Cursed Key","hermit:DentedPlate","hubris:EmptyBottle","Replay:Ringing Soul","Replay:Bandana","Centennial Puzzle","Whetstone","infinitespire:PuzzleCube","hubris:Towel"],"acts_visited":["Exordium","TheCity","TheBeyond"],"potions_floor_usage":[16,16,21,22,22,25,25,25,27,27,29,29,29,30,30,30,30,30,33,33,33,35,35,35,35,35,35,35,39,39,40,40,40,40,40,40,40,40,42,42,42,42,42,42,45,45,45,45,45,46,46,46,46,46,46,48,48,48,48,48,50,50,50,50,50,50,50,50,50,50,50,50,50,50,50,50,50,50,50,50,50,50,50,50,50],"damage_taken":[{"damage":0.0,"enemies":"2 Louse","floor":1.0,"turns":2.0},{"damage":0.0,"enemies":"infinitespire:Voidling","floor":2.0,"turns":1.0},{"damage":0.0,"enemies":"Small Slimes","floor":3.0,"turns":1.0},{"damage":14.0,"enemies":"3 Louse","floor":5.0,"turns":5.0},{"damage":38.0,"enemies":"Gremlin Nob","floor":7.0,"turns":6.0},{"damage":0.0,"enemies":"Exordium Wildlife","floor":8.0,"turns":4.0},{"damage":6.0,"enemies":"Blue Slaver","floor":10.0,"turns":5.0},{"damage":0.0,"enemies":"Red Slaver","floor":11.0,"turns":4.0},{"damage":0.0,"enemies":"Exordium Thugs","floor":12.0,"turns":6.0},{"damage":1,"enemies":"Slime Boss","floor":16,"turns":15},{"damage":10,"enemies":"Spheric Guardian","floor":18,"turns":7},{"damage":1,"enemies":"2 Thieves","floor":21,"turns":5},{"damage":21,"enemies":"Shelled Parasite and Fungi","floor":22,"turns":10},{"damage":14,"enemies":"Replay:Snechameleon","floor":23,"turns":12},{"damage":42,"enemies":"Book of Stabbing","floor":25,"turns":9},{"damage":2,"enemies":"Centurion and Healer","floor":27,"turns":7},{"damage":3,"enemies":"Snake Plant","floor":29,"turns":7},{"damage":3,"enemies":"Gremlin Leader","floor":30,"turns":11},{"damage":0,"enemies":"Automaton","floor":33,"turns":10},{"damage":0,"enemies":"3 Darklings","floor":35,"turns":12},{"damage":7,"enemies":"3 Shapes","floor":39,"turns":5},{"damage":0,"enemies":"Reptomancer","floor":40,"turns":7},{"damage":0,"enemies":"Spire Growth","floor":42,"turns":6},{"damage":2,"enemies":"Nemesis","floor":45,"turns":11},{"damage":0,"enemies":"Sphere and 2 Shapes","floor":46,"turns":5},{"damage":0,"enemies":"Writhing Mass","floor":48,"turns":8},{"damage":12,"enemies":"infinitespire:MassOfShapes","floor":50,"turns":13}],"seed_played":"423386834267074853","potions_obtained":[{"floor":2.0,"key":"Venom Potion"},{"floor":5.0,"key":"SpeedPotion"},{"floor":10.0,"key":"Energy Potion"},{"floor":11.0,"key":"hermit:BlackBile"},{"floor":15,"key":"Doom Potion"},{"floor":15,"key":"FairyPotion"},{"floor":18,"key":"SneckoOil"},{"floor":25,"key":"Swift Potion"},{"floor":29,"key":"Block Potion"},{"floor":33,"key":"Slimebound:ThreeZeroPotion"},{"floor":39,"key":"Dexterity Potion"},{"floor":46,"key":"Elixir"}],"is_trial":false,"path_per_floor":["M","M","M","?","M","R","E","M","T","M","M","M","$","?","R_BF","B",null,"M","?","?","M","M","E","R","E","T","M","R","M","E","AVR","R_BF","B",null,"M","?","?","$","M","E","R","M","T","$","E","M","?","M","R","B",null],"character_chosen":"HERMIT","items_purchased":["Guide Book","Potion Belt","hermit:Dive+1","Swift Potion","hubris:EmptyBottle","hermit:Vantage+1","hermit:Dive+1","Replay:Ringing Soul","Whetstone","hermit:HoleUp+1","hermit:Glare+1"],"campfire_rested":2,"item_purchase_floors":[13,13,13,13,38,38,38,38,44,44,44],"current_hp_per_floor":[68,68,68,68,54,54,16,16,16,10,10,10,10,10,10,9,59,49,49,49,48,27,13,35,15,15,13,35,41,50,50,72,75,107,107,107,97,97,93,96,96,99,102,105,106,109,109,112,112,119],"gold":117,"neow_bonus":"THREE_ENEMY_KILL","is_daily":false,"chose_seed":false,"campfire_upgraded":3,"win_rate":0.0,"timestamp":1614313579,"path_taken":["M","M","M","?","M","R","E","M","T","M","M","?","$","?","R_BF","BOSS","M","?","?","?","M","E","R","E","T","M","R","M","E","AVR","R_BF","BOSS","M","?","?","$","M","E","R","?","T","$","E","M","?","M","R","BOSS"],"items_purchased_type":["Relic","Relic","Card","Potion","Relic","Card","Card","Relic","Relic","Card","Card"],"build_version":"2020-12-22","purchased_purges":0,"victory":true,"max_hp_per_floor":[75,75,75,75,75,75,75,75,75,75,75,75,75,75,75,75,75,75,75,75,75,75,75,75,75,75,75,75,75,75,75,75,75,107,107,107,107,107,110,113,113,116,119,122,125,128,128,131,131,131],"card_choices":[{"not_picked":["hermit:HighCaliber","hermit:BodyArmor"],"picked":"hermit:Snipe","floor":1.0},{"not_picked":["hermit:Glare","hermit:PistolWhip"],"picked":"hermit:Quickdraw","floor":2.0},{"not_picked":["hermit:HighCaliber","hermit:GoldenBullet"],"picked":"hermit:Dive","floor":3.0},{"not_picked":["hermit:EyeOfTheStorm","hermit:Snipe"],"picked":"hermit:TakeCover","floor":5.0},{"not_picked":["hermit:DeadOrAlive","hermit:Feint+1"],"picked":"hermit:Determination","floor":7.0},{"not_picked":["hermit:Horror+1","hermit:Enervate"],"picked":"hermit:TakeCover+1","floor":8.0},{"not_picked":["hermit:LuckOfTheDraw+1","hermit:BodyArmor+1"],"picked":"hermit:EyeOfTheStorm+1","floor":10.0},{"not_picked":["hermit:Desperado","hermit:Manifest+1"],"picked":"hermit:Maintenance+1","floor":11.0},{"not_picked":["hermit:Roughhouse","hermit:Determination"],"picked":"hermit:Gestalt+1","floor":12.0},{"not_picked":["hermit:FatalDesire","hermit:OverwhelmingPower"],"picked":"hermit:FinalCanter","floor":16},{"not_picked":["Hallucinations","Shame"],"picked":"ReplayTheSpireMod:IOU","floor":17},{"not_picked":["ReplayTheSpireMod:Splinters","hubris:Sloth"],"picked":"hubris:Greed","floor":17},{"not_picked":["ReplayTheSpireMod:IOU","Amnesia"],"picked":"hubris:Greed","floor":17},{"not_picked":["hermit:Showdown","hermit:BodyArmor+1"],"picked":"hermit:Snipe+1","floor":18},{"not_picked":["hermit:FullyLoaded+1","hermit:Scavenge+1"],"picked":"hermit:GoldenBullet","floor":21},{"not_picked":["hermit:Horror+1","hermit:Malice"],"picked":"hermit:PistolWhip","floor":22},{"not_picked":["hermit:Glare+1","hermit:GoldenBullet"],"picked":"hermit:Gestalt+1","floor":23},{"not_picked":["hermit:HighCaliber","hermit:DeadMansHand+1"],"picked":"hermit:Deadeye","floor":25},{"not_picked":["hermit:NoHoldsBarred","hermit:Desperado","SpecialFormula"],"picked":"hermit:Feint+1","floor":27},{"not_picked":["hermit:LowProfile+1","hermit:Feint+1","hermit:Combo"],"picked":"Defy","floor":29},{"not_picked":["hermit:HighCaliber","hermit:Roulette","SilverMatrix"],"picked":"hermit:Manifest+1","floor":30},{"not_picked":["hermit:OverwhelmingPower","hermit:EternalForm","hermit:FinalCanter"],"picked":"FlawlessForm","floor":33},{"not_picked":["hermit:DeadMansHand+1","hermit:WideOpen+1","Defy"],"picked":"hermit:GhostlyPresence+1","floor":35},{"not_picked":["hermit:Coalescence+1","hermit:Determination+1","Ricochet"],"picked":"hermit:Headshot","floor":39},{"not_picked":["hermit:Shortfuse","hermit:Dive+1","Spin"],"picked":"hermit:Adapt","floor":40},{"not_picked":["hermit:CalledShot","hermit:TakeAim","MoonPhase"],"picked":"hermit:Desperado+1","floor":42},{"not_picked":["hermit:BodyArmor+1","hermit:LowProfile+1","Shuttle"],"picked":"hermit:Quickdraw","floor":45},{"not_picked":["hermit:Horror+1","hermit:Roulette","Misdirection"],"picked":"hermit:Midnight+1","floor":46},{"not_picked":["hermit:ItchyTrigger+1","hermit:LowProfile+1","SilverBlades"],"picked":"hermit:WideOpen","floor":48}],"player_experience":2018236,"relics_obtained":[{"floor":7.0,"key":"Toxic Egg 2"},{"floor":9.0,"key":"infinitespire:Satchel"},{"floor":23,"key":"Replay:Bottled Eggs"},{"floor":25,"key":"Iron Hammer"},{"floor":26,"key":"hubris:DisguiseKit"},{"floor":30,"key":"TungstenRod"},{"floor":40,"key":"Replay:Bandana"},{"floor":43,"key":"Centennial Puzzle"},{"floor":45,"key":"infinitespire:PuzzleCube"}],"event_choices":[{"damage_healed":0.0,"max_hp_gain":0.0,"max_hp_loss":0.0,"gold_gain":0.0,"cards_transformed":["hermit:Snipe"],"event_name":"Transmorgrifier","player_choice":"Transformed","floor":4.0,"gold_loss":0.0,"damage_taken":0.0,"cards_obtained":["hermit:CalledShot"]},{"damage_healed":0.0,"max_hp_gain":0.0,"max_hp_loss":0.0,"gold_gain":59.0,"event_name":"Golden Wing","player_choice":"Gained Gold","floor":14.0,"gold_loss":0.0,"damage_taken":0.0},{"cards_removed":["hermit:Maintenance"],"damage_healed":0,"gold_gain":0,"player_choice":"Take \u0026 Give","damage_taken":0,"max_hp_gain":0,"max_hp_loss":0,"event_name":"betterNote:BetterNote","floor":19,"gold_loss":0,"cards_obtained":["ReplayTheSpireMod:Brewmster"]},{"cards_removed":["hubris:Greed","hubris:Greed","ReplayTheSpireMod:IOU","Shame"],"damage_healed":0,"gold_gain":0,"player_choice":"Removed Curses","damage_taken":0,"max_hp_gain":0,"max_hp_loss":0,"event_name":"Fountain of Cleansing","floor":20,"gold_loss":0},{"damage_healed":0,"gold_gain":0,"player_choice":"Random: Green","damage_taken":0,"max_hp_gain":0,"max_hp_loss":0,"event_name":"betterThird:BetterPortal","floor":37,"gold_loss":0},{"damage_healed":0,"gold_gain":221,"player_choice":"GO GO ","damage_taken":26,"relics_obtained":[],"max_hp_gain":0,"max_hp_loss":0,"event_name":"betterSkull:BetterSkull","floor":37,"gold_loss":0,"cards_upgraded":[]}],"is_beta":false,"boss_relics":[{"not_picked":["ReplayTheSpireMod:DimensionalGlitch","Snecko Eye"],"picked":"Replay:Ancient Bell"},{"not_picked":["infinitespire:Beetle Shell","hermit:RyeStalk"],"picked":"hubris:TenFootPole"},{"not_picked":["hubris:BottledRain","Mummified Hand"],"picked":"Pantograph"},{"not_picked":["CaptainsWheel","infinitespire:CursedDice"],"picked":"Incense Burner"},{"not_picked":["hubris:VirtuousBlindfold","construct:WeddingRing"],"picked":"hermit:DentedPlate"}],"items_purged_floors":[],"is_endless":false,"potions_floor_spawned":[2,5,10,11,18,25,29,33,39,40,46],"ascension_level":7}}