{"host":"kh6fvhxn285ncg0o","time":1614302630,"event":{"mods":["Act Like it!","BaseMod","Colored Map","Friendly Minions","Keyboard Shortcuts","Minty Spire (QoL Compilation)","Quick Restart","Relic Stats","StSLib","SuperFastMode","UnlockEverythingMod"],"gold_per_floor":[110,110,185,23,23,23,41,72,72,72,86,86,107,128,128,218,218,193,207,221,221,236,236,270,240,240,260,260,294,310,310,310],"floor_reached":31,"language":"KOR","playtime":726,"items_purged":[],"score":554,"play_id":"97acafec-57b1-48a0-93e3-83d2494fe4c7","local_time":"20210226102350","is_ascension_mode":true,"campfire_choices":[{"data":"Bash","floor":6.0,"key":"SMITH"},{"floor":10.0,"key":"REST"},{"data":"Second Wind","floor":12.0,"key":"SMITH"},{"data":"Power Through","floor":15.0,"key":"SMITH"},{"data":"Barricade","floor":23.0,"key":"SMITH"},{"floor":28.0,"key":"REST"}],"circlet_count":0,"master_deck":["AscendersBane","Strike_R+1","Strike_R+1","Defend_R","Defend_R","Defend_R","Defend_R","Bash+1","Anger","Second Wind+1","Power Through+1","Shockwave","Barricade+1","Rage"],"relics":["Burning Blood","Golden Idol","Red Skull","Dead Branch","Kunai","Busted Crown","Whetstone","Sundial","Girya"],"acts_visited":["Exordium","TheCity"],"potions_floor_usage":[],"damage_taken":[{"damage":14.0,"enemies":"Small Slimes","floor":1.0,"turns":7.0},{"damage":2.0,"enemies":"Jaw Worm","floor":7.0,"turns":3.0},{"damage":45.0,"enemies":"3 Sentries","floor":8.0,"turns":8.0},{"damage":4.0,"enemies":"2 Louse","floor":11.0,"turns":2.0},{"damage":7.0,"enemies":"Looter","floor":13.0,"turns":3.0},{"damage":10.0,"enemies":"Gremlin Gang","floor":14.0,"turns":4.0},{"damage":14.0,"enemies":"Hexaghost","floor":16.0,"turns":9.0},{"damage":16.0,"enemies":"2 Thieves","floor":18.0,"turns":4.0},{"damage":1.0,"enemies":"3 Byrds","floor":19.0,"turns":3.0},{"damage":22.0,"enemies":"Sentry and Sphere","floor":20.0,"turns":8.0},{"damage":12.0,"enemies":"Chosen and Byrds","floor":22.0,"turns":4.0},{"damage":14.0,"enemies":"Gremlin Leader","floor":24.0,"turns":7.0},{"damage":0.0,"enemies":"Snecko","floor":27.0,"turns":7.0},{"damage":9.0,"enemies":"Slavers","floor":29.0,"turns":5.0},{"damage":15.0,"enemies":"Snake Plant","floor":30.0,"turns":7.0},{"damage":30,"enemies":"Book of Stabbing","floor":31,"turns":8}],"seed_played":"7100769662123632728","potions_obtained":[{"floor":7.0,"key":"FearPotion"},{"floor":11.0,"key":"Fire Potion"},{"floor":13.0,"key":"LiquidBronze"},{"floor":20.0,"key":"PowerPotion"},{"floor":24.0,"key":"SteroidPotion"},{"floor":25.0,"key":"DuplicationPotion"},{"floor":25.0,"key":"LiquidBronze"},{"floor":29.0,"key":"SpeedPotion"}],"is_trial":false,"path_per_floor":["M","?","?","$","$","R","M","E","T","R","M","R","M","M","R","B",null,"M","M","M","?","M","R","E","?","T","M","R","E","M","E"],"character_chosen":"IRONCLAD","items_purchased":["Red Skull"],"campfire_rested":2,"item_purchase_floors":[4],"current_hp_per_floor":[60,60,49,49,49,49,53,14,14,32,34,34,33,29,29,21,52,42,47,31,31,25,25,17,17,17,23,41,38,29,0,0],"gold":310,"neow_bonus":"REMOVE_TWO","is_daily":false,"chose_seed":false,"campfire_upgraded":4,"win_rate":0.0,"timestamp":1614302630,"path_taken":["M","?","?","?","$","R","M","E","T","R","M","R","?","M","R","BOSS","M","M","M","?","M","R","E","?","T","?","R","E","M","E"],"items_purchased_type":["Relic"],"build_version":"2020-12-22","purchased_purges":0,"victory":false,"max_hp_per_floor":[68,62,62,62,62,62,62,62,62,62,62,62,62,62,62,62,62,62,62,62,62,62,62,62,62,62,62,62,62,62,62,62],"relic_stats":{"Busted Crown":16,"counters":[16,89],"Golden Idol":72,"Sundial":[4],"Dead Branch":[89],"Kunai":[12],"Whetstone":["Strike_R","Strike_R"],"obtain_stats":[{"Girya":29,"Busted Crown":17,"Golden Idol":2,"Sundial":26,"Dead Branch":8,"Kunai":9,"Whetstone":24,"Burning Blood":0,"Red Skull":4},{"Girya":14,"Busted Crown":7,"Golden Idol":1,"Sundial":12,"Dead Branch":3,"Kunai":3,"Whetstone":12,"Burning Blood":0,"Red Skull":1},{"Girya":74,"Busted Crown":36,"Golden Idol":7,"Sundial":62,"Dead Branch":18,"Kunai":18,"Whetstone":62,"Burning Blood":0,"Red Skull":7}],"Burning Blood":90},"card_choices":[{"not_picked":["Armaments","Perfected Strike"],"picked":"Anger","floor":7.0},{"not_picked":["True Grit","Infernal Blade"],"picked":"Second Wind","floor":11.0},{"not_picked":["Intimidate","Iron Wave"],"picked":"Power Through","floor":13.0},{"not_picked":["Pommel Strike","Uppercut"],"picked":"Shockwave","floor":14.0},{"not_picked":["Corruption","Reaper"],"picked":"Barricade","floor":16.0},{"not_picked":[],"picked":"Rage","floor":18.0},{"not_picked":["Perfected Strike"],"picked":"SKIP","floor":20.0},{"not_picked":["Cleave+1"],"picked":"SKIP","floor":22.0},{"not_picked":["Double Tap"],"picked":"SKIP","floor":24.0},{"not_picked":["Clash"],"picked":"SKIP","floor":29.0}],"player_experience":1545602,"relics_obtained":[{"floor":8.0,"key":"Dead Branch"},{"floor":9.0,"key":"Kunai"},{"floor":24.0,"key":"Whetstone"},{"floor":26.0,"key":"Sundial"},{"floor":29.0,"key":"Girya"}],"event_choices":[{"damage_healed":0.0,"max_hp_gain":0.0,"max_hp_loss":6.0,"gold_gain":0.0,"event_name":"Golden Idol","player_choice":"Lose Max HP","floor":2.0,"gold_loss":0.0,"damage_taken":0.0,"relics_obtained":["Golden Idol"]},{"damage_healed":0.0,"max_hp_gain":0.0,"max_hp_loss":0.0,"gold_gain":75.0,"event_name":"World of Goop","player_choice":"Gather Gold","floor":3.0,"gold_loss":0.0,"damage_taken":11.0},{"cards_removed":["Strike_R"],"damage_healed":0.0,"max_hp_gain":0.0,"max_hp_loss":0.0,"gold_gain":0.0,"event_name":"Back to Basics","player_choice":"Elegance","floor":21.0,"gold_loss":0.0,"damage_taken":0.0},{"damage_healed":0.0,"max_hp_gain":0.0,"max_hp_loss":0.0,"gold_gain":0.0,"event_name":"The Woman in Blue","player_choice":"Bought 2 Potions","floor":25.0,"gold_loss":0.0,"damage_taken":0.0}],"is_beta":false,"boss_relics":[{"not_picked":["Fusion Hammer","Ectoplasm"],"picked":"Busted Crown"}],"items_purged_floors":[],"is_endless":false,"potions_floor_spawned":[7,11,13,20,24,29],"killed_by":"Book of Stabbing","ascension_level":20}}