{"host":"lg1piimdyocafd6j","time":1614358811,"event":{"mods":["AchievementEnabler","BaseMod","Better Third Choice","BetterRewards","Colored Map","Colored Powertips","Downfall","Minty Spire (QoL Compilation)","Quick Restart","Rare Cards Sparkle","Remove Card Discount Mod","Shop Mod","StSLib","SuperFastMode"],"gold_per_floor":[117,117,117,129,146,174,184,184,211,237,248,265,110,127,127,225,225,245,264,102,115,126,160,160,7,61,80,98,114,114,128,128,223,223,240,290,290,290],"floor_reached":37,"language":"ENG","playtime":6574,"items_purged":["Dualcast","Defend_B","Strike_B","Strike_B","Strike_B","Strike_B","Zap","Storm+1","Defend_B","Consume","Defend_B","Defend_B","Self Repair+1","Machine Learning+1","Conserve Battery","Redo","Conserve Battery"],"score":607,"play_id":"c7cb9e61-5690-4c77-91d5-b88741a7e3ce","local_time":"20210226180011","is_ascension_mode":false,"campfire_choices":[{"floor":8,"key":"RECALL"},{"data":"Redo","floor":15,"key":"SMITH"},{"data":"Redo","floor":24,"key":"SMITH"},{"floor":30,"key":"REST"},{"floor":32,"key":"REST"}],"circlet_count":0,"master_deck":["Darkness","Self Repair+1","Leap","Turbo","Redo+1","Turbo","Self Repair+1","Redo+1","Leap","Reboot","Redo","Leap","Echo Form+1","Redo+1","Leap","Darkness"],"relics":["FrozenCore","Frozen Egg 2","Happy Flower","Anchor","Art of War","Bag of Preparation","Orrery","Lantern","Shuriken","MerchantsRug","Du-Vu Doll"],"acts_visited":["Exordium","TheCity","TheBeyond"],"potions_floor_usage":[6,6,16,16,16,22,23],"damage_taken":[{"damage":1,"enemies":"Cultist","floor":1,"turns":3},{"damage":7,"enemies":"2 Louse","floor":4,"turns":3},{"damage":0,"enemies":"Jaw Worm","floor":5,"turns":4},{"damage":42,"enemies":"3 Sentries","floor":6,"turns":10},{"damage":12,"enemies":"2 Fungi Beasts","floor":7,"turns":4},{"damage":12,"enemies":"Lagavulin","floor":10,"turns":5},{"damage":15,"enemies":"Lots of Slimes","floor":11,"turns":5},{"damage":0,"enemies":"3 Louse","floor":12,"turns":3},{"damage":22,"enemies":"Exordium Thugs","floor":14,"turns":7},{"damage":11,"enemies":"Slime Boss","floor":16,"turns":8},{"damage":9,"enemies":"Spheric Guardian","floor":18,"turns":4},{"damage":19,"enemies":"2 Thieves","floor":19,"turns":4},{"damage":4,"enemies":"Snecko","floor":21,"turns":6},{"damage":33,"enemies":"3 Cultists","floor":22,"turns":8},{"damage":31,"enemies":"Book of Stabbing","floor":23,"turns":9},{"damage":21,"enemies":"Chosen and Byrds","floor":27,"turns":7},{"damage":8,"enemies":"Centurion and Healer","floor":28,"turns":8},{"damage":66,"enemies":"3 Cultists","floor":29,"turns":8},{"damage":29,"enemies":"Cultist and Chosen","floor":31,"turns":7},{"damage":54,"enemies":"Champ","floor":33,"turns":9},{"damage":15,"enemies":"Orb Walker","floor":35,"turns":5},{"damage":30,"enemies":"Mind Bloom Boss Battle","floor":36,"turns":7},{"damage":0,"enemies":"3 Shapes","floor":37,"turns":1}],"seed_played":"2953594909764663137","potions_obtained":[{"floor":1,"key":"GamblersBrew"},{"floor":6,"key":"Fire Potion"},{"floor":10,"key":"SkillPotion"},{"floor":11,"key":"champ:CounterPotion"},{"floor":18,"key":"SpeedPotion"},{"floor":22,"key":"ColorlessPotion"},{"floor":27,"key":"Regen Potion"},{"floor":31,"key":"Guardian:BlockOnCardUsePotion"},{"floor":33,"key":"DistilledChaos"}],"is_trial":false,"path_per_floor":["M","?","$","M","M","E","M","R","T","E","M","M","$","M","R","B",null,"M","M","$","M","M","E","R","$","T","M","M","M","R","M","R","B",null,"M","?","M"],"character_chosen":"DEFECT","items_purchased":["Frozen Egg 2","Storm+1","Darkness","Self Repair+1","Leap","Happy Flower","Turbo","Redo","champ:CounterPotion","Orrery","Lantern","MerchantsRug"],"campfire_rested":2,"item_purchase_floors":[0,0,0,0,0,0,0,0,0,13,20,25],"current_hp_per_floor":[75,75,75,75,75,53,61,61,61,69,74,75,75,75,75,75,75,75,75,75,75,62,61,61,61,61,75,75,29,51,52,74,40,75,75,65,65,65],"gold":290,"neow_bonus":"","is_daily":false,"chose_seed":false,"campfire_upgraded":2,"win_rate":0.0,"timestamp":1614358811,"path_taken":["M","?","$","M","M","E","M","R","T","E","M","M","$","M","R","BOSS","M","M","$","M","M","E","R","$","T","?","?","M","R","M","R","BOSS","M","?","M"],"items_purchased_type":["Relic","Card","Card","Card","Card","Relic","Card","Card","Potion","Relic","Relic","Relic"],"build_version":"2020-12-22","purchased_purges":17,"victory":false,"max_hp_per_floor":[75,75,75,75,75,75,75,75,75,75,75,75,75,75,75,75,75,75,75,75,75,75,75,75,75,75,75,75,75,75,75,75,75,75,75,75,75,75],"card_choices":[{"not_picked":["Stack","Capacitor+1"],"picked":"Turbo","floor":1},{"not_picked":["Blizzard","Chaos"],"picked":"Self Repair+1","floor":4},{"not_picked":["Ball Lightning","Cold Snap","Undo"],"picked":"SKIP","floor":5},{"not_picked":["Static Discharge+1","Force Field"],"picked":"Redo","floor":6},{"not_picked":["Turbo","Rip and Tear","Genetic Algorithm"],"picked":"SKIP","floor":7},{"not_picked":["Self Repair+1","Coolheaded"],"picked":"Leap","floor":10},{"not_picked":["Sweeping Beam","Coolheaded"],"picked":"Redo","floor":11},{"not_picked":["Cold Snap","Streamline"],"picked":"Reboot","floor":12},{"not_picked":["Conserve Battery","Capacitor+1"],"picked":"Redo","floor":13},{"not_picked":["Genetic Algorithm","Core Surge"],"picked":"Conserve Battery","floor":13},{"not_picked":["Go for the Eyes","Streamline"],"picked":"Self Repair+1","floor":13},{"not_picked":["Steam","Streamline"],"picked":"Leap","floor":13},{"not_picked":["Undo","Streamline"],"picked":"Consume","floor":13},{"not_picked":["White Noise","Go for the Eyes"],"picked":"Machine Learning+1","floor":14},{"not_picked":["Fission","Core Surge"],"picked":"Echo Form+1","floor":16},{"not_picked":["Streamline","Barrage"],"picked":"Redo+1","floor":18},{"not_picked":["Auto Shields","Cold Snap"],"picked":"Conserve Battery","floor":19},{"not_picked":["Defragment+1","Gash+1","Barrage+1"],"picked":"SKIP","floor":21},{"not_picked":["Cold Snap","Ball Lightning"],"picked":"Leap","floor":22},{"not_picked":["Double Energy","Hologram","Chaos"],"picked":"SKIP","floor":23},{"not_picked":["Stack","Compile Driver","Streamline"],"picked":"SKIP","floor":27},{"not_picked":["Seek","Force Field","Reinforced Body+1"],"picked":"SKIP","floor":28},{"not_picked":["Lockon","Cold Snap+1","Sweeping Beam"],"picked":"SKIP","floor":29},{"not_picked":["Auto Shields+1","Ball Lightning"],"picked":"Darkness","floor":31},{"not_picked":["Chill","Ball Lightning+1","Beam Cell+1"],"picked":"SKIP","floor":35}],"player_experience":237710,"relics_obtained":[{"floor":6,"key":"Anchor"},{"floor":9,"key":"Art of War"},{"floor":10,"key":"Bag of Preparation"},{"floor":23,"key":"Shuriken"},{"floor":36,"key":"Du-Vu Doll"}],"event_choices":[{"damage_healed":0,"gold_gain":0,"player_choice":"Ignored","damage_taken":0,"max_hp_gain":0,"max_hp_loss":0,"event_name":"Purifier","floor":2,"gold_loss":0},{"damage_healed":0,"gold_gain":0,"player_choice":"Fight","damage_taken":0,"max_hp_gain":0,"max_hp_loss":0,"event_name":"MindBloom","floor":36,"gold_loss":0}],"is_beta":false,"boss_relics":[{"not_picked":["Pandora\u0027s Box","Runic Dome","Calling Bell"]},{"not_picked":["Snecko Eye","Fusion Hammer"],"picked":"FrozenCore"}],"items_purged_floors":[0,0,0,0,0,0,13,13,13,13,13,13,20,20,20,20,25],"is_endless":false,"potions_floor_spawned":[1,6,10,11,12,18,22,27,31,33],"killed_by":"3 Shapes","ascension_level":0}}