{"host":"bplbr8uekuotory4","time":1614335882,"event":{"mods":["Act Like it!","BaseMod","Custom Start","GungeonMod","Hermit","KinomotoSakuraMod(木之本樱)","Marisa（F雨　魔理沙）","Minty Spire (QoL Compilation)","Prisma Mod","Quick Restart","Reimu（博丽灵梦）","SOS（斯巴达之子）","Spicy Shops","StSLib","TestMod","The Blackbeard","The Cursed","The Mystic","The Saiyan","The Senshi","The Servant 0.9.4","Yuri Mod","[IsaacMod]以撒尖塔"],"gold_per_floor":[118,192,192,24,24,48,64,64,87,124,122,132,166,175,175,200,200],"floor_reached":16,"language":"ZHS","playtime":299,"items_purged":[],"score":293,"play_id":"d95e3311-fc47-409d-918e-66b04f4b956d","local_time":"20210226183802","is_ascension_mode":true,"campfire_choices":[{"data":"MysteriousBeam","floor":8,"key":"SMITH"},{"data":"MilkyWay","floor":15,"key":"SMITH"}],"circlet_count":0,"master_deck":["AscendersBane","Strike_MRS","Strike_MRS","Strike_MRS","Strike_MRS","Defend_MRS","Defend_MRS","Defend_MRS","Defend_MRS","MasterSpark","UpSweep","WitchLeyline","Regret","Poor:ReiMu","PowerUp","MysteriousBeam+1","ShootTheMoon","MagicAbsorber","MilkyWay+1"],"relics":["MiniHakkero","testmod-TestBox","HushsDoor","DeathBook","testmod-Charity","NeowsBlessing","RuthlessExorcism:ReiMu","SalivaCoin","YidongShenshe:ReiMu","DemoMod:PoisonVial","DemoMod:Metronome","DoctorsRemote"],"acts_visited":["Exordium"],"potions_floor_usage":[10,13,16,16],"damage_taken":[{"damage":0,"enemies":"2 Louse","floor":1,"turns":1},{"damage":0,"enemies":"Lagavulin","floor":6,"turns":1},{"damage":0,"enemies":"Jaw Worm","floor":7,"turns":1},{"damage":3,"enemies":"3 Sentries","floor":10,"turns":2},{"damage":4,"enemies":"Small Slimes","floor":11,"turns":2},{"damage":0,"enemies":"3 Louse","floor":12,"turns":1},{"damage":34,"enemies":"Lagavulin","floor":13,"turns":5},{"damage":17,"enemies":"Large Slime","floor":14,"turns":4},{"damage":29,"enemies":"Hexaghost","floor":16,"turns":4}],"seed_played":"8610716287017652548","potions_obtained":[{"floor":1,"key":"Explosive Potion"},{"floor":10,"key":"Fruit Juice"},{"floor":11,"key":"BottledSpark"},{"floor":13,"key":"Block Potion"}],"is_trial":false,"path_per_floor":["M","?","?","$","?","E","M","R","T","E","M","M","E","M","R","B"],"character_chosen":"MARISA","items_purchased":["SalivaCoin"],"campfire_rested":0,"item_purchase_floors":[4],"current_hp_per_floor":[64,54,54,54,54,55,56,56,57,56,54,55,31,18,18,0,0],"gold":200,"neow_bonus":"THREE_ENEMY_KILL","is_daily":false,"chose_seed":false,"campfire_upgraded":2,"win_rate":0.0,"timestamp":1614335882,"path_taken":["M","?","?","$","?","E","?","R","T","E","M","M","E","M","R","BOSS"],"items_purchased_type":["Relic"],"build_version":"2020-12-22","purchased_purges":0,"victory":false,"max_hp_per_floor":[71,72,72,72,72,73,74,74,75,77,79,80,90,94,94,102,102],"card_choices":[{"not_picked":["ShootTheMoon","OpenUniverse"],"picked":"WitchLeyline","floor":1},{"not_picked":["UltimateShortwave","NonDirectionalLaser"],"picked":"PowerUp","floor":6},{"not_picked":["DoubleSpark","MilkyWay"],"picked":"MysteriousBeam","floor":7},{"not_picked":["ShootingEcho","BigCrunch"],"picked":"ShootTheMoon","floor":10},{"not_picked":["LuminesStrike","NonDirectionalLaser","PowerUp"],"picked":"SKIP","floor":11},{"not_picked":["Singularity","StarlightTyphoon","GrandCross"],"picked":"SKIP","floor":12},{"not_picked":["NonDirectionalLaser","ShootingEcho"],"picked":"MagicAbsorber","floor":13},{"not_picked":["GalacticHalo","MagicAbsorber"],"picked":"MilkyWay","floor":14}],"player_experience":1195987,"relics_obtained":[{"floor":6,"key":"DemoMod:PoisonVial"},{"floor":10,"key":"DemoMod:Metronome"},{"floor":13,"key":"DoctorsRemote"}],"event_choices":[{"damage_healed":0,"gold_gain":75,"player_choice":"Gather Gold","damage_taken":11,"max_hp_gain":0,"max_hp_loss":0,"event_name":"World of Goop","floor":2,"gold_loss":0},{"damage_healed":0,"gold_gain":0,"player_choice":"Box","damage_taken":0,"relics_obtained":["RuthlessExorcism:ReiMu"],"max_hp_gain":0,"max_hp_loss":0,"event_name":"Big Fish","floor":3,"gold_loss":0,"cards_obtained":["Regret"]},{"damage_healed":0,"gold_gain":0,"player_choice":"带走神社","damage_taken":0,"relics_obtained":["YidongShenshe:ReiMu"],"max_hp_gain":0,"max_hp_loss":0,"event_name":"yidonshenshe","floor":5,"gold_loss":0,"cards_obtained":["Poor:ReiMu"]}],"is_beta":false,"boss_relics":[],"items_purged_floors":[],"is_endless":false,"potions_floor_spawned":[1,10,11,13],"killed_by":"Hexaghost","ascension_level":17}}