{"host":"qmdmcz5nn4dzus5k","time":1614345647,"event":{"mods":["AchievementEnabler","Act Like it!","BaseMod","Bestiary","BetterRewards","Card Filter","Displayed Cursed Tome","Minty Spire (QoL Compilation)","Quick Restart","Relic Filter","Remove Card Discount Mod","Replay The Spire","Ruina","Spicy Shops","StSLib","The Marked","TheHero","Uncapped"],"gold_per_floor":[118,136,136,154,171,171,206,231,255,255,255,255,255],"floor_reached":12,"language":"ENG","playtime":769,"items_purged":["Strike_G","Defend_G"],"score":86,"play_id":"3da1df06-2a06-47b0-b04e-9cb952ab6eeb","local_time":"20210226082047","is_ascension_mode":true,"campfire_choices":[{"floor":6,"key":"RECALL"}],"circlet_count":0,"master_deck":["Strike_G","Strike_G","Strike_G","Strike_G","Defend_G","Defend_G","Defend_G","Survivor","Neutralize","Outmaneuver","Venomology"],"relics":["Ring of the Snake","Lee\u0027s Waffle","Replay:WaspNest","Vampiric Spirits","TwistedFunnel","Blue Doll","Odd Mushroom"],"acts_visited":["Exordium"],"potions_floor_usage":[8,12],"damage_taken":[{"damage":1.0,"enemies":"Jaw Worm","floor":1.0,"turns":3.0},{"damage":0.0,"enemies":"Cultist","floor":2.0,"turns":3.0},{"damage":0.0,"enemies":"Small Slimes","floor":4.0,"turns":3.0},{"damage":11,"enemies":"Looter","floor":5,"turns":3},{"damage":37,"enemies":"Gremlin Nob","floor":7,"turns":5},{"damage":10,"enemies":"The Mushroom Lair","floor":8,"turns":3},{"damage":37,"enemies":"Lagavulin","floor":12,"turns":5}],"seed_played":"4085765649866525623","potions_obtained":[{"floor":5,"key":"BlessingOfTheForge"},{"floor":7,"key":"CunningPotion"}],"is_trial":false,"path_per_floor":["M","M","?","M","M","R","E","?","T","?","$","E"],"character_chosen":"THE_SILENT","items_purchased":["Lee\u0027s Waffle","Replay:WaspNest","TwistedFunnel"],"campfire_rested":0,"item_purchase_floors":[0,0,0],"current_hp_per_floor":[76,77,77,77,66,66,31,25,25,25,25,0,0],"gold":255,"neow_bonus":"","is_daily":false,"chose_seed":false,"campfire_upgraded":0,"win_rate":0.0,"timestamp":1614345647,"path_taken":["M","M","?","M","?","R","E","?","T","?","$","E"],"items_purchased_type":["Relic","Relic","Relic"],"build_version":"2020-12-22","purchased_purges":2,"victory":false,"max_hp_per_floor":[77,77,77,77,77,77,77,77,77,77,77,77,77],"card_choices":[{"not_picked":["Leg Sweep","Dagger Spray","Blade Dance"],"picked":"SKIP","floor":1.0},{"not_picked":["PiercingWail","ReplayTheSpireMod:The Works","Choke"],"picked":"SKIP","floor":2.0},{"not_picked":["ReplayTheSpireMod:The Works","Dagger Spray"],"picked":"Outmaneuver","floor":4.0},{"not_picked":["Choke","Replay:Poison Smokescreen","Endless Agony"],"picked":"SKIP","floor":5},{"not_picked":["Eviscerate","Blade Dance","Skewer"],"picked":"SKIP","floor":7},{"not_picked":["Dodge and Roll","Sneak Up"],"picked":"Venomology","floor":8}],"player_experience":110623,"relics_obtained":[{"floor":7,"key":"Blue Doll"},{"floor":8,"key":"Odd Mushroom"}],"event_choices":[{"cards_removed":["Defend_G"],"damage_healed":0.0,"max_hp_gain":0.0,"max_hp_loss":0.0,"gold_gain":0.0,"event_name":"Bonfire Elementals","player_choice":"Offered Basic","floor":3.0,"gold_loss":0.0,"damage_taken":0.0},{"damage_healed":0,"gold_gain":0,"player_choice":"Fought Mushrooms","damage_taken":0,"max_hp_gain":0,"max_hp_loss":0,"event_name":"Mushrooms","floor":8,"gold_loss":0},{"damage_healed":0,"gold_gain":0,"player_choice":"Ignored","damage_taken":0,"max_hp_gain":0,"max_hp_loss":0,"event_name":"Shining Light","floor":10,"gold_loss":0}],"is_beta":false,"boss_relics":[],"items_purged_floors":[0,0],"is_endless":false,"potions_floor_spawned":[5,7],"killed_by":"Lagavulin","ascension_level":2}}