{"host":"dtipo12tscmg0mau","time":1614299069,"event":{"mods":["AchievementEnabler","BaseMod","Colored Map","Colored Powertips","Minty Spire (QoL Compilation)","Quick Restart","Random Character Button","StSLib","SuperFastMode"],"gold_per_floor":[116,37,112,123,139,167,167,194,273,273,288,320,330,348,348,445,445,458,31,48,63,80,113,113,113,113,138,148,71,71,89,89,184,184,201,201,216,126,126,157,157,10,55,55,105,133,153,169,169,169],"floor_reached":51,"language":"ENG","playtime":2114,"items_purged":["Defend_R"],"score":932,"play_id":"68f92ead-666f-45a2-9845-aa80eb13afc2","local_time":"20210225192429","is_ascension_mode":true,"campfire_choices":[{"data":"Seeing Red","floor":7,"key":"SMITH"},{"floor":15,"key":"REST"},{"floor":24,"key":"REST"},{"floor":32,"key":"REST"},{"data":"Limit Break","floor":41,"key":"SMITH"},{"data":"Berserk","floor":44,"key":"SMITH"},{"floor":49,"key":"REST"}],"circlet_count":0,"master_deck":["Strike_R","Strike_R","Strike_R","Defend_R","Bash","Pommel Strike","Hemokinesis","Cleave","Sever Soul","Seeing Red+1","Fiend Fire+1","Pommel Strike","Inflame","Seeing Red","Battle Trance","Immolate+1","Wild Strike+1","Metamorphosis","Feel No Pain","Anger","Seeing Red+1","Anger","Limit Break+1","Hemokinesis","Pommel Strike+1","Clash","Berserk+1","Inflame","Twin Strike+1"],"relics":["Burning Blood","Unceasing Top","Bag of Preparation","Bottled Lightning","Ginger","Empty Cage","Red Skull","Ice Cream","Mercury Hourglass","Dead Branch","Busted Crown","Centennial Puzzle","Oddly Smooth Stone","Peace Pipe","Art of War"],"acts_visited":["Exordium","TheCity","TheBeyond"],"potions_floor_usage":[6,23,27,33,47,50,50],"damage_taken":[{"damage":15,"enemies":"2 Louse","floor":1,"turns":3},{"damage":2,"enemies":"Small Slimes","floor":4,"turns":2},{"damage":12,"enemies":"Cultist","floor":5,"turns":4},{"damage":10,"enemies":"Gremlin Nob","floor":6,"turns":3},{"damage":29,"enemies":"Lagavulin","floor":8,"turns":5},{"damage":7,"enemies":"Gremlin Gang","floor":11,"turns":2},{"damage":12,"enemies":"3 Sentries","floor":12,"turns":5},{"damage":9,"enemies":"2 Fungi Beasts","floor":13,"turns":2},{"damage":0,"enemies":"Large Slime","floor":14,"turns":2},{"damage":22,"enemies":"Slime Boss","floor":16,"turns":5},{"damage":2,"enemies":"Spheric Guardian","floor":18,"turns":2},{"damage":24,"enemies":"Shell Parasite","floor":20,"turns":3},{"damage":10,"enemies":"Snecko","floor":21,"turns":3},{"damage":24,"enemies":"Snake Plant","floor":22,"turns":2},{"damage":43,"enemies":"Book of Stabbing","floor":23,"turns":4},{"damage":2,"enemies":"Gremlin Leader","floor":27,"turns":3},{"damage":13,"enemies":"Cultist and Chosen","floor":28,"turns":2},{"damage":10,"enemies":"Centurion and Healer","floor":31,"turns":1},{"damage":48,"enemies":"Champ","floor":33,"turns":7},{"damage":23,"enemies":"Orb Walker","floor":35,"turns":2},{"damage":16,"enemies":"3 Shapes","floor":37,"turns":1},{"damage":4,"enemies":"Reptomancer","floor":40,"turns":3},{"damage":34,"enemies":"Mind Bloom Boss Battle","floor":45,"turns":5},{"damage":9,"enemies":"Giant Head","floor":46,"turns":4},{"damage":2,"enemies":"Maw","floor":47,"turns":4},{"damage":0,"enemies":"Sphere and 2 Shapes","floor":48,"turns":1},{"damage":62,"enemies":"Donu and Deca","floor":50,"turns":5}],"seed_played":"-795450347240028477","potions_obtained":[{"floor":4,"key":"FearPotion"},{"floor":5,"key":"LiquidBronze"},{"floor":8,"key":"ColorlessPotion"},{"floor":11,"key":"FairyPotion"},{"floor":21,"key":"Fire Potion"},{"floor":22,"key":"SteroidPotion"},{"floor":23,"key":"Regen Potion"},{"floor":28,"key":"LiquidBronze"},{"floor":37,"key":"PowerPotion"},{"floor":47,"key":"DuplicationPotion"}],"is_trial":false,"path_per_floor":["M","$","?","M","M","E","R","E","T","?","M","E","M","M","R","B",null,"M","$","M","M","M","E","R","?","T","E","M","$","?","M","R","B",null,"M","?","M","?","$","E","R","$","T","R","?","E","M","M","R","B",null],"character_chosen":"IRONCLAD","items_purchased":["Hemokinesis","Metamorphosis","Red Skull","Feel No Pain","Anger","Regen Potion","Inflame"],"campfire_rested":4,"item_purchase_floors":[2,19,19,19,19,29,42],"current_hp_per_floor":[79,79,68,72,66,62,62,39,39,39,38,32,29,35,61,45,88,88,88,70,66,48,11,37,37,37,50,43,43,43,39,65,28,88,71,71,61,61,61,63,63,63,63,63,35,32,36,42,68,12],"gold":169,"neow_bonus":"TEN_PERCENT_HP_BONUS","is_daily":false,"chose_seed":false,"campfire_upgraded":3,"win_rate":0.0,"timestamp":1614299069,"path_taken":["M","$","?","M","M","E","R","E","T","?","M","E","M","?","R","BOSS","M","$","M","?","?","E","R","?","T","E","M","$","?","M","R","BOSS","M","?","?","?","?","E","R","$","T","R","?","E","M","M","R","BOSS"],"items_purchased_type":["Card","Card","Relic","Card","Card","Potion","Card"],"build_version":"2020-12-22","purchased_purges":1,"victory":true,"max_hp_per_floor":[88,88,88,88,88,88,88,88,88,88,88,88,88,88,88,88,88,88,88,88,88,88,88,88,88,88,88,88,88,88,88,88,88,88,88,88,88,88,88,88,88,88,88,88,88,88,88,88,88,88],"card_choices":[{"not_picked":["Clothesline","Flex"],"picked":"Pommel Strike","floor":1},{"not_picked":["Pommel Strike","Perfected Strike"],"picked":"Cleave","floor":4},{"not_picked":["Second Wind","Pummel"],"picked":"Sever Soul","floor":5},{"not_picked":["Warcry","Rampage"],"picked":"Seeing Red","floor":6},{"not_picked":["Brutality","Anger"],"picked":"Fiend Fire","floor":8},{"not_picked":["Havoc","Body Slam"],"picked":"Pommel Strike","floor":11},{"not_picked":["Clash","Armaments"],"picked":"Inflame","floor":12},{"not_picked":["Heavy Blade","Sword Boomerang"],"picked":"Seeing Red","floor":13},{"not_picked":["Flex","Power Through"],"picked":"Battle Trance","floor":14},{"not_picked":["Berserk","Bludgeon"],"picked":"Immolate","floor":16},{"not_picked":["Armaments","Twin Strike"],"picked":"Wild Strike+1","floor":18},{"not_picked":["Headbutt","Inflame"],"picked":"Seeing Red+1","floor":20},{"not_picked":["Reckless Charge","Warcry"],"picked":"Anger","floor":21},{"not_picked":["True Grit","Perfected Strike"],"picked":"Limit Break","floor":22},{"not_picked":["Whirlwind+1","Warcry"],"picked":"Hemokinesis","floor":23},{"not_picked":["Havoc+1","Entrench"],"picked":"Pommel Strike+1","floor":27},{"not_picked":["Rampage","Wild Strike","Reckless Charge"],"picked":"SKIP","floor":28},{"not_picked":["Heavy Blade","Body Slam+1"],"picked":"Clash","floor":31},{"not_picked":["Reaper","Impervious"],"picked":"Berserk","floor":33},{"not_picked":["Entrench"],"picked":"SKIP","floor":35},{"not_picked":["Reckless Charge"],"picked":"SKIP","floor":37},{"not_picked":["True Grit"],"picked":"SKIP","floor":40},{"not_picked":[],"picked":"Twin Strike+1","floor":46},{"not_picked":["Twin Strike+1"],"picked":"SKIP","floor":47},{"not_picked":["Wild Strike+1"],"picked":"SKIP","floor":48}],"player_experience":179640,"relics_obtained":[{"floor":6,"key":"Unceasing Top"},{"floor":8,"key":"Bag of Preparation"},{"floor":9,"key":"Bottled Lightning"},{"floor":12,"key":"Ginger"},{"floor":23,"key":"Ice Cream"},{"floor":26,"key":"Mercury Hourglass"},{"floor":27,"key":"Dead Branch"},{"floor":40,"key":"Centennial Puzzle"},{"floor":43,"key":"Oddly Smooth Stone"},{"floor":45,"key":"Peace Pipe"},{"floor":46,"key":"Art of War"}],"event_choices":[{"damage_healed":0,"gold_gain":75,"player_choice":"Gather Gold","damage_taken":11,"max_hp_gain":0,"max_hp_loss":0,"event_name":"World of Goop","floor":3,"gold_loss":0},{"damage_healed":0,"gold_gain":0,"player_choice":"Forge","damage_taken":0,"max_hp_gain":0,"max_hp_loss":0,"event_name":"Accursed Blacksmith","floor":10,"gold_loss":0,"cards_upgraded":["Fiend Fire"]},{"cards_removed":["Defend_R"],"damage_healed":0,"gold_gain":0,"player_choice":"Elegance","damage_taken":0,"max_hp_gain":0,"max_hp_loss":0,"event_name":"Back to Basics","floor":25,"gold_loss":0},{"damage_healed":0,"gold_gain":0,"player_choice":"Ignored","damage_taken":0,"max_hp_gain":0,"max_hp_loss":0,"event_name":"Ghosts","floor":30,"gold_loss":0},{"damage_healed":0,"gold_gain":0,"player_choice":"Ignored","damage_taken":0,"max_hp_gain":0,"max_hp_loss":0,"event_name":"SecretPortal","floor":36,"gold_loss":0},{"cards_removed":["Defend_R"],"damage_healed":0,"gold_gain":0,"player_choice":"Upgrade and Remove","damage_taken":0,"max_hp_gain":0,"max_hp_loss":0,"event_name":"Designer","floor":38,"gold_loss":90,"cards_upgraded":["Immolate"]},{"damage_healed":0,"gold_gain":0,"player_choice":"Fight","damage_taken":0,"max_hp_gain":0,"max_hp_loss":0,"event_name":"MindBloom","floor":45,"gold_loss":0}],"is_beta":false,"boss_relics":[{"not_picked":["Sozu","Runic Pyramid"],"picked":"Empty Cage"},{"not_picked":["Tiny House","Snecko Eye"],"picked":"Busted Crown"}],"items_purged_floors":[42],"is_endless":false,"potions_floor_spawned":[4,5,8,11,16,21,22,23,28,31,37,40,47],"ascension_level":3}}