{"host":"oqyakm3e5m4kt4l3","time":1614319794,"event":{"mods":["2.2 Compatiblity","AchievementEnabler","BaseMod","Better Altar","Better Match","Better Note","Better Sensory Stone","Better Skull","Better Third Choice","BetterRewards","Colored Map","Colored Powertips","Minty Spire (QoL Compilation)","Permanent Neow","Quick Restart","Rare Cards Sparkle","Shop Mod","StSLib","Synergy Search"],"gold_per_floor":[119,21,21,21,37,37,72,88,134,165,182,182,198,48,48,48,48],"floor_reached":16,"language":"ENG","playtime":501,"items_purged":["Strike_P"],"score":155,"play_id":"adccdccb-72c7-4c7f-a57f-4deb0f89e403","local_time":"20210226010954","is_ascension_mode":true,"campfire_choices":[{"data":"Eruption","floor":6,"key":"SMITH"},{"data":"Consecrate","floor":12,"key":"SMITH"},{"data":"Protect","floor":15,"key":"SMITH"}],"circlet_count":0,"master_deck":["Strike_P","Strike_P","Strike_P","Defend_P","Defend_P","Defend_P","Defend_P","Eruption+1","Vigilance","Consecrate+1","Halt","ClearTheMind","Protect+1","FlyingSleeves","SashWhip"],"relics":["PureWater","NeowsBlessing","Anchor","Orichalcum","Art of War","Strawberry","Ancient Tea Set"],"acts_visited":["Exordium"],"potions_floor_usage":[10,16,16],"damage_taken":[{"damage":0,"enemies":"Small Slimes","floor":1,"turns":1},{"damage":0,"enemies":"Cultist","floor":5,"turns":1},{"damage":0,"enemies":"3 Sentries","floor":7,"turns":1},{"damage":0,"enemies":"2 Louse","floor":8,"turns":3},{"damage":22,"enemies":"Lagavulin","floor":10,"turns":4},{"damage":1,"enemies":"Exordium Wildlife","floor":11,"turns":4},{"damage":4,"enemies":"Exordium Thugs","floor":13,"turns":4},{"damage":54,"enemies":"Hexaghost","floor":16,"turns":12}],"seed_played":"-5432549856808525102","potions_obtained":[{"floor":5,"key":"AttackPotion"},{"floor":10,"key":"Strength Potion"},{"floor":11,"key":"EssenceOfSteel"},{"floor":13,"key":"PowerPotion"}],"is_trial":false,"path_per_floor":["M","$","?","$","M","R","E","M","T","E","M","R","M","$","R","B"],"character_chosen":"WATCHER","items_purchased":["Consecrate","Ancient Tea Set"],"campfire_rested":0,"item_purchase_floors":[2,14],"current_hp_per_floor":[72,72,72,72,72,72,72,72,72,57,56,56,52,52,52,0,0],"gold":48,"neow_bonus":"THREE_ENEMY_KILL","is_daily":false,"chose_seed":false,"campfire_upgraded":3,"win_rate":0.0,"timestamp":1614319794,"path_taken":["M","$","?","?","M","R","E","M","T","E","M","R","M","$","R","BOSS"],"items_purchased_type":["Card","Relic"],"build_version":"2020-12-22","purchased_purges":1,"victory":false,"max_hp_per_floor":[72,72,72,72,72,72,72,72,72,79,79,79,79,79,79,79,79],"card_choices":[{"not_picked":["FollowUp","FlyingSleeves"],"picked":"BattleHymn","floor":1},{"not_picked":["Wireheading","Consecrate"],"picked":"Halt","floor":5},{"not_picked":["Vault","FollowUp"],"picked":"ClearTheMind","floor":7},{"not_picked":["EmptyBody","Evaluate"],"picked":"Protect","floor":8},{"not_picked":["Scrawl","Halt"],"picked":"FlyingSleeves","floor":10},{"not_picked":["ClearTheMind","ThirdEye"],"picked":"SashWhip","floor":11},{"not_picked":["Vengeance","FlyingSleeves","SashWhip"],"picked":"SKIP","floor":13}],"player_experience":584618,"relics_obtained":[{"floor":7,"key":"Orichalcum"},{"floor":9,"key":"Art of War"},{"floor":10,"key":"Strawberry"}],"event_choices":[{"cards_removed":["BattleHymn"],"damage_healed":0,"gold_gain":0,"player_choice":"Gave Card","damage_taken":0,"relics_obtained":["Anchor"],"max_hp_gain":0,"max_hp_loss":0,"event_name":"WeMeetAgain","floor":3,"gold_loss":0}],"is_beta":false,"boss_relics":[],"items_purged_floors":[2],"is_endless":false,"potions_floor_spawned":[5,10,11,13],"killed_by":"Hexaghost","ascension_level":3}}