{"host":"1ie89x0glpq08u84","time":1614308148,"event":{"mods":["AchievementEnabler","BaseMod","Highlight Path","Minty Spire (QoL Compilation)","StSLib","Unceasing Turn Reminder"],"gold_per_floor":[119,119,136,15,30,30,55,55,130,130,130,165,165,178,178,282,282,299,299,310,66,76,105,105,124,124,144,144,157,175,195,195,293,293,305,305,158,168,181,207,207,207,207,239,59,59,59],"floor_reached":46,"language":"ENG","playtime":1175,"items_purged":["Strike_B","Strike_B"],"score":536,"play_id":"a81a8146-cc0e-48e1-9b58-cfd78df1b88f","local_time":"20210225215548","is_ascension_mode":true,"campfire_choices":[{"data":"Loop","floor":6.0,"key":"SMITH"},{"data":"Loop","floor":8.0,"key":"SMITH"},{"data":"Consume","floor":10.0,"key":"SMITH"},{"data":"Biased Cognition","floor":13.0,"key":"SMITH"},{"data":"Self Repair","floor":15.0,"key":"SMITH"},{"data":"Coolheaded","floor":24.0,"key":"SMITH"},{"floor":32.0,"key":"REST"},{"floor":42,"key":"REST"}],"circlet_count":0,"master_deck":["Defend_B","Defend_B","Defend_B","Defend_B","Zap","Dualcast","Loop+1","Self Repair+1","White Noise+1","Ball Lightning","Loop+1","Consume+1","Biased Cognition+1","Echo Form","Cold Snap","Ball Lightning","Coolheaded+1","Redo+1","Ball Lightning+1","Glacier","Redo+1","Chaos","Electrodynamics","Storm","Beam Cell+1","Chill+1","Creative AI","Defragment+1","Double Energy+1","Capacitor"],"relics":["Philosopher\u0027s Stone","Ancient Tea Set","Du-Vu Doll","Mummified Hand","InkBottle","Inserter","Eternal Feather","Dream Catcher","StrikeDummy","Sozu","Strawberry","Bottled Lightning","Regal Pillow"],"acts_visited":["Exordium","TheCity","TheBeyond"],"potions_floor_usage":[38],"damage_taken":[{"damage":2.0,"enemies":"Jaw Worm","floor":1.0,"turns":3.0},{"damage":5.0,"enemies":"Cultist","floor":3.0,"turns":4.0},{"damage":0.0,"enemies":"Small Slimes","floor":5.0,"turns":4.0},{"damage":34.0,"enemies":"Gremlin Nob","floor":7.0,"turns":4.0},{"damage":9.0,"enemies":"Lagavulin","floor":12.0,"turns":4.0},{"damage":14.0,"enemies":"Red Slaver","floor":14.0,"turns":2.0},{"damage":18.0,"enemies":"The Guardian","floor":16.0,"turns":5.0},{"damage":29.0,"enemies":"2 Thieves","floor":18.0,"turns":3.0},{"damage":0.0,"enemies":"3 Byrds","floor":20.0,"turns":3.0},{"damage":27.0,"enemies":"Snake Plant","floor":22.0,"turns":5.0},{"damage":12.0,"enemies":"Book of Stabbing","floor":23.0,"turns":5.0},{"damage":0.0,"enemies":"Snecko","floor":25.0,"turns":4.0},{"damage":21.0,"enemies":"3 Cultists","floor":27.0,"turns":5.0},{"damage":26.0,"enemies":"Snake Plant","floor":29.0,"turns":3.0},{"damage":10.0,"enemies":"Centurion and Healer","floor":30.0,"turns":4.0},{"damage":16.0,"enemies":"Snecko","floor":31.0,"turns":3.0},{"damage":35.0,"enemies":"Collector","floor":33.0,"turns":4.0},{"damage":19.0,"enemies":"3 Shapes","floor":35.0,"turns":5.0},{"damage":28,"enemies":"3 Darklings","floor":38,"turns":3},{"damage":3,"enemies":"Maw","floor":39,"turns":5},{"damage":46,"enemies":"Reptomancer","floor":40,"turns":4},{"damage":46,"enemies":"Nemesis","floor":44,"turns":5},{"damage":64,"enemies":"Reptomancer","floor":46,"turns":2}],"seed_played":"6938058116689541763","potions_obtained":[{"floor":1.0,"key":"SteroidPotion"},{"floor":12.0,"key":"SneckoOil"},{"floor":14.0,"key":"DistilledChaos"},{"floor":18.0,"key":"FearPotion"},{"floor":22.0,"key":"FocusPotion"},{"floor":27.0,"key":"DistilledChaos"}],"is_trial":false,"path_per_floor":["M","?","M","$","M","R","E","R","T","R","?","E","R","M","R","B",null,"M","?","M","$","M","E","R","M","T","M","?","M","M","M","R","B",null,"M","?","$","M","M","E","?","R","T","E","$","E"],"character_chosen":"DEFECT","items_purchased":["White Noise","Ball Lightning","Eternal Feather","Storm","Capacitor"],"campfire_rested":2,"item_purchase_floors":[4,4,21,37,45],"current_hp_per_floor":[73,66,61,61,68,68,41,41,41,41,41,39,39,25,25,17,75,46,46,56,56,49,57,69,75,75,74,68,42,42,26,60,35,75,75,75,75,47,64,35,35,74,74,48,48,0,0],"gold":59,"neow_bonus":"BOSS_RELIC","is_daily":false,"chose_seed":false,"campfire_upgraded":6,"win_rate":0.0,"timestamp":1614308148,"path_taken":["M","?","M","$","M","R","E","R","T","R","?","E","R","?","R","BOSS","M","?","M","$","M","E","R","M","T","M","?","M","M","?","R","BOSS","M","?","$","M","M","E","?","R","T","E","$","E"],"items_purchased_type":["Card","Card","Relic","Card","Card"],"build_version":"2020-12-22","purchased_purges":2,"victory":false,"max_hp_per_floor":[75,75,75,75,75,75,75,75,75,75,75,75,75,75,75,75,75,75,75,75,75,75,75,75,75,75,75,75,75,75,75,75,75,75,75,75,75,75,75,82,82,82,82,82,82,82,82],"card_choices":[{"not_picked":["Hologram","Compile Driver"],"picked":"Loop","floor":1.0},{"not_picked":["Stack","Go for the Eyes"],"picked":"Self Repair","floor":3.0},{"not_picked":["Hologram","Beam Cell"],"picked":"Loop","floor":5.0},{"not_picked":["Redo","Darkness"],"picked":"Consume","floor":7.0},{"not_picked":["Defragment","Reprogram"],"picked":"Biased Cognition","floor":12.0},{"not_picked":["Steam","Turbo","Sweeping Beam"],"picked":"SKIP","floor":14.0},{"not_picked":["Creative AI","Fission"],"picked":"Echo Form","floor":16.0},{"not_picked":["Sweeping Beam+1","Conserve Battery"],"picked":"Cold Snap","floor":18.0},{"not_picked":["Tempest","Force Field","Steam"],"picked":"SKIP","floor":20.0},{"not_picked":["Steam Power","Turbo","Recycle"],"picked":"SKIP","floor":22.0},{"not_picked":["Gash","Sweeping Beam"],"picked":"Redo+1","floor":23.0},{"not_picked":["Sweeping Beam","Streamline","Conserve Battery"],"picked":"SKIP","floor":25.0},{"not_picked":["Darkness","Beam Cell"],"picked":"Ball Lightning+1","floor":27.0},{"not_picked":["Gash","All For One"],"picked":"Glacier","floor":29.0},{"not_picked":["Streamline","Hologram"],"picked":"Redo+1","floor":30.0},{"not_picked":["Tempest","Turbo+1","Blizzard"],"picked":"SKIP","floor":31.0},{"not_picked":["Recycle+1","FTL"],"picked":"Chaos","floor":32.0},{"not_picked":["Multi-Cast","Fission"],"picked":"Electrodynamics","floor":33.0},{"not_picked":["Rebound+1","Tempest+1"],"picked":"Beam Cell","floor":35.0},{"not_picked":["Blizzard","Gash"],"picked":"Beam Cell+1","floor":38},{"not_picked":["Hologram","Leap"],"picked":"Chill+1","floor":39},{"not_picked":["Rip and Tear+1","Hologram"],"picked":"Creative AI","floor":40},{"not_picked":["Leap","Turbo"],"picked":"Defragment+1","floor":42},{"not_picked":["Barrage","Hologram+1"],"picked":"Double Energy+1","floor":44}],"player_experience":445388,"relics_obtained":[{"floor":7.0,"key":"Du-Vu Doll"},{"floor":9.0,"key":"Mummified Hand"},{"floor":12.0,"key":"InkBottle"},{"floor":23.0,"key":"Dream Catcher"},{"floor":26.0,"key":"StrikeDummy"},{"floor":40,"key":"Strawberry"},{"floor":43,"key":"Bottled Lightning"},{"floor":44,"key":"Regal Pillow"}],"event_choices":[{"damage_healed":0.0,"max_hp_gain":0.0,"max_hp_loss":0.0,"gold_gain":0.0,"event_name":"Scrap Ooze","player_choice":"Success","floor":2.0,"gold_loss":0.0,"damage_taken":7.0,"relics_obtained":["Ancient Tea Set"]},{"damage_healed":0.0,"max_hp_gain":0.0,"max_hp_loss":0.0,"gold_gain":0.0,"event_name":"Accursed Blacksmith","player_choice":"Forge","floor":11.0,"gold_loss":0.0,"damage_taken":0.0,"cards_upgraded":["White Noise"]},{"damage_healed":0.0,"max_hp_gain":0.0,"max_hp_loss":0.0,"gold_gain":0.0,"cards_transformed":["Strike_B","Strike_B"],"event_name":"Drug Dealer","player_choice":"Became Test Subject","floor":19.0,"gold_loss":0.0,"damage_taken":0.0,"cards_obtained":["Ball Lightning","Coolheaded"]},{"damage_healed":0.0,"max_hp_gain":0.0,"max_hp_loss":0.0,"gold_gain":0.0,"event_name":"Knowing Skull","player_choice":"","floor":28.0,"potions_obtained":[],"gold_loss":0.0,"damage_taken":6.0,"cards_obtained":[]},{"cards_removed":["Beam Cell"],"damage_healed":0.0,"max_hp_gain":0.0,"max_hp_loss":0.0,"gold_gain":0.0,"event_name":"Falling","player_choice":"Removed Attack","floor":36.0,"gold_loss":0.0,"damage_taken":0.0},{"damage_healed":0,"gold_gain":0,"player_choice":"Ignored","damage_taken":0,"max_hp_gain":0,"max_hp_loss":0,"event_name":"Tomb of Lord Red Mask","floor":41,"gold_loss":0}],"is_beta":false,"boss_relics":[{"not_picked":["Calling Bell","Astrolabe"],"picked":"Inserter"},{"not_picked":["Tiny House","Nuclear Battery"],"picked":"Sozu"}],"items_purged_floors":[37,45],"is_endless":false,"potions_floor_spawned":[1,12,14,18,22,27,38,39],"killed_by":"Reptomancer","ascension_level":1}}