{"host":"gk5m6v7zec9neb0j","time":1614333360,"event":{"mods":["AchievementEnabler","AlwaysNeverKeys","BaseMod","BetterRewards","Block Reminder","Minty Spire (QoL Compilation)","RNG Fix","Rare Cards Sparkle","Relic Stats","StSLib"],"gold_per_floor":[112,112,37,50,60,60,73,73,73,73,108,121,154,167,167,263,263,283,43,62,73,83,108,119,146,146,175,175,28,39,54,54,150,150,164,176,6,56,56,81,91,91,136,148,167,5,23,39,39,39,39,39,39,66,66],"floor_reached":56,"language":"ENG","playtime":1822,"items_purged":["Strike_G","Strike_G"],"score":1560,"play_id":"42c785ff-b184-4b31-88a3-8a194279e1cf","local_time":"20210226045600","is_ascension_mode":false,"campfire_choices":[{"data":"Neutralize","floor":6,"key":"SMITH"},{"data":"Terror","floor":8,"key":"SMITH"},{"data":"Panache","floor":15,"key":"SMITH"},{"data":"Cloak And Dagger","floor":28,"key":"SMITH"},{"data":"Footwork","floor":32,"key":"SMITH"},{"data":"After Image","floor":42,"key":"SMITH"},{"data":"Accuracy","floor":49,"key":"SMITH"},{"data":"Survivor","floor":52,"key":"SMITH"}],"circlet_count":0,"master_deck":["Strike_G","Strike_G","Defend_G","Defend_G","Defend_G","Defend_G","Defend_G","Survivor+1","Neutralize+1","Footwork+1","Blade Dance","Panache+1","Infinite Blades","Cloak And Dagger+1","Terror+1","Backstab","Die Die Die","Dodge and Roll","Blade Dance","After Image+1","Blade Dance","Blade Dance+1","Accuracy+1","Escape Plan+1"],"relics":["Ring of the Snake","CaptainsWheel","White Beast Statue","Potion Belt","Orichalcum","SacredBark","Bottled Tornado","FossilizedHelix","Oddly Smooth Stone","Bottled Flame","Gremlin Horn","Lee\u0027s Waffle","WristBlade","Membership Card","Pocketwatch","Calipers","Vajra","Ancient Tea Set","Anchor"],"acts_visited":["Exordium","TheCity","TheBeyond","TheEnding"],"potions_floor_usage":[16,23,30,33,50],"damage_taken":[{"damage":0,"enemies":"2 Louse","floor":1,"turns":3},{"damage":0,"enemies":"Cultist","floor":4,"turns":4},{"damage":0,"enemies":"Jaw Worm","floor":5,"turns":3},{"damage":2,"enemies":"Gremlin Gang","floor":7,"turns":3},{"damage":0,"enemies":"Lagavulin","floor":11,"turns":7},{"damage":0,"enemies":"Looter","floor":12,"turns":2},{"damage":4,"enemies":"Gremlin Nob","floor":13,"turns":3},{"damage":0,"enemies":"Red Slaver","floor":14,"turns":3},{"damage":2,"enemies":"The Guardian","floor":16,"turns":8},{"damage":0,"enemies":"Chosen","floor":18,"turns":4},{"damage":2,"enemies":"Shell Parasite","floor":20,"turns":4},{"damage":5,"enemies":"Snake Plant","floor":21,"turns":4},{"damage":12,"enemies":"Sentry and Sphere","floor":22,"turns":6},{"damage":20,"enemies":"Gremlin Leader","floor":23,"turns":6},{"damage":0,"enemies":"3 Cultists","floor":24,"turns":5},{"damage":0,"enemies":"Book of Stabbing","floor":27,"turns":6},{"damage":0,"enemies":"Chosen and Byrds","floor":30,"turns":4},{"damage":0,"enemies":"Centurion and Healer","floor":31,"turns":5},{"damage":41,"enemies":"Collector","floor":33,"turns":7},{"damage":0,"enemies":"Orb Walker","floor":35,"turns":2},{"damage":0,"enemies":"3 Shapes","floor":36,"turns":2},{"damage":5,"enemies":"Mind Bloom Boss Battle","floor":38,"turns":5},{"damage":0,"enemies":"Reptomancer","floor":40,"turns":3},{"damage":0,"enemies":"Sphere and 2 Shapes","floor":41,"turns":2},{"damage":0,"enemies":"Transient","floor":44,"turns":5},{"damage":0,"enemies":"Maw","floor":45,"turns":5},{"damage":0,"enemies":"3 Darklings","floor":47,"turns":1},{"damage":0,"enemies":"Jaw Worm Horde","floor":48,"turns":2},{"damage":6,"enemies":"Time Eater","floor":50,"turns":10},{"damage":30,"enemies":"Shield and Spear","floor":54,"turns":3},{"damage":77,"enemies":"The Heart","floor":55,"turns":8}],"seed_played":"662725017418658537","potions_obtained":[{"floor":5,"key":"SteroidPotion"},{"floor":7,"key":"Ancient Potion"},{"floor":11,"key":"PowerPotion"},{"floor":12,"key":"SkillPotion"},{"floor":14,"key":"Strength Potion"},{"floor":16,"key":"PowerPotion"},{"floor":23,"key":"FairyPotion"},{"floor":30,"key":"EntropicBrew"},{"floor":33,"key":"Strength Potion"},{"floor":35,"key":"FairyPotion"},{"floor":54,"key":"GamblersBrew"}],"is_trial":false,"path_per_floor":["M","?","$","M","M","R","M","R","T","?","E","M","E","M","R","B",null,"M","$","M","M","M","E","M","T","T","E","R","$","M","M","R","B",null,"M","M","$","?","?","E","M","R","T","M","M","$","M","M","R","B",null,"R","$","E","B",null],"character_chosen":"THE_SILENT","items_purchased":["Footwork","Blade Dance","Panache","FairyPotion","Infinite Blades","Bottled Tornado","Lee\u0027s Waffle","Membership Card","Blade Dance","Accuracy","Ancient Tea Set"],"campfire_rested":0,"item_purchase_floors":[0,0,0,0,3,19,29,37,37,46,46],"current_hp_per_floor":[46,46,46,46,46,46,44,44,44,32,32,32,28,28,28,26,70,70,70,68,63,51,31,31,31,31,31,31,77,77,77,77,36,77,77,77,77,72,62,62,62,62,62,62,62,62,62,62,62,56,77,77,77,47,17],"gold":66,"neow_bonus":"","is_daily":false,"chose_seed":false,"campfire_upgraded":8,"win_rate":0.0,"timestamp":1614333360,"path_taken":["M","?","?","M","M","R","M","R","T","?","E","M","E","M","R","BOSS","M","$","M","M","M","E","M","?","T","E","R","?","?","M","R","BOSS","M","M","$","?","?","E","M","R","T","?","M","$","M","M","R","BOSS","R","$","E","BOSS"],"items_purchased_type":["Card","Card","Card","Potion","Card","Relic","Relic","Relic","Card","Card","Relic"],"build_version":"2020-12-22","purchased_purges":2,"victory":true,"max_hp_per_floor":[70,70,70,70,70,70,70,70,70,70,70,70,70,70,70,70,70,70,70,70,70,70,70,70,70,70,70,70,77,77,77,77,77,77,77,77,77,77,77,77,77,77,77,77,77,77,77,77,77,77,77,77,77,77,77],"relic_stats":{"Lee\u0027s Waffle":46,"Gremlin Horn":[17,17],"counters":[1054,5567],"Orichalcum":[138],"obtain_stats":[{"TwistedFunnel":0,"Spirit Poop":30,"Ginger":0,"Whetstone":11,"Bottled Tornado":43,"Boot":25,"Sling":0,"Old Coin":34,"Blood Vial":17,"Sundial":24,"MealTicket":31,"HandDrill":48,"Kunai":0,"Pear":28,"Blue Candle":54,"Velvet Choker":17,"Eternal Feather":54,"Tingsha":0,"Pen Nib":11,"Paper Crane":43,"Akabeko":3,"SlaversCollar":17,"MutagenicStrength":19,"Bird Faced Urn":38,"StrikeDummy":27,"Unceasing Top":46,"Ring of the Serpent":17,"Regal Pillow":9,"Lantern":45,"Torii":0,"Singing Bowl":43,"StoneCalendar":42,"Bag of Preparation":26,"Ancient Tea Set":4,"Cursed Key":17,"Smiling Mask":41,"Matryoshka":37,"Shovel":38,"WristBlade":34,"Ninja Scroll":0,"Toolbox":45,"WingedGreaves":17,"Chemical X":37,"InkBottle":54,"Ring of the Snake":0,"Potion Belt":9,"Lee\u0027s Waffle":48,"The Specimen":0,"Golden Idol":3,"Thread and Needle":45,"The Courier":26,"PreservedInsect":38,"Omamori":39,"Frozen Egg 2":43,"MawBank":45,"Ornamental Fan":0,"Bloody Idol":31,"Orrery":0,"Turnip":38,"Art of War":17,"Bottled Lightning":43,"Toy Ornithopter":27,"Ice Cream":7,"Calipers":13,"Tiny House":34,"Gremlin Horn":26,"Nilry\u0027s Codex":31,"CeramicFish":0,"HoveringKite":34,"Vajra":43,"Sozu":34,"Centennial Puzzle":6,"Lizard Tail":10,"HornCleat":43,"DollysMirror":4,"Strawberry":26,"Prayer Wheel":38,"Toxic Egg 2":28,"Girya":0,"Happy Flower":13,"Astrolabe":34,"Oddly Smooth Stone":0,"Letter Opener":53,"War Paint":43,"Question Card":48,"Du-Vu Doll":47,"OrangePellets":22,"Bottled Flame":25,"Shuriken":0,"Bronze Scales":10,"Molten Egg 2":9,"Black Star":17,"Meat on the Bone":17,"Pocketwatch":17,"Darkstone Periapt":23,"SacredBark":17,"Enchiridion":22,"Mango":43,"Snake Skull":54,"Juzu Bracelet":43,"Incense Burner":29,"Empty Cage":17,"PrismaticShard":53,"ClockworkSouvenir":20,"Frozen Eye":39,"Tough Bandages":25,"Nunchaku":31,"Dream Catcher":9,"Mummified Hand":30,"Pantograph":12,"Gambling Chip":0,"Tiny Chest":26,"Red Mask":47,"Orichalcum":26,"Odd Mushroom":12,"Medical Kit":37,"White Beast Statue":9,"Mercury Hourglass":54,"Peace Pipe":9,"Calling Bell":17,"Cauldron":53,"Strange Spoon":53,"Anchor":34,"CaptainsWheel":54,"Bag of Marbles":43,"Coffee Dripper":34,"Membership Card":36,"FossilizedHelix":0,"TungstenRod":26},{"TwistedFunnel":381,"Spirit Poop":819,"Ginger":97,"Whetstone":100,"Bottled Tornado":52,"Boot":640,"Sling":741,"Old Coin":338,"Blood Vial":129,"Sundial":44,"MealTicket":616,"HandDrill":491,"Kunai":31,"Pear":315,"Blue Candle":249,"Velvet Choker":784,"Eternal Feather":146,"Tingsha":274,"Pen Nib":356,"Paper Crane":322,"Akabeko":575,"SlaversCollar":231,"MutagenicStrength":156,"Bird Faced Urn":189,"StrikeDummy":17,"Unceasing Top":193,"Ring of the Serpent":388,"Regal Pillow":36,"Lantern":269,"Torii":31,"Singing Bowl":116,"StoneCalendar":217,"Bag of Preparation":366,"Ancient Tea Set":2,"Cursed Key":281,"Smiling Mask":452,"Matryoshka":137,"Shovel":594,"WristBlade":112,"Ninja Scroll":172,"Toolbox":675,"WingedGreaves":80,"Chemical X":22,"InkBottle":57,"Ring of the Snake":0,"Potion Belt":3,"Lee\u0027s Waffle":676,"The Specimen":274,"Golden Idol":2,"Thread and Needle":245,"The Courier":183,"PreservedInsect":240,"Omamori":189,"Frozen Egg 2":398,"MawBank":245,"Ornamental Fan":72,"Bloody Idol":161,"Orrery":58,"Turnip":116,"Art of War":80,"Bottled Lightning":24,"Toy Ornithopter":17,"Ice Cream":11,"Calipers":154,"Tiny House":984,"Gremlin Horn":480,"Nilry\u0027s Codex":925,"CeramicFish":172,"HoveringKite":21,"Vajra":91,"Sozu":136,"Centennial Puzzle":278,"Lizard Tail":329,"HornCleat":621,"DollysMirror":123,"Strawberry":107,"Prayer Wheel":138,"Toxic Egg 2":108,"Girya":250,"Happy Flower":12,"Astrolabe":86,"Oddly Smooth Stone":122,"Letter Opener":272,"War Paint":191,"Question Card":94,"Du-Vu Doll":540,"OrangePellets":754,"Bottled Flame":16,"Shuriken":97,"Bronze Scales":36,"Molten Egg 2":151,"Black Star":13,"Meat on the Bone":80,"Pocketwatch":129,"Darkstone Periapt":182,"SacredBark":360,"Enchiridion":68,"Mango":538,"Snake Skull":273,"Juzu Bracelet":141,"Incense Burner":560,"Empty Cage":103,"PrismaticShard":272,"ClockworkSouvenir":41,"Frozen Eye":877,"Tough Bandages":16,"Nunchaku":85,"Dream Catcher":355,"Mummified Hand":110,"Pantograph":11,"Gambling Chip":197,"Tiny Chest":16,"Red Mask":54,"Orichalcum":235,"Odd Mushroom":499,"Medical Kit":188,"White Beast Statue":11,"Mercury Hourglass":349,"Peace Pipe":62,"Calling Bell":80,"Cauldron":625,"Strange Spoon":739,"Anchor":338,"CaptainsWheel":349,"Bag of Marbles":267,"Coffee Dripper":848,"Membership Card":163,"FossilizedHelix":250,"TungstenRod":416},{"TwistedFunnel":2158,"Spirit Poop":4420,"Ginger":599,"Whetstone":611,"Bottled Tornado":309,"Boot":3447,"Sling":3991,"Old Coin":1918,"Blood Vial":722,"Sundial":249,"MealTicket":3304,"HandDrill":2775,"Kunai":183,"Pear":1796,"Blue Candle":1454,"Velvet Choker":4248,"Eternal Feather":781,"Tingsha":1567,"Pen Nib":2009,"Paper Crane":1834,"Akabeko":3135,"SlaversCollar":1359,"MutagenicStrength":843,"Bird Faced Urn":1121,"StrikeDummy":100,"Unceasing Top":1141,"Ring of the Serpent":2183,"Regal Pillow":206,"Lantern":1539,"Torii":183,"Singing Bowl":676,"StoneCalendar":1281,"Bag of Preparation":2061,"Ancient Tea Set":5,"Cursed Key":1617,"Smiling Mask":2575,"Matryoshka":750,"Shovel":3206,"WristBlade":661,"Ninja Scroll":996,"Toolbox":3633,"WingedGreaves":500,"Chemical X":129,"InkBottle":364,"Ring of the Snake":0,"Potion Belt":9,"Lee\u0027s Waffle":3638,"The Specimen":1567,"Golden Idol":5,"Thread and Needle":1436,"The Courier":1085,"PreservedInsect":1411,"Omamori":1121,"Frozen Egg 2":2226,"MawBank":1436,"Ornamental Fan":459,"Bloody Idol":873,"Orrery":367,"Turnip":676,"Art of War":500,"Bottled Lightning":139,"Toy Ornithopter":100,"Ice Cream":57,"Calipers":823,"Tiny House":5251,"Gremlin Horn":2719,"Nilry\u0027s Codex":4904,"CeramicFish":996,"HoveringKite":124,"Vajra":558,"Sozu":746,"Centennial Puzzle":1590,"Lizard Tail":1866,"HornCleat":3329,"DollysMirror":699,"Strawberry":637,"Prayer Wheel":755,"Toxic Egg 2":643,"Girya":1462,"Happy Flower":68,"Astrolabe":533,"Oddly Smooth Stone":696,"Letter Opener":1557,"War Paint":1131,"Question Card":574,"Du-Vu Doll":2986,"OrangePellets":4053,"Bottled Flame":94,"Shuriken":599,"Bronze Scales":206,"Molten Egg 2":801,"Black Star":79,"Meat on the Bone":500,"Pocketwatch":722,"Darkstone Periapt":1075,"SacredBark":2027,"Enchiridion":435,"Mango":2979,"Snake Skull":1562,"Juzu Bracelet":766,"Incense Burner":3065,"Empty Cage":621,"PrismaticShard":1557,"ClockworkSouvenir":234,"Frozen Eye":4692,"Tough Bandages":94,"Nunchaku":521,"Dream Catcher":2005,"Mummified Hand":652,"Pantograph":57,"Gambling Chip":1176,"Tiny Chest":94,"Red Mask":329,"Orichalcum":1384,"Odd Mushroom":2819,"Medical Kit":1117,"White Beast Statue":57,"Mercury Hourglass":1972,"Peace Pipe":387,"Calling Bell":500,"Cauldron":3355,"Strange Spoon":3981,"Anchor":1918,"CaptainsWheel":1972,"Bag of Marbles":1530,"Coffee Dripper":4530,"Membership Card":899,"FossilizedHelix":1462,"TungstenRod":2337}],"Ring of the Snake":[236],"Pocketwatch":[18]},"card_choices":[{"not_picked":["Slice","Underhanded Strike","Quick Slash"],"picked":"SKIP","floor":1},{"not_picked":["Poisoned Stab","Prepared","Backflip"],"picked":"SKIP","floor":4},{"not_picked":["Flying Knee","Bane"],"picked":"Cloak And Dagger","floor":5},{"not_picked":["Outmaneuver","Sucker Punch"],"picked":"Terror","floor":7},{"not_picked":["Corpse Explosion","Cloak And Dagger"],"picked":"Backstab","floor":11},{"not_picked":["Predator","Underhanded Strike","Dagger Spray"],"picked":"SKIP","floor":12},{"not_picked":["Setup","Dagger Throw","Quick Slash"],"picked":"SKIP","floor":13},{"not_picked":["Deadly Poison","Dash","Slice"],"picked":"SKIP","floor":14},{"not_picked":["Venomology","Doppelganger"],"picked":"Die Die Die","floor":16},{"not_picked":["Flying Knee","Bane","Dagger Throw"],"picked":"SKIP","floor":18},{"not_picked":["Quick Slash","Tactician","Masterful Stab"],"picked":"SKIP","floor":20},{"not_picked":["Backflip","Deflect"],"picked":"Dodge and Roll","floor":21},{"not_picked":["Flying Knee+1","Sucker Punch","Heel Hook"],"picked":"SKIP","floor":22},{"not_picked":["Well Laid Plans+1","All Out Attack","Dagger Throw"],"picked":"SKIP","floor":23},{"not_picked":["Underhanded Strike","Dodge and Roll+1","PiercingWail+1"],"picked":"SKIP","floor":24},{"not_picked":["Cloak And Dagger","Night Terror","Bane"],"picked":"SKIP","floor":27},{"not_picked":["Outmaneuver","Flying Knee","Cloak And Dagger"],"picked":"SKIP","floor":30},{"not_picked":["Outmaneuver","Flying Knee","Cloak And Dagger"],"picked":"SKIP","floor":30},{"not_picked":["Noxious Fumes","Infinite Blades"],"picked":"Blade Dance","floor":31},{"not_picked":["Die Die Die","Venomology"],"picked":"After Image","floor":33},{"not_picked":["Outmaneuver","Distraction+1","Backflip+1"],"picked":"SKIP","floor":35},{"not_picked":["Crippling Poison","Quick Slash+1","Noxious Fumes+1"],"picked":"SKIP","floor":36},{"not_picked":["Dagger Spray+1","Dodge and Roll+1","All Out Attack"],"picked":"SKIP","floor":40},{"not_picked":["Concentrate+1","Acrobatics"],"picked":"Blade Dance+1","floor":41},{"not_picked":["Wraith Form v2","Dagger Throw+1","Dagger Spray+1"],"picked":"SKIP","floor":44},{"not_picked":["Dagger Spray","Leg Sweep","Terror"],"picked":"SKIP","floor":45},{"not_picked":["Dodge and Roll+1","Setup","Catalyst+1"],"picked":"SKIP","floor":47},{"not_picked":["PiercingWail","Slice","Prepared"],"picked":"SKIP","floor":48},{"not_picked":["Blade Dance","Backflip+1"],"picked":"Escape Plan+1","floor":54}],"player_experience":867311,"relics_obtained":[{"floor":9,"key":"CaptainsWheel"},{"floor":11,"key":"Potion Belt"},{"floor":13,"key":"Orichalcum"},{"floor":23,"key":"FossilizedHelix"},{"floor":25,"key":"Oddly Smooth Stone"},{"floor":26,"key":"Bottled Flame"},{"floor":27,"key":"Gremlin Horn"},{"floor":38,"key":"Pocketwatch"},{"floor":40,"key":"Calipers"},{"floor":43,"key":"Vajra"},{"floor":54,"key":"Anchor"}],"event_choices":[{"cards_removed":["Strike_G"],"damage_healed":0,"gold_gain":0,"player_choice":"Forget","damage_taken":0,"max_hp_gain":0,"max_hp_loss":0,"event_name":"Living Wall","floor":2,"gold_loss":0},{"damage_healed":0,"gold_gain":0,"player_choice":"Success","damage_taken":12,"relics_obtained":["White Beast Statue"],"max_hp_gain":0,"max_hp_loss":0,"event_name":"Scrap Ooze","floor":10,"gold_loss":0},{"damage_healed":0,"gold_gain":0,"player_choice":"Fight","damage_taken":0,"max_hp_gain":0,"max_hp_loss":0,"event_name":"MindBloom","floor":38,"gold_loss":0},{"damage_healed":0,"gold_gain":0,"player_choice":"Memory 3","damage_taken":10,"max_hp_gain":0,"max_hp_loss":0,"event_name":"SensoryStone","floor":39,"gold_loss":0}],"is_beta":false,"boss_relics":[{"not_picked":["Ring of the Serpent","Busted Crown"],"picked":"SacredBark"},{"not_picked":["Tiny House","Coffee Dripper"],"picked":"WristBlade"}],"items_purged_floors":[0,46],"is_endless":false,"potions_floor_spawned":[5,7,11,12,13,14,16,18,20,21,22,23,24,27,30,31,33,35,36,38,40,41,44,45,47,48,54],"ascension_level":0}}