{"host":"n1v11un6j7y72mz7","time":1614367575,"event":{"mods":["Act Like it!","BaseMod","Downfall","Minty Spire (QoL Compilation)","Reliquary","StSLib","The Animator","Waifu the Spire"],"gold_per_floor":[118,137,137,87,100,134,134,151,151,205,54,104,118,138,151,151,151,251,251],"floor_reached":18,"language":"ZHS","playtime":468,"items_purged":[],"score":180,"play_id":"55d7bb61-f19a-4c94-bfa2-6271d2ddbdaf","local_time":"20210227032615","is_ascension_mode":true,"campfire_choices":[{"data":"Fire Breathing","floor":7,"key":"SMITH"},{"data":"Intimidate","floor":16,"key":"SMITH"},{"floor":17,"key":"REST"}],"circlet_count":0,"master_deck":["Strike_R","Strike_R","Strike_R","Strike_R","Strike_R","Defend_R","Defend_R","Defend_R","Defend_R","Bash","Violence","Fire Breathing+1","Reckless Charge","Fire Breathing","Immolate","Intimidate+1","Burning Pact"],"relics":["Burning Blood","Calipers","Lizard Tail","reliquary:Knoch"],"acts_visited":["Exordium"],"potions_floor_usage":[8,14,18],"damage_taken":[{"damage":11,"enemies":"Cultist","floor":1,"turns":4},{"damage":2,"enemies":"2 Louse","floor":2,"turns":5},{"damage":14,"enemies":"Jaw Worm","floor":5,"turns":3},{"damage":34,"enemies":"Gremlin Nob","floor":6,"turns":5},{"damage":13,"enemies":"3 Louse","floor":8,"turns":3},{"damage":12,"enemies":"Looter","floor":13,"turns":4},{"damage":12,"enemies":"Large Slime","floor":14,"turns":5},{"damage":12,"enemies":"Blue Slaver","floor":15,"turns":4},{"damage":44,"enemies":"Hexaghost","floor":18,"turns":9}],"seed_played":"-4873489265396145516","potions_obtained":[{"floor":2,"key":"Block Potion"},{"floor":13,"key":"HeartOfIron"},{"floor":15,"key":"PowerPotion"},{"floor":18,"key":"PowerPotion"}],"is_trial":false,"path_per_floor":["M","M","?","?","M","E","R","M","T","T","$","?","M","M","M","R","R","B"],"character_chosen":"IRONCLAD","items_purchased":["Immolate"],"campfire_rested":1,"item_purchase_floors":[11],"current_hp_per_floor":[75,79,84,84,76,48,48,41,41,41,41,41,35,29,23,23,48,10,10],"gold":251,"neow_bonus":"RANDOM_COLORLESS_2","is_daily":false,"chose_seed":false,"campfire_upgraded":2,"win_rate":0.0,"timestamp":1614367575,"path_taken":["M","?","?","?","M","E","R","M","T","T","$","?","M","M","M","R","R","BOSS"],"items_purchased_type":["Card"],"build_version":"2020-12-22","purchased_purges":0,"victory":false,"max_hp_per_floor":[80,80,85,85,85,85,85,85,85,85,85,85,85,85,85,85,85,85,85],"card_choices":[{"not_picked":["Magnetism","Secret Technique"],"picked":"Violence","floor":0},{"not_picked":["Clothesline","Flex"],"picked":"Fire Breathing","floor":1},{"not_picked":["Headbutt","Inflame"],"picked":"Reckless Charge","floor":2},{"not_picked":["Heavy Blade","Disarm"],"picked":"Fire Breathing","floor":5},{"not_picked":["Dual Wield","Body Slam","Carnage"],"picked":"SKIP","floor":6},{"not_picked":["Shrug It Off","Uppercut","Blood for Blood"],"picked":"SKIP","floor":8},{"not_picked":["Entrench","Second Wind"],"picked":"Intimidate","floor":13},{"not_picked":["Whirlwind","Disarm","True Grit"],"picked":"SKIP","floor":14},{"not_picked":["Sword Boomerang","Sentinel"],"picked":"Burning Pact","floor":15}],"player_experience":233251,"relics_obtained":[{"floor":6,"key":"Calipers"},{"floor":9,"key":"Lizard Tail"},{"floor":10,"key":"reliquary:Knoch"}],"event_choices":[{"damage_healed":0,"gold_gain":0,"player_choice":"Donut","damage_taken":0,"max_hp_gain":5,"max_hp_loss":0,"event_name":"Big Fish","floor":3,"gold_loss":0},{"cards_removed":["animator:Curse_Nutcracker"],"damage_healed":0,"gold_gain":0,"player_choice":"Card Removal","damage_taken":0,"max_hp_gain":0,"max_hp_loss":0,"event_name":"The Cleric","floor":4,"gold_loss":50},{"damage_healed":0,"gold_gain":50,"player_choice":"Gained Gold","damage_taken":0,"max_hp_gain":0,"max_hp_loss":0,"event_name":"Golden Wing","floor":12,"gold_loss":0}],"is_beta":false,"boss_relics":[],"items_purged_floors":[],"is_endless":false,"potions_floor_spawned":[2,13,15,18],"killed_by":"Hexaghost","ascension_level":2}}