{"host":"yzsgc1rrwi6sdbq7","time":1614327506,"event":{"mods":["AchievementEnabler","Act Like it!","BaseMod","Colored Map","DeckTracker","Keyboard Shortcuts","Library of Ruina","Library of Ruina Extra","Minty Spire (QoL Compilation)","Permanent Neow","Ruina","StSLib","SuperFastMode","everything is the same but u backflip on backflip"],"gold_per_floor":[110,128,144,161,86,86,111,11,38,49,78,78,92,58,58,158,158,177,197,21,21,41,72,72,72,142,175,194,213,223,240,240,345,345,357,371,91,111,123,123,156,156,156,169,219,229,264,264,264,264,264],"floor_reached":52,"language":"KOR","playtime":2589,"items_purged":["Strike_R","Strike_R","Power Through+1"],"score":768,"play_id":"90b89278-3139-4c50-b32e-5879866fccc2","local_time":"20210226171826","is_ascension_mode":false,"campfire_choices":[{"data":"True Grit","floor":6,"key":"SMITH"},{"data":"Sever Soul","floor":12,"key":"SMITH"},{"data":"Fire Breathing","floor":15,"key":"SMITH"},{"data":"Bloodletting","floor":24,"key":"SMITH"},{"data":"Warcry","floor":32,"key":"SMITH"},{"data":"Battle Trance","floor":40,"key":"SMITH"},{"data":"Barricade","floor":42,"key":"SMITH"},{"data":"ruina:Nihil","floor":49,"key":"SMITH"}],"circlet_count":0,"master_deck":["Defend_R+1","Defend_R","Defend_R+1","Defend_R","Bash","Pommel Strike","Shockwave","Shrug It Off","Corruption+1","Power Through+1","Power Through+1","Feel No Pain+1","Fiend Fire+1","True Grit+1","Shockwave","Bloodletting+1","Fire Breathing+1","Sever Soul+1","Body Slam","Seeing Red","Reaper","ruina:HomingInstinct","ruina:Nihil+1","Inflame+1","Ghostly Armor","Battle Trance+1","Warcry+1","Warcry+1","Barricade+1"],"relics":["Burning Blood","Dead Branch","PageOfBloodbath","War Paint","Blood Vial","Empty Cage","Happy Flower","PageOfBigBird","Shuriken","Busted Crown","Boot","Calipers","Ornamental Fan","Torii","Centennial Puzzle"],"acts_visited":["Exordium","ruina:Briah","TheBeyond"],"potions_floor_usage":[29,31,33,33,46,50],"damage_taken":[{"damage":11,"enemies":"Jaw Worm","floor":1,"turns":3},{"damage":0,"enemies":"Small Slimes","floor":2,"turns":3},{"damage":0,"enemies":"2 Louse","floor":3,"turns":3},{"damage":1,"enemies":"2 Fungi Beasts","floor":4,"turns":3},{"damage":7,"enemies":"3 Sentries","floor":7,"turns":5},{"damage":7,"enemies":"Gremlin Gang","floor":10,"turns":2},{"damage":42,"enemies":"Gremlin Nob","floor":11,"turns":6},{"damage":10,"enemies":"Red Slaver","floor":13,"turns":2},{"damage":25,"enemies":"The Guardian","floor":16,"turns":4},{"damage":17,"enemies":"ruina:BadWolf","floor":18,"turns":4},{"damage":18,"enemies":"ruina:2_Scarecrows","floor":19,"turns":5},{"damage":4,"enemies":"ruina:KingOfGreed","floor":22,"turns":4},{"damage":42,"enemies":"ruina:Mountain","floor":23,"turns":6},{"damage":24,"enemies":"ruina:RoadHome","floor":27,"turns":4},{"damage":11,"enemies":"ruina:Woodsman","floor":28,"turns":5},{"damage":0,"enemies":"ruina:KnightOfDespair","floor":29,"turns":2},{"damage":16,"enemies":"ruina:QueenOfHate","floor":30,"turns":4},{"damage":15,"enemies":"ruina:Nos_and_Bat","floor":31,"turns":4},{"damage":14,"enemies":"ruina:Ozma","floor":33,"turns":6},{"damage":5,"enemies":"3 Darklings","floor":35,"turns":2},{"damage":10,"enemies":"3 Shapes","floor":36,"turns":4},{"damage":9,"enemies":"Spire Growth","floor":38,"turns":3},{"damage":18,"enemies":"Maw","floor":39,"turns":6},{"damage":18,"enemies":"Giant Head","floor":41,"turns":6},{"damage":5,"enemies":"3 Darklings","floor":44,"turns":4},{"damage":6,"enemies":"2 Orb Walkers","floor":45,"turns":3},{"damage":7,"enemies":"Transient","floor":46,"turns":5},{"damage":9,"enemies":"Nemesis","floor":47,"turns":5},{"damage":9,"enemies":"Donu and Deca","floor":50,"turns":4}],"seed_played":"2263798437367742397","potions_obtained":[{"floor":2,"key":"FearPotion"},{"floor":3,"key":"SpeedPotion"},{"floor":11,"key":"Strength Potion"},{"floor":28,"key":"Energy Potion"},{"floor":30,"key":"GamblersBrew"},{"floor":36,"key":"DistilledChaos"},{"floor":38,"key":"Energy Potion"},{"floor":39,"key":"Dexterity Potion"}],"is_trial":false,"path_per_floor":["M","M","M","M","$","R","E","$","T","M","E","R","M","$","R","B",null,"M","M","$","?","M","E","R","?","T","E","M","M","M","M","R","B",null,"M","M","$","M","M","R","E","R","T","M","?","M","E","?","R","B",null,null],"character_chosen":"IRONCLAD","items_purchased":["Seeing Red","ruina:HomingInstinct","Boot"],"campfire_rested":0,"item_purchase_floors":[14,20,37],"current_hp_per_floor":[75,80,80,80,80,80,79,79,79,78,42,42,40,40,40,23,80,69,71,71,71,75,53,53,45,45,29,26,34,30,35,35,47,80,80,80,80,77,67,67,57,57,57,78,80,80,77,69,69,68,70],"gold":264,"neow_bonus":"THREE_CARDS","is_daily":false,"chose_seed":false,"campfire_upgraded":8,"win_rate":0.0,"timestamp":1614327506,"path_taken":["M","M","M","M","$","R","E","$","T","M","E","R","M","$","R","BOSS","M","M","$","?","M","E","R","?","T","E","M","M","M","M","R","BOSS","M","M","$","M","M","R","E","R","T","M","?","M","E","?","R","BOSS"],"items_purchased_type":["Card","Card","Relic"],"build_version":"2020-12-22","purchased_purges":3,"victory":true,"max_hp_per_floor":[80,80,80,80,80,80,80,80,80,80,80,80,80,80,80,80,80,80,80,80,80,80,80,80,80,80,80,80,80,80,80,80,80,80,80,80,80,80,80,80,80,80,80,80,80,80,80,80,80,80,80],"card_choices":[{"not_picked":["Heavy Blade","Clothesline"],"picked":"Pommel Strike","floor":0},{"not_picked":["Headbutt","Cleave"],"picked":"Shockwave","floor":1},{"not_picked":["Pommel Strike","Rage"],"picked":"Shrug It Off","floor":2},{"not_picked":["Body Slam","Inflame"],"picked":"True Grit","floor":3},{"not_picked":["Heavy Blade","Iron Wave"],"picked":"Shockwave","floor":4},{"not_picked":["Heavy Blade","Rupture"],"picked":"Bloodletting","floor":7},{"not_picked":["Uppercut","Carnage"],"picked":"Fire Breathing","floor":10},{"not_picked":["Iron Wave","Uppercut"],"picked":"Sever Soul","floor":11},{"not_picked":["Clothesline","Impervious"],"picked":"Body Slam","floor":13},{"not_picked":["Juggernaut","Feed"],"picked":"Reaper","floor":16},{"not_picked":["Pommel Strike","Heavy Blade","Perfected Strike"],"picked":"SKIP","floor":18},{"not_picked":["Perfected Strike+1","Twin Strike","Anger"],"picked":"SKIP","floor":19},{"not_picked":["Thunderclap","Clash","Anger"],"picked":"SKIP","floor":22},{"not_picked":["Blood for Blood+1","Flex","Heavy Blade"],"picked":"SKIP","floor":23},{"not_picked":["Body Slam","Cleave+1"],"picked":"Ghostly Armor","floor":27},{"not_picked":["Feel No Pain","Inflame"],"picked":"Battle Trance","floor":28},{"not_picked":["Dual Wield","True Grit+1","Clash"],"picked":"SKIP","floor":29},{"not_picked":["Sword Boomerang","Reckless Charge"],"picked":"Warcry","floor":30},{"not_picked":["Pommel Strike","Brutality"],"picked":"Warcry+1","floor":31},{"not_picked":["Limit Break","Impervious"],"picked":"Barricade","floor":33},{"not_picked":["Anger+1"],"picked":"SKIP","floor":35},{"not_picked":["Iron Wave+1"],"picked":"SKIP","floor":36},{"not_picked":["Clash+1"],"picked":"SKIP","floor":38},{"not_picked":["Carnage+1"],"picked":"SKIP","floor":39},{"not_picked":["Body Slam+1"],"picked":"SKIP","floor":41},{"not_picked":["Body Slam"],"picked":"SKIP","floor":44},{"not_picked":["Twin Strike+1"],"picked":"SKIP","floor":46},{"not_picked":["Perfected Strike+1"],"picked":"SKIP","floor":47}],"player_experience":22365,"relics_obtained":[{"floor":7,"key":"PageOfBloodbath"},{"floor":9,"key":"War Paint"},{"floor":11,"key":"Blood Vial"},{"floor":23,"key":"Happy Flower"},{"floor":26,"key":"PageOfBigBird"},{"floor":27,"key":"Shuriken"},{"floor":41,"key":"Calipers"},{"floor":43,"key":"Ornamental Fan"},{"floor":45,"key":"Torii"},{"floor":47,"key":"Centennial Puzzle"}],"event_choices":[{"damage_healed":0,"gold_gain":0,"player_choice":"Fight","damage_taken":0,"max_hp_gain":0,"max_hp_loss":0,"event_name":"Mysterious Sphere","floor":45,"gold_loss":0},{"damage_healed":0,"gold_gain":0,"player_choice":"Damaged","damage_taken":8,"max_hp_gain":0,"max_hp_loss":0,"event_name":"Wheel of Change","floor":48,"gold_loss":0}],"is_beta":false,"boss_relics":[{"not_picked":["Calling Bell","Runic Pyramid"],"picked":"Empty Cage"},{"not_picked":["Fusion Hammer","Astrolabe"],"picked":"Busted Crown"}],"items_purged_floors":[5,8,37],"is_endless":false,"potions_floor_spawned":[2,3,11,16,19,22,28,30,36,38,39,45],"ascension_level":0}}