{"host":"1bzbl1adcbkdzqlf","time":1614373281,"event":{"mods":["BaseMod","Minty Spire (QoL Compilation)","Slay the Relics Exporter"],"gold_per_floor":[112,112,122,138,138,171,171,205,232,242,252,285,297,308,308,412,412,431,449,449,467,62,89,100,115,140,140,140],"floor_reached":27,"language":"ENG","playtime":2991,"items_purged":[],"score":401,"play_id":"33a8c911-3d31-42b5-a577-bc0fb4b5fdd7","local_time":"20210226150121","is_ascension_mode":true,"campfire_choices":[{"floor":15,"key":"REST"}],"circlet_count":0,"master_deck":["Strike_G","Strike_G","Defend_G","Defend_G","Defend_G","Defend_G","Defend_G","Survivor","Neutralize","Die Die Die","Well Laid Plans","Quick Slash","Flying Knee+1","Outmaneuver","Backflip","Backstab","Prepared","Dagger Spray","Underhanded Strike","Noxious Fumes","Leg Sweep","Wraith Form v2","CurseOfTheBell","Bane","Concentrate","Die Die Die+1","Unload","Flying Knee+1","Backflip"],"relics":["Ring of the Snake","Nunchaku","Bronze Scales","Bag of Marbles","Gambling Chip","Calling Bell","MealTicket","Eternal Feather","FossilizedHelix","Mummified Hand","OrangePellets","Whetstone","PreservedInsect"],"acts_visited":["Exordium","TheCity"],"potions_floor_usage":[6,8,12,24,24],"damage_taken":[{"damage":1,"enemies":"Jaw Worm","floor":1,"turns":4},{"damage":1,"enemies":"Small Slimes","floor":3,"turns":3},{"damage":0,"enemies":"Cultist","floor":4,"turns":3},{"damage":15,"enemies":"Lagavulin","floor":6,"turns":9},{"damage":37,"enemies":"Gremlin Nob","floor":8,"turns":5},{"damage":0,"enemies":"Looter","floor":10,"turns":1},{"damage":0,"enemies":"Exordium Thugs","floor":11,"turns":2},{"damage":0,"enemies":"3 Sentries","floor":12,"turns":4},{"damage":0,"enemies":"Lots of Slimes","floor":13,"turns":1},{"damage":0,"enemies":"2 Fungi Beasts","floor":14,"turns":1},{"damage":0,"enemies":"Hexaghost","floor":16,"turns":9},{"damage":0,"enemies":"3 Byrds","floor":18,"turns":2},{"damage":0,"enemies":"Chosen","floor":19,"turns":3},{"damage":6,"enemies":"3 Cultists","floor":21,"turns":3},{"damage":27,"enemies":"Slavers","floor":23,"turns":4},{"damage":15,"enemies":"Shelled Parasite and Fungi","floor":24,"turns":3},{"damage":16,"enemies":"Snake Plant","floor":25,"turns":3},{"damage":11,"enemies":"Chosen and Byrds","floor":27,"turns":4}],"seed_played":"5612840033491884991","potions_obtained":[{"floor":1,"key":"Explosive Potion"},{"floor":4,"key":"Dexterity Potion"},{"floor":11,"key":"Strength Potion"},{"floor":18,"key":"Weak Potion"},{"floor":23,"key":"PowerPotion"}],"is_trial":false,"path_per_floor":["M","?","M","M","?","E","?","E","T","M","M","E","M","M","R","B",null,"M","M","?","M","$","E","M","M","T","M"],"character_chosen":"THE_SILENT","items_purchased":["Mummified Hand","OrangePellets"],"campfire_rested":1,"item_purchase_floors":[22,22],"current_hp_per_floor":[62,55,54,54,54,39,39,2,2,2,2,2,2,2,20,20,63,63,63,63,57,63,36,21,5,5,0,0],"gold":140,"neow_bonus":"THREE_RARE_CARDS","is_daily":false,"chose_seed":false,"campfire_upgraded":0,"win_rate":0.0,"timestamp":1614373281,"path_taken":["M","?","M","M","?","E","?","E","T","M","?","E","M","M","R","BOSS","M","M","?","M","$","E","M","?","T","M"],"items_purchased_type":["Relic","Relic"],"build_version":"2020-12-22","purchased_purges":0,"victory":false,"max_hp_per_floor":[63,63,63,63,63,63,63,63,63,63,63,63,63,63,63,63,63,63,63,63,63,63,63,63,63,63,63,63],"card_choices":[{"not_picked":["Tools of the Trade","Adrenaline"],"picked":"Die Die Die","floor":0},{"not_picked":["Dash","Quick Slash"],"picked":"Well Laid Plans","floor":1},{"not_picked":["Prepared","Backstab"],"picked":"Quick Slash","floor":3},{"not_picked":["Blade Dance","Riddle With Holes"],"picked":"Flying Knee","floor":4},{"not_picked":["Skewer","Distraction"],"picked":"Backflip","floor":6},{"not_picked":["Dodge and Roll","Reflex"],"picked":"Backstab","floor":8},{"not_picked":["Riddle With Holes","Setup"],"picked":"Prepared","floor":10},{"not_picked":["Dodge and Roll","PiercingWail"],"picked":"Dagger Spray","floor":11},{"not_picked":["Blade Dance","Deflect"],"picked":"Underhanded Strike","floor":12},{"not_picked":["Backstab","Deflect"],"picked":"Noxious Fumes","floor":13},{"not_picked":["Masterful Stab","Blur"],"picked":"Leg Sweep","floor":14},{"not_picked":["Glass Knife","Malaise"],"picked":"Wraith Form v2","floor":16},{"not_picked":["Cloak And Dagger","Eviscerate"],"picked":"Bane","floor":18},{"not_picked":["Deadly Poison","Quick Slash"],"picked":"Concentrate","floor":19},{"not_picked":["Blade Dance","Leg Sweep+1"],"picked":"Unload","floor":21},{"not_picked":["Distraction","Backstab","Quick Slash"],"picked":"SKIP","floor":23},{"not_picked":["Dash","Deadly Poison+1"],"picked":"Flying Knee+1","floor":24},{"not_picked":["Dagger Throw","Endless Agony+1"],"picked":"Backflip","floor":25}],"player_experience":582859,"relics_obtained":[{"floor":6,"key":"Nunchaku"},{"floor":8,"key":"Bronze Scales"},{"floor":9,"key":"Bag of Marbles"},{"floor":12,"key":"Gambling Chip"},{"floor":17,"key":"MealTicket"},{"floor":17,"key":"Eternal Feather"},{"floor":17,"key":"FossilizedHelix"},{"floor":23,"key":"Whetstone"},{"floor":26,"key":"PreservedInsect"}],"event_choices":[{"cards_removed":["Strike_G"],"damage_healed":0,"gold_gain":0,"player_choice":"Card Removal","damage_taken":7,"max_hp_gain":0,"max_hp_loss":0,"event_name":"Golden Wing","floor":2,"gold_loss":0},{"damage_healed":0,"gold_gain":0,"cards_transformed":["Strike_G"],"player_choice":"Change","damage_taken":0,"max_hp_gain":0,"max_hp_loss":0,"event_name":"Living Wall","floor":5,"gold_loss":0,"cards_obtained":["Outmaneuver"]},{"cards_removed":["Strike_G"],"damage_healed":0,"gold_gain":0,"player_choice":"Offered Basic","damage_taken":0,"max_hp_gain":0,"max_hp_loss":0,"event_name":"Bonfire Elementals","floor":7,"gold_loss":0},{"damage_healed":0,"gold_gain":0,"player_choice":"Copied","damage_taken":0,"max_hp_gain":0,"max_hp_loss":0,"event_name":"Duplicator","floor":20,"gold_loss":0,"cards_obtained":["Die Die Die"]}],"is_beta":false,"boss_relics":[{"not_picked":["Tiny House","SlaversCollar"],"picked":"Calling Bell"}],"items_purged_floors":[],"is_endless":false,"potions_floor_spawned":[1,4,11,18,23],"killed_by":"Chosen and Byrds","ascension_level":4}}