{"host":"kh6fvhxn285ncg0o","time":1614321355,"event":{"mods":["Act Like it!","BaseMod","Colored Map","Friendly Minions","Keyboard Shortcuts","Minty Spire (QoL Compilation)","Quick Restart","Relic Stats","StSLib","SuperFastMode","UnlockEverythingMod"],"gold_per_floor":[12,32,182,257,267,267,147,147,147,177,13,39,39,73,73,144,144,160,178,178,196,216,216,31,61,88,88,100,116,116,116],"floor_reached":30,"language":"KOR","playtime":563,"items_purged":["Doubt","Strike_R"],"score":636,"play_id":"a47fed41-e92f-4792-88f9-fc30cd2dccb7","local_time":"20210226153555","is_ascension_mode":true,"campfire_choices":[{"data":"Pommel Strike","floor":6,"key":"SMITH"},{"data":"Carnage","floor":8,"key":"SMITH"},{"data":"Bash","floor":13,"key":"SMITH"},{"floor":15,"key":"DIG"},{"floor":23,"key":"DIG"},{"data":"Evolve","floor":27,"key":"SMITH"}],"circlet_count":0,"master_deck":["AscendersBane","Strike_R+1","Strike_R","Strike_R","Defend_R","Defend_R","Defend_R","Defend_R","Bash+1","Pommel Strike+1","Evolve+1","Carnage+1","Dark Embrace","Offering","Uppercut","Reckless Charge+1","Feel No Pain","Fire Breathing","Dual Wield"],"relics":["Burning Blood","CaptainsWheel","Blood Vial","Matryoshka","Toy Ornithopter","Bag of Preparation","Shovel","Girya","Runic Dome","Oddly Smooth Stone","White Beast Statue","Whetstone"],"acts_visited":["Exordium","TheCity"],"potions_floor_usage":[16,18,21,25,30],"damage_taken":[{"damage":6,"enemies":"Cultist","floor":1,"turns":3},{"damage":7,"enemies":"Small Slimes","floor":2,"turns":5},{"damage":8,"enemies":"2 Louse","floor":5,"turns":2},{"damage":20,"enemies":"3 Sentries","floor":10,"turns":6},{"damage":12,"enemies":"Lagavulin","floor":12,"turns":5},{"damage":8,"enemies":"Gremlin Nob","floor":14,"turns":3},{"damage":0,"enemies":"Slime Boss","floor":16,"turns":3},{"damage":13,"enemies":"2 Thieves","floor":18,"turns":3},{"damage":7,"enemies":"Spheric Guardian","floor":19,"turns":4},{"damage":24,"enemies":"Snake Plant","floor":21,"turns":2},{"damage":13,"enemies":"Centurion and Healer","floor":22,"turns":5},{"damage":23,"enemies":"Slavers","floor":25,"turns":4},{"damage":13,"enemies":"3 Cultists","floor":28,"turns":5},{"damage":36,"enemies":"Snake Plant","floor":29,"turns":3},{"damage":19,"enemies":"Colosseum Slavers","floor":30,"turns":2}],"seed_played":"-2633922007434070820","potions_obtained":[{"floor":2,"key":"LiquidMemories"},{"floor":12,"key":"GamblersBrew"},{"floor":14,"key":"Fire Potion"},{"floor":16,"key":"Fire Potion"},{"floor":18,"key":"Energy Potion"},{"floor":28,"key":"LiquidBronze"},{"floor":29,"key":"Block Potion"}],"is_trial":false,"path_per_floor":["M","M","?","?","M","R","$","R","T","E","$","E","R","E","R","B",null,"M","M","?","M","M","R","$","E","T","R","M","M","?"],"character_chosen":"IRONCLAD","items_purchased":["Carnage","Toy Ornithopter","Fire Breathing"],"campfire_rested":0,"item_purchase_floors":[7,11,24],"current_hp_per_floor":[68,67,67,56,54,54,54,54,54,42,42,38,38,38,38,51,69,68,69,69,58,53,53,53,43,43,43,38,10,0,0],"gold":116,"neow_bonus":"ONE_RARE_RELIC","is_daily":false,"chose_seed":false,"campfire_upgraded":4,"win_rate":0.0,"timestamp":1614321355,"path_taken":["M","?","?","?","M","R","$","R","T","E","$","E","R","E","R","BOSS","M","M","?","M","M","R","$","E","T","R","M","?","?"],"items_purchased_type":["Card","Relic","Card"],"build_version":"2020-12-22","purchased_purges":2,"victory":false,"max_hp_per_floor":[75,75,75,75,75,75,75,75,75,75,75,75,75,75,75,75,75,75,75,75,75,75,75,75,75,75,75,75,75,75,75],"relic_stats":{"Blood Vial":24,"Shovel":2,"counters":[15,55],"Bag of Preparation":[20],"Whetstone":["Reckless Charge","Strike_R"],"obtain_stats":[{"Blood Vial":9,"Girya":15,"Runic Dome":17,"CaptainsWheel":0,"Matryoshka":10,"Shovel":14,"Oddly Smooth Stone":23,"Bag of Preparation":12,"Whetstone":26,"Burning Blood":0,"Toy Ornithopter":11,"White Beast Statue":25},{"Blood Vial":3,"Girya":6,"Runic Dome":7,"CaptainsWheel":0,"Matryoshka":4,"Shovel":6,"Oddly Smooth Stone":11,"Bag of Preparation":5,"Whetstone":12,"Burning Blood":0,"Toy Ornithopter":4,"White Beast Statue":12},{"Blood Vial":10,"Girya":24,"Runic Dome":27,"CaptainsWheel":0,"Matryoshka":16,"Shovel":24,"Oddly Smooth Stone":41,"Bag of Preparation":21,"Whetstone":45,"Burning Blood":0,"Toy Ornithopter":16,"White Beast Statue":45}],"Burning Blood":84,"Toy Ornithopter":24},"card_choices":[{"not_picked":["Shrug It Off","Anger"],"picked":"Pommel Strike","floor":1},{"not_picked":["Body Slam","Flame Barrier"],"picked":"Evolve","floor":5},{"not_picked":["Sever Soul","Combust","Sentinel"],"picked":"SKIP","floor":10},{"not_picked":["Iron Wave","Cleave"],"picked":"Dark Embrace","floor":12},{"not_picked":["Thunderclap","Perfected Strike","Cleave"],"picked":"SKIP","floor":14},{"not_picked":["Double Tap","Brutality"],"picked":"Offering","floor":16},{"not_picked":["Wild Strike","Clothesline","Uppercut"],"picked":"SKIP","floor":18},{"not_picked":["Wild Strike","Clothesline"],"picked":"Uppercut","floor":18},{"not_picked":["Sword Boomerang","Clothesline","Flex"],"picked":"SKIP","floor":19},{"not_picked":["Impervious","Sever Soul"],"picked":"Feel No Pain","floor":21},{"not_picked":["Sword Boomerang","Carnage","Wild Strike"],"picked":"SKIP","floor":22},{"not_picked":["Sword Boomerang","Carnage","Wild Strike"],"picked":"SKIP","floor":22},{"not_picked":["Clash","Armaments","Twin Strike+1"],"picked":"SKIP","floor":25},{"not_picked":["Sever Soul","Inflame","Warcry"],"picked":"SKIP","floor":28},{"not_picked":["Flex","Headbutt"],"picked":"Dual Wield","floor":29}],"player_experience":1553411,"relics_obtained":[{"floor":9,"key":"Blood Vial"},{"floor":10,"key":"Matryoshka"},{"floor":12,"key":"Bag of Preparation"},{"floor":14,"key":"Shovel"},{"floor":15,"key":"Girya"},{"floor":23,"key":"Oddly Smooth Stone"},{"floor":25,"key":"White Beast Statue"},{"floor":26,"key":"Whetstone"}],"event_choices":[{"damage_healed":0,"gold_gain":150,"player_choice":"AGREE","damage_taken":0,"max_hp_gain":0,"max_hp_loss":0,"event_name":"Liars Game","floor":3,"gold_loss":0,"cards_obtained":["Doubt"]},{"damage_healed":0,"gold_gain":75,"player_choice":"Gather Gold","damage_taken":11,"max_hp_gain":0,"max_hp_loss":0,"event_name":"World of Goop","floor":4,"gold_loss":0},{"damage_healed":0,"gold_gain":0,"cards_transformed":["Strike_R"],"player_choice":"Transformed","damage_taken":0,"max_hp_gain":0,"max_hp_loss":0,"event_name":"Transmorgrifier","floor":20,"gold_loss":0,"cards_obtained":["Reckless Charge"]},{"damage_healed":0,"gold_gain":0,"player_choice":"Fight","damage_taken":0,"max_hp_gain":0,"max_hp_loss":0,"event_name":"Colosseum","floor":30,"gold_loss":0}],"is_beta":false,"boss_relics":[{"not_picked":["Runic Cube","Runic Pyramid"],"picked":"Runic Dome"}],"items_purged_floors":[7,24],"is_endless":false,"potions_floor_spawned":[2,12,14,16,18,19,28,29],"killed_by":"Colosseum Slavers","ascension_level":20}}