{"host":"029ju9bxe3h4e27y","time":1614307531,"event":{"mods":["BaseMod","Friendly Minions","Grow up Mod","KinomotoSakuraMod(木之本樱)","Marisa（F雨　魔理沙）","Minty Spire (QoL Compilation)","Reliquary","Remilia（蕾米莉亚）","StSLib","The Fake Hero","The Servant 0.9.4","UnlockEverythingMod"],"gold_per_floor":[115,129,79,79,79,79,97,97,124,124,138,154,167,194,194,298,298,317,317,317,343,362,397,397,322,368,368,368,69,69,84,84,180,180,198,198,221,72,85,117,117,217,289,322,322,336,370,382,382,382],"floor_reached":51,"language":"ZHS","playtime":2888,"items_purged":["ClowCardTheShield"],"score":851,"play_id":"40bff9f2-3af7-4e92-81d5-e7e45917e3ea","local_time":"20210226104531","is_ascension_mode":false,"campfire_choices":[{"data":"SpellCardSeal","floor":6.0,"key":"SMITH"},{"data":"ClowCardTheBubbles","floor":8.0,"key":"SMITH"},{"data":"ClowCardTheDash","floor":15.0,"key":"SMITH"},{"data":"ClowCardTheRain","floor":27,"key":"SMITH"},{"data":"ClowCardTheThunder","floor":32,"key":"SMITH"},{"data":"ClowCardTheShield","floor":41,"key":"SMITH"},{"data":"ClowCardTheShield","floor":45,"key":"SMITH"},{"data":"ClowCardTheDash","floor":49,"key":"SMITH"}],"circlet_count":0,"master_deck":["SakuraCardTheThunder+","SakuraCardTheStorm+","ClowCardTheSword","ClowCardTheSword","ClowCardTheSword","ClowCardTheShield","ClowCardTheShield+1","ClowCardTheShield+1","SpellCardSeal+1","SpellCardRelease","ClowCardTheBubbles+1","ClowCardTheDash+1","ClowCardTheRain+1","ClowCardTheDream+1","ClowCardTheJump+1","ClowCardTheRain+1","ClowCardTheDash+1","ClowCardTheWindy+1"],"relics":["KSMOD_SealedBook","KSMOD_SealedWand","Tiny Chest","Omamori","Bag of Preparation","reliquary:KinkedSpring","GreatHeart","Centennial Puzzle","StrikeDummy","Art of War","reliquary:BoilingFlask","reliquary:Aerogel","Lantern","KSMOD_TomoyosHeart","reliquary:WritOfMandamus","reliquary:NewFriend","reliquary:PorcupineQuills","Sling","reliquary:TatteredRug","reliquary:Sod","Potion Belt","reliquary:PrincelyHelmet"],"acts_visited":["Exordium","TheCity","TheBeyond"],"potions_floor_usage":[],"damage_taken":[{"damage":0.0,"enemies":"2 Louse","floor":1.0,"turns":3.0},{"damage":3.0,"enemies":"Small Slimes","floor":2.0,"turns":3.0},{"damage":0.0,"enemies":"Jaw Worm","floor":7.0,"turns":2.0},{"damage":0.0,"enemies":"Exordium Thugs","floor":11.0,"turns":4.0},{"damage":0.0,"enemies":"3 Louse","floor":12.0,"turns":3.0},{"damage":7.0,"enemies":"Blue Slaver","floor":13.0,"turns":2.0},{"damage":17.0,"enemies":"Gremlin Nob","floor":14.0,"turns":4.0},{"damage":73.0,"enemies":"The Guardian","floor":16.0,"turns":10.0},{"damage":10.0,"enemies":"Chosen","floor":18.0,"turns":2.0},{"damage":0,"enemies":"Shell Parasite","floor":22,"turns":2},{"damage":55,"enemies":"Book of Stabbing","floor":23,"turns":5},{"damage":12,"enemies":"Centurion and Healer","floor":31,"turns":3},{"damage":62,"enemies":"Champ","floor":33,"turns":7},{"damage":34,"enemies":"3 Darklings","floor":35,"turns":3},{"damage":3,"enemies":"3 Shapes","floor":39,"turns":1},{"damage":0,"enemies":"Nemesis","floor":40,"turns":2},{"damage":0,"enemies":"Giant Head","floor":44,"turns":2},{"damage":38,"enemies":"3 Darklings","floor":46,"turns":4},{"damage":26,"enemies":"Reptomancer","floor":47,"turns":3},{"damage":0,"enemies":"Maw","floor":48,"turns":1},{"damage":86,"enemies":"Awakened One","floor":50,"turns":8}],"seed_played":"1547768583388858810","potions_obtained":[{"floor":1.0,"key":"AttackPotion"},{"floor":2.0,"key":"Block Potion"},{"floor":14.0,"key":"DistilledChaos"},{"floor":16.0,"key":"LiquidMemories"},{"floor":22,"key":"FairyPotion"},{"floor":40,"key":"EntropicBrew"},{"floor":46,"key":"Dexterity Potion"}],"is_trial":false,"path_per_floor":["M","M","?","?","?","R","M","R","T","$","M","M","M","E","R","B",null,"M","$","?","T","M","E","?","$","T","R","T","$","T","M","R","B",null,"M","?","T","$","M","E","R","?","T","E","R","M","E","M","R","B",null],"character_chosen":"KINOMOTOSAKURA","items_purchased":["reliquary:Aerogel","Lantern","Sling"],"campfire_rested":0,"item_purchase_floors":[29,29,38],"current_hp_per_floor":[97,104,114,124,122,132,142,152,162,172,182,192,195,188,198,135,257,257,267,277,287,297,252,337,347,357,367,377,387,397,395,405,353,437,413,423,433,443,450,460,470,480,490,500,510,482,466,476,486,471],"gold":382,"neow_bonus":"TEN_PERCENT_HP_BONUS","is_daily":false,"chose_seed":false,"campfire_upgraded":8,"win_rate":0.0,"timestamp":1614307531,"path_taken":["M","M","?","?","?","R","M","R","T","?","M","M","?","E","R","BOSS","M","$","?","?","?","E","?","?","T","R","?","$","?","?","R","BOSS","M","?","?","$","M","E","R","?","T","E","R","M","E","?","R","BOSS"],"items_purchased_type":["Relic","Relic","Relic"],"build_version":"2020-12-22","purchased_purges":1,"victory":true,"max_hp_per_floor":[97,107,117,127,137,147,157,167,177,187,197,207,217,227,237,247,257,267,277,287,297,307,317,337,347,357,367,377,387,397,407,417,427,437,447,457,467,477,487,497,507,517,527,537,547,557,567,577,587,597],"card_choices":[{"not_picked":["ClowCardTheLibra","ClowCardTheGlow"],"picked":"ClowCardTheStorm","floor":1.0},{"not_picked":["ClowCardTheStorm","ClowCardTheEarthy"],"picked":"ClowCardTheBubbles","floor":2.0},{"not_picked":["ClowCardTheWave","ClowCardTheSand","ClowCardTheShot"],"picked":"SKIP","floor":7.0},{"not_picked":["ClowCardTheMirror","ClowCardTheMist","ClowCardTheShadow"],"picked":"SKIP","floor":11.0},{"not_picked":["ClowCardTheRain","ClowCardTheArrow"],"picked":"ClowCardTheDash","floor":12.0},{"not_picked":["ClowCardTheArrow","ClowCardTheDream","ClowCardTheEarthy"],"picked":"SKIP","floor":13.0},{"not_picked":["ClowCardTheMove","ClowCardTheFreeze","ClowCardTheSweet"],"picked":"SKIP","floor":14.0},{"not_picked":["ClowCardTheTime","ClowCardTheThunder"],"picked":"ClowCardTheThrough","floor":16.0},{"not_picked":["ClowCardTheCloud","ClowCardThePower+1"],"picked":"ClowCardTheRain","floor":18.0},{"not_picked":["ClowCardTheLibra","ClowCardTheArrow+1","ClowCardTheBubbles+1"],"picked":"SKIP","floor":22},{"not_picked":["ClowCardTheBubbles+1","ClowCardTheMist"],"picked":"ClowCardTheDream+1","floor":23},{"not_picked":["ClowCardTheLock","ClowCardThePower+1"],"picked":"ClowCardTheThunder","floor":31},{"not_picked":["ClowCardTheTime","ClowCardTheThunder"],"picked":"ClowCardTheCreate","floor":33},{"not_picked":["ClowCardTheFloat","ClowCardTheErase"],"picked":"ClowCardTheJump+1","floor":35},{"not_picked":["ClowCardTheCloud","ClowCardTheErase+1","ClowCardTheShadow+1"],"picked":"SKIP","floor":39},{"not_picked":["ClowCardTheLock+1","ClowCardTheSleep+1"],"picked":"ClowCardTheRain+1","floor":40},{"not_picked":["ClowCardTheSweet","ClowCardTheShadow","ClowCardThePower"],"picked":"SKIP","floor":44},{"not_picked":["ClowCardTheLoop+1","ClowCardTheDream","ClowCardTheSleep"],"picked":"SKIP","floor":46},{"not_picked":["ClowCardTheChange","ClowCardTheFlower"],"picked":"ClowCardTheDash","floor":47},{"not_picked":["ClowCardTheLibra+1","ClowCardTheSweet+1"],"picked":"ClowCardTheWindy+1","floor":48}],"player_experience":122128,"relics_obtained":[{"floor":9.0,"key":"Omamori"},{"floor":14.0,"key":"Bag of Preparation"},{"floor":21,"key":"Centennial Puzzle"},{"floor":23,"key":"StrikeDummy"},{"floor":26,"key":"Art of War"},{"floor":28,"key":"reliquary:BoilingFlask"},{"floor":30,"key":"KSMOD_TomoyosHeart"},{"floor":35,"key":"reliquary:NewFriend"},{"floor":37,"key":"reliquary:PorcupineQuills"},{"floor":40,"key":"reliquary:TatteredRug"},{"floor":43,"key":"reliquary:Sod"},{"floor":44,"key":"Potion Belt"},{"floor":47,"key":"reliquary:PrincelyHelmet"}],"event_choices":[{"cards_removed":["ClowCardTheSword"],"damage_healed":0.0,"max_hp_gain":0.0,"max_hp_loss":0.0,"gold_gain":0.0,"event_name":"The Cleric","player_choice":"Card Removal","floor":3.0,"gold_loss":50.0,"damage_taken":0.0},{"damage_healed":0.0,"max_hp_gain":0.0,"max_hp_loss":0.0,"gold_gain":0.0,"event_name":"Living Wall","player_choice":"Grow","floor":4.0,"gold_loss":0.0,"damage_taken":0.0,"cards_upgraded":["ClowCardTheStorm"]},{"damage_healed":0.0,"max_hp_gain":0.0,"max_hp_loss":0.0,"gold_gain":0.0,"event_name":"Scrap Ooze","player_choice":"Success","floor":5.0,"gold_loss":0.0,"damage_taken":12.0,"relics_obtained":["Tiny Chest"]},{"cards_removed":["ClowCardTheThrough"],"damage_healed":65,"gold_gain":0,"player_choice":"Offered Rare","damage_taken":0,"max_hp_gain":10,"max_hp_loss":0,"event_name":"Bonfire Elementals","floor":24,"gold_loss":0},{"damage_healed":0,"gold_gain":0,"player_choice":"Ignored","damage_taken":0,"max_hp_gain":0,"max_hp_loss":0,"event_name":"SecretPortal","floor":36,"gold_loss":0},{"damage_healed":0,"gold_gain":100,"player_choice":"Pray","damage_taken":0,"max_hp_gain":0,"max_hp_loss":0,"event_name":"Golden Shrine","floor":42,"gold_loss":0}],"is_beta":false,"boss_relics":[{"not_picked":["Empty Cage","Coffee Dripper"],"picked":"reliquary:KinkedSpring"},{"not_picked":["Snecko Eye","Fusion Hammer"],"picked":"reliquary:WritOfMandamus"}],"items_purged_floors":[25],"is_endless":false,"potions_floor_spawned":[1,2,14,16,22,35,40,46],"ascension_level":0}}