{"host":"hig4mmxcip4vq5ai","time":1614372485,"event":{"mods":["Aspiration","BaseMod","Challenge The Spire","Colored Powertips","Conspire","Energized Spire","Friendly Minions","Halation","Hubris","Infinite Spire","Minty Spire (QoL Compilation)","Replay The Spire","Shop Mod","Small Relic Pack","StSLib"],"gold_per_floor":[119,133,148,159,174,174,185,185,210,224,259,271,271,271,271,367,367,380,392,402,257,257,257,269,269,269,285,285,285,305,318,318,422,422,441,441,457,457,477,503,503,503,503,503,536,547,12,25,25,25],"floor_reached":51,"language":"RUS","playtime":1599,"items_purged":[],"score":790,"play_id":"2e3ed1b8-4fe5-45ba-9d00-00b56590e47f","local_time":"20210226234805","is_ascension_mode":true,"campfire_choices":[{"data":"Uppercut","floor":6,"key":"SMITH"},{"data":"Demon Form","floor":8,"key":"SMITH"},{"data":"Inflame","floor":13,"key":"SMITH"},{"data":"Sword Boomerang","floor":15,"key":"SMITH"},{"floor":23,"key":"REST"},{"floor":25,"key":"REST"},{"data":"Sword Boomerang","floor":28,"key":"SMITH"},{"floor":32,"key":"REST"},{"floor":42,"key":"REST"},{"data":"Inflame","floor":49,"key":"SMITH"}],"circlet_count":0,"master_deck":["Strike_R","Strike_R+1","Strike_R+1","Strike_R+1","Strike_R","Defend_R","Defend_R+1","Defend_R","Defend_R","Bash","Inflame+1","Sword Boomerang+1","Uppercut+1","Demon Form+1","Reaper","Shrug It Off+1","Sword Boomerang+1","Offering+1","Heavy Blade+1","True Grit+1","ReplayTheSpireMod:Limb From Limb+1","Inflame+1"],"relics":["Painkiller Herb","Simple Rune","Mirror","hubris:Icosahedron","Philosopher\u0027s Stone","conspire:TreasureMap","Gremlin Food","energizedSpire:StickyHand","Matryoshka","Lantern","infinitespire:Satchel","halation:Thesaurus","Centennial Puzzle","conspire:GiftBox"],"acts_visited":["Exordium","TheCity","TheBeyond"],"potions_floor_usage":[31,33,50,50,50,50],"damage_taken":[{"damage":0,"enemies":"conspire:RoseBush","floor":1,"turns":3},{"damage":0,"enemies":"2 Louse","floor":2,"turns":2},{"damage":6,"enemies":"Cultist","floor":3,"turns":3},{"damage":5,"enemies":"Looter","floor":4,"turns":3},{"damage":5,"enemies":"conspire:2 RoseBushes","floor":5,"turns":6},{"damage":4,"enemies":"3 Louse","floor":7,"turns":3},{"damage":2,"enemies":"Looter","floor":10,"turns":3},{"damage":15,"enemies":"conspire:MimicChest","floor":11,"turns":6},{"damage":10,"enemies":"2 Fungi Beasts","floor":12,"turns":3},{"damage":12,"enemies":"Hexaghost","floor":16,"turns":8},{"damage":27,"enemies":"2 Thieves","floor":18,"turns":4},{"damage":43,"enemies":"Spheric Guardian","floor":19,"turns":4},{"damage":11,"enemies":"Snecko","floor":20,"turns":5},{"damage":3,"enemies":"conspire:HollyBat","floor":24,"turns":4},{"damage":8,"enemies":"Centurion and Healer","floor":27,"turns":5},{"damage":31,"enemies":"Shelled Parasite and Fungi","floor":30,"turns":4},{"damage":19,"enemies":"Snake Plant","floor":31,"turns":3},{"damage":35,"enemies":"Champ","floor":33,"turns":5},{"damage":10,"enemies":"3 Shapes","floor":35,"turns":5},{"damage":37,"enemies":"3 Darklings","floor":37,"turns":4},{"damage":20,"enemies":"4 Shapes","floor":39,"turns":5},{"damage":6,"enemies":"Giant Head","floor":40,"turns":4},{"damage":3,"enemies":"R_Hoarder","floor":45,"turns":5},{"damage":6,"enemies":"Writhing Mass","floor":46,"turns":3},{"damage":10,"enemies":"Maw","floor":48,"turns":5},{"damage":30,"enemies":"hubris:GrandSnecko","floor":50,"turns":6}],"seed_played":"6466667397591062588","potions_obtained":[{"floor":1,"key":"FairyPotion"},{"floor":2,"key":"Ancient Potion"},{"floor":4,"key":"DistilledChaos"},{"floor":12,"key":"CultistPotion"},{"floor":18,"key":"BloodPotion"},{"floor":31,"key":"EntropicBrew"},{"floor":40,"key":"Dexterity Potion"}],"is_trial":false,"path_per_floor":["?","?","?","?","?","T","?","T","T","?","?","?","T","?","T","B",null,"?","?","?","T","?","T","?","T","T","?","T","?","?","?","T","B",null,"?","?","?","?","?","E","?","T","T","?","E","?","T","?","T","B",null],"character_chosen":"IRONCLAD","items_purchased":["conspire:TreasureMap","halation:Thesaurus","conspire:GiftBox","Inflame"],"campfire_rested":4,"item_purchase_floors":[21,47,47,47],"current_hp_per_floor":[80,80,74,69,64,64,60,60,60,58,43,33,33,33,33,21,80,69,36,25,25,25,49,46,70,70,80,80,65,43,47,72,37,85,77,77,40,40,30,38,38,62,62,62,78,79,79,69,69,81],"gold":25,"neow_bonus":"BOSS_RELIC","is_daily":false,"chose_seed":false,"campfire_upgraded":6,"win_rate":0.0,"timestamp":1614372485,"path_taken":["?","?","?","?","?","T","?","T","T","?","?","?","T","?","T","BOSS","?","?","?","T","?","T","?","T","T","?","T","?","?","?","T","BOSS","?","?","?","?","?","E","?","T","T","?","E","?","T","?","T","BOSS"],"items_purchased_type":["Relic","Relic","Relic","Card"],"build_version":"2020-12-22","purchased_purges":0,"victory":true,"max_hp_per_floor":[80,80,80,80,80,80,80,80,80,80,80,80,80,80,80,80,80,80,80,80,80,80,80,80,80,80,80,80,85,85,85,85,85,85,85,81,81,81,81,81,81,81,81,81,81,81,81,81,81,81],"card_choices":[{"not_picked":["Sever Soul","Shrug It Off"],"picked":"Inflame","floor":1},{"not_picked":["ReplayTheSpireMod:Strike From Hell","Ghostly Armor"],"picked":"Sword Boomerang","floor":2},{"not_picked":["Rupture","Flex"],"picked":"Uppercut","floor":3},{"not_picked":["Clothesline","Armaments","Burning Pact"],"picked":"SKIP","floor":4},{"not_picked":["Twin Strike","infinitespire:OneForAll","Clothesline"],"picked":"SKIP","floor":5},{"not_picked":["Dropkick","Iron Wave"],"picked":"Demon Form","floor":7},{"not_picked":["Body Slam","Seeing Red","Defy Death"],"picked":"SKIP","floor":10},{"not_picked":["Clothesline","Iron Wave","Flex"],"picked":"SKIP","floor":12},{"not_picked":["Fiend Fire","Eclipse"],"picked":"Reaper","floor":16},{"not_picked":["Sever Soul","Heavy Blade","Searing Blow"],"picked":"SKIP","floor":18},{"not_picked":["Metallicize","hubris:StunningStrike"],"picked":"Shrug It Off+1","floor":19},{"not_picked":["ReplayTheSpireMod:Strike From Hell","Anger+1","Body Slam"],"picked":"SKIP","floor":20},{"not_picked":["ReplayReversal+1","Intimidate","Headbutt"],"picked":"SKIP","floor":24},{"not_picked":["Evolve","Intimidate"],"picked":"Sword Boomerang","floor":27},{"not_picked":["Heavy Blade","Disarm","Pommel Strike+1"],"picked":"SKIP","floor":30},{"not_picked":["ReplayTheSpireMod:Strike From Hell","Twin Strike","Iron Wave"],"picked":"SKIP","floor":31},{"not_picked":["Exhume","Berserk"],"picked":"Offering","floor":33},{"not_picked":["Heavy Blade+1","ReplayTheSpireMod:Limb From Limb+1"],"picked":"True Grit+1","floor":35},{"not_picked":["ReplayTheSpireMod:Strike From Hell+1","Perfected Strike+1","Replay:Undeath\u0027s Touch"],"picked":"SKIP","floor":37},{"not_picked":["Sword Boomerang","hubris:ReadiedAction+1","Havoc"],"picked":"SKIP","floor":39},{"not_picked":["Havoc+1","infinitespire:OneForAll","Exhume"],"picked":"SKIP","floor":40},{"not_picked":["Disarm","Pommel Strike+1","Flex+1"],"picked":"SKIP","floor":45},{"not_picked":["Uppercut","Power Through+1","Clash"],"picked":"SKIP","floor":46},{"not_picked":["Replay:Undeath\u0027s Touch","Inflame","Seeing Red"],"picked":"SKIP","floor":48}],"player_experience":448473,"relics_obtained":[{"floor":9,"key":"Simple Rune"},{"floor":11,"key":"Mirror"},{"floor":26,"key":"Gremlin Food"},{"floor":40,"key":"Matryoshka"},{"floor":43,"key":"Lantern"},{"floor":43,"key":"halation:KoshaPiece"},{"floor":45,"key":"infinitespire:Satchel"}],"event_choices":[{"damage_healed":0,"gold_gain":0,"player_choice":"Shed Blood","damage_taken":20,"max_hp_gain":5,"max_hp_loss":0,"event_name":"Forgotten Altar","floor":29,"gold_loss":0},{"damage_healed":0,"gold_gain":0,"player_choice":"Max HP","damage_taken":0,"max_hp_gain":0,"max_hp_loss":4,"event_name":"Winding Halls","floor":36,"gold_loss":0},{"damage_healed":0,"gold_gain":0,"player_choice":"Leave","damage_taken":0,"max_hp_gain":0,"max_hp_loss":0,"event_name":"conspire:Investor","floor":38,"gold_loss":0},{"damage_healed":0,"gold_gain":0,"player_choice":"Forge","damage_taken":0,"max_hp_gain":0,"max_hp_loss":0,"event_name":"Accursed Blacksmith","floor":44,"gold_loss":0,"cards_upgraded":["Offering"]}],"is_beta":false,"boss_relics":[{"not_picked":["halation:PinkAlligatorPlush","halation:PlatinumPhoenix"],"picked":"Philosopher\u0027s Stone"},{"not_picked":["Electric Blood","halation:Prosthetics"],"picked":"energizedSpire:StickyHand"}],"items_purged_floors":[],"is_endless":false,"potions_floor_spawned":[1,2,4,10,12,18,19,24,31,35,40,46,48],"ascension_level":1}}