{"host":"bxn2em57qlx5u4i0","time":1614308552,"event":{"mods":["BaseMod","Colored Map","Colored Powertips","Highlight Path","Minty Spire (QoL Compilation)","Random Character Button","Relic Sorter","Relic Stats","StSLib","SuperFastMode"],"gold_per_floor":[116,116,133,146,146,146,179,179,226,243,243,277,277,277,277,351,351,363,363,25,42,52,52,62,62,62,62,76,111,111,138,138,211,211,222,222,275,275,291,291,305,322,349,361,361,379,407,434,434,434,434,434],"floor_reached":51,"language":"ENG","playtime":1576,"items_purged":["Strike_G+1"],"score":1454,"play_id":"76a9bb7a-2143-41ed-99c1-6893f587c43b","local_time":"20210225220232","is_ascension_mode":true,"campfire_choices":[{"data":"Dagger Throw","floor":6.0,"key":"SMITH"},{"data":"Crippling Poison","floor":11.0,"key":"SMITH"},{"data":"Noxious Fumes","floor":13.0,"key":"SMITH"},{"data":"Bouncing Flask","floor":15.0,"key":"SMITH"},{"data":"Wraith Form v2","floor":23.0,"key":"SMITH"},{"floor":25.0,"key":"REST"},{"data":"Dodge and Roll","floor":27.0,"key":"SMITH"},{"data":"Footwork","floor":32.0,"key":"SMITH"},{"floor":40.0,"key":"REST"},{"floor":45.0,"key":"REST"},{"floor":49.0,"key":"RECALL"}],"circlet_count":0,"master_deck":["AscendersBane","Strike_G+1","Strike_G+1","Defend_G+1","Defend_G+1","Defend_G+1","Defend_G+1","Defend_G+1","Survivor+1","Neutralize+1","Dagger Throw+1","Blade Dance+1","Noxious Fumes+1","Crippling Poison+1","Bouncing Flask+1","Noxious Fumes+1","Wraith Form v2+1","Dodge and Roll+1","Blade Dance+1","Deflect+1","Footwork+1","PiercingWail","Backflip","Escape Plan","Calculated Gamble","Leg Sweep+1","Blur","Blur"],"relics":["Ring of the Snake","Dream Catcher","Ancient Tea Set","Paper Crane","SlaversCollar","Kunai","Letter Opener","Anchor","Mercury Hourglass","Fusion Hammer","War Paint","CeramicFish"],"acts_visited":["Exordium","TheCity","TheBeyond"],"potions_floor_usage":[51],"damage_taken":[{"damage":4.0,"enemies":"Jaw Worm","floor":1.0,"turns":6.0},{"damage":4.0,"enemies":"Small Slimes","floor":3.0,"turns":5.0},{"damage":0.0,"enemies":"2 Louse","floor":4.0,"turns":3.0},{"damage":11.0,"enemies":"3 Sentries","floor":7.0,"turns":6.0},{"damage":8.0,"enemies":"Looter","floor":10.0,"turns":3.0},{"damage":20.0,"enemies":"Lagavulin","floor":12.0,"turns":6.0},{"damage":13.0,"enemies":"The Guardian","floor":16.0,"turns":8.0},{"damage":3.0,"enemies":"3 Byrds","floor":18.0,"turns":3.0},{"damage":0.0,"enemies":"Chosen","floor":21.0,"turns":3.0},{"damage":15.0,"enemies":"Sentry and Sphere","floor":22.0,"turns":7.0},{"damage":11.0,"enemies":"3 Cultists","floor":24.0,"turns":6.0},{"damage":3.0,"enemies":"Snake Plant","floor":28.0,"turns":5.0},{"damage":2.0,"enemies":"Gremlin Leader","floor":29.0,"turns":6.0},{"damage":0.0,"enemies":"Book of Stabbing","floor":31.0,"turns":6.0},{"damage":24.0,"enemies":"Collector","floor":33.0,"turns":8.0},{"damage":18.0,"enemies":"3 Darklings","floor":35.0,"turns":4.0},{"damage":37.0,"enemies":"2 Orb Walkers","floor":37.0,"turns":5.0},{"damage":0.0,"enemies":"Orb Walker","floor":39.0,"turns":4.0},{"damage":0.0,"enemies":"4 Shapes","floor":41.0,"turns":5.0},{"damage":0.0,"enemies":"3 Darklings","floor":42.0,"turns":4.0},{"damage":3.0,"enemies":"Jaw Worm Horde","floor":44.0,"turns":4.0},{"damage":0.0,"enemies":"Maw","floor":46.0,"turns":8.0},{"damage":0.0,"enemies":"Giant Head","floor":47.0,"turns":9.0},{"damage":0.0,"enemies":"Transient","floor":48.0,"turns":6.0},{"damage":16.0,"enemies":"Donu and Deca","floor":50.0,"turns":10.0},{"damage":35,"enemies":"Time Eater","floor":51,"turns":7}],"seed_played":"1955611828813822916","potions_obtained":[{"floor":10.0,"key":"Fire Potion"},{"floor":12.0,"key":"Fire Potion"},{"floor":18.0,"key":"CunningPotion"},{"floor":21.0,"key":"Poison Potion"},{"floor":28.0,"key":"Ancient Potion"},{"floor":33.0,"key":"Swift Potion"},{"floor":37.0,"key":"CunningPotion"},{"floor":42.0,"key":"PowerPotion"}],"is_trial":false,"path_per_floor":["M","?","M","M","?","R","E","?","T","M","R","E","R","?","R","B",null,"M","?","$","M","M","R","M","R","T","R","M","E","?","E","R","B",null,"M","?","?","?","M","R","M","M","T","M","R","M","E","M","R","B","B"],"character_chosen":"THE_SILENT","items_purchased":["Kunai"],"campfire_rested":3,"item_purchase_floors":[20],"current_hp_per_floor":[55,48,44,44,44,44,33,33,33,25,25,5,5,27,27,14,53,50,50,50,50,35,35,24,43,43,43,40,38,66,66,66,42,60,42,42,5,5,5,24,24,24,24,21,40,40,40,40,40,24,0,0],"gold":434,"neow_bonus":"UPGRADE_CARD","is_daily":false,"chose_seed":false,"campfire_upgraded":7,"win_rate":0.0,"timestamp":1614308552,"path_taken":["M","?","M","M","?","R","E","?","T","M","R","E","R","?","R","BOSS","M","?","$","M","M","R","M","R","T","R","M","E","?","E","R","BOSS","M","?","?","?","?","R","M","M","T","M","R","M","E","M","R","BOSS","BOSS"],"items_purchased_type":["Relic"],"build_version":"2020-12-22","purchased_purges":1,"victory":false,"max_hp_per_floor":[66,66,66,66,66,66,66,66,66,66,66,66,66,66,66,66,66,66,66,66,66,66,66,66,66,66,66,66,66,66,66,66,66,66,66,66,66,66,66,66,66,66,66,66,66,66,66,66,66,66,66,66],"relic_stats":{"Dream Catcher":3,"counters":[26,147],"CeramicFish":9,"Kunai":[54],"Letter Opener":[324],"War Paint":["Survivor","Blade Dance"],"obtain_stats":[{"Dead Branch":37,"CeramicFish":47,"Letter Opener":26,"Paper Crane":12,"War Paint":38,"Ancient Tea Set":9,"Mercury Hourglass":31,"SlaversCollar":17,"Dream Catcher":7,"Anchor":29,"Fusion Hammer":34,"Kunai":20,"Ring of the Snake":0},{"Dead Branch":17,"CeramicFish":23,"Letter Opener":11,"Paper Crane":6,"War Paint":17,"Ancient Tea Set":4,"Mercury Hourglass":14,"SlaversCollar":7,"Dream Catcher":4,"Anchor":13,"Fusion Hammer":15,"Kunai":8,"Ring of the Snake":0},{"Dead Branch":90,"CeramicFish":124,"Letter Opener":56,"Paper Crane":29,"War Paint":90,"Ancient Tea Set":20,"Mercury Hourglass":73,"SlaversCollar":37,"Dream Catcher":20,"Anchor":67,"Fusion Hammer":81,"Kunai":40,"Ring of the Snake":0}],"Ring of the Snake":[52],"Mercury Hourglass":[262]},"card_choices":[{"not_picked":["Cloak And Dagger","Deflect"],"picked":"Dagger Throw","floor":1.0},{"not_picked":["Blur","PiercingWail"],"picked":"Blade Dance","floor":3.0},{"not_picked":["PiercingWail","Deflect"],"picked":"Noxious Fumes","floor":4.0},{"not_picked":["Infinite Blades","Unload"],"picked":"Crippling Poison","floor":7.0},{"not_picked":["PiercingWail","Outmaneuver"],"picked":"Bouncing Flask","floor":10.0},{"not_picked":["Deadly Poison","Choke"],"picked":"Noxious Fumes","floor":12.0},{"not_picked":["Doppelganger","Venomology"],"picked":"Wraith Form v2","floor":16.0},{"not_picked":["Outmaneuver","Underhanded Strike+1","Bane+1"],"picked":"SKIP","floor":18.0},{"not_picked":["Distraction","Bouncing Flask"],"picked":"Dodge and Roll","floor":21.0},{"not_picked":["Prepared+1","Deadly Poison+1"],"picked":"Blade Dance+1","floor":22.0},{"not_picked":["Quick Slash","Slice","Distraction"],"picked":"SKIP","floor":24.0},{"not_picked":["Choke","Caltrops"],"picked":"Deflect+1","floor":28.0},{"not_picked":["Prepared","Finisher"],"picked":"Footwork","floor":29.0},{"not_picked":["Masterful Stab","All Out Attack+1"],"picked":"Footwork","floor":31.0},{"not_picked":["Flying Knee","Dagger Spray"],"picked":"PiercingWail","floor":35.0},{"not_picked":["Acrobatics","All Out Attack+1"],"picked":"Backflip","floor":39.0},{"not_picked":["Quick Slash","Bouncing Flask+1","Underhanded Strike"],"picked":"SKIP","floor":41.0},{"not_picked":["Deflect","Backflip"],"picked":"Escape Plan","floor":42.0},{"not_picked":["Infinite Blades","Footwork"],"picked":"Calculated Gamble","floor":44.0},{"not_picked":["Endless Agony+1","Footwork"],"picked":"Leg Sweep+1","floor":45.0},{"not_picked":["Slice","Bouncing Flask"],"picked":"Blur","floor":46.0},{"not_picked":["Distraction+1","Endless Agony","Masterful Stab"],"picked":"SKIP","floor":47.0},{"not_picked":["Dodge and Roll","Expertise+1"],"picked":"Blur","floor":48.0}],"player_experience":3054338,"relics_obtained":[{"floor":7.0,"key":"Dream Catcher"},{"floor":9.0,"key":"Ancient Tea Set"},{"floor":12.0,"key":"Paper Crane"},{"floor":26.0,"key":"Letter Opener"},{"floor":29.0,"key":"Anchor"},{"floor":31.0,"key":"Mercury Hourglass"},{"floor":37.0,"key":"Dead Branch"},{"floor":47.0,"key":"CeramicFish"}],"event_choices":[{"cards_removed":["Strike_G"],"damage_healed":0.0,"max_hp_gain":0.0,"max_hp_loss":0.0,"gold_gain":0.0,"event_name":"Golden Wing","player_choice":"Card Removal","floor":2.0,"gold_loss":0.0,"damage_taken":7.0},{"damage_healed":0.0,"max_hp_gain":0.0,"max_hp_loss":0.0,"gold_gain":0.0,"event_name":"Living Wall","player_choice":"Grow","floor":5.0,"gold_loss":0.0,"damage_taken":0.0,"cards_upgraded":["Noxious Fumes"]},{"damage_healed":0.0,"max_hp_gain":0.0,"max_hp_loss":0.0,"gold_gain":0.0,"event_name":"Liars Game","player_choice":"Ignored","floor":8.0,"gold_loss":0.0,"damage_taken":0.0},{"damage_healed":22.0,"max_hp_gain":0.0,"max_hp_loss":0.0,"gold_gain":0.0,"event_name":"Big Fish","player_choice":"Banana","floor":14.0,"gold_loss":0.0,"damage_taken":0.0},{"damage_healed":0.0,"max_hp_gain":0.0,"max_hp_loss":0.0,"gold_gain":0.0,"event_name":"Back to Basics","player_choice":"Simplicity","floor":19.0,"gold_loss":0.0,"damage_taken":0.0,"cards_upgraded":["Strike_G","Strike_G","Strike_G","Strike_G","Defend_G","Defend_G","Defend_G","Defend_G","Defend_G"]},{"cards_removed":["Footwork"],"damage_healed":28.0,"max_hp_gain":0.0,"max_hp_loss":0.0,"gold_gain":0.0,"event_name":"Bonfire Elementals","player_choice":"Offered Uncommon","floor":30.0,"gold_loss":0.0,"damage_taken":0.0},{"cards_removed":["Strike_G"],"damage_healed":0.0,"max_hp_gain":0.0,"max_hp_loss":0.0,"gold_gain":0.0,"event_name":"Falling","player_choice":"Removed Attack","floor":36.0,"gold_loss":0.0,"damage_taken":0.0},{"damage_healed":0.0,"max_hp_gain":0.0,"max_hp_loss":0.0,"gold_gain":0.0,"event_name":"Mysterious Sphere","player_choice":"Fight","floor":37.0,"gold_loss":0.0,"damage_taken":0.0},{"damage_healed":0.0,"max_hp_gain":0.0,"max_hp_loss":0.0,"gold_gain":0.0,"event_name":"WeMeetAgain","player_choice":"Gave Potion","floor":38.0,"gold_loss":0.0,"damage_taken":0.0,"relics_obtained":["War Paint"]}],"is_beta":false,"boss_relics":[{"not_picked":["Ectoplasm","Runic Dome"],"picked":"SlaversCollar"},{"not_picked":["Busted Crown","Calling Bell"],"picked":"Fusion Hammer"}],"items_purged_floors":[20],"is_endless":false,"potions_floor_spawned":[10,12,18,21,28,33,37,42,44,46,47],"killed_by":"Time Eater","ascension_level":20}}