{"host":"wgurko8d2ctx4l6v","time":1614346078,"event":{"mods":["BaseMod","Bestiary","Block Reminder","Colored Powertips","DeckTracker","Highlight Path","Keyboard Shortcuts","Minty Spire (QoL Compilation)","Quick Restart","Rare Cards Sparkle","Relic Stats","SuperFastMode","Unceasing Turn Reminder"],"gold_per_floor":[210,222,297,308,327,358,358,371,371,371,384,384,399,419,419,419,419],"floor_reached":16,"language":"ZHS","playtime":1327,"items_purged":[],"score":106,"play_id":"966058a1-4e47-46ea-9a30-4a53f434988f","local_time":"20210226212758","is_ascension_mode":false,"campfire_choices":[{"floor":7,"key":"REST"},{"floor":12,"key":"REST"},{"data":"Body Slam","floor":15,"key":"SMITH"}],"circlet_count":0,"master_deck":["Strike_R","Strike_R","Strike_R","Strike_R","Strike_R","Defend_R","Defend_R","Defend_R","Defend_R","Bash","Body Slam","Ghostly Armor","Body Slam+1"],"relics":["Burning Blood","TungstenRod","Strawberry"],"acts_visited":["Exordium"],"potions_floor_usage":[16,16],"damage_taken":[{"damage":4,"enemies":"Jaw Worm","floor":1,"turns":5},{"damage":5,"enemies":"2 Louse","floor":2,"turns":3},{"damage":0,"enemies":"Small Slimes","floor":4,"turns":5},{"damage":9,"enemies":"3 Louse","floor":5,"turns":6},{"damage":32,"enemies":"3 Sentries","floor":6,"turns":13},{"damage":2,"enemies":"Blue Slaver","floor":8,"turns":4},{"damage":33,"enemies":"Exordium Wildlife","floor":11,"turns":9},{"damage":12,"enemies":"Lots of Slimes","floor":13,"turns":8},{"damage":7,"enemies":"2 Fungi Beasts","floor":14,"turns":4},{"damage":73,"enemies":"Hexaghost","floor":16,"turns":14}],"seed_played":"-3681243190344452115","potions_obtained":[{"floor":2,"key":"SmokeBomb"},{"floor":6,"key":"Weak Potion"},{"floor":11,"key":"Dexterity Potion"},{"floor":14,"key":"Block Potion"}],"is_trial":false,"path_per_floor":["M","M","?","M","M","E","R","M","T","?","M","R","M","M","R","B"],"character_chosen":"IRONCLAD","items_purchased":[],"campfire_rested":2,"item_purchase_floors":[],"current_hp_per_floor":[80,80,69,75,72,46,70,74,81,81,54,80,74,73,73,0,0],"gold":419,"neow_bonus":"HUNDRED_GOLD","is_daily":false,"chose_seed":false,"campfire_upgraded":1,"win_rate":0.0,"timestamp":1614346078,"path_taken":["M","M","?","M","M","E","R","M","T","?","M","R","M","M","R","BOSS"],"items_purchased_type":[],"build_version":"2020-12-22","purchased_purges":0,"victory":false,"max_hp_per_floor":[80,80,80,80,80,80,80,80,87,87,87,87,87,87,87,87,87],"relic_stats":{"counters":[10,71],"obtain_stats":[{"Strawberry":9,"Burning Blood":0,"TungstenRod":6},{"Strawberry":6,"Burning Blood":0,"TungstenRod":5},{"Strawberry":36,"Burning Blood":0,"TungstenRod":32}],"Burning Blood":51,"TungstenRod":34},"card_choices":[{"not_picked":["Shrug It Off","Clash"],"picked":"Body Slam","floor":1},{"not_picked":["Heavy Blade","Infernal Blade"],"picked":"Ghostly Armor","floor":2},{"not_picked":["Thunderclap","Disarm"],"picked":"Body Slam","floor":4},{"not_picked":["Body Slam","Pommel Strike","Pummel"],"picked":"SKIP","floor":5},{"not_picked":["Rupture","Warcry","Headbutt"],"picked":"SKIP","floor":6},{"not_picked":["Spot Weakness","Hemokinesis","Combust"],"picked":"SKIP","floor":8},{"not_picked":["Iron Wave","Body Slam","Offering"],"picked":"SKIP","floor":11},{"not_picked":["Reckless Charge","Feel No Pain","Headbutt"],"picked":"SKIP","floor":13},{"not_picked":["Intimidate","Twin Strike","True Grit"],"picked":"SKIP","floor":14}],"player_experience":15965,"relics_obtained":[{"floor":6,"key":"TungstenRod"},{"floor":9,"key":"Strawberry"}],"event_choices":[{"damage_healed":0,"gold_gain":75,"player_choice":"Gather Gold","damage_taken":11,"max_hp_gain":0,"max_hp_loss":0,"event_name":"World of Goop","floor":3,"gold_loss":0},{"damage_healed":0,"gold_gain":0,"player_choice":"Ignored","damage_taken":0,"max_hp_gain":0,"max_hp_loss":0,"event_name":"Liars Game","floor":10,"gold_loss":0}],"is_beta":false,"boss_relics":[],"items_purged_floors":[],"is_endless":false,"potions_floor_spawned":[2,6,11,14],"killed_by":"Hexaghost","ascension_level":0}}