{"host":"lsq35p0sdkx2xifo","time":1614306800,"event":{"mods":["AchievementEnabler","BaseMod","Highlight Path","Minty Spire (QoL Compilation)","StSLib","The Senshi"],"gold_per_floor":[112,10,10,30,30,30,43,73,73,88,103,137,148,164,164,164,164],"floor_reached":16,"language":"ENG","playtime":753,"items_purged":[],"score":211,"play_id":"3805955e-18b6-4e8b-b34d-0e706ec3c438","local_time":"20210225183320","is_ascension_mode":true,"campfire_choices":[{"data":"Prepared","floor":6,"key":"SMITH"},{"floor":15,"key":"REST"}],"circlet_count":0,"master_deck":["AscendersBane","Strike_G","Strike_G","Strike_G","Strike_G","Defend_G","Defend_G","Defend_G","Defend_G","Defend_G","Survivor","Neutralize","Unload","Masterful Stab","Prepared+1","Flying Knee","Slice","Sucker Punch","A Thousand Cuts","Underhanded Strike","Backflip","Prepared","Backstab","Slice","Escape Plan"],"relics":["Ring of the Snake","Du-Vu Doll","Blue Candle","Dream Catcher"],"acts_visited":["Exordium"],"potions_floor_usage":[8,10,12,16],"damage_taken":[{"damage":0,"enemies":"Small Slimes","floor":1,"turns":4},{"damage":0,"enemies":"Cultist","floor":4,"turns":3},{"damage":0,"enemies":"2 Louse","floor":7,"turns":3},{"damage":25,"enemies":"Gremlin Nob","floor":8,"turns":5},{"damage":0,"enemies":"Large Slime","floor":10,"turns":3},{"damage":2,"enemies":"2 Fungi Beasts","floor":11,"turns":3},{"damage":23,"enemies":"Lagavulin","floor":12,"turns":5},{"damage":0,"enemies":"Red Slaver","floor":13,"turns":3},{"damage":7,"enemies":"Large Slime","floor":14,"turns":4},{"damage":23,"enemies":"The Guardian","floor":16,"turns":4}],"seed_played":"7423155558357455126","potions_obtained":[{"floor":1,"key":"Block Potion"},{"floor":8,"key":"Explosive Potion"},{"floor":10,"key":"EssenceOfSteel"},{"floor":14,"key":"FearPotion"}],"is_trial":false,"path_per_floor":["M","$","?","M","$","R","M","E","T","M","M","E","M","M","R","B"],"character_chosen":"THE_SILENT","items_purchased":["Prepared","Flying Knee"],"campfire_rested":1,"item_purchase_floors":[2,2],"current_hp_per_floor":[59,59,59,59,59,59,59,34,34,34,32,9,9,2,21,0,0],"gold":164,"neow_bonus":"ONE_RANDOM_RARE_CARD","is_daily":false,"chose_seed":false,"campfire_upgraded":1,"win_rate":0.0,"timestamp":1614306800,"path_taken":["M","$","?","M","$","R","M","E","T","M","M","E","M","?","R","BOSS"],"items_purchased_type":["Card","Card"],"build_version":"2020-12-22","purchased_purges":0,"victory":false,"max_hp_per_floor":[66,66,66,66,66,66,66,66,66,66,66,66,66,66,66,66,66],"card_choices":[{"not_picked":["Deflect","Heel Hook"],"picked":"Masterful Stab","floor":1},{"not_picked":["Deflect","Bouncing Flask"],"picked":"Slice","floor":4},{"not_picked":["Slice","Poisoned Stab"],"picked":"Sucker Punch","floor":7},{"not_picked":["Flying Knee","Quick Slash"],"picked":"A Thousand Cuts","floor":8},{"not_picked":["Flying Knee","Calculated Gamble"],"picked":"Underhanded Strike","floor":10},{"not_picked":["Sucker Punch","Dagger Spray"],"picked":"Backflip","floor":11},{"not_picked":["Sucker Punch","Accuracy"],"picked":"Prepared","floor":12},{"not_picked":["Unload","Setup"],"picked":"Backstab","floor":13},{"not_picked":["Outmaneuver","Crippling Poison"],"picked":"Slice","floor":14},{"not_picked":["Deadly Poison","Deflect"],"picked":"Escape Plan","floor":15}],"player_experience":1440921,"relics_obtained":[{"floor":8,"key":"Du-Vu Doll"},{"floor":9,"key":"Blue Candle"},{"floor":12,"key":"Dream Catcher"}],"event_choices":[{"cards_removed":["Strike_G"],"damage_healed":0,"gold_gain":0,"player_choice":"Purged","damage_taken":0,"max_hp_gain":0,"max_hp_loss":0,"event_name":"Purifier","floor":3,"gold_loss":0}],"is_beta":false,"boss_relics":[],"items_purged_floors":[],"is_endless":false,"potions_floor_spawned":[1,8,10,14],"killed_by":"The Guardian","ascension_level":17}}