{"host":"rfvxwqmjnimh09wr","time":1614375439,"event":{"mods":["BaseMod","Colored Map","Minty Spire (QoL Compilation)","StSLib"],"gold_per_floor":[110,122,70,170,59,86,86,86,86,86,97,112,128,155,155,250,250,293,334,2,20,20,20],"floor_reached":22,"language":"ENG","playtime":1571,"items_purged":["Defend_P"],"score":196,"play_id":"8a6fad90-b696-4683-975b-f6808c782271","local_time":"20210226163719","is_ascension_mode":false,"campfire_choices":[{"floor":8,"key":"REST"},{"floor":10,"key":"REST"},{"floor":15,"key":"REST"}],"circlet_count":0,"master_deck":["Strike_P","Strike_P","Strike_P","Defend_P","Defend_P","Eruption","Vigilance","ThirdEye","PathToVictory","LikeWater","Prostrate+1","Wish+1","Bandage Up+1","Prostrate+1"],"relics":["Busted Crown","Kunai","Toxic Egg 2","Calipers","Empty Cage","Mummified Hand"],"acts_visited":["Exordium","TheCity"],"potions_floor_usage":[11,16,16,18,21,22],"damage_taken":[{"damage":3,"enemies":"2 Louse","floor":1,"turns":4},{"damage":0,"enemies":"Cultist","floor":2,"turns":5},{"damage":41,"enemies":"Gremlin Nob","floor":6,"turns":4},{"damage":0,"enemies":"Small Slimes","floor":11,"turns":4},{"damage":14,"enemies":"Blue Slaver","floor":12,"turns":4},{"damage":9,"enemies":"Large Slime","floor":13,"turns":5},{"damage":8,"enemies":"Lagavulin","floor":14,"turns":8},{"damage":32,"enemies":"The Guardian","floor":16,"turns":13},{"damage":3,"enemies":"Chosen","floor":18,"turns":6},{"damage":20,"enemies":"3 Byrds","floor":19,"turns":9},{"damage":0,"enemies":"Snake Plant","floor":21,"turns":5},{"damage":76,"enemies":"Cultist and Chosen","floor":22,"turns":8}],"seed_played":"-1846972745775494617","potions_obtained":[{"floor":6,"key":"Swift Potion"},{"floor":13,"key":"Dexterity Potion"},{"floor":14,"key":"Weak Potion"},{"floor":16,"key":"FearPotion"},{"floor":18,"key":"Weak Potion"},{"floor":21,"key":"ColorlessPotion"}],"is_trial":false,"path_per_floor":["M","M","$","?","$","E","$","R","T","R","M","M","M","E","R","B",null,"M","M","$","M","M"],"character_chosen":"WATCHER","items_purchased":["PathToVictory","LikeWater","Mummified Hand","Bandage Up+1"],"campfire_rested":3,"item_purchase_floors":[3,5,20,20],"current_hp_per_floor":[69,69,69,69,69,28,28,49,49,70,70,56,47,39,60,28,72,69,49,49,55,0,0],"gold":20,"neow_bonus":"BOSS_RELIC","is_daily":false,"chose_seed":false,"campfire_upgraded":0,"win_rate":0.0,"timestamp":1614375439,"path_taken":["M","M","$","?","$","E","$","R","T","R","?","M","M","E","R","BOSS","M","M","$","M","M"],"items_purchased_type":["Card","Card","Relic","Card"],"build_version":"2020-12-22","purchased_purges":1,"victory":false,"max_hp_per_floor":[72,72,72,72,72,72,72,72,72,72,72,72,72,72,72,72,72,72,72,72,72,72,72],"card_choices":[{"not_picked":[],"picked":"ThirdEye","floor":1},{"not_picked":["ClearTheMind"],"picked":"SKIP","floor":2},{"not_picked":["FlurryOfBlows"],"picked":"SKIP","floor":6},{"not_picked":[],"picked":"Prostrate+1","floor":11},{"not_picked":["SashWhip"],"picked":"SKIP","floor":12},{"not_picked":["TalkToTheHand"],"picked":"SKIP","floor":13},{"not_picked":["SignatureMove"],"picked":"SKIP","floor":14},{"not_picked":[],"picked":"Wish+1","floor":16},{"not_picked":["WindmillStrike"],"picked":"SKIP","floor":18},{"not_picked":["FlurryOfBlows+1"],"picked":"SKIP","floor":19},{"not_picked":[],"picked":"Prostrate+1","floor":21}],"player_experience":231630,"relics_obtained":[{"floor":6,"key":"Kunai"},{"floor":9,"key":"Toxic Egg 2"},{"floor":14,"key":"Calipers"}],"event_choices":[{"damage_healed":0,"gold_gain":100,"player_choice":"Gold","damage_taken":0,"max_hp_gain":0,"max_hp_loss":0,"event_name":"Wheel of Change","floor":4,"gold_loss":0}],"is_beta":false,"boss_relics":[{"not_picked":["Snecko Eye","Runic Pyramid"],"picked":"Empty Cage"}],"items_purged_floors":[5],"is_endless":false,"potions_floor_spawned":[6,13,14,16,18,21],"killed_by":"Cultist and Chosen","ascension_level":0}}