{"host":"xo57gvsl7e0wfzti","time":1614338071,"event":{"mods":["BaseMod","Minty Spire (QoL Compilation)"],"gold_per_floor":[114,164,184,199,214,214,226,226,226,256,273,287,312,329,329,329,329],"floor_reached":16,"language":"ENG","playtime":356,"items_purged":[],"score":215,"play_id":"988ee9b3-df4e-4035-b270-95286e0eb76f","local_time":"20210226031431","is_ascension_mode":true,"campfire_choices":[{"data":"Bash","floor":6,"key":"SMITH"},{"data":"Immolate","floor":8,"key":"SMITH"},{"data":"Double Tap","floor":15,"key":"SMITH"}],"circlet_count":0,"master_deck":["AscendersBane","Strike_R","Strike_R","Strike_R","Strike_R","Strike_R","Defend_R","Defend_R","Defend_R","Defend_R","Bash+1","Clumsy","Immolate+1","Clothesline","Disarm","Hemokinesis+1","Headbutt+1","Double Tap+1","Rampage","Shrug It Off"],"relics":["Burning Blood","InkBottle","Whetstone","FossilizedHelix"],"acts_visited":["Exordium"],"potions_floor_usage":[13,13],"damage_taken":[{"damage":9,"enemies":"Small Slimes","floor":1,"turns":4},{"damage":0,"enemies":"Cultist","floor":3,"turns":3},{"damage":4,"enemies":"Jaw Worm","floor":4,"turns":3},{"damage":0,"enemies":"Gremlin Gang","floor":5,"turns":1},{"damage":7,"enemies":"2 Fungi Beasts","floor":7,"turns":2},{"damage":16,"enemies":"3 Sentries","floor":10,"turns":4},{"damage":29,"enemies":"Exordium Wildlife","floor":11,"turns":4},{"damage":0,"enemies":"Lots of Slimes","floor":12,"turns":1},{"damage":10,"enemies":"Gremlin Nob","floor":13,"turns":3},{"damage":0,"enemies":"Looter","floor":14,"turns":2},{"damage":52,"enemies":"Slime Boss","floor":16,"turns":6}],"seed_played":"1098532170749407123","potions_obtained":[{"floor":1,"key":"Energy Potion"},{"floor":3,"key":"FearPotion"}],"is_trial":false,"path_per_floor":["M","?","M","M","M","R","M","R","T","E","M","M","E","M","R","B"],"character_chosen":"IRONCLAD","items_purchased":[],"campfire_rested":0,"item_purchase_floors":[],"current_hp_per_floor":[65,65,71,73,75,75,74,74,74,64,41,47,43,49,49,0,0],"gold":329,"neow_bonus":"THREE_RARE_CARDS","is_daily":false,"chose_seed":false,"campfire_upgraded":3,"win_rate":0.0,"timestamp":1614338071,"path_taken":["M","?","M","?","M","R","M","R","T","E","M","M","E","M","R","BOSS"],"items_purchased_type":[],"build_version":"2020-12-22","purchased_purges":0,"victory":false,"max_hp_per_floor":[75,75,75,75,75,75,75,75,75,75,75,75,75,75,75,75,75],"card_choices":[{"not_picked":["Barricade","Feed"],"picked":"Immolate","floor":0},{"not_picked":["Searing Blow","Rupture"],"picked":"Clothesline","floor":1},{"not_picked":["Flex","Power Through","Disarm"],"picked":"SKIP","floor":3},{"not_picked":["Sentinel","Body Slam"],"picked":"Disarm","floor":4},{"not_picked":["True Grit","Perfected Strike"],"picked":"Hemokinesis","floor":5},{"not_picked":["Clash","Dark Embrace"],"picked":"Headbutt","floor":7},{"not_picked":["Sword Boomerang","Clash"],"picked":"Double Tap","floor":10},{"not_picked":["Dropkick","Warcry","Sever Soul"],"picked":"SKIP","floor":11},{"not_picked":["Warcry","Perfected Strike"],"picked":"Rampage","floor":12},{"not_picked":["Fiend Fire","Wild Strike","Sever Soul"],"picked":"SKIP","floor":13},{"not_picked":["Carnage","Hemokinesis"],"picked":"Shrug It Off","floor":14}],"player_experience":748996,"relics_obtained":[{"floor":9,"key":"InkBottle"},{"floor":10,"key":"Whetstone"},{"floor":13,"key":"FossilizedHelix"}],"event_choices":[{"damage_healed":0,"gold_gain":50,"player_choice":"Pray","damage_taken":0,"max_hp_gain":0,"max_hp_loss":0,"event_name":"Golden Shrine","floor":2,"gold_loss":0}],"is_beta":false,"boss_relics":[],"items_purged_floors":[],"is_endless":false,"potions_floor_spawned":[1,3,11],"killed_by":"Slime Boss","ascension_level":17}}