{"host":"1mv6gj0zv8k9e9tz","time":1614345826,"event":{"mods":["AchievementEnabler","BaseMod","Better Third Choice","Colored Map","DeckTracker","Highlight Path","KOR Keyword Fix","Keyboard Shortcuts","Minty Spire (QoL Compilation)","Permanent Neow","Quick Restart","Rare Cards Sparkle","StSLib","SuperFastMode","everything is the same but u backflip on backflip"],"gold_per_floor":[111,56,68,68,0,0,16,16,43,43,43,43],"floor_reached":11,"language":"KOR","playtime":183,"items_purged":[],"score":122,"play_id":"90249a14-ab98-4510-b78e-c1c175f51252","local_time":"20210226222346","is_ascension_mode":true,"campfire_choices":[{"data":"Turbo","floor":6.0,"key":"SMITH"},{"data":"Enlightenment","floor":10.0,"key":"SMITH"}],"circlet_count":0,"master_deck":["AscendersBane","Strike_B+1","Strike_B","Strike_B","Strike_B","Defend_B","Defend_B","Defend_B","Defend_B","Zap","Dualcast","Writhe","Meteor Strike+1","Turbo+1","Enlightenment+1"],"relics":["Cracked Core","Pear","Whetstone"],"acts_visited":["Exordium"],"potions_floor_usage":[],"damage_taken":[{"damage":7.0,"enemies":"Cultist","floor":1.0,"turns":4.0},{"damage":3.0,"enemies":"2 Louse","floor":3.0,"turns":2.0},{"damage":14.0,"enemies":"Jaw Worm","floor":7.0,"turns":4.0},{"damage":57,"enemies":"3 Sentries","floor":11,"turns":4}],"seed_played":"-7530180145747071904","potions_obtained":[{"floor":1.0,"key":"LiquidMemories"}],"is_trial":false,"path_per_floor":["M","$","M","$","?","R","M","T","T","R","E"],"character_chosen":"DEFECT","items_purchased":["Energy Potion"],"campfire_rested":0,"item_purchase_floors":[2],"current_hp_per_floor":[57,57,54,54,60,60,46,56,56,56,0,0],"gold":43,"neow_bonus":"THREE_RARE_CARDS","is_daily":false,"chose_seed":false,"campfire_upgraded":2,"win_rate":0.0,"timestamp":1614345826,"path_taken":["M","?","M","$","?","R","M","?","T","R","E"],"items_purchased_type":["Potion"],"build_version":"2020-12-22","purchased_purges":0,"victory":false,"max_hp_per_floor":[71,71,71,71,77,77,77,87,87,87,87,87],"card_choices":[{"not_picked":["Buffer","Machine Learning"],"picked":"Meteor Strike","floor":0.0},{"not_picked":["Streamline","Rebound","Cold Snap"],"picked":"SKIP","floor":1.0},{"not_picked":["Rebound","Cold Snap"],"picked":"Turbo","floor":3.0},{"not_picked":["Gash","Darkness","Reinforced Body"],"picked":"SKIP","floor":7.0}],"player_experience":671533,"relics_obtained":[{"floor":8.0,"key":"Pear"},{"floor":9.0,"key":"Whetstone"}],"event_choices":[{"damage_healed":0.0,"max_hp_gain":0.0,"max_hp_loss":0.0,"gold_gain":0.0,"event_name":"betterThird:BetterSerpent","player_choice":"RENOUNCE","floor":5.0,"gold_loss":68.0,"damage_taken":68.0,"cards_obtained":["Enlightenment"]}],"is_beta":false,"boss_relics":[],"items_purged_floors":[],"is_endless":false,"potions_floor_spawned":[1,3],"killed_by":"3 Sentries","ascension_level":20}}