{"host":"ggy1mjjy92c62u6a","time":1614315582,"event":{"mods":["10 clothes from DAL","ATMod(阿瑾Mod)","Act Like it!","BaseMod","Colored Powertips","GifTheSpireLib","Infinite Spire","Library of Ruina","Library of Ruina Extra","Lobotomy","LobotomyExtend","Marisa（F雨　魔理沙）","Minty Spire (QoL Compilation)","Quick Restart","Relic Filter Mod","Relic Stats","Reliquary","Remilia（蕾米莉亚）","Replay The Spire","RumiaBox-露米娅的神秘盒子","Shop Mod","Spicy Shops","StSLib","SuperFastMode","Youmu（魂魄妖梦）","[功能]功能增强和修复MOD","【功能Mod】混沌之环修复补丁","【遗物Mod】死灵法师NEW","【遗物卡牌】REMEMod"],"gold_per_floor":[117,335,354,354,354,389,389,389,389,424,451,483,483,503,503,503,503],"floor_reached":16,"language":"ZHS","playtime":494,"items_purged":[],"score":130,"play_id":"5a44e855-9384-439d-9995-a86ef61d0059","local_time":"20210226125942","is_ascension_mode":true,"campfire_choices":[{"data":"AT_DiedThrough","floor":7,"key":"SMITH"},{"floor":13,"key":"REST"},{"floor":15,"key":"REST"}],"circlet_count":0,"master_deck":["Strike_RM","Strike_RM","Strike_RM","Strike_RM","Defend_RM","Defend_RM","Defend_RM","Defend_RM","RedMoon","ScarletShoot","AT_DiedThrough+1","MastersStateliness","DiffusionOfMisfortune","HellCatastrophe","Strike_RM","MillenniumVampire"],"relics":["ScarletHat","REME_ComplimentaryCards","AT_ATBox","CogitoBucket","Baka","LetterFromLob","PageOfThreeBirds","AT_SilvercatRing","Anchor","Potion Belt","infinitespire:Lychee Nut"],"acts_visited":["Exordium"],"potions_floor_usage":[12],"damage_taken":[{"damage":5.0,"enemies":"2 Louse","floor":1.0,"turns":4.0},{"damage":0.0,"enemies":"Small Slimes","floor":2.0,"turns":5.0},{"damage":4.0,"enemies":"Jaw Worm","floor":3.0,"turns":3.0},{"damage":43,"enemies":"Lagavulin","floor":6,"turns":12},{"damage":18,"enemies":"3 Sentries","floor":10,"turns":3},{"damage":7,"enemies":"Replay:BlueRogue","floor":12,"turns":5},{"damage":23,"enemies":"Looter","floor":14,"turns":1},{"damage":35,"enemies":"The Guardian","floor":16,"turns":6}],"seed_played":"3006243506213714589","potions_obtained":[{"floor":1.0,"key":"Energy Potion"},{"floor":2.0,"key":"Energy Potion"},{"floor":6,"key":"DestinyDice"}],"is_trial":false,"path_per_floor":["M","M","M","?","?","E","R","M","T","E","T","E","R","M","R","B"],"character_chosen":"REMILIA","items_purchased":[],"campfire_rested":2,"item_purchase_floors":[],"current_hp_per_floor":[72,74,71,64,64,29,29,29,29,11,11,11,27,6,22,0,0],"gold":503,"neow_bonus":"","is_daily":false,"chose_seed":false,"campfire_upgraded":1,"win_rate":0.0,"timestamp":1614315582,"path_taken":["M","M","M","?","?","E","R","M","T","E","?","E","R","M","R","BOSS"],"items_purchased_type":[],"build_version":"2020-12-22","purchased_purges":0,"victory":false,"max_hp_per_floor":[75,75,75,75,75,75,75,75,75,75,75,56,56,56,56,56,56],"relic_stats":{"counters":[9,40],"obtain_stats":[{"Potion Belt":11,"CogitoBucket":0,"Anchor":10,"AT_ATBox":0,"PageOfThreeBirds":6,"infinitespire:Lychee Nut":12,"Baka":1,"LetterFromLob":1,"AT_SilvercatRing":9,"ScarletHat":0,"REME_ComplimentaryCards":0},{"Potion Belt":5,"CogitoBucket":0,"Anchor":5,"AT_ATBox":0,"PageOfThreeBirds":4,"infinitespire:Lychee Nut":6,"Baka":1,"LetterFromLob":1,"AT_SilvercatRing":4,"ScarletHat":0,"REME_ComplimentaryCards":0},{"Potion Belt":27,"CogitoBucket":0,"Anchor":27,"AT_ATBox":0,"PageOfThreeBirds":24,"infinitespire:Lychee Nut":32,"Baka":4,"LetterFromLob":4,"AT_SilvercatRing":24,"ScarletHat":0,"REME_ComplimentaryCards":0}]},"card_choices":[{"not_picked":["VampireKiss","UltimateOffering"],"picked":"MastersStateliness","floor":1.0},{"not_picked":["AfternoonTea","BombardNight"],"picked":"DiffusionOfMisfortune","floor":2.0},{"not_picked":["BloodyMagicSquare","ScarletImprint","TransientEternity"],"picked":"SKIP","floor":3.0},{"not_picked":["Stigmanizer","UnstableMagic","HellCatastrophe"],"picked":"SKIP","floor":6},{"not_picked":["MastersStateliness","LeisurelyOfLord"],"picked":"MillenniumVampire","floor":10},{"not_picked":["EternalNight","Stigmanizer","BloodHunter"],"picked":"SKIP","floor":12},{"not_picked":["EndlessAdversity","CeilingFear","BloodHunter"],"picked":"SKIP","floor":14}],"player_experience":161005,"relics_obtained":[{"floor":1.0,"key":"Baka"},{"floor":1.0,"key":"LetterFromLob"},{"floor":6,"key":"PageOfThreeBirds"},{"floor":9,"key":"AT_SilvercatRing"},{"floor":10,"key":"Anchor"},{"floor":11,"key":"Potion Belt"},{"floor":12,"key":"infinitespire:Lychee Nut"}],"event_choices":[],"is_beta":false,"boss_relics":[],"items_purged_floors":[],"is_endless":false,"potions_floor_spawned":[1,2,6],"killed_by":"The Guardian","ascension_level":2}}