{"host":"d2gh6suihlstufn7","time":1614328528,"event":{"mods":["AchievementEnabler","BaseMod","Colored Map","Colored Powertips","Minty Spire (QoL Compilation)","Permanent Neow","Quick Restart","StSLib","SuperFastMode"],"gold_per_floor":[111,111,123,198,47,47,63,63,89,89,124,124,141,153,153,257,307,318,210,227,27,27,27,126,126,126,126,136,152,170,185,185,283,283,300,317,17,37,37,63,13,23,50,66,66,0,0,0,0,0,0],"floor_reached":50,"language":"KOR","playtime":1329,"items_purged":["Regret"],"score":547,"play_id":"67eaea6e-49e9-40ea-a46d-f1599811932e","local_time":"20210226173528","is_ascension_mode":false,"campfire_choices":[{"data":"Bouncing Flask","floor":6.0,"key":"SMITH"},{"data":"Adrenaline","floor":8.0,"key":"SMITH"},{"floor":10.0,"key":"REST"},{"floor":15.0,"key":"REST"},{"data":"Footwork","floor":23.0,"key":"SMITH"},{"data":"Noxious Fumes","floor":25.0,"key":"SMITH"},{"floor":32.0,"key":"REST"},{"floor":47.0,"key":"REST"},{"floor":49.0,"key":"RECALL"}],"circlet_count":0,"master_deck":["Strike_G+1","Strike_G+1","Strike_G+1","Strike_G+1","Defend_G+1","Defend_G+1","Defend_G+1","Defend_G+1","Defend_G+1","Survivor","Neutralize","Adrenaline+1","Bouncing Flask+1","Catalyst","Deadly Poison+1","Adrenaline","Footwork+1","Noxious Fumes+1","Bane","After Image","Deadly Poison+1","Bouncing Flask","Bane","Bane","Bouncing Flask"],"relics":["Ring of the Snake","Nunchaku","Bag of Marbles","Orichalcum","Blue Candle","Tiny House","MealTicket","Strawberry","Empty Cage","Lee\u0027s Waffle","Bronze Scales","Lantern","Red Mask"],"acts_visited":["Exordium","TheCity","TheBeyond"],"potions_floor_usage":[],"damage_taken":[{"damage":2.0,"enemies":"Jaw Worm","floor":1.0,"turns":4.0},{"damage":0.0,"enemies":"Small Slimes","floor":3.0,"turns":4.0},{"damage":0.0,"enemies":"2 Louse","floor":7.0,"turns":2.0},{"damage":36.0,"enemies":"3 Sentries","floor":11.0,"turns":7.0},{"damage":2.0,"enemies":"2 Fungi Beasts","floor":13.0,"turns":4.0},{"damage":14.0,"enemies":"Exordium Thugs","floor":14.0,"turns":4.0},{"damage":1.0,"enemies":"Hexaghost","floor":16.0,"turns":6.0},{"damage":12.0,"enemies":"3 Byrds","floor":18.0,"turns":6.0},{"damage":5.0,"enemies":"Shell Parasite","floor":20.0,"turns":3.0},{"damage":14.0,"enemies":"Snecko","floor":28.0,"turns":5.0},{"damage":7.0,"enemies":"Snake Plant","floor":29.0,"turns":3.0},{"damage":0.0,"enemies":"Centurion and Healer","floor":30.0,"turns":5.0},{"damage":28.0,"enemies":"Shelled Parasite and Fungi","floor":31.0,"turns":5.0},{"damage":18.0,"enemies":"Automaton","floor":33.0,"turns":10.0},{"damage":27.0,"enemies":"3 Shapes","floor":35.0,"turns":5.0},{"damage":26.0,"enemies":"3 Darklings","floor":36.0,"turns":6.0},{"damage":7.0,"enemies":"Transient","floor":38.0,"turns":5.0},{"damage":43.0,"enemies":"Nemesis","floor":40.0,"turns":7.0},{"damage":17.0,"enemies":"Writhing Mass","floor":42.0,"turns":3.0},{"damage":7.0,"enemies":"4 Shapes","floor":44.0,"turns":5.0},{"damage":0,"enemies":"Time Eater","floor":50,"turns":1}],"seed_played":"-7958661097064945642","potions_obtained":[{"floor":11.0,"key":"AttackPotion"},{"floor":14.0,"key":"FearPotion"},{"floor":16.0,"key":"Energy Potion"},{"floor":17.0,"key":"Strength Potion"},{"floor":18.0,"key":"LiquidBronze"},{"floor":28.0,"key":"Block Potion"},{"floor":30.0,"key":"DuplicationPotion"},{"floor":40.0,"key":"Fire Potion"},{"floor":42.0,"key":"DistilledChaos"}],"is_trial":false,"path_per_floor":["M","?","M","?","$","R","M","R","T","R","E","T","M","M","R","B",null,"M","$","M","$","?","R","?","R","T","?","M","M","M","M","R","B",null,"M","M","$","M","?","E","$","M","T","M","?","?","R","$","R","B"],"character_chosen":"THE_SILENT","items_purchased":["Bag of Marbles","Noxious Fumes","MealTicket","Bane","Lee\u0027s Waffle","Bouncing Flask","Bane","Swift Potion","Explosive Potion"],"campfire_rested":4,"item_purchase_floors":[5,19,21,21,37,37,37,37,41],"current_hp_per_floor":[61,61,61,50,50,50,50,50,50,63,27,27,25,11,29,28,68,56,56,51,51,51,51,51,51,58,58,44,37,37,9,31,13,75,48,22,82,75,75,32,47,30,30,23,23,23,47,62,62,62,62],"gold":0,"neow_bonus":"THREE_RARE_CARDS","is_daily":false,"chose_seed":false,"campfire_upgraded":4,"win_rate":0.0,"timestamp":1614328528,"path_taken":["M","?","M","?","?","R","M","R","T","R","E","?","M","M","R","BOSS","M","$","M","$","?","R","?","R","T","?","?","M","M","M","R","BOSS","M","M","$","M","?","E","$","M","T","M","?","?","R","$","R","BOSS"],"items_purchased_type":["Relic","Card","Relic","Card","Relic","Card","Card","Potion","Potion"],"build_version":"2020-12-22","purchased_purges":1,"victory":false,"max_hp_per_floor":[63,63,63,63,63,63,63,63,63,63,63,63,63,63,63,63,68,68,68,68,68,68,68,68,68,75,75,75,75,75,75,75,75,75,75,75,82,82,82,82,82,82,82,82,82,82,82,82,82,82,82],"card_choices":[{"not_picked":["Malaise","Bullet Time"],"picked":"Adrenaline","floor":0.0},{"not_picked":["Slice","Flying Knee","Sucker Punch"],"picked":"SKIP","floor":1.0},{"not_picked":["Prepared","Eviscerate"],"picked":"Bouncing Flask","floor":3.0},{"not_picked":["Underhanded Strike","Prepared","Sucker Punch"],"picked":"SKIP","floor":7.0},{"not_picked":["Tactician","All Out Attack"],"picked":"Accuracy","floor":11.0},{"not_picked":["Backflip","Venomology"],"picked":"Catalyst","floor":13.0},{"not_picked":["Dagger Spray","Slice"],"picked":"Deadly Poison","floor":14.0},{"not_picked":["Envenom","Grand Finale"],"picked":"Adrenaline","floor":16.0},{"not_picked":["Backflip","Accuracy"],"picked":"Footwork","floor":17.0},{"not_picked":["Blade Dance","Prepared+1","Concentrate"],"picked":"SKIP","floor":18.0},{"not_picked":["Flying Knee","Heel Hook","Concentrate"],"picked":"SKIP","floor":20.0},{"not_picked":["Cloak And Dagger","Prepared","Backstab+1"],"picked":"SKIP","floor":28.0},{"not_picked":["Acrobatics+1","Endless Agony","Leg Sweep"],"picked":"SKIP","floor":29.0},{"not_picked":["Underhanded Strike","Dodge and Roll","Outmaneuver"],"picked":"SKIP","floor":30.0},{"not_picked":["Quick Slash","Outmaneuver"],"picked":"Dash+1","floor":31.0},{"not_picked":["Phantasmal Killer","Night Terror"],"picked":"After Image","floor":33.0},{"not_picked":["Finisher","Underhanded Strike"],"picked":"Deadly Poison+1","floor":35.0},{"not_picked":["Heel Hook","Deflect+1","Cloak And Dagger"],"picked":"SKIP","floor":36.0},{"not_picked":["Acrobatics+1","Heel Hook","Bullet Time"],"picked":"SKIP","floor":38.0},{"not_picked":["Quick Slash","Dagger Throw"],"picked":"Bane","floor":40.0},{"not_picked":["Dagger Throw","Dagger Spray","Cloak And Dagger+1"],"picked":"SKIP","floor":42.0},{"not_picked":["Acrobatics+1","Underhanded Strike"],"picked":"Bouncing Flask","floor":44.0}],"player_experience":59711,"relics_obtained":[{"floor":11.0,"key":"Orichalcum"},{"floor":12.0,"key":"Blue Candle"},{"floor":26.0,"key":"Strawberry"},{"floor":40.0,"key":"Bronze Scales"},{"floor":43.0,"key":"Lantern"}],"event_choices":[{"damage_healed":0.0,"max_hp_gain":0.0,"max_hp_loss":0.0,"gold_gain":0.0,"event_name":"Big Fish","player_choice":"Box","floor":2.0,"gold_loss":0.0,"damage_taken":0.0,"relics_obtained":["Nunchaku"],"cards_obtained":["Regret"]},{"damage_healed":0.0,"max_hp_gain":0.0,"max_hp_loss":0.0,"gold_gain":75.0,"event_name":"World of Goop","player_choice":"Gather Gold","floor":4.0,"gold_loss":0.0,"damage_taken":11.0},{"damage_healed":0.0,"max_hp_gain":0.0,"max_hp_loss":0.0,"gold_gain":0.0,"event_name":"Vampires","player_choice":"Ignored","floor":22.0,"gold_loss":0.0,"damage_taken":0.0},{"damage_healed":0.0,"max_hp_gain":0.0,"max_hp_loss":0.0,"gold_gain":99.0,"event_name":"Nest","player_choice":"Stole From Cult","floor":24.0,"gold_loss":0.0,"damage_taken":0.0},{"damage_healed":0.0,"max_hp_gain":0.0,"max_hp_loss":0.0,"gold_gain":0.0,"event_name":"Back to Basics","player_choice":"Simplicity","floor":27.0,"gold_loss":0.0,"damage_taken":0.0,"cards_upgraded":["Strike_G","Strike_G","Strike_G","Strike_G","Strike_G","Defend_G","Defend_G","Defend_G","Defend_G","Defend_G"]},{"cards_removed":["Dash"],"damage_healed":0.0,"max_hp_gain":0.0,"max_hp_loss":0.0,"gold_gain":0.0,"event_name":"Falling","player_choice":"Removed Attack","floor":39.0,"gold_loss":0.0,"damage_taken":0.0},{"damage_healed":0.0,"max_hp_gain":0.0,"max_hp_loss":0.0,"gold_gain":0.0,"event_name":"SensoryStone","player_choice":"Memory 1","floor":45.0,"gold_loss":0.0,"damage_taken":0.0},{"damage_healed":0.0,"max_hp_gain":0.0,"max_hp_loss":0.0,"gold_gain":0.0,"event_name":"Tomb of Lord Red Mask","player_choice":"Paid","floor":46.0,"gold_loss":66.0,"damage_taken":0.0,"relics_obtained":["Red Mask"]}],"is_beta":false,"boss_relics":[{"not_picked":["SacredBark","Fusion Hammer"],"picked":"Tiny House"},{"not_picked":["Black Star","Runic Dome"],"picked":"Empty Cage"}],"items_purged_floors":[19],"is_endless":false,"potions_floor_spawned":[11,14,16,18,28,30,40,42],"killed_by":"Time Eater","ascension_level":0}}