{"host":"njb27ds59h4j3ikk","time":1614369578,"event":{"mods":["BaseMod","Better Altar","Better Match","Better Note","Better Sensory Stone","Better Skull","Better Third Choice","BetterRewards","Downfall","Hermit","Hubris","Minty Spire (QoL Compilation)","Permanent Neow","Quarter Circle Forward PUNCH!","Quick Restart","Rare Cards Sparkle","Replay The Spire","Shop Mod","StSLib","Trackpad","Transform Curses"],"gold_per_floor":[115,115,215,230,28,59,59,94,94,137,20,55,55,55,55,176,276,304,323,39,39,49,88,88,121,147,196,216,257,387,387,387,522,522,542,563,291,291,311,311,357,357,381,447,780,780,845,866,866,866,866,866,98,130,30],"floor_reached":56,"language":"ENG","playtime":2686,"items_purged":[],"score":3053,"play_id":"99e5e542-b664-4f4d-97df-4d2351a0de9d","local_time":"20210226145938","is_ascension_mode":true,"campfire_choices":[{"data":"hermit:Snapshot","floor":7.0,"key":"SMITH"},{"data":"Bandage Up","floor":13.0,"key":"SMITH"},{"data":"hermit:Strike_Hermit","floor":15.0,"key":"SMITH"},{"data":"hermit:Covet","floor":24.0,"key":"SMITH"},{"data":"hermit:Strike_Hermit","floor":32,"key":"SMITH"},{"data":"hermit:Defend_Hermit","floor":40,"key":"SMITH"},{"data":"ReplayTheSpireMod:Faulty Equipment","floor":49,"key":"SMITH"},{"data":"hermit:Defend_Hermit","floor":52,"key":"SMITH"}],"circlet_count":0,"master_deck":["AscendersBane","hermit:Strike_Hermit+1","hermit:Strike_Hermit+1","hermit:Strike_Hermit+1","hermit:Strike_Hermit+1","hermit:Defend_Hermit+1","hermit:Defend_Hermit+1","hermit:Defend_Hermit","hermit:Defend_Hermit","hermit:Snapshot+1","hermit:Covet+1","hermit:Enervate+1","Bandage Up+1","hermit:HighCaliber+1","ReplayTheSpireMod:Necrogeddon+1","downfall:Haunted","downfall:Haunted","hubris:Sloth","Decay","ReplayTheSpireMod:Splinters","hermit:FatalDesire+1","Panacea+1","hermit:BigShot+1","Madness+1","Deep Breath+1","hermit:Showdown+1","hermit:Snipe+1","CommonCold","hermit:EyeOfTheStorm+1","hermit:RoundhouseKick+1","hermit:DeadOrAlive+1","hermit:Reprieve+1","hermit:Snipe+1","hermit:OverwhelmingPower+1","hermit:Maintenance+1","hermit:Malice+1","hermit:DeadMansHand+1","hermit:Gestalt+1","hubris:Greed","hermit:FromBeyond+1","hermit:PistolWhip+1","hermit:FromBeyond+1","hermit:Desperado+1","hermit:Coalescence+1","hermit:NoHoldsBarred+1","ReplayTheSpireMod:Necrogeddon+1","Mayhem+1","hermit:RoundhouseKick+1"],"relics":["hermit:Momento","The Courier","Membership Card","Molten Egg 2","Torii","StrikeDummy","Black Star","PreservedInsect","Golden Egg","Ring of Misfortune","Durian","Frozen Egg 2","Bloody Idol","WarpedTongs","Replay:Wax Seal","Replay:Towering Pillar of Hats","FossilizedHelix","MerchantsRug","Guardian:GemstoneGun","champ:DeflectingBracers","qcfpunch:Duffel_Bag","Dead Branch","Mango","Ice Cream","Cursed Key","Du-Vu Doll","Ginger","Turnip","Toxic Egg 2","Quantum Egg","qcfpunch:Chain_With_Nametags","qcfpunch:Broken_Tusk","Darkstone Periapt","Membership Card","qcfpunch:Not_Strongest_Fighting_Style_Guidebook","Oddly Smooth Stone","hubris:SlimyHat","qcfpunch:Black_Training_Shirt","Centennial Puzzle","Akabeko","Bottled Tornado","StrikeDummy","Blue Candle","Replay:Wanted Poster","hubris:Potato","hubris:CrystalStatue","Gremlin Food","hermit:Horseshoe","Gambling Chip","Vajra","qcfpunch:Combat_Fatigues","Juzu Bracelet","hubris:AstralHammer","trackpad:WondrousWand","qcfpunch:Dark_Gi","qcfpunch:Crimson_Sash","qcfpunch:Not_Strongest_Fighting_Style_Guidebook","qcfpunch:White_Boots","Bag of Marbles","trackpad:DisasterInABottle","Blue Doll","Pet Ghost","ReplayTheSpireMod:Ninjato","Replay:Wax Seal","trackpad:AdjectivePendant","Replay:PocketPolymizer","hubris:Icosahedron","Ancient Tea Set","trackpad:BottledShadow","HornCleat","Replay:Baseball","Medical Kit","trackpad:PetRock","qcfpunch:Wrestler\u0027s_Cloak","Mummified Hand","Eternal Feather","ReplayTheSpireMod:TigerMarble","hubris:Zylophone","Toy Ornithopter","hubris:SphereOfDissonance","trackpad:ByrdBGone"],"acts_visited":["Exordium","TheCity","TheBeyond","TheEnding"],"potions_floor_usage":[55,55,55],"damage_taken":[{"damage":0.0,"enemies":"2 Louse","floor":1.0,"turns":1.0},{"damage":0.0,"enemies":"Jaw Worm","floor":4.0,"turns":1.0},{"damage":0.0,"enemies":"Replay:BlueRogue","floor":6.0,"turns":1.0},{"damage":0.0,"enemies":"Gremlin Nob","floor":8.0,"turns":2.0},{"damage":0.0,"enemies":"Lagavulin","floor":10.0,"turns":1.0},{"damage":0.0,"enemies":"Gremlin Nob","floor":12.0,"turns":1.0},{"damage":0.0,"enemies":"The Guardian","floor":16.0,"turns":4.0},{"damage":0.0,"enemies":"Chosen","floor":18.0,"turns":2.0},{"damage":0.0,"enemies":"2 Thieves","floor":19.0,"turns":1.0},{"damage":0.0,"enemies":"Gremlin Leader","floor":23.0,"turns":1.0},{"damage":0.0,"enemies":"Centurion and Healer","floor":25.0,"turns":2.0},{"damage":0.0,"enemies":"Replay:Snechameleon","floor":27.0,"turns":1.0},{"damage":0.0,"enemies":"Shelled Parasite and Fungi","floor":28.0,"turns":1.0},{"damage":1.0,"enemies":"Slavers","floor":29.0,"turns":2.0},{"damage":0.0,"enemies":"Colosseum Slavers","floor":30.0,"turns":1.0},{"damage":0.0,"enemies":"Colosseum Nobs","floor":30.0,"turns":1.0},{"damage":0,"enemies":"Champ","floor":33,"turns":2},{"damage":0,"enemies":"Orb Walker","floor":35,"turns":1},{"damage":0,"enemies":"3 Darklings","floor":36,"turns":1},{"damage":0,"enemies":"Transient","floor":39,"turns":2},{"damage":0,"enemies":"R_Hoarder","floor":41,"turns":2},{"damage":0,"enemies":"2 Orb Walkers","floor":44,"turns":1},{"damage":0,"enemies":"Reptomancer","floor":47,"turns":1},{"damage":0,"enemies":"Sphere and 2 Shapes","floor":48,"turns":1},{"damage":0,"enemies":"Awakened One","floor":50,"turns":3},{"damage":0,"enemies":"Shield and Spear","floor":54,"turns":1},{"damage":0,"enemies":"The Heart","floor":55,"turns":4}],"seed_played":"2663106937697097141","potions_obtained":[{"floor":4.0,"key":"SneckoOil"},{"floor":6.0,"key":"SmokeBomb"},{"floor":12.0,"key":"SmokeBomb"},{"floor":16.0,"key":"Block Potion"},{"floor":19.0,"key":"Fire Potion"},{"floor":23.0,"key":"Swift Potion"},{"floor":44,"key":"hermit:BlackBile"}],"is_trial":false,"path_per_floor":["M","?","?","M","$","E","R","E","T","E","$","E","R","?","R","B",null,"M","M","$","?","$","E","R","M","T","E","M","E","?","?","R","B",null,"M","M","$","$","M","R","E","?","T","?","?","?","E","M","R","B",null,"R","$","E","B",null],"character_chosen":"HERMIT","items_purchased":["hermit:Enervate+1","MerchantsRug","Membership Card","qcfpunch:Not_Strongest_Fighting_Style_Guidebook","Oddly Smooth Stone","Madness+1","Deep Breath+1","hermit:RoundhouseKick+1","hermit:DeadOrAlive+1","hubris:Potato","hubris:CrystalStatue","Gremlin Food","Bag of Marbles","trackpad:DisasterInABottle","Blue Doll","Pet Ghost","trackpad:BottledShadow","Mayhem+1","HornCleat","Replay:Baseball","Medical Kit","trackpad:PetRock","qcfpunch:Wrestler\u0027s_Cloak","Mummified Hand","Eternal Feather","ReplayTheSpireMod:TigerMarble","hubris:Zylophone","Toy Ornithopter"],"campfire_rested":0,"item_purchase_floors":[0,0,5,5,5,5,5,11,11,20,20,20,37,37,37,37,53,53,53,53,53,53,53,53,53,53,53,53],"current_hp_per_floor":[92,92,129,129,129,129,129,129,135,135,135,135,135,135,135,135,135,135,135,135,135,135,135,135,135,141,141,141,141,141,138,138,141,92,92,92,92,92,92,92,92,92,98,98,98,98,98,98,98,98,98,98,101,104,104],"gold":30,"neow_bonus":"","is_daily":false,"chose_seed":false,"campfire_upgraded":8,"win_rate":0.0,"timestamp":1614369578,"path_taken":["M","?","?","M","$","E","R","E","T","E","?","E","R","?","R","BOSS","M","M","$","?","?","E","R","?","T","E","M","E","?","?","R","BOSS","M","M","?","$","M","R","E","?","T","?","?","?","E","M","R","BOSS","R","$","E","BOSS"],"items_purchased_type":["Card","Relic","Relic","Relic","Relic","Card","Card","Card","Card","Relic","Relic","Relic","Relic","Relic","Relic","Relic","Relic","Card","Relic","Relic","Relic","Relic","Relic","Relic","Relic","Relic","Relic","Relic"],"build_version":"2020-12-22","purchased_purges":0,"victory":true,"max_hp_per_floor":[94,94,129,129,129,129,129,129,135,135,135,135,135,135,135,135,135,135,135,135,135,135,135,135,135,141,141,141,141,141,141,141,141,92,92,92,92,92,92,92,92,92,98,98,98,98,98,98,98,98,98,98,104,104,104],"card_choices":[{"not_picked":[],"picked":"Bandage Up","floor":1.0},{"not_picked":["hermit:GoldenBullet+1","hermit:HoleUp"],"picked":"hermit:HighCaliber+1","floor":1.0},{"not_picked":["Replay:Bootleg Shield Generator+1","Replay:BasicMightCard+1"],"picked":"ReplayTheSpireMod:Necrogeddon+1","floor":2.0},{"not_picked":[],"picked":"Panacea","floor":4.0},{"not_picked":["hermit:GhostlyPresence+1","hermit:WideOpen+1"],"picked":"hermit:BigShot+1","floor":4.0},{"not_picked":["hermit:Gambit+1","hermit:Scavenge+1"],"picked":"hermit:Showdown+1","floor":6.0},{"not_picked":["hermit:LowProfile+1","hermit:Manifest+1"],"picked":"hermit:Snipe+1","floor":8.0},{"not_picked":["hermit:DeadMansHand+1","hermit:TrackingShot+1"],"picked":"hermit:EyeOfTheStorm+1","floor":10.0},{"not_picked":["hermit:Manifest+1","hermit:TrackingShot+1"],"picked":"hermit:Reprieve+1","floor":12.0},{"not_picked":["hermit:Dissolve+1","hermit:EternalForm+1"],"picked":"hermit:OverwhelmingPower+1","floor":16.0},{"not_picked":["hermit:LowProfile+1","hermit:Spite+1"],"picked":"hermit:Maintenance+1","floor":18.0},{"not_picked":["hermit:SprayPray+1","hermit:Vantage+1"],"picked":"hermit:Malice+1","floor":19.0},{"not_picked":["hermit:Malice+1","hermit:Vantage+1"],"picked":"hermit:DeadMansHand+1","floor":23.0},{"not_picked":["hermit:Feint+1","hermit:Vantage+1"],"picked":"hermit:Gestalt+1","floor":25.0},{"not_picked":["hermit:GhostlyPresence+1","hermit:Ricochet+1"],"picked":"hermit:FromBeyond+1","floor":27.0},{"not_picked":["hermit:Quickdraw+1","hermit:Headshot+1"],"picked":"hermit:PistolWhip+1","floor":28.0},{"not_picked":["hermit:Maintenance+1","hermit:GhostlyPresence+1","hermit:HighCaliber+1"],"picked":"SKIP","floor":29.0},{"not_picked":["hermit:Gambit+1","hermit:Purgatory+1"],"picked":"hermit:FromBeyond+1","floor":33},{"not_picked":["hermit:WideOpen+1","hermit:Combo+1"],"picked":"hermit:Desperado+1","floor":35},{"not_picked":["hermit:ItchyTrigger+1","hermit:Quickdraw+1"],"picked":"hermit:Coalescence+1","floor":36},{"not_picked":["hermit:Snipe+1","hermit:Coalescence+1","hermit:Desperado+1"],"picked":"SKIP","floor":39},{"not_picked":["hermit:Showdown+1","hermit:HighCaliber+1"],"picked":"hermit:NoHoldsBarred+1","floor":41},{"not_picked":["hermit:Headshot+1","hermit:Quickdraw+1","hermit:Manifest+1"],"picked":"SKIP","floor":47},{"not_picked":["hermit:Feint+1","hermit:GhostlyPresence+1","hermit:BodyArmor+1"],"picked":"SKIP","floor":48},{"not_picked":["hermit:HeroicBravado+1","hermit:Coalescence+1"],"picked":"hermit:RoundhouseKick+1","floor":54}],"player_experience":1417584,"relics_obtained":[{"floor":6.0,"key":"hubris:SlimyHat"},{"floor":6.0,"key":"qcfpunch:Black_Training_Shirt"},{"floor":6.0,"key":"Centennial Puzzle"},{"floor":8.0,"key":"Akabeko"},{"floor":8.0,"key":"Potion Belt"},{"floor":9.0,"key":"Bottled Tornado"},{"floor":10.0,"key":"StrikeDummy"},{"floor":12.0,"key":"Blue Candle"},{"floor":12.0,"key":"hermit:RyeStalk"},{"floor":23.0,"key":"hermit:Horseshoe"},{"floor":23.0,"key":"Gambling Chip"},{"floor":26.0,"key":"Vajra"},{"floor":27.0,"key":"qcfpunch:Combat_Fatigues"},{"floor":29.0,"key":"Juzu Bracelet"},{"floor":29.0,"key":"Whetstone"},{"floor":30.0,"key":"hubris:AstralHammer"},{"floor":30.0,"key":"trackpad:WondrousWand"},{"floor":41,"key":"ReplayTheSpireMod:Ninjato"},{"floor":41,"key":"Replay:Wax Seal"},{"floor":43,"key":"trackpad:AdjectivePendant"},{"floor":44,"key":"Replay:PocketPolymizer"},{"floor":47,"key":"Ancient Tea Set"},{"floor":54,"key":"hubris:SphereOfDissonance"},{"floor":54,"key":"trackpad:ByrdBGone"}],"event_choices":[{"damage_healed":0.0,"max_hp_gain":0.0,"max_hp_loss":0.0,"gold_gain":1.0,"event_name":"betterStone:BetterStone","player_choice":"1","floor":2.0,"gold_loss":0.0,"damage_taken":0.0},{"cards_removed":["ReplayTheSpireMod:Necrogeddon"],"damage_healed":0.0,"max_hp_gain":0.0,"max_hp_loss":0.0,"gold_gain":0.0,"event_name":"betterNote:BetterNote","player_choice":"Take \u0026 Give","floor":14.0,"gold_loss":0.0,"damage_taken":0.0,"cards_obtained":["hermit:Snipe"]},{"damage_healed":0.0,"max_hp_gain":0.0,"max_hp_loss":0.0,"gold_gain":0.0,"event_name":"Wheel of Change","player_choice":"Full Heal","floor":21.0,"gold_loss":0.0,"damage_taken":0.0},{"damage_healed":0.0,"max_hp_gain":0.0,"max_hp_loss":0.0,"gold_gain":0.0,"event_name":"Colosseum","player_choice":"Fight","floor":30.0,"gold_loss":0.0,"damage_taken":0.0},{"damage_healed":0.0,"max_hp_gain":0.0,"max_hp_loss":0.0,"gold_gain":0.0,"event_name":"Colosseum","player_choice":"Fought Nobs","floor":30.0,"gold_loss":0.0,"damage_taken":0.0},{"damage_healed":0,"gold_gain":0,"player_choice":"Punched","damage_taken":3,"max_hp_gain":0,"max_hp_loss":0,"event_name":"Designer","floor":31,"gold_loss":0},{"damage_healed":0,"gold_gain":0,"player_choice":"Copied","damage_taken":0,"max_hp_gain":0,"max_hp_loss":0,"event_name":"Duplicator","floor":42,"gold_loss":0,"cards_obtained":["ReplayTheSpireMod:Necrogeddon"]},{"damage_healed":0,"gold_gain":0,"player_choice":"Fight","damage_taken":0,"max_hp_gain":0,"max_hp_loss":0,"event_name":"Mysterious Sphere","floor":44,"gold_loss":0},{"damage_healed":0,"gold_gain":333,"player_choice":"Gave Idol","damage_taken":0,"max_hp_gain":0,"max_hp_loss":0,"event_name":"The Moai Head","floor":45,"relics_lost":["Golden Idol"],"gold_loss":0}],"is_beta":false,"boss_relics":[{"not_picked":["Empty Cage","Painkiller Herb"],"picked":"Replay:Wanted Poster"},{"not_picked":["trackpad:Trackpad","trackpad:StolenKidneys"],"picked":"qcfpunch:Dark_Gi"}],"items_purged_floors":[],"is_endless":false,"potions_floor_spawned":[4,6,10,12,16,19,23,27,30,30,44,47,48,54],"ascension_level":10}}