{"host":"jataeauilzhk57es","time":1614325394,"event":{"mods":["BaseMod","Minty Spire (QoL Compilation)","StSLib","The Problem Sleuth"],"gold_per_floor":[119,85,85,103,103,103,103,133,158,183,183,197,197,208,208,208,208,208],"floor_reached":16,"language":"ENG","playtime":1043,"items_purged":[],"score":133,"play_id":"ea55f487-4445-4539-8dda-542bd7104341","local_time":"20210225234314","is_ascension_mode":false,"campfire_choices":[{"data":"theSleuth:FlaskOfWhiskey","floor":7,"key":"SMITH"},{"floor":11,"key":"REST"},{"floor":13,"key":"REST"},{"floor":15,"key":"REST"}],"circlet_count":0,"master_deck":["theSleuth:Strike","theSleuth:Strike","theSleuth:Strike","theSleuth:Strike","theSleuth:Defend","theSleuth:Defend","theSleuth:KeyHandgun","theSleuth:TakeInventory","theSleuth:Diplomacy","theSleuth:FlaskOfWhiskey+1","theSleuth:CandyCane","theSleuth:TruffleTrouble","theSleuth:HandCannon","theSleuth:BellyOTheWhale","theSleuth:Leer","theSleuth:Pepperminthryl"],"relics":["theSleuth:Typewriter","NeowsBlessing","GremlinMask","MealTicket","Anchor","Blood Vial"],"acts_visited":["Exordium"],"potions_floor_usage":[16,16],"damage_taken":[{"damage":0,"enemies":"Cultist","floor":1,"turns":1},{"damage":0,"enemies":"Jaw Worm","floor":4,"turns":1},{"damage":0,"enemies":"3 Sentries","floor":8,"turns":2},{"damage":55,"enemies":"Lagavulin","floor":10,"turns":15},{"damage":0,"enemies":"2 Louse","floor":12,"turns":2},{"damage":6,"enemies":"Exordium Thugs","floor":14,"turns":5},{"damage":82,"enemies":"Slime Boss","floor":16,"turns":14}],"seed_played":"-1292502092320513877","potions_obtained":[{"floor":4,"key":"Explosive Potion"},{"floor":12,"key":"AttackPotion"}],"is_trial":false,"path_per_floor":["M","$","?","M","?","?","R","E","T","E","R","M","R","M","R","B"],"character_chosen":"THE_sleuth","items_purchased":["theSleuth:CandyCane"],"campfire_rested":3,"item_purchase_floors":[2],"current_hp_per_floor":[73,73,73,73,73,73,73,73,73,18,39,41,62,58,73,0,0,0],"gold":208,"neow_bonus":"THREE_ENEMY_KILL","is_daily":false,"chose_seed":false,"campfire_upgraded":1,"win_rate":0.0,"timestamp":1614325394,"path_taken":["M","$","?","M","?","?","R","E","T","E","R","M","R","M","R","BOSS"],"items_purchased_type":["Card"],"build_version":"2020-12-22","purchased_purges":0,"victory":false,"max_hp_per_floor":[73,73,73,73,73,73,73,73,73,73,73,73,73,73,73,73,73,73],"card_choices":[{"not_picked":["theSleuth:Unscale","theSleuth:ForceDeck"],"picked":"theSleuth:FlaskOfWhiskey","floor":1},{"not_picked":["theSleuth:Unscale","theSleuth:Ogle"],"picked":"theSleuth:TruffleTrouble","floor":4},{"not_picked":["theSleuth:ThinkAhead","theSleuth:Pepperminthryl"],"picked":"theSleuth:HandCannon","floor":8},{"not_picked":["theSleuth:OpportunityCost","theSleuth:Fortune"],"picked":"theSleuth:BellyOTheWhale","floor":10},{"not_picked":["theSleuth:VictoryPose","theSleuth:Fortify"],"picked":"theSleuth:Leer","floor":12},{"not_picked":["theSleuth:CandyMech","theSleuth:Fortify"],"picked":"theSleuth:Pepperminthryl","floor":14}],"player_experience":259309,"relics_obtained":[{"floor":8,"key":"MealTicket"},{"floor":9,"key":"Anchor"},{"floor":10,"key":"Blood Vial"}],"event_choices":[{"damage_healed":0,"gold_gain":0,"player_choice":"Trade","damage_taken":0,"relics_obtained":["GremlinMask"],"max_hp_gain":0,"max_hp_loss":0,"event_name":"FaceTrader","floor":3,"gold_loss":0},{"cards_removed":["theSleuth:Defend"],"damage_healed":0,"gold_gain":0,"player_choice":"Offered Basic","damage_taken":0,"max_hp_gain":0,"max_hp_loss":0,"event_name":"Bonfire Elementals","floor":5,"gold_loss":0},{"damage_healed":0,"gold_gain":0,"player_choice":"Ignored","damage_taken":0,"max_hp_gain":0,"max_hp_loss":0,"event_name":"NoteForYourself","floor":6,"gold_loss":0}],"is_beta":false,"boss_relics":[],"items_purged_floors":[],"is_endless":false,"potions_floor_spawned":[4,12],"killed_by":"Slime Boss","ascension_level":0}}