{"host":"uhnh33uh34qot0et","time":1614299824,"event":{"mods":["Act Like it!","BaseMod","Bossed Relics","Colored Map","Downfall","GungeonMod","Hallownest","Hermit","JesterMod","Marisa????????","Minty Spire (QoL Compilation)","Relic Stats","Replay The Spire","Ruina","StSLib","The Construct","The Cursed","The Hierophant","The Servant 0.9.4"],"gold_per_floor":[99,99,99,199,199,233,267,267,267,67,92,117,136,43,57,158,158,158,175,186,204,204,36,90,90,90,101,101,119,137,174,191,293,293,293,304,363,413,351,392,417,445,445,456,49,69,22,48,63,63],"floor_reached":51,"language":"ENG","playtime":2556,"items_purged":[],"score":939,"play_id":"7bd9f00e-b4c1-4735-999d-f044b47758fc","local_time":"20210226013704","is_ascension_mode":false,"campfire_choices":[{"floor":10,"key":"REST"},{"data":"DemoMod:BSG","floor":18,"key":"SMITH"},{"data":"DemoMod:CombinedRifle","floor":25,"key":"SMITH"},{"data":"DemoMod:DarkMarker","floor":28,"key":"SMITH"},{"data":"DemoMod:FinishedGun","floor":35,"key":"SMITH"}],"circlet_count":0,"master_deck":["DemoMod:Strike_Huntress","DemoMod:Strike_Huntress","DemoMod:Strike_Huntress","DemoMod:Defend_Huntress","DemoMod:Defend_Huntress","DemoMod:Defend_Huntress","DemoMod:Defend_Huntress","DemoMod:Roll","DemoMod:ManualReload","DemoMod:RustySidearm","DemoMod:CrossBow+1","DemoMod:CombinedRifle+1","DemoMod:HardPowerCard","DemoMod:Unmoved","DemoMod:HungryBullets","DemoMod:Unmoved","DemoMod:MachoBrace","Looming Evil","DemoMod:MegaHand+1","DemoMod:SAA","DemoMod:CursedBullets","DemoMod:DarkMarker+1","DemoMod:AWP","DemoMod:TableSutra","DemoMod:BSG+1","DemoMod:HardPowerCard+1","DemoMod:BattleInHaste","DemoMod:BattleInHaste","DemoMod:CombinedRifle","DemoMod:ShadowBullets","DemoMod:Unmoved","DemoMod:FinishedGun+1","DemoMod:TableSutra+1","DemoMod:BlackHoleGun","DemoMod:HardPowerCard","DemoMod:GunslingerForm","DemoMod:PotionOfGunFriendShip","DemoMod:PotionOfGunFriendShip","DemoMod:ShadowBullets","DemoMod:GunShield+1","DemoMod:HungryBullets","DemoMod:HuntsMan+1","DemoMod:BattleInHaste","DemoMod:PotionOfGunFriendShip+1","DemoMod:BattleInHaste+1"],"relics":["DemoMod:Dog","downfall:HeartsMalice","WingedGreaves","Ring of Searing","ReplayTheSpireMod:Ring of Challenge","downfall:HeartBlessingGreen","downfall:HeartBlessingBlue","DemoMod:PinkGuonStone","DemoMod:Wolf","DemoMod:PortableTableDevice","DemoMod:RedGuonStone","Honey Jar","CatCart","DemoMod:GlassGuonStoneRelic","DemoMod:Relodestone","DemoMod:Plus1Bullets","Lee\u0027s Waffle","Lizard Tail","Whetstone","ReplayTheSpireMod:Lightbulb","Divine Protection"],"acts_visited":["Exordium","TheCity","TheBeyond"],"potions_floor_usage":[11,11,16,16,20,23,33,33,37,37,40,44,50,50,50,50],"damage_taken":[{"damage":0,"enemies":"Small Slimes","floor":2,"turns":1},{"damage":0,"enemies":"Cultist","floor":3,"turns":1},{"damage":0,"enemies":"Jaw Worm","floor":5,"turns":1},{"damage":29,"enemies":"3 Sentries","floor":6,"turns":13},{"damage":0,"enemies":"Exordium Thugs","floor":7,"turns":9},{"damage":19,"enemies":"Exordium Thugs","floor":11,"turns":6},{"damage":16,"enemies":"Lagavulin","floor":12,"turns":7},{"damage":6,"enemies":"2 Fungi Beasts","floor":13,"turns":3},{"damage":0,"enemies":"downfall:FleeingMerchant","floor":14,"turns":4},{"damage":14,"enemies":"3 Louse","floor":15,"turns":4},{"damage":0,"enemies":"WA_ARCHETYPE_RETAIN","floor":16,"turns":5},{"damage":6,"enemies":"3 Byrds","floor":19,"turns":2},{"damage":18,"enemies":"downfall:LooterAlt2","floor":20,"turns":3},{"damage":15,"enemies":"Snake Plant","floor":21,"turns":3},{"damage":0,"enemies":"downfall:FleeingMerchant","floor":23,"turns":4},{"damage":0,"enemies":"Snecko","floor":27,"turns":3},{"damage":0,"enemies":"Centurion and Healer","floor":29,"turns":2},{"damage":0,"enemies":"Snake Plant","floor":30,"turns":2},{"damage":18,"enemies":"Shelled Parasite and Fungi","floor":31,"turns":4},{"damage":0,"enemies":"Centurion and Healer","floor":32,"turns":2},{"damage":28,"enemies":"IC_MUSHROOM_ARCHETYPE","floor":33,"turns":5},{"damage":11,"enemies":"3 Darklings","floor":36,"turns":2},{"damage":22,"enemies":"Orin","floor":37,"turns":6},{"damage":0,"enemies":"Orin","floor":38,"turns":5},{"damage":0,"enemies":"downfall:FleeingMerchant","floor":39,"turns":1},{"damage":20,"enemies":"Nemesis","floor":40,"turns":5},{"damage":5,"enemies":"3 Shapes","floor":42,"turns":2},{"damage":0,"enemies":"3 Darklings","floor":44,"turns":3},{"damage":0,"enemies":"Jaw Worm Horde","floor":46,"turns":2},{"damage":0,"enemies":"Transient","floor":48,"turns":5},{"damage":0,"enemies":"Spire Growth","floor":49,"turns":4},{"damage":33,"enemies":"SI_POISON_ARCHETYPE","floor":50,"turns":4}],"seed_played":"-914567741894322584","potions_obtained":[{"floor":1,"key":"PowerPotion"},{"floor":1,"key":"Block Potion"},{"floor":12,"key":"hexamod:SoulburnPotion"},{"floor":13,"key":"Elixir"},{"floor":15,"key":"FearPotion"},{"floor":16,"key":"LiquidBronze"},{"floor":19,"key":"BlessingOfTheForge"},{"floor":20,"key":"ColorlessPotion"},{"floor":29,"key":"Toxic Potion"},{"floor":33,"key":"construct:ShiftPotion"},{"floor":36,"key":"AttackPotion"},{"floor":38,"key":"Toxic Potion"},{"floor":44,"key":"Reflective Coating"},{"floor":46,"key":"Weak Potion"},{"floor":48,"key":"Adrenaline Potion"}],"is_trial":false,"path_per_floor":["R_BF","M","M","?","M","E","T","?","?","R","M","E","M","$","M","B",null,"R","M","M","M","?","$","T","R","?","M","R","M","M","M","M","B",null,"R","M","?","?","$","E","T","M","T","M","$","M","$","M","M","B",null],"character_chosen":"HUNTRESS","items_purchased":["DemoMod:AWP","DemoMod:PortableTableDevice","DemoMod:Plus1Bullets","Lee\u0027s Waffle","DemoMod:LeadSkinPotion","DemoMod:PotionOfGunFriendShip","DemoMod:HungryBullets","Divine Protection","Reflective Coating","Energy Potion","DemoMod:BattleInHaste"],"campfire_rested":1,"item_purchase_floors":[14,23,39,39,39,39,45,45,45,45,47],"current_hp_per_floor":[70,70,70,70,70,41,41,41,46,81,62,53,47,47,33,33,92,92,86,68,53,53,53,53,53,53,53,53,53,53,35,35,7,92,92,81,59,59,99,79,79,74,74,74,74,74,74,74,74,41],"gold":63,"neow_bonus":"THREE_ENEMY_KILL","is_daily":false,"chose_seed":false,"campfire_upgraded":4,"win_rate":0.0,"timestamp":1614299824,"path_taken":["R_BF","M","M","?","?","E","T","?","?","R","M","E","?","?","M","BOSS","R","M","M","M","?","$","T","R","?","M","R","M","M","M","M","BOSS","R","M","?","?","?","E","T","M","?","M","$","M","$","M","M","BOSS"],"items_purchased_type":["Card","Relic","Relic","Relic","Undefined","Card","Card","Relic","Potion","Potion","Card"],"build_version":"2020-12-22","purchased_purges":0,"victory":true,"max_hp_per_floor":[70,70,70,70,70,70,70,70,75,85,85,92,92,92,92,92,92,92,92,92,92,92,92,92,92,92,92,92,92,92,92,92,92,92,92,92,92,92,99,99,99,99,99,99,99,99,99,99,99,99],"relic_stats":{"Lee\u0027s Waffle":40,"Lizard Tail":0,"counters":[32,120],"Whetstone":["DemoMod:CrossBow","DemoMod:MegaHand"],"obtain_stats":[{"DemoMod:PortableTableDevice":23,"DemoMod:Armor":26,"Divine Protection":45,"Lee\u0027s Waffle":39,"DemoMod:Dog":0,"DemoMod:Wolf":17,"downfall:HeartsMalice":0,"downfall:HeartBlessingGreen":10,"DemoMod:Plus1Bullets":39,"DemoMod:GlassGuonStoneRelic":12,"DemoMod:PinkGuonStone":12,"Whetstone":41,"Ring of Searing":8,"Lizard Tail":40,"downfall:HeartBlessingBlue":10,"DemoMod:RedGuonStone":24,"Honey Jar":34,"WingedGreaves":6,"DemoMod:Relodestone":38,"ReplayTheSpireMod:Ring of Challenge":8,"CatCart":37,"ReplayTheSpireMod:Lightbulb":43},{"DemoMod:PortableTableDevice":15,"DemoMod:Armor":15,"Divine Protection":28,"Lee\u0027s Waffle":25,"DemoMod:Dog":0,"DemoMod:Wolf":11,"downfall:HeartsMalice":0,"downfall:HeartBlessingGreen":5,"DemoMod:Plus1Bullets":25,"DemoMod:GlassGuonStoneRelic":7,"DemoMod:PinkGuonStone":7,"Whetstone":26,"Ring of Searing":5,"Lizard Tail":26,"downfall:HeartBlessingBlue":5,"DemoMod:RedGuonStone":15,"Honey Jar":21,"WingedGreaves":4,"DemoMod:Relodestone":24,"ReplayTheSpireMod:Ring of Challenge":5,"CatCart":23,"ReplayTheSpireMod:Lightbulb":27},{"DemoMod:PortableTableDevice":63,"DemoMod:Armor":63,"Divine Protection":105,"Lee\u0027s Waffle":95,"DemoMod:Dog":0,"DemoMod:Wolf":51,"downfall:HeartsMalice":0,"downfall:HeartBlessingGreen":22,"DemoMod:Plus1Bullets":95,"DemoMod:GlassGuonStoneRelic":35,"DemoMod:PinkGuonStone":35,"Whetstone":100,"Ring of Searing":22,"Lizard Tail":100,"downfall:HeartBlessingBlue":22,"DemoMod:RedGuonStone":63,"Honey Jar":81,"WingedGreaves":13,"DemoMod:Relodestone":94,"ReplayTheSpireMod:Ring of Challenge":22,"CatCart":89,"ReplayTheSpireMod:Lightbulb":102}]},"card_choices":[{"not_picked":["DemoMod:AC15","DemoMod:TeaPot"],"picked":"DemoMod:CombinedRifle","floor":2},{"not_picked":["DemoMod:ZorGun","DemoMod:Unmoved"],"picked":"DemoMod:HardPowerCard","floor":2},{"not_picked":["DemoMod:CombinedRifle","DemoMod:MachoBrace"],"picked":"DemoMod:Unmoved","floor":3},{"not_picked":["DemoMod:CombinedRifle","DemoMod:ConditionalReflex"],"picked":"DemoMod:HungryBullets","floor":5},{"not_picked":["DemoMod:SAA","DemoMod:RadGun"],"picked":"DemoMod:Unmoved","floor":6},{"not_picked":["DemoMod:TeaPot","DemoMod:BoxingGlove"],"picked":"DemoMod:MachoBrace","floor":7},{"not_picked":["DemoMod:AC15","DemoMod:ConditionalReflex"],"picked":"DemoMod:MegaHand","floor":11},{"not_picked":["DemoMod:PracticeMakesPerfect","DemoMod:StickyCrossBow"],"picked":"DemoMod:SAA","floor":12},{"not_picked":["DemoMod:SAA","DemoMod:HuntsMan"],"picked":"DemoMod:CursedBullets","floor":13},{"not_picked":["DemoMod:AbyssalTentacle","DemoMod:Camera"],"picked":"DemoMod:DarkMarker","floor":14},{"not_picked":["DemoMod:HuntsMan","DemoMod:GunstockTap"],"picked":"DemoMod:TableSutra","floor":15},{"not_picked":["DemoMod:SuppressiveFire","DemoMod:Gungine"],"picked":"DemoMod:BSG","floor":16},{"not_picked":["DemoMod:Unity","DemoMod:DirectionalPad","DemoMod:SAA"],"picked":"SKIP","floor":19},{"not_picked":["DemoMod:Unity","DemoMod:JK47+1","DemoMod:StickyCrossBow"],"picked":"SKIP","floor":20},{"not_picked":["DemoMod:SpreadAmmo+1","DemoMod:Rummage"],"picked":"DemoMod:HardPowerCard+1","floor":21},{"not_picked":["DemoMod:SAA+1","DemoMod:Camera"],"picked":"DemoMod:BattleInHaste","floor":23},{"not_picked":["DemoMod:SAA","DemoMod:Rummage+1"],"picked":"DemoMod:BattleInHaste","floor":27},{"not_picked":["DemoMod:StickyCrossBow","DemoMod:Desperate","DemoMod:SpreadAmmo"],"picked":"SKIP","floor":29},{"not_picked":["DemoMod:Ejector","DemoMod:TeaPot"],"picked":"DemoMod:CombinedRifle","floor":30},{"not_picked":["DemoMod:TripleGun","DemoMod:HighKaliber"],"picked":"DemoMod:ShadowBullets","floor":31},{"not_picked":["DemoMod:BattleInHaste+1","DemoMod:AbyssalTentacle+1"],"picked":"DemoMod:Unmoved","floor":32},{"not_picked":["DemoMod:Gungine","DemoMod:BulletBore"],"picked":"DemoMod:FinishedGun","floor":33},{"not_picked":["DemoMod:JK47+1","DemoMod:BoxingGlove","DemoMod:StickyCrossBow"],"picked":"DemoMod:TableSutra+1","floor":36},{"not_picked":["DemoMod:EasyReloadBullets+1","DemoMod:AC15+1","DemoMod:BoxingGlove+1"],"picked":"DemoMod:BlackHoleGun","floor":37},{"not_picked":["DemoMod:BoxingGlove+1","DemoMod:HuntsMan","DemoMod:DirectionalPad+1"],"picked":"DemoMod:HardPowerCard","floor":38},{"not_picked":["DemoMod:StickyCrossBow","DemoMod:GunShield","DemoMod:DoubleSwitch+1"],"picked":"DemoMod:GunslingerForm","floor":39},{"not_picked":["DemoMod:ProbeStrike+1","DemoMod:SpreadAmmo","DemoMod:SniperShot"],"picked":"DemoMod:PotionOfGunFriendShip","floor":40},{"not_picked":["DemoMod:FastSwitch","DemoMod:HungryBullets","DemoMod:Elimentaler"],"picked":"DemoMod:ShadowBullets","floor":42},{"not_picked":["DemoMod:AWP","DemoMod:TeaPot+1","DemoMod:Unmoved+1"],"picked":"DemoMod:GunShield+1","floor":44},{"not_picked":["DemoMod:Rummage+1","DemoMod:AC15+1","DemoMod:Purify+1"],"picked":"DemoMod:HuntsMan+1","floor":46},{"not_picked":["DemoMod:AWP+1","DemoMod:Polaris+1","DemoMod:ProbeStrike"],"picked":"DemoMod:PotionOfGunFriendShip+1","floor":48},{"not_picked":["DemoMod:EasyReloadBullets","DemoMod:SpreadAmmo+1","DemoMod:GunstockTap+1"],"picked":"DemoMod:BattleInHaste+1","floor":49}],"player_experience":66902,"relics_obtained":[{"floor":6,"key":"WingedGreaves"},{"floor":8,"key":"Ring of Searing"},{"floor":8,"key":"ReplayTheSpireMod:Ring of Challenge"},{"floor":12,"key":"DemoMod:PinkGuonStone"},{"floor":24,"key":"DemoMod:RedGuonStone"},{"floor":37,"key":"CatCart"},{"floor":38,"key":"DemoMod:Relodestone"},{"floor":40,"key":"Lizard Tail"},{"floor":41,"key":"Whetstone"},{"floor":43,"key":"ReplayTheSpireMod:Lightbulb"}],"event_choices":[{"damage_healed":0,"gold_gain":0,"player_choice":"Donut","damage_taken":0,"max_hp_gain":5,"max_hp_loss":0,"event_name":"Big Fish","floor":9,"gold_loss":0},{"damage_healed":0,"gold_gain":0,"player_choice":"Ignored","damage_taken":0,"max_hp_gain":0,"max_hp_loss":0,"event_name":"Vampires","floor":22,"gold_loss":0},{"damage_healed":0,"gold_gain":0,"player_choice":"Fight","damage_taken":0,"max_hp_gain":0,"max_hp_loss":0,"event_name":"OrinTheCat","floor":37,"gold_loss":0}],"is_beta":false,"boss_relics":[{"not_picked":["sneckomod:SneckoTalon","Velvet Choker"],"picked":"DemoMod:Wolf"},{"not_picked":["Runic Pyramid","Replay:Wanted Poster"],"picked":"Honey Jar"}],"items_purged_floors":[],"is_endless":false,"potions_floor_spawned":[12,13,15,15,16,19,20,29,30,33,36,38,44,46,48],"ascension_level":0}}