{"host":"9rqk712yu6s3287p","time":1614350310,"event":{"mods":["ATMod(°¢èªMod)","Act Like it!","BaseMod","CapriCore","Chen","Gensokyo","Googly Eyes","Marisa£¨ìFÓê¡¡Ä§ÀíÉ³£©","Minty Spire (QoL Compilation)","MostiFishMod","Onozuka Komachi Mod","Reimu£¨²©ÀöÁéÃÎ£©","Remilia_Scarlet Moed£¨ÀÙÃ×ÀòÑÇ¡¤Ë¹¿¨À×ÌØ£©3.3.5","Remilia£¨ÀÙÃ×ÀòÑÇ£©","Replay The Spire","RumiaBox-Â¶Ã×æ«µÄÉñÃØºÐ×Ó","StSLib","The Administrix","The Immortal","The Servant 0.9.4","Yakumo Yukari mod","Youmu£¨»êÆÇÑýÃÎ£©","Yuyuko","[IsaacMod]ÒÔÈö¼âËþ","¡¾ÒÅÎï¿¨ÅÆ¡¿REMEMod","²ÐÁôÖ®Îï"],"gold_per_floor":[116,132,19,31,44,74,116,161,227,275,321,361,400,426,438,548,660,687,710,590,600,610,638,664,664,664,664,691,705,737,763,1063,1168,1168,1182,1195,1214,1226,933,965,991,1023,1023,548,574,609,609,634,634,641,641,641,511,537,537],"floor_reached":56,"language":"ZHS","playtime":3106,"items_purged":["PlaceholderMod:BaseStrike","PlaceholderMod:BaseDefend","PlaceholderMod:BaseStrike","PlaceholderMod:HardStrike+1"],"score":2230,"play_id":"b2fbc870-34e3-4b40-b6cf-f219fd0afe50","local_time":"20210226223830","daily_mods":["Vintage","Heirloom","Time Dilation","Flight","Elite Swarm","Lethality","Binary"],"is_ascension_mode":true,"campfire_choices":[{"data":"PlaceholderMod:BaseStrike","floor":15.0,"key":"PURGE"},{"data":"PlaceholderMod:GrowthForm","floor":25.0,"key":"SMITH"},{"data":"PlaceholderMod:FastReaction","floor":27.0,"key":"SMITH"},{"floor":47,"key":"RECALL"},{"data":"PlaceholderMod:Stable","floor":49,"key":"SMITH"},{"data":"PlaceholderMod:FinalSpray","floor":52,"key":"SMITH"}],"circlet_count":0,"master_deck":["PlaceholderMod:BaseStrike","PlaceholderMod:BaseStrike","PlaceholderMod:BaseDefend","PlaceholderMod:BaseDefend","PlaceholderMod:BaseDefend","PlaceholderMod:BaseDefend","PlaceholderMod:Crystal","PlaceholderMod:PoisonWhip","PlaceholderMod:DirectingGroup","PlaceholderMod:Package","PlaceholderMod:Stable+1","PlaceholderMod:OHStrongAttack","PlaceholderMod:SelfCoupling","PlaceholderMod:FinalSpray","PlaceholderMod:AbsorbTouch+1","PlaceholderMod:FinalSpray+1","PlaceholderMod:ReactionCatalyze","PlaceholderMod:GrowthForm+1","PlaceholderMod:FastReaction+1","PlaceholderMod:PericyclicReaction","PlaceholderMod:QualitativeChange","PlaceholderMod:MultiReaction","PlaceholderMod:FinalSpray"],"relics":["PlaceholderMod:Tancle","Busted Crown","AT_ATBox","DaveBox","REME_ComplimentaryCards","HushsDoor","replay:Trail_Library","SteamSale","White Beast Statue","BionicSphere","MagicDraw4","SynthV:TestCard","PillsDrop","Orrery","SalivaCoin","Molten Egg 2","UnicornStump","MawBank","PlaceholderMod:EltdownShards","AT_SunfireAegis","FossilizedHelix","PlaceholderMod:DeVermisMysteriis","PureWhite:ReiMu","Ornamental Fan","Happy Flower","Replay:Wanted Poster","MealTicket","DoctorsRemote","Replay:Mystery Machine","Snack Pack","MostiFishMod:Haymaker","ZombieArmy","SynthV:C4","Pantograph","NineVolt","CrazyTorch:ReiMu","Replay:Ancient Bell","BookOfRevelations","Regal Pillow","Pet Ghost","ReplayFunnel","PlaceholderMod:FlatBlood","Ancient Tea Set","Blue Doll","Replay:Wax Seal","Leech","Replay:Towering Pillar of Hats","ReplayTheSpireMod:TigerMarble","BargainBundle","Lantern","REME_IWantAll","CombinedTypeHook","Frozen Egg 2","Kunai","Iron Hammer","Durian"],"acts_visited":["Exordium","TheCity","TheBeyond","TheEnding"],"potions_floor_usage":[],"damage_taken":[{"damage":0.0,"enemies":"Small Slimes","floor":1.0,"turns":3.0},{"damage":1.0,"enemies":"Cultist","floor":2.0,"turns":3.0},{"damage":0.0,"enemies":"2 Louse","floor":4.0,"turns":2.0},{"damage":0.0,"enemies":"Large Slime","floor":5.0,"turns":3.0},{"damage":0.0,"enemies":"3 Sentries","floor":6.0,"turns":5.0},{"damage":0.0,"enemies":"Lagavulin","floor":7.0,"turns":6.0},{"damage":0.0,"enemies":"3 Sentries","floor":8.0,"turns":3.0},{"damage":0.0,"enemies":"Gremlin Nob","floor":10.0,"turns":4.0},{"damage":4.0,"enemies":"Lagavulin","floor":11.0,"turns":4.0},{"damage":0.0,"enemies":"3 Sentries","floor":12.0,"turns":4.0},{"damage":0.0,"enemies":"Gremlin Nob","floor":13.0,"turns":2.0},{"damage":0.0,"enemies":"Exordium Thugs","floor":14.0,"turns":2.0},{"damage":0.0,"enemies":"Hexaghost","floor":16.0,"turns":4.0},{"damage":0.0,"enemies":"2 Thieves","floor":18.0,"turns":3.0},{"damage":0.0,"enemies":"Shell Parasite","floor":19.0,"turns":3.0},{"damage":0.0,"enemies":"3 Cultists","floor":21.0,"turns":3.0},{"damage":0.0,"enemies":"Sentry and Sphere","floor":22.0,"turns":3.0},{"damage":0.0,"enemies":"Slavers","floor":23.0,"turns":2.0},{"damage":0.0,"enemies":"Gremlin Leader","floor":24.0,"turns":3.0},{"damage":0.0,"enemies":"Book of Stabbing","floor":28.0,"turns":4.0},{"damage":0.0,"enemies":"Centurion and Healer","floor":29.0,"turns":4.0},{"damage":0.0,"enemies":"Gremlin Leader","floor":30.0,"turns":5.0},{"damage":8.0,"enemies":"Chosen and Byrds","floor":31.0,"turns":3.0},{"damage":0.0,"enemies":"Pondfish","floor":33.0,"turns":6.0},{"damage":0,"enemies":"Orb Walker","floor":35,"turns":2},{"damage":0,"enemies":"3 Darklings","floor":36,"turns":2},{"damage":0,"enemies":"4 Shapes","floor":37,"turns":3},{"damage":0,"enemies":"Maw","floor":38,"turns":4},{"damage":0,"enemies":"R_Hoarder","floor":40,"turns":3},{"damage":0,"enemies":"Giant Head","floor":41,"turns":4},{"damage":0,"enemies":"R_Hoarder","floor":42,"turns":4},{"damage":0,"enemies":"Giant Head","floor":45,"turns":4},{"damage":0,"enemies":"R_Hoarder","floor":46,"turns":4},{"damage":0,"enemies":"Giant Head","floor":48,"turns":3},{"damage":0,"enemies":"Replay:Hell Engine","floor":50,"turns":4},{"damage":0,"enemies":"Shield and Spear","floor":54,"turns":3},{"damage":0,"enemies":"The Heart","floor":55,"turns":5}],"seed_played":"-2419126449465814548","potions_obtained":[{"floor":1.0,"key":"Death Potion"},{"floor":2.0,"key":"Reflective Coating"},{"floor":4.0,"key":"Weak Potion"},{"floor":5.0,"key":"Languid Potion"},{"floor":6.0,"key":"SpeedPotion"},{"floor":8.0,"key":"ZuzhouPotion:ReiMu"},{"floor":10.0,"key":"LiquidMemories"},{"floor":12.0,"key":"EntropicBrew"},{"floor":13.0,"key":"Swift Potion"},{"floor":14.0,"key":"Milkshake"},{"floor":16.0,"key":"Explosive Potion"},{"floor":18.0,"key":"REME_GoldPotion"},{"floor":19.0,"key":"GrandPatriotsElixir:ReiMu"},{"floor":21.0,"key":"Energy Potion"},{"floor":22.0,"key":"Adrenaline Potion"},{"floor":23.0,"key":"Block Potion"},{"floor":24.0,"key":"Block Potion"},{"floor":28.0,"key":"SkillPotion"},{"floor":29.0,"key":"BlessingOfTheForge"},{"floor":30.0,"key":"Weak Potion"},{"floor":31.0,"key":"Swift Potion"},{"floor":33.0,"key":"Dexterity Potion"},{"floor":35,"key":"Adrenaline Potion"},{"floor":45,"key":"MagicPotion:ReiMu"}],"is_trial":true,"path_per_floor":["M","M","$","M","M","E","E","E","T","E","E","E","E","M","R","B",null,"M","M","$","M","M","E","E","R","T","R","E","M","E","M","R","B",null,"M","M","M","M","$","E","E","E","T","$","E","E","R","E","R","B",null,"R","$","E","B",null],"character_chosen":"THE_PLACEHOLDER","items_purchased":["Orrery","PlaceholderMod:ReactionCatalyze","PlaceholderMod:FlatBlood","Ancient Tea Set","Blue Doll","BargainBundle","Lantern","REME_IWantAll","Iron Hammer"],"campfire_rested":0,"item_purchase_floors":[3,20,39,39,39,44,44,44,53],"current_hp_per_floor":[78,77,77,77,77,77,73,73,73,73,69,68,68,71,71,71,71,66,66,66,66,66,66,66,66,66,66,66,66,69,63,63,69,69,72,75,75,75,75,75,75,75,75,75,75,75,75,75,75,75,75,75,75,82,82],"gold":537,"neow_bonus":"","is_daily":false,"chose_seed":false,"campfire_upgraded":4,"win_rate":0.0,"timestamp":1614350310,"path_taken":["M","M","$","M","M","E","E","E","T","E","E","E","E","M","R","BOSS","M","M","$","M","M","E","E","R","T","R","E","M","E","M","R","BOSS","M","M","M","M","$","E","E","E","T","$","E","E","R","E","R","BOSS","R","$","E","BOSS"],"items_purchased_type":["Relic","Card","Relic","Relic","Relic","Relic","Relic","Relic","Relic"],"build_version":"2020-12-22","purchased_purges":4,"victory":true,"max_hp_per_floor":[78,78,78,78,78,78,73,73,73,73,73,68,68,71,71,71,71,66,66,66,66,66,66,66,66,66,66,66,66,69,69,69,69,69,72,75,75,75,75,75,75,75,75,75,75,75,75,75,75,75,75,75,75,82,82],"card_choices":[{"not_picked":["PlaceholderMod:RadicalHit"],"picked":"PlaceholderMod:DirectingGroup","floor":3.0},{"not_picked":["PlaceholderMod:ConsolidateHit"],"picked":"PlaceholderMod:Package","floor":3.0},{"not_picked":["PlaceholderMod:SelfCoupling"],"picked":"PlaceholderMod:Stable","floor":3.0},{"not_picked":["Bomb"],"picked":"PlaceholderMod:OHStrongAttack","floor":3.0},{"not_picked":["PlaceholderMod:BlastSpray+1"],"picked":"PlaceholderMod:SelfCoupling","floor":6.0},{"not_picked":["PlaceholderMod:BlastSpray+1"],"picked":"PlaceholderMod:FinalSpray","floor":7.0},{"not_picked":["PlaceholderMod:DiffusionPoison"],"picked":"PlaceholderMod:AbsorbTouch+1","floor":8.0},{"not_picked":["PlaceholderMod:InnerSoften","PlaceholderMod:BlastSpray+1"],"picked":"SKIP","floor":10.0},{"not_picked":["PlaceholderMod:CorePoison","PlaceholderMod:Inner"],"picked":"SKIP","floor":11.0},{"not_picked":["PlaceholderMod:BlastSpray+1","PlaceholderMod:AbsorbTouch+1"],"picked":"SKIP","floor":12.0},{"not_picked":["PlaceholderMod:BlastSpray+1","PlaceholderMod:AbsorbTouch+1"],"picked":"SKIP","floor":12.0},{"not_picked":["PlaceholderMod:Eat+1"],"picked":"PlaceholderMod:FinalSpray","floor":13.0},{"not_picked":["PlaceholderMod:MultiReaction","PlaceholderMod:InnerSoften"],"picked":"SKIP","floor":23.0},{"not_picked":["PlaceholderMod:BlastSpray+1"],"picked":"PlaceholderMod:GrowthForm","floor":24.0},{"not_picked":["PlaceholderMod:DiffusionPoison"],"picked":"PlaceholderMod:PericyclicReaction","floor":28.0},{"not_picked":["PlaceholderMod:BlastSpray+1"],"picked":"PlaceholderMod:QualitativeChange","floor":30.0},{"not_picked":["PlaceholderMod:SelfCoupling","PlaceholderMod:QualitativeChange"],"picked":"SKIP","floor":40},{"not_picked":["PlaceholderMod:CorePoison","PlaceholderMod:DiffusionPoison"],"picked":"SKIP","floor":41},{"not_picked":["PlaceholderMod:SelfCoupling","PlaceholderMod:Inner"],"picked":"SKIP","floor":42},{"not_picked":["PlaceholderMod:FinalSpray","PlaceholderMod:QualitativeChange"],"picked":"SKIP","floor":45},{"not_picked":["PlaceholderMod:DoublePoint","PlaceholderMod:Inner+1"],"picked":"SKIP","floor":46},{"not_picked":["PlaceholderMod:Inner+1","PlaceholderMod:Activation"],"picked":"SKIP","floor":48},{"not_picked":["PlaceholderMod:MultiReaction","PlaceholderMod:FinalSpray"],"picked":"Singing Bowl","floor":54}],"player_experience":624935,"relics_obtained":[{"floor":1.0,"key":"MagicDraw4"},{"floor":1.0,"key":"SynthV:TestCard"},{"floor":2.0,"key":"PillsDrop"},{"floor":4.0,"key":"SalivaCoin"},{"floor":5.0,"key":"Molten Egg 2"},{"floor":6.0,"key":"UnicornStump"},{"floor":7.0,"key":"MawBank"},{"floor":8.0,"key":"PlaceholderMod:EltdownShards"},{"floor":9.0,"key":"AT_SunfireAegis"},{"floor":10.0,"key":"FossilizedHelix"},{"floor":11.0,"key":"PlaceholderMod:DeVermisMysteriis"},{"floor":12.0,"key":"PureWhite:ReiMu"},{"floor":13.0,"key":"Ornamental Fan"},{"floor":14.0,"key":"Happy Flower"},{"floor":18.0,"key":"MealTicket"},{"floor":19.0,"key":"DoctorsRemote"},{"floor":21.0,"key":"Replay:Mystery Machine"},{"floor":22.0,"key":"Snack Pack"},{"floor":23.0,"key":"MostiFishMod:Haymaker"},{"floor":24.0,"key":"ZombieArmy"},{"floor":28.0,"key":"SynthV:C4"},{"floor":29.0,"key":"Pantograph"},{"floor":30.0,"key":"NineVolt"},{"floor":31.0,"key":"CrazyTorch:ReiMu"},{"floor":35,"key":"BookOfRevelations"},{"floor":36,"key":"Regal Pillow"},{"floor":37,"key":"Pet Ghost"},{"floor":38,"key":"ReplayFunnel"},{"floor":40,"key":"Replay:Wax Seal"},{"floor":41,"key":"Leech"},{"floor":42,"key":"Replay:Towering Pillar of Hats"},{"floor":43,"key":"ReplayTheSpireMod:TigerMarble"},{"floor":45,"key":"CombinedTypeHook"},{"floor":46,"key":"Frozen Egg 2"},{"floor":48,"key":"Kunai"},{"floor":54,"key":"Durian"}],"event_choices":[],"is_beta":false,"boss_relics":[{"not_picked":["Abe\u0027s Treasure","HereWithMe"],"picked":"Replay:Wanted Poster"},{"not_picked":[]},{"not_picked":["Snecko Heart","ReplayTheSpireMod:DimensionalGlitch"],"picked":"Replay:Ancient Bell"},{"not_picked":[]}],"items_purged_floors":[3,20,39,44],"is_endless":false,"potions_floor_spawned":[1,2,4,5,6,7,8,10,11,12,13,14,16,18,19,21,22,23,24,28,29,30,31,33,35,36,37,38,40,41,42,45,46,48,54],"ascension_level":1}}