{"host":"r9n4bwsh0iioe8bo","time":1614302775,"event":{"mods":["2.2 Compatiblity","BaseMod","Bestiary","Colored Map","Colored Powertips","Curses Come First","Highlight Path","Minty Spire (QoL Compilation)","Relic Stats","StSLib","SuperFastMode"],"gold_per_floor":[109,122,138,138,138,138,148,148,174,200,200,214,230,249,249,346,346,357,373,89,89,104,104,104],"floor_reached":23,"language":"ENG","playtime":1996,"items_purged":[],"score":220,"play_id":"0f9173ce-d630-4331-9af8-779610d89877","local_time":"20210226012615","is_ascension_mode":false,"campfire_choices":[{"data":"Infinite Blades","floor":6,"key":"SMITH"},{"data":"Backflip","floor":8,"key":"SMITH"},{"data":"Noxious Fumes","floor":11,"key":"SMITH"},{"data":"Outmaneuver","floor":15,"key":"SMITH"}],"circlet_count":0,"master_deck":["Strike_G","Strike_G","Strike_G","Strike_G","Strike_G","Defend_G","Defend_G","Defend_G","Defend_G","Defend_G","Survivor","Neutralize","Footwork","Infinite Blades+1","Deadly Poison","Backflip+1","Noxious Fumes+1","Blade Dance","Outmaneuver+1","Burst","Poisoned Stab+1","Dagger Spray","Deflect+1","Deadly Poison+1"],"relics":["Ring of the Snake","Strawberry","Omamori","WristBlade","Toxic Egg 2"],"acts_visited":["Exordium","TheCity"],"potions_floor_usage":[10,14,16,22],"damage_taken":[{"damage":2,"enemies":"Jaw Worm","floor":1,"turns":4},{"damage":2,"enemies":"2 Louse","floor":2,"turns":3},{"damage":1,"enemies":"Cultist","floor":3,"turns":5},{"damage":6,"enemies":"Large Slime","floor":7,"turns":7},{"damage":20,"enemies":"Gremlin Nob","floor":10,"turns":6},{"damage":5,"enemies":"2 Fungi Beasts","floor":12,"turns":4},{"damage":0,"enemies":"3 Louse","floor":13,"turns":3},{"damage":17,"enemies":"Large Slime","floor":14,"turns":7},{"damage":30,"enemies":"Hexaghost","floor":16,"turns":10},{"damage":15,"enemies":"Spheric Guardian","floor":18,"turns":6},{"damage":6,"enemies":"Chosen","floor":19,"turns":5},{"damage":33,"enemies":"Centurion and Healer","floor":22,"turns":5},{"damage":35,"enemies":"Book of Stabbing","floor":23,"turns":5}],"seed_played":"-6309222851101623334","potions_obtained":[{"floor":1,"key":"GamblersBrew"},{"floor":3,"key":"Explosive Potion"},{"floor":13,"key":"SkillPotion"},{"floor":18,"key":"Fire Potion"}],"is_trial":false,"path_per_floor":["M","M","M","?","?","R","M","R","T","E","R","M","M","M","R","B",null,"M","M","$","?","M","E"],"character_chosen":"THE_SILENT","items_purchased":["Toxic Egg 2","Deflect+1"],"campfire_rested":0,"item_purchase_floors":[20,20],"current_hp_per_floor":[75,73,72,77,77,77,71,71,78,58,58,53,53,36,36,6,89,74,68,68,68,35,0,0],"gold":104,"neow_bonus":"TEN_PERCENT_HP_BONUS","is_daily":false,"chose_seed":false,"campfire_upgraded":4,"win_rate":0.0,"timestamp":1614302775,"path_taken":["M","M","M","?","?","R","M","R","T","E","R","M","M","M","R","BOSS","M","M","$","?","M","E"],"items_purchased_type":["Relic","Card"],"build_version":"2020-12-22","purchased_purges":0,"victory":false,"max_hp_per_floor":[77,77,77,82,82,82,82,82,89,89,89,89,89,89,89,89,89,89,89,89,89,89,89,89],"relic_stats":{"counters":[13,70],"obtain_stats":[{"WristBlade":17,"Strawberry":9,"Omamori":10,"Toxic Egg 2":20,"Ring of the Snake":0},{"WristBlade":9,"Strawberry":4,"Omamori":5,"Toxic Egg 2":11,"Ring of the Snake":0},{"WristBlade":49,"Strawberry":19,"Omamori":25,"Toxic Egg 2":60,"Ring of the Snake":0}],"Ring of the Snake":[26]},"card_choices":[{"not_picked":["Flechettes","Endless Agony"],"picked":"Footwork","floor":1},{"not_picked":["Choke","PiercingWail"],"picked":"Infinite Blades","floor":2},{"not_picked":["Underhanded Strike","All Out Attack"],"picked":"Deadly Poison","floor":3},{"not_picked":["Quick Slash","Dagger Throw"],"picked":"Backflip","floor":7},{"not_picked":["Dagger Spray","Flying Knee"],"picked":"Noxious Fumes","floor":10},{"not_picked":["PiercingWail","Caltrops"],"picked":"Blade Dance","floor":12},{"not_picked":["Heel Hook","Infinite Blades"],"picked":"Outmaneuver","floor":13},{"not_picked":["Heel Hook","Dagger Throw","Infinite Blades"],"picked":"SKIP","floor":14},{"not_picked":["Unload","Tools of the Trade"],"picked":"Burst","floor":16},{"not_picked":["Terror","Endless Agony"],"picked":"Poisoned Stab+1","floor":18},{"not_picked":["Outmaneuver+1","Calculated Gamble"],"picked":"Dagger Spray","floor":19},{"not_picked":["Poisoned Stab+1","Slice"],"picked":"Deadly Poison+1","floor":22}],"player_experience":53810,"relics_obtained":[{"floor":9,"key":"Strawberry"},{"floor":10,"key":"Omamori"}],"event_choices":[{"damage_healed":0,"gold_gain":0,"player_choice":"Donut","damage_taken":0,"max_hp_gain":5,"max_hp_loss":0,"event_name":"Big Fish","floor":4,"gold_loss":0},{"damage_healed":0,"gold_gain":0,"player_choice":"Ignored","damage_taken":0,"max_hp_gain":0,"max_hp_loss":0,"event_name":"Golden Wing","floor":5,"gold_loss":0},{"damage_healed":0,"gold_gain":0,"player_choice":"Ignored","damage_taken":0,"max_hp_gain":0,"max_hp_loss":0,"event_name":"Beggar","floor":21,"gold_loss":0}],"is_beta":false,"boss_relics":[{"not_picked":["Velvet Choker","SacredBark"],"picked":"WristBlade"}],"items_purged_floors":[],"is_endless":false,"potions_floor_spawned":[1,3,13,18],"killed_by":"Book of Stabbing","ascension_level":0}}