{"host":"m9622w2ctpb03k26","time":1614320538,"event":{"mods":["BaseMod","Downfall","Hermit","Hubris","Infinite Spire","Marisa????????","Minty Spire (QoL Compilation)","Replay The Spire","StSLib","The Animator","The Cursed","The Marked","The Necromancer","The Poker Player"],"gold_per_floor":[112,112,212,212,230,230,230],"floor_reached":6,"language":"ENG","playtime":832,"items_purged":[],"score":34,"play_id":"fcb4a3a2-8d02-49b6-a895-de7dd2dcea87","local_time":"20210226002218","is_ascension_mode":false,"campfire_choices":[],"circlet_count":0,"master_deck":["hermit:Strike_Hermit","hermit:Strike_Hermit","hermit:Strike_Hermit","hermit:Defend_Hermit","hermit:Defend_Hermit","hermit:Defend_Hermit","hermit:Defend_Hermit","hermit:Snapshot","hermit:Covet+1","hermit:BigShot","CurseOfTheBell","CurseOfTheBell","downfall:Bewildered","hermit:Dive"],"relics":["hermit:Momento","Juzu Bracelet","downfall:ExtraCursedBell","Blue Doll","hubris:GlazedTorus","Ornamental Fan"],"acts_visited":["Exordium"],"potions_floor_usage":[],"damage_taken":[{"damage":12,"enemies":"infinitespire:Voidling","floor":1,"turns":5},{"damage":12,"enemies":"2 Louse","floor":5,"turns":3},{"damage":62,"enemies":"3 Sentries","floor":6,"turns":12}],"seed_played":"-5136234182294065078","potions_obtained":[{"floor":5,"key":"SpeedPotion"}],"is_trial":false,"path_per_floor":["M","?","?","?","M","E"],"character_chosen":"HERMIT","items_purchased":[],"campfire_rested":0,"item_purchase_floors":[],"current_hp_per_floor":[72,72,72,72,60,0,0],"gold":230,"neow_bonus":"RANDOM_COMMON_RELIC","is_daily":false,"chose_seed":false,"campfire_upgraded":0,"win_rate":0.0,"timestamp":1614320538,"path_taken":["M","?","?","?","M","E"],"items_purchased_type":[],"build_version":"2020-12-22","purchased_purges":0,"victory":false,"max_hp_per_floor":[75,75,75,75,75,75,75],"card_choices":[{"not_picked":["hermit:Feint","hermit:Midnight"],"picked":"hermit:BigShot","floor":1},{"not_picked":["hermit:FullyLoaded","hermit:Desperado"],"picked":"hermit:Dive","floor":5}],"player_experience":127062,"relics_obtained":[{"floor":3,"key":"Blue Doll"},{"floor":3,"key":"hubris:GlazedTorus"},{"floor":3,"key":"Ornamental Fan"}],"event_choices":[{"cards_removed":["hermit:Strike_Hermit"],"damage_healed":0,"gold_gain":0,"player_choice":"Purged","damage_taken":0,"max_hp_gain":0,"max_hp_loss":0,"event_name":"Purifier","floor":4,"gold_loss":0}],"is_beta":false,"boss_relics":[],"items_purged_floors":[],"is_endless":false,"potions_floor_spawned":[5],"killed_by":"3 Sentries","ascension_level":0}}