{"host":"k18hfimadcku5042","time":1614340240,"event":{"mods":["Act Like it!","Aspiration","BaseMod","Gensokyo","Minty Spire (QoL Compilation)","Pale of the Ancients","Replay The Spire","Spicy Shops","StSLib","The Runesmith","¡¾ÒÅÎï¿¨ÅÆ¡¿REMEMod"],"gold_per_floor":[113,128,128,141,160,160,188,17,17,28,63,63,82,115,115,213,213,232,332,352,352,352,381,459,474,542,542,561,594,17,48,48,151,151,162,181,197,197,217,247,247,247,271,271,119,149,149,183,183,183],"floor_reached":51,"language":"ZHS","playtime":3594,"items_purged":["Strike_G","Defend_G"],"score":1103,"play_id":"4a5c887e-53ab-446c-8d79-f291d4f2ca2a","local_time":"20210226195040","is_ascension_mode":true,"campfire_choices":[{"data":"Dagger Spray","floor":6.0,"key":"SMITH"},{"data":"Blade Dance","floor":12.0,"key":"SMITH"},{"data":"Neutralize","floor":15,"key":"SMITH"},{"floor":27,"key":"REST"},{"data":"Distraction","floor":32,"key":"SMITH"},{"data":"Flash of Steel","floor":41,"key":"SMITH"},{"data":"Pot Of Greed","floor":44,"key":"SMITH"},{"data":"Pot Of Greed","floor":49,"key":"SMITH"}],"circlet_count":0,"master_deck":["Strike_G","Strike_G","Defend_G+1","Defend_G","Defend_G","Survivor+1","Neutralize+1","Dagger Throw","Dagger Spray+1","Escape Plan","Flying Knee","aspiration:Lunge","Flash of Steel+1","Blade Dance+1","Slice","Atom Bomb+1","Conserve Battery","Distraction+1","Underhanded Strike","Dagger Spray+1","Dagger Throw","REME_Whirling+1","Discovery+1","Die Die Die+1","Outmaneuver+1","Flying Knee+1","Machine Learning+1","Reboot+1","Pot Of Greed","Pot Of Greed+1","Pot Of Greed+1","Panic Button+1"],"relics":["Ring of the Snake","REME_ComplimentaryCards","aspiration:Nostalgia","Sizzling Blood","Happy Flower","Runesmith:Nanobots","Mercury Hourglass","Kunai","Golden Egg","aspiration:DefectSkillbook","Replay:Towering Pillar of Hats","Incense Burner","Gensokyo:ConquerorOfFear","Pocketwatch","War Paint","ReplayTheSpireMod:Shallot","InkBottle","aspiration:StickyExplosives","Lee\u0027s Waffle","Quantum Egg","Painkiller Herb","Gensokyo:EmptyGrave","aspiration:HatOfInfinitePower","Grinning Jar","HandDrill","REME_HourglassOfDeath","aspiration:SneckoTail"],"acts_visited":["Gensokyo:Gensokyo","Gensokyo:Gensokyoer","Gensokyo:Gensokyoest"],"potions_floor_usage":[16,23,25,33,48],"damage_taken":[{"damage":10.0,"enemies":"Gensokyo:Gryphon","floor":1.0,"turns":5.0},{"damage":7.0,"enemies":"Gensokyo:2_Kodama","floor":2.0,"turns":4.0},{"damage":3.0,"enemies":"Gensokyo:Python","floor":4.0,"turns":3.0},{"damage":5.0,"enemies":"Gensokyo:3_Kodama","floor":5.0,"turns":4.0},{"damage":11.0,"enemies":"Gensokyo:Aya","floor":7.0,"turns":7.0},{"damage":2.0,"enemies":"Gensokyo:Gryphon_and_Rabbit","floor":10.0,"turns":3.0},{"damage":14.0,"enemies":"Gensokyo:Mamizou","floor":11.0,"turns":8.0},{"damage":0,"enemies":"Gensokyo:5_Fairies","floor":13,"turns":2},{"damage":0,"enemies":"Gensokyo:Cirno","floor":14,"turns":4},{"damage":0,"enemies":"Gensokyo:Reimu","floor":16,"turns":5},{"damage":7,"enemies":"Gensokyo:3_Dogs","floor":18,"turns":2},{"damage":30,"enemies":"Gensokyo:3_Dogs","floor":19,"turns":6},{"damage":0,"enemies":"Gensokyo:Chomper","floor":20,"turns":2},{"damage":9,"enemies":"Gensokyo:Reisen","floor":23,"turns":4},{"damage":4,"enemies":"Gensokyo:3_Gloops","floor":25,"turns":2},{"damage":0,"enemies":"Gensokyo:Chomper_and_Gloop","floor":28,"turns":2},{"damage":29,"enemies":"Gensokyo:Tenshi","floor":29,"turns":3},{"damage":5,"enemies":"Gensokyo:Koishi","floor":31,"turns":3},{"damage":12,"enemies":"Gensokyo:Eternal_Rivals","floor":33,"turns":6},{"damage":0,"enemies":"Gensokyo:3_Bats","floor":35,"turns":1},{"damage":0,"enemies":"Gensokyo:3_Boulders","floor":36,"turns":2},{"damage":0,"enemies":"Gensokyo:Dusk_and_Dawn","floor":37,"turns":2},{"damage":0,"enemies":"Gensokyo:4_Bats","floor":39,"turns":1},{"damage":0,"enemies":"Gensokyo:Kasen","floor":40,"turns":3},{"damage":0,"enemies":"Gensokyo:Doremy","floor":46,"turns":4},{"damage":0,"enemies":"Gensokyo:Kasen","floor":48,"turns":3},{"damage":1,"enemies":"Gensokyo:Yuyuko","floor":50,"turns":4}],"seed_played":"-8620492605946856650","potions_obtained":[{"floor":1.0,"key":"Regen Potion"},{"floor":5.0,"key":"DuplicationPotion"},{"floor":11.0,"key":"SteroidPotion"},{"floor":14,"key":"SpeedPotion"},{"floor":18,"key":"GamblersBrew"},{"floor":24,"key":"PowerPotion"},{"floor":24,"key":"Explosive Potion"},{"floor":25,"key":"Strength Potion"},{"floor":36,"key":"Languid Potion"},{"floor":37,"key":"ColorlessPotion"}],"is_trial":false,"path_per_floor":["M","M","?","M","M","R","E","$","T","M","E","R","M","E","R","B",null,"M","?","M","?","?","E","?","M","T","R","M","E","$","E","R","B",null,"?","?","?","?","?","E","T","?","T","T","T","E","?","E","T","B",null],"character_chosen":"THE_SILENT","items_purchased":["Flash of Steel","aspiration:StickyExplosives","Lee\u0027s Waffle","Discovery","HandDrill"],"campfire_rested":1,"item_purchase_floors":[8,30,30,30,45],"current_hp_per_floor":[68,65,65,66,65,65,58,58,58,60,50,50,54,58,58,62,74,71,45,49,49,49,44,26,26,26,48,52,27,81,80,80,72,81,81,81,81,75,75,75,75,75,75,75,75,75,75,75,75,75],"gold":183,"neow_bonus":"NOSTALGIA","is_daily":false,"chose_seed":false,"campfire_upgraded":7,"win_rate":0.0,"timestamp":1614340240,"path_taken":["M","?","?","M","M","R","E","?","T","M","E","R","M","E","R","BOSS","M","?","M","?","?","E","?","?","T","R","M","E","?","E","R","BOSS","?","?","?","?","?","E","T","?","T","T","T","E","?","E","T","BOSS"],"items_purchased_type":["Card","Relic","Relic","Card","Relic"],"build_version":"2020-12-22","purchased_purges":2,"victory":true,"max_hp_per_floor":[74,74,74,74,74,74,74,74,74,74,74,74,74,74,74,74,74,74,74,74,74,74,74,74,74,74,74,74,74,81,81,81,81,81,81,81,81,75,75,75,75,75,75,75,75,75,75,75,75,75],"card_choices":[{"not_picked":["Outmaneuver","Hidden Blade"],"picked":"Dagger Throw","floor":1.0},{"not_picked":["ReplayTheSpireMod:Shiv Toss","Cloak And Dagger"],"picked":"Dagger Spray","floor":2.0},{"not_picked":["Prepared","Tactician"],"picked":"Escape Plan","floor":4.0},{"not_picked":["Finisher","Dodge and Roll"],"picked":"Flying Knee","floor":5.0},{"not_picked":["Glass Knife","Dagger Spray"],"picked":"aspiration:Lunge","floor":7.0},{"not_picked":["Acrobatics","Reflex","Well Laid Plans"],"picked":"SKIP","floor":10.0},{"not_picked":["Crippling Poison","Footwork"],"picked":"Blade Dance","floor":11.0},{"not_picked":["Well Laid Plans","Underhanded Strike","Sneak Up"],"picked":"SKIP","floor":13},{"not_picked":["Deflect","Flying Knee"],"picked":"Slice","floor":14},{"not_picked":["Malaise","REME_CopyPotion"],"picked":"Atom Bomb","floor":16},{"not_picked":["Backflip","Caltrops","Outmaneuver"],"picked":"Conserve Battery","floor":18},{"not_picked":["REME_Whirling","Beam Cell","Caltrops+1"],"picked":"Distraction","floor":19},{"not_picked":["Dash","Skim","Fusion"],"picked":"Underhanded Strike","floor":20},{"not_picked":["Heatsinks","ReplayTheSpireMod:From All Sides","Acrobatics"],"picked":"Dagger Spray+1","floor":23},{"not_picked":["Gash","Night Terror","Flechettes"],"picked":"Dagger Throw","floor":24},{"not_picked":["Hidden Blade","Sweeping Beam","Coolheaded"],"picked":"REME_Whirling+1","floor":25},{"not_picked":["Reflex","Dash","Flying Knee","Bane"],"picked":"SKIP","floor":28},{"not_picked":["Defragment+1","ReplayTheSpireMod:Shiv Toss","Gash","Flechettes"],"picked":"SKIP","floor":29},{"not_picked":["Coolheaded","Panic Button","Toxin Wave","ReplaySort"],"picked":"SKIP","floor":31},{"not_picked":["Unload","Night Terror","Multi-Cast"],"picked":"Die Die Die","floor":33},{"not_picked":["Cold Snap","Calculated Gamble+1","BasicCrystalCard"],"picked":"Outmaneuver+1","floor":35},{"not_picked":["Acrobatics","ReplayTheSpireMod:Calculation Training+1","Dodge and Roll"],"picked":"Flying Knee+1","floor":36},{"not_picked":["Steam","ReplayTheSpireMod:Calculation Training+1","REME_LeechingPoison","REME_Compress"],"picked":"SKIP","floor":37},{"not_picked":["Steam Power","Draining Mist","Dagger Spray","Outmaneuver"],"picked":"SKIP","floor":39},{"not_picked":["Outmaneuver","Streamline","ReplayTheSpireMod:Shiv Toss+1"],"picked":"Machine Learning","floor":40},{"not_picked":["Beam Cell","Coolheaded","Steam+1"],"picked":"Panic Button+1","floor":46},{"not_picked":["ReplayTheSpireMod:System Scan+1","Panic Button","REME_GrazeFinale","Prepared"],"picked":"SKIP","floor":48}],"player_experience":221754,"relics_obtained":[{"floor":7.0,"key":"Runesmith:Nanobots"},{"floor":9.0,"key":"Mercury Hourglass"},{"floor":11.0,"key":"Kunai"},{"floor":14,"key":"Golden Egg"},{"floor":19,"key":"Replay:Towering Pillar of Hats"},{"floor":19,"key":"Incense Burner"},{"floor":23,"key":"Gensokyo:ConquerorOfFear"},{"floor":23,"key":"Pocketwatch"},{"floor":24,"key":"War Paint"},{"floor":26,"key":"ReplayTheSpireMod:Shallot"},{"floor":29,"key":"InkBottle"},{"floor":31,"key":"Quantum Egg"},{"floor":40,"key":"aspiration:HatOfInfinitePower"},{"floor":43,"key":"Grinning Jar"},{"floor":46,"key":"REME_HourglassOfDeath"},{"floor":48,"key":"aspiration:SneckoTail"}],"event_choices":[],"is_beta":false,"boss_relics":[{"not_picked":["Empty Cage","aspiration:SecretTechniqueScroll"],"picked":"aspiration:DefectSkillbook"},{"not_picked":["aspiration:RunicSpoon","Sozu"],"picked":"Painkiller Herb"}],"items_purged_floors":[8,30],"is_endless":false,"potions_floor_spawned":[1,5,11,14,18,25,29,31,36,37,46],"ascension_level":1}}