{"host":"6hzrz31j95f2y1pa","time":1614308518,"event":{"mods":["BaseMod","Colored Map","Downfall","Minty Spire (QoL Compilation)","StSLib"],"gold_per_floor":[99,99,99,99,99,133,160,60,80,99,9,26,60,74,89,164,164,64,76,88,88,102,119,188,188,188,188,188],"floor_reached":26,"language":"ENG","playtime":1096,"items_purged":["hexamod:Strike"],"score":462,"play_id":"2a5c8088-8eb5-49c9-a4a4-e6e77c57cb33","local_time":"20210225220158","is_ascension_mode":true,"campfire_choices":[{"floor":1,"key":"RECALL"},{"data":"hexamod:SuperheatedStrike","floor":8,"key":"SMITH"},{"data":"hexamod:Sear","floor":18,"key":"SMITH"}],"circlet_count":0,"master_deck":["AscendersBane","hexamod:Strike+1","hexamod:Strike+1","hexamod:Strike","hexamod:Defend","hexamod:Defend+1","hexamod:Defend+1","hexamod:Sear+1","hexamod:Float+1","hexamod:SwordOfDarkness","hexamod:ShieldOfDarkness+1","hexamod:SuperheatedStrike+1","hexamod:SixthSeal","hexamod:ExtraCrispy","hexamod:SpectersWail+1","hexamod:Haunt+1","hexamod:HauntingEcho+1","hexamod:GhostShield"],"relics":["hexamod:SpiritBrand","downfall:HeartsMalice","FossilizedHelix","Slimebound:StickyStick","downfall:HeartBlessingRed","Frozen Egg 2","hexamod:IceCube","downfall:HeartBlessingGreen"],"acts_visited":["Exordium","TheCity"],"potions_floor_usage":[13,26],"damage_taken":[{"damage":0,"enemies":"Jaw Worm","floor":2,"turns":1},{"damage":0,"enemies":"2 Louse","floor":5,"turns":1},{"damage":0,"enemies":"Lagavulin","floor":6,"turns":1},{"damage":0,"enemies":"Cultist","floor":9,"turns":3},{"damage":0,"enemies":"3 Louse","floor":10,"turns":4},{"damage":0,"enemies":"downfall:FleeingMerchant","floor":11,"turns":4},{"damage":2,"enemies":"Large Slime","floor":12,"turns":5},{"damage":15,"enemies":"3 Sentries","floor":13,"turns":6},{"damage":0,"enemies":"Blue Slaver","floor":14,"turns":2},{"damage":0,"enemies":"2 Fungi Beasts","floor":15,"turns":3},{"damage":28,"enemies":"DF_ARCHETYPE_STREAMLINE","floor":16,"turns":11},{"damage":10,"enemies":"3 Byrds","floor":19,"turns":6},{"damage":0,"enemies":"Chosen","floor":20,"turns":4},{"damage":6,"enemies":"3 Cultists","floor":22,"turns":5},{"damage":25,"enemies":"Snake Plant","floor":23,"turns":4},{"damage":14,"enemies":"Slavers","floor":26,"turns":1}],"seed_played":"-6060842926113832711","potions_obtained":[{"floor":4,"key":"bronze:BurnAndBuffPotion"},{"floor":4,"key":"PowerPotion"},{"floor":13,"key":"BlessingOfTheForge"},{"floor":15,"key":"DuplicationPotion"},{"floor":22,"key":"Strength Potion"}],"is_trial":false,"path_per_floor":["R","M","?","?","M","E","T","R","M","M","$","M","E","M","M","B",null,"R","M","M","?","M","M","T","?","E"],"character_chosen":"THE_SPIRIT","items_purchased":[],"campfire_rested":0,"item_purchase_floors":[],"current_hp_per_floor":[57,57,57,57,57,57,57,57,57,57,57,55,40,40,40,12,50,50,40,40,40,34,9,9,9,0,0,0],"gold":188,"neow_bonus":"THREE_ENEMY_KILL","is_daily":false,"chose_seed":false,"campfire_upgraded":2,"win_rate":0.0,"timestamp":1614308518,"path_taken":["R","M","?","?","M","E","T","R","M","?","$","M","E","M","M","BOSS","R","M","M","?","M","M","T","?","E"],"items_purchased_type":[],"build_version":"2020-12-22","purchased_purges":1,"victory":false,"max_hp_per_floor":[63,63,63,63,63,63,63,63,63,63,63,63,63,63,63,63,63,63,63,63,63,63,63,63,63,63,63,63],"card_choices":[{"not_picked":["hexamod:BacktrackSmack","hexamod:PhantomFireball"],"picked":"hexamod:SwordOfDarkness","floor":2},{"not_picked":["hexamod:HauntingEcho","hexamod:Again"],"picked":"hexamod:ShieldOfDarkness","floor":5},{"not_picked":["hexamod:GhostLash","hexamod:BurningTouch"],"picked":"hexamod:SuperheatedStrike","floor":6},{"not_picked":["hexamod:ThermalTransfer","hexamod:SpectralAdrenaline"],"picked":"hexamod:SixthSeal","floor":9},{"not_picked":["hexamod:AdvancingGuard","hexamod:BurningTouch"],"picked":"hexamod:ExtraCrispy","floor":10},{"not_picked":["hexamod:BurningTouch","hexamod:Firestarter"],"picked":"hexamod:SpectersWail","floor":11},{"not_picked":["hexamod:DynamicBlow","hexamod:HeatMetal","hexamod:SpectersWail"],"picked":"SKIP","floor":12},{"not_picked":["hexamod:Hexaguard","hexamod:SpectralAdrenaline"],"picked":"hexamod:Haunt","floor":13},{"not_picked":["hexamod:FlamesFromBeyond","hexamod:InspiringFlames","hexamod:GhostLash"],"picked":"SKIP","floor":14},{"not_picked":["hexamod:SpectersWail","hexamod:ChargedBarrage","hexamod:GhostOfSpirePresent+1"],"picked":"SKIP","floor":15},{"not_picked":["hexamod:AdvancingGuard+1","hexamod:SwordOfDarkness","hexamod:Rewind"],"picked":"SKIP","floor":19},{"not_picked":["hexamod:SuperheatedStrike","hexamod:ThermalTransfer","hexamod:ShieldOfDarkness"],"picked":"SKIP","floor":20},{"not_picked":["hexamod:GhostLash","hexamod:SwordOfDarkness+1"],"picked":"hexamod:GhostShield","floor":22},{"not_picked":["hexamod:SuperheatedStrike+1","hexamod:SkipABeat","hexamod:FastForward"],"picked":"SKIP","floor":23}],"player_experience":1483402,"relics_obtained":[{"floor":6,"key":"FossilizedHelix"},{"floor":7,"key":"Slimebound:StickyStick"},{"floor":13,"key":"Frozen Egg 2"}],"event_choices":[{"cards_removed":["hexamod:Defend"],"damage_healed":0,"gold_gain":0,"player_choice":"Card Removal","damage_taken":0,"max_hp_gain":0,"max_hp_loss":0,"event_name":"The Cleric","floor":3,"gold_loss":0},{"damage_healed":0,"gold_gain":0,"player_choice":"Got Potions","damage_taken":0,"max_hp_gain":0,"max_hp_loss":0,"event_name":"Lab","floor":4,"gold_loss":0},{"damage_healed":0,"gold_gain":0,"player_choice":"Read","damage_taken":0,"max_hp_gain":0,"max_hp_loss":0,"event_name":"The Library","floor":21,"gold_loss":0,"cards_obtained":["hexamod:HauntingEcho"]}],"is_beta":false,"boss_relics":[{"not_picked":["Astrolabe","Sozu"],"picked":"hexamod:IceCube"}],"items_purged_floors":[11],"is_endless":false,"potions_floor_spawned":[6,9,13,15,22],"killed_by":"Slavers","ascension_level":18}}