{"host":"ju1b3c4x8n2jtjm7","time":1614368347,"event":{"mods":["AchievementEnabler","BaseMod","Colored Map","Colored Powertips","Highlight Path","Minty Spire (QoL Compilation)","Quick Restart","Rare Cards Sparkle","Relic Stats","StSLib"],"gold_per_floor":[19,31,31,46,66,66,100,111,111,111,142,142,152,163,163,241,241,257,257,269,286,298,327,342,342,342,375,375,375,409,421,421,497,497,513,513,562,580,53,82,94,94,94,128,128,141,172,184,184,184],"floor_reached":51,"language":"ENG","playtime":3530,"items_purged":["Thunderclap"],"score":1821,"play_id":"f28bb5f7-5d9b-4003-8a78-e3f6c4a1faf1","local_time":"20210226203907","is_ascension_mode":true,"campfire_choices":[{"data":"Fiend Fire","floor":6.0,"key":"SMITH"},{"data":"Cleave","floor":10.0,"key":"SMITH"},{"data":"Feel No Pain","floor":15.0,"key":"SMITH"},{"floor":25.0,"key":"REST"},{"floor":29.0,"key":"REST"},{"floor":32.0,"key":"RECALL"},{"floor":42.0,"key":"REST"},{"floor":45.0,"key":"REST"},{"floor":49,"key":"REST"}],"circlet_count":0,"master_deck":["AscendersBane","Bash","Apotheosis+1","Clothesline","Flex","Fiend Fire+1","Cleave+1","Flame Barrier","Feel No Pain+1","Reaper","RitualDagger","Bloodletting+1","True Grit+1","Limit Break","Disarm","J.A.X.","Barricade","Good Instincts","Thinking Ahead","Ghostly Armor","Shrug It Off","Secret Weapon","Inflame","Juggernaut","Heavy Blade+1","Pommel Strike","Battle Trance","Sentinel+1"],"relics":["Burning Blood","Blue Candle","Centennial Puzzle","Boot","Fusion Hammer","Singing Bowl","Unceasing Top","Regal Pillow","CaptainsWheel","Pandora\u0027s Box","Ginger","Bag of Preparation","Bag of Marbles","Strawberry","Darkstone Periapt"],"acts_visited":["Exordium","TheCity","TheBeyond","TheEnding"],"potions_floor_usage":[],"damage_taken":[{"damage":2.0,"enemies":"Cultist","floor":1.0,"turns":4.0},{"damage":4.0,"enemies":"Jaw Worm","floor":2.0,"turns":4.0},{"damage":2.0,"enemies":"2 Louse","floor":4.0,"turns":3.0},{"damage":8.0,"enemies":"Blue Slaver","floor":5.0,"turns":2.0},{"damage":32.0,"enemies":"Gremlin Nob","floor":7.0,"turns":5.0},{"damage":0.0,"enemies":"Lots of Slimes","floor":8.0,"turns":1.0},{"damage":15.0,"enemies":"Lagavulin","floor":11.0,"turns":7.0},{"damage":7.0,"enemies":"3 Louse","floor":13.0,"turns":3.0},{"damage":4.0,"enemies":"Red Slaver","floor":14.0,"turns":3.0},{"damage":20.0,"enemies":"The Guardian","floor":16.0,"turns":14.0},{"damage":20.0,"enemies":"Shell Parasite","floor":18.0,"turns":8.0},{"damage":19.0,"enemies":"2 Thieves","floor":20.0,"turns":4.0},{"damage":6.0,"enemies":"Snake Plant","floor":21.0,"turns":1.0},{"damage":4.0,"enemies":"Centurion and Healer","floor":22.0,"turns":5.0},{"damage":54.0,"enemies":"Gremlin Leader","floor":23.0,"turns":6.0},{"damage":16.0,"enemies":"Cultist and Chosen","floor":24.0,"turns":4.0},{"damage":10.0,"enemies":"Slavers","floor":27.0,"turns":3.0},{"damage":13.0,"enemies":"Gremlin Leader","floor":30.0,"turns":4.0},{"damage":3.0,"enemies":"Snake Plant","floor":31.0,"turns":4.0},{"damage":47.0,"enemies":"Champ","floor":33.0,"turns":12.0},{"damage":30.0,"enemies":"3 Darklings","floor":35.0,"turns":5.0},{"damage":6.0,"enemies":"2 Orb Walkers","floor":37.0,"turns":4.0},{"damage":3.0,"enemies":"Orb Walker","floor":38.0,"turns":3.0},{"damage":15.0,"enemies":"Nemesis","floor":40.0,"turns":9.0},{"damage":28.0,"enemies":"Maw","floor":41.0,"turns":6.0},{"damage":87.0,"enemies":"Reptomancer","floor":44.0,"turns":8.0},{"damage":6.0,"enemies":"Transient","floor":46.0,"turns":5.0},{"damage":6,"enemies":"Nemesis","floor":47,"turns":11},{"damage":11,"enemies":"Writhing Mass","floor":48,"turns":5},{"damage":34,"enemies":"Donu and Deca","floor":50,"turns":10}],"seed_played":"5994669207466459905","potions_obtained":[{"floor":4.0,"key":"BlessingOfTheForge"},{"floor":7.0,"key":"DuplicationPotion"},{"floor":8.0,"key":"Regen Potion"},{"floor":14.0,"key":"Strength Potion"},{"floor":18.0,"key":"SkillPotion"},{"floor":21.0,"key":"CultistPotion"},{"floor":23.0,"key":"Strength Potion"},{"floor":27.0,"key":"Swift Potion"},{"floor":35.0,"key":"Explosive Potion"},{"floor":37.0,"key":"SpeedPotion"},{"floor":47,"key":"Swift Potion"}],"is_trial":false,"path_per_floor":["M","M","?","M","M","R","E","M","T","R","E","?","M","M","R","B",null,"M","?","M","M","M","E","M","R","T","E","?","R","E","M","R","B",null,"M","?","?","M","$","E","M","R","T","E","R","M","E","M","R","B",null],"character_chosen":"IRONCLAD","items_purchased":["Shrug It Off","Secret Weapon","Bag of Preparation","Inflame"],"campfire_rested":5,"item_purchase_floors":[39,39,39,39],"current_hp_per_floor":[72,74,74,75,73,73,47,53,53,53,44,49,48,50,50,51,73,72,66,53,53,65,36,28,52,52,60,60,82,84,86,86,84,86,64,56,64,78,78,83,61,92,92,62,99,99,101,101,101,87],"gold":184,"neow_bonus":"RANDOM_COLORLESS_2","is_daily":false,"chose_seed":false,"campfire_upgraded":3,"win_rate":0.0,"timestamp":1614368347,"path_taken":["M","M","?","M","M","R","E","M","T","R","E","?","M","M","R","BOSS","M","?","M","M","M","E","M","R","T","E","?","R","E","M","R","BOSS","M","?","?","M","?","E","M","R","T","E","R","?","E","M","R","BOSS"],"items_purchased_type":["Card","Card","Relic","Card"],"build_version":"2020-12-22","purchased_purges":1,"victory":true,"max_hp_per_floor":[75,75,75,75,75,75,75,75,75,75,75,80,80,80,80,80,80,80,80,80,80,80,80,82,82,82,82,82,82,84,86,86,86,86,88,90,90,92,92,92,92,92,92,99,99,99,101,101,101,101],"relic_stats":{"Darkstone Periapt":0,"Regal Pillow":12,"Singing Bowl":14,"counters":[30,163],"Blue Candle":[0],"Bag of Preparation":[14],"Ginger":[7],"Boot":[53],"Burning Blood":159,"Centennial Puzzle":[72],"Pandora\u0027s Box":["Exhume","Demon Form","Sentinel","Sword Boomerang","Rage","Reckless Charge","True Grit","Shrug It Off","Inflame"],"obtain_stats":[{"Darkstone Periapt":47,"Regal Pillow":27,"Singing Bowl":23,"Blue Candle":7,"Bag of Preparation":39,"Ginger":37,"Boot":11,"Burning Blood":0,"Centennial Puzzle":9,"CaptainsWheel":30,"Strawberry":44,"Pandora\u0027s Box":34,"Fusion Hammer":17,"Bag of Marbles":40,"Unceasing Top":26},{"Darkstone Periapt":28,"Regal Pillow":17,"Singing Bowl":15,"Blue Candle":5,"Bag of Preparation":23,"Ginger":22,"Boot":7,"Burning Blood":0,"Centennial Puzzle":6,"CaptainsWheel":18,"Strawberry":26,"Pandora\u0027s Box":20,"Fusion Hammer":10,"Bag of Marbles":24,"Unceasing Top":16},{"Darkstone Periapt":148,"Regal Pillow":77,"Singing Bowl":70,"Blue Candle":18,"Bag of Preparation":109,"Ginger":106,"Boot":26,"Burning Blood":0,"Centennial Puzzle":19,"CaptainsWheel":81,"Strawberry":132,"Pandora\u0027s Box":97,"Fusion Hammer":46,"Bag of Marbles":118,"Unceasing Top":74}],"Unceasing Top":[20]},"card_choices":[{"not_picked":["Master of Strategy","Transmutation"],"picked":"Apotheosis","floor":0.0},{"not_picked":["Clash","Sword Boomerang"],"picked":"Clothesline","floor":1.0},{"not_picked":["Sword Boomerang","Pommel Strike"],"picked":"Flex","floor":2.0},{"not_picked":["Carnage","Clash"],"picked":"Fiend Fire","floor":4.0},{"not_picked":["Armaments","Burning Pact"],"picked":"Thunderclap","floor":5.0},{"not_picked":["Shrug It Off","Flex"],"picked":"Cleave","floor":7.0},{"not_picked":["Carnage","Havoc","Seeing Red"],"picked":"SKIP","floor":8.0},{"not_picked":["Rampage","Pummel","Iron Wave"],"picked":"SKIP","floor":11.0},{"not_picked":["Searing Blow","True Grit"],"picked":"Flame Barrier","floor":13.0},{"not_picked":["Rupture","Flex"],"picked":"Feel No Pain","floor":14.0},{"not_picked":["Double Tap","Bludgeon"],"picked":"Reaper","floor":16.0},{"not_picked":["Uppercut","Hemokinesis+1","Clothesline"],"picked":"SKIP","floor":18.0},{"not_picked":["Flex","Bloodletting+1","Wild Strike"],"picked":"SKIP","floor":20.0},{"not_picked":["Flex","Wild Strike"],"picked":"Bloodletting+1","floor":20.0},{"not_picked":["Headbutt+1","Flex","Cleave"],"picked":"SKIP","floor":21.0},{"not_picked":["Clothesline","Blood for Blood"],"picked":"True Grit+1","floor":22.0},{"not_picked":["Havoc","Dark Embrace"],"picked":"Limit Break","floor":23.0},{"not_picked":["Searing Blow","Bloodletting","Feel No Pain"],"picked":"Singing Bowl","floor":24.0},{"not_picked":["Armaments","Thunderclap"],"picked":"Disarm","floor":27.0},{"not_picked":["Uppercut","Cleave","Heavy Blade"],"picked":"Singing Bowl","floor":30.0},{"not_picked":["Clothesline+1","Inflame","Pommel Strike"],"picked":"Singing Bowl","floor":31.0},{"not_picked":["Brutality","Corruption"],"picked":"Barricade","floor":33.0},{"not_picked":["Combust","Anger","Thunderclap+1"],"picked":"Singing Bowl","floor":35.0},{"not_picked":["The Bomb","Blind"],"picked":"Good Instincts","floor":36.0},{"not_picked":["Mind Blast","Deep Breath"],"picked":"Thinking Ahead","floor":36.0},{"not_picked":["Bandage Up","Purity","Mind Blast"],"picked":"Singing Bowl","floor":36.0},{"not_picked":["Wild Strike+1","Armaments"],"picked":"Ghostly Armor","floor":37.0},{"not_picked":["Heavy Blade+1","Clothesline","Dark Embrace"],"picked":"Singing Bowl","floor":38.0},{"not_picked":["Flex","Bloodletting"],"picked":"Juggernaut","floor":40.0},{"not_picked":["Clash+1","Whirlwind"],"picked":"Heavy Blade+1","floor":41.0},{"not_picked":["Thunderclap","Warcry"],"picked":"Pommel Strike","floor":44.0},{"not_picked":["Clash","Perfected Strike"],"picked":"Battle Trance","floor":46.0},{"not_picked":["Infernal Blade+1","Rage","Power Through"],"picked":"Singing Bowl","floor":47},{"not_picked":["Cleave","Armaments"],"picked":"Sentinel+1","floor":48}],"player_experience":565176,"relics_obtained":[{"floor":7.0,"key":"Blue Candle"},{"floor":9.0,"key":"Centennial Puzzle"},{"floor":11.0,"key":"Boot"},{"floor":23.0,"key":"Singing Bowl"},{"floor":26.0,"key":"Unceasing Top"},{"floor":27.0,"key":"Regal Pillow"},{"floor":30.0,"key":"CaptainsWheel"},{"floor":37.0,"key":"Ginger"},{"floor":40.0,"key":"Bag of Marbles"},{"floor":44.0,"key":"Strawberry"},{"floor":47,"key":"Darkstone Periapt"}],"event_choices":[{"damage_healed":0.0,"max_hp_gain":0.0,"max_hp_loss":0.0,"gold_gain":0.0,"event_name":"Living Wall","player_choice":"Grow","floor":3.0,"gold_loss":0.0,"damage_taken":0.0,"cards_upgraded":["Apotheosis"]},{"damage_healed":0.0,"max_hp_gain":5.0,"max_hp_loss":0.0,"gold_gain":0.0,"event_name":"Big Fish","player_choice":"Donut","floor":12.0,"gold_loss":0.0,"damage_taken":0.0},{"damage_healed":0.0,"max_hp_gain":0.0,"max_hp_loss":0.0,"gold_gain":0.0,"event_name":"Nest","player_choice":"Joined the Cult","floor":19.0,"gold_loss":0.0,"damage_taken":6.0,"cards_obtained":["RitualDagger"]},{"damage_healed":0.0,"max_hp_gain":0.0,"max_hp_loss":0.0,"gold_gain":0.0,"event_name":"Drug Dealer","player_choice":"Obtain J.A.X.","floor":28.0,"gold_loss":0.0,"damage_taken":0.0,"cards_obtained":["J.A.X."]},{"damage_healed":0.0,"max_hp_gain":0.0,"max_hp_loss":0.0,"gold_gain":0.0,"event_name":"SensoryStone","player_choice":"Memory 3","floor":36.0,"gold_loss":0.0,"damage_taken":10.0},{"damage_healed":0.0,"max_hp_gain":0.0,"max_hp_loss":0.0,"gold_gain":0.0,"event_name":"Mysterious Sphere","player_choice":"Fight","floor":37.0,"gold_loss":0.0,"damage_taken":0.0}],"is_beta":false,"boss_relics":[{"not_picked":["Snecko Eye","SlaversCollar"],"picked":"Fusion Hammer"},{"not_picked":["Sozu","Runic Cube"],"picked":"Pandora\u0027s Box"}],"items_purged_floors":[39],"is_endless":false,"potions_floor_spawned":[4,7,8,14,18,21,23,27,35,37,47],"ascension_level":14}}