{"host":"o88u0awh8mkwl1l8","time":1614306075,"event":{"mods":["BaseMod","Colored Map","Highlight Path","Minty Spire (QoL Compilation)","Relic Sorter"],"gold_per_floor":[110,110,385,404,416,416,443,443,443,463,123,143,167,192,192,265,265,279,179,191,202,218,230,264,264,264,264,279,311,323,335,335,408,408,422,126,139,164,179,208,224,249,249,259,259,277,297,328,328,328,328],"floor_reached":50,"language":"JPN","playtime":4685,"items_purged":["Regret","Strike_P","Strike_P"],"score":1480,"play_id":"e0afb37e-7c24-49a9-8830-944cba97277d","local_time":"20210226112115","is_ascension_mode":true,"campfire_choices":[{"data":"Judgement","floor":6.0,"key":"SMITH"},{"floor":8.0,"key":"REST"},{"data":"Apotheosis","floor":15.0,"key":"SMITH"},{"floor":25.0,"key":"REST"},{"floor":32,"key":"RECALL"},{"floor":45,"key":"REST"},{"floor":49,"key":"REST"}],"circlet_count":0,"master_deck":["AscendersBane","Strike_P","Strike_P","Defend_P","Defend_P","Defend_P","Defend_P","Eruption","Vigilance","Judgement+1","EmptyFist","Tantrum","FearNoEvil","MentalFortress","MentalFortress","Apotheosis+1","FlurryOfBlows","Evaluate","Scrawl","Conclude","FearNoEvil","MentalFortress","EmptyFist","EmptyMind","DevaForm","Purity","Adaptation","Adaptation+1","TalkToTheHand","SashWhip+1","Vault","Indignation"],"relics":["PureWater","Nunchaku","StoneCalendar","Question Card","Meat on the Bone","Bag of Preparation","FossilizedHelix","Fusion Hammer","Pantograph","Akabeko","Runic Pyramid","Prayer Wheel","Bottled Flame","Boot"],"acts_visited":["Exordium","TheCity","TheBeyond"],"potions_floor_usage":[50],"damage_taken":[{"damage":0.0,"enemies":"Cultist","floor":1.0,"turns":2.0},{"damage":5.0,"enemies":"Jaw Worm","floor":4.0,"turns":3.0},{"damage":0.0,"enemies":"2 Louse","floor":5.0,"turns":2.0},{"damage":19.0,"enemies":"Gremlin Nob","floor":7.0,"turns":3.0},{"damage":6.0,"enemies":"2 Fungi Beasts","floor":10.0,"turns":4.0},{"damage":2.0,"enemies":"Exordium Wildlife","floor":12.0,"turns":3.0},{"damage":4.0,"enemies":"Lagavulin","floor":14.0,"turns":5.0},{"damage":18.0,"enemies":"Hexaghost","floor":16.0,"turns":6.0},{"damage":0.0,"enemies":"Shell Parasite","floor":18.0,"turns":3.0},{"damage":0.0,"enemies":"Chosen","floor":20.0,"turns":2.0},{"damage":14.0,"enemies":"Shelled Parasite and Fungi","floor":21.0,"turns":3.0},{"damage":0.0,"enemies":"Snake Plant","floor":22.0,"turns":3.0},{"damage":0.0,"enemies":"Sentry and Sphere","floor":23.0,"turns":2.0},{"damage":0.0,"enemies":"Slavers","floor":24.0,"turns":4.0},{"damage":0.0,"enemies":"Snecko","floor":28.0,"turns":5.0},{"damage":0.0,"enemies":"Book of Stabbing","floor":29.0,"turns":3.0},{"damage":0,"enemies":"Shelled Parasite and Fungi","floor":30,"turns":2},{"damage":0,"enemies":"Centurion and Healer","floor":31,"turns":4},{"damage":0,"enemies":"Champ","floor":33,"turns":8},{"damage":0,"enemies":"Orb Walker","floor":35,"turns":3},{"damage":0,"enemies":"3 Shapes","floor":37,"turns":4},{"damage":0,"enemies":"Mind Bloom Boss Battle","floor":38,"turns":3},{"damage":0,"enemies":"Spire Growth","floor":39,"turns":4},{"damage":14,"enemies":"Nemesis","floor":40,"turns":5},{"damage":0,"enemies":"3 Darklings","floor":41,"turns":4},{"damage":0,"enemies":"Reptomancer","floor":42,"turns":4},{"damage":0,"enemies":"4 Shapes","floor":44,"turns":2},{"damage":0,"enemies":"Sphere and 2 Shapes","floor":46,"turns":5},{"damage":12,"enemies":"Writhing Mass","floor":47,"turns":5},{"damage":0,"enemies":"Nemesis","floor":48,"turns":6},{"damage":85,"enemies":"Time Eater","floor":50,"turns":5}],"seed_played":"2405094489431588559","potions_obtained":[{"floor":4.0,"key":"SkillPotion"},{"floor":14.0,"key":"LiquidMemories"},{"floor":16.0,"key":"Strength Potion"},{"floor":20.0,"key":"EssenceOfSteel"},{"floor":21.0,"key":"Swift Potion"},{"floor":33,"key":"Swift Potion"},{"floor":38,"key":"FearPotion"}],"is_trial":false,"path_per_floor":["M","?","?","M","M","R","E","R","T","M","$","M","T","E","R","B",null,"M","$","M","M","M","M","E","R","T","?","M","E","M","M","R","B",null,"M","$","M","?","M","E","M","E","T","M","R","M","M","E","R","B"],"character_chosen":"WATCHER","items_purchased":["Apotheosis","PowerPotion","Purity","Adaptation"],"campfire_rested":4,"item_purchase_floors":[11,11,36,36],"current_hp_per_floor":[43,38,38,33,33,33,14,34,34,40,40,38,38,46,46,40,61,61,61,61,47,47,47,47,67,67,67,67,67,67,67,67,68,68,68,68,68,68,68,54,54,54,54,54,68,68,56,56,68,0,0],"gold":328,"neow_bonus":"THREE_RARE_CARDS","is_daily":false,"chose_seed":false,"campfire_upgraded":2,"win_rate":0.0,"timestamp":1614306075,"path_taken":["M","?","?","M","M","R","E","R","T","M","$","?","?","E","R","BOSS","M","$","M","M","?","M","E","R","T","?","M","E","M","M","R","BOSS","M","$","M","?","M","E","M","E","T","M","R","M","M","E","R","BOSS"],"items_purchased_type":["Card","Potion","Card","Card"],"build_version":"2020-12-22","purchased_purges":3,"victory":false,"max_hp_per_floor":[68,68,68,68,68,68,68,68,68,68,68,68,68,68,68,68,68,68,68,68,68,68,68,68,68,68,68,68,68,68,68,68,68,68,68,68,68,68,68,68,68,68,68,68,68,68,68,68,68,68,68],"card_choices":[{"not_picked":["Scrawl","Vault"],"picked":"Judgement","floor":0.0},{"not_picked":["SashWhip","Prostrate"],"picked":"EmptyFist","floor":1.0},{"not_picked":["Protect","EmptyBody"],"picked":"Tantrum","floor":4.0},{"not_picked":["PathToVictory","CrushJoints"],"picked":"FearNoEvil","floor":5.0},{"not_picked":["EmptyBody","ConjureBlade"],"picked":"MentalFortress","floor":7.0},{"not_picked":["Pray","EmptyBody","Halt"],"picked":"MentalFortress","floor":10.0},{"not_picked":["ClearTheMind","Protect","Collect"],"picked":"FlurryOfBlows","floor":12.0},{"not_picked":["EmptyFist","FollowUp","ReachHeaven"],"picked":"Evaluate","floor":14.0},{"not_picked":["Alpha","DevaForm","Wish"],"picked":"Scrawl","floor":16.0},{"not_picked":["Sanctity","PathToVictory","Halt"],"picked":"Conclude","floor":18.0},{"not_picked":["BowlingBash","MentalFortress","Prostrate+1","Evaluate"],"picked":"SKIP","floor":20.0},{"not_picked":["FlyingSleeves","BowlingBash","LikeWater+1"],"picked":"FearNoEvil","floor":21.0},{"not_picked":["SignatureMove+1","EmptyFist","Prostrate+1","BowlingBash"],"picked":"SKIP","floor":22.0},{"not_picked":["EmptyBody","Consecrate","SashWhip","JustLucky+1"],"picked":"SKIP","floor":23.0},{"not_picked":["ClearTheMind","Prostrate","Alpha"],"picked":"MentalFortress","floor":24.0},{"not_picked":["Vengeance","PathToVictory","Conclude","JustLucky+1"],"picked":"SKIP","floor":28.0},{"not_picked":["FlyingSleeves","CarveReality","Conclude","Sanctity"],"picked":"SKIP","floor":29.0},{"not_picked":["Consecrate+1","WindmillStrike","SashWhip"],"picked":"EmptyFist","floor":30},{"not_picked":["EmptyFist","ThirdEye","Evaluate"],"picked":"EmptyMind","floor":31},{"not_picked":["Wish","Ragnarok","ConjureBlade"],"picked":"DevaForm","floor":33},{"not_picked":["Perseverance","CrushJoints","Evaluate","Meditate"],"picked":"SKIP","floor":35},{"not_picked":["EmptyFist+1","Halt","CutThroughFate"],"picked":"Adaptation+1","floor":37},{"not_picked":["Prostrate","BowlingBash","Vengeance+1","Evaluate"],"picked":"SKIP","floor":39},{"not_picked":["Swivel","BowlingBash","CutThroughFate","JustLucky"],"picked":"SKIP","floor":39},{"not_picked":["Protect","JustLucky","Prostrate"],"picked":"TalkToTheHand","floor":40},{"not_picked":["LikeWater","PathToVictory","Worship"],"picked":"SashWhip+1","floor":41},{"not_picked":["ReachHeaven","FlyingSleeves","Sanctity","EmptyBody"],"picked":"SKIP","floor":41},{"not_picked":["JustLucky","Adaptation+1","Protect"],"picked":"Vault","floor":42},{"not_picked":["WreathOfFlame","JustLucky","FollowUp+1","CrushJoints"],"picked":"SKIP","floor":44},{"not_picked":["Crescendo","FlurryOfBlows","Indignation","Protect"],"picked":"SKIP","floor":44},{"not_picked":["ThirdEye+1","Collect","SashWhip","Halt"],"picked":"SKIP","floor":46},{"not_picked":["Devotion","PathToVictory","Collect","Protect+1"],"picked":"SKIP","floor":46},{"not_picked":["Protect+1","ClearTheMind","CutThroughFate+1"],"picked":"Indignation","floor":47},{"not_picked":["Prostrate+1","Perseverance+1","Nirvana","Adaptation"],"picked":"SKIP","floor":47},{"not_picked":["WindmillStrike+1","ThirdEye","Sanctity","Conclude"],"picked":"SKIP","floor":48}],"player_experience":1354583,"relics_obtained":[{"floor":7.0,"key":"Question Card"},{"floor":9.0,"key":"Meat on the Bone"},{"floor":13.0,"key":"Bag of Preparation"},{"floor":14.0,"key":"FossilizedHelix"},{"floor":24.0,"key":"Pantograph"},{"floor":26.0,"key":"StoneCalendar"},{"floor":29.0,"key":"Akabeko"},{"floor":38,"key":"Prayer Wheel"},{"floor":40,"key":"Nunchaku"},{"floor":42,"key":"Bottled Flame"},{"floor":48,"key":"Boot"}],"event_choices":[{"damage_healed":0.0,"max_hp_gain":0.0,"max_hp_loss":0.0,"gold_gain":0.0,"event_name":"Scrap Ooze","player_choice":"Fled","floor":2.0,"gold_loss":0.0,"damage_taken":5.0},{"damage_healed":0.0,"max_hp_gain":0.0,"max_hp_loss":0.0,"gold_gain":275.0,"event_name":"Golden Shrine","player_choice":"Desecrate","floor":3.0,"gold_loss":0.0,"damage_taken":0.0,"cards_obtained":["Regret"]},{"damage_healed":0.0,"max_hp_gain":0.0,"max_hp_loss":0.0,"gold_gain":0.0,"event_name":"Ghosts","player_choice":"Ignored","floor":27.0,"gold_loss":0.0,"damage_taken":0.0},{"damage_healed":0,"gold_gain":0,"player_choice":"Fight","damage_taken":0,"max_hp_gain":0,"max_hp_loss":0,"event_name":"MindBloom","floor":38,"gold_loss":0}],"is_beta":false,"boss_relics":[{"not_picked":["Astrolabe","Runic Dome"],"picked":"Fusion Hammer"},{"not_picked":["Empty Cage","Pandora\u0027s Box"],"picked":"Runic Pyramid"}],"items_purged_floors":[11,19,36],"is_endless":false,"potions_floor_spawned":[4,14,16,20,21,23,24,33,38,39,41,46],"killed_by":"Time Eater","ascension_level":20}}