{"host":"dqv8oo4v229c1o2l","time":1614316657,"event":{"mods":["AchievementEnabler","BaseMod","Colored Map","Colored Powertips","Minty Spire (QoL Compilation)","Quick Restart","Rare Cards Sparkle","StSLib","Synergy Search"],"gold_per_floor":[111,126,126,146,99,99,114,143,143,143,161,171,171,196,196,300,300,310,135,154,173,173,173],"floor_reached":22,"language":"ENG","playtime":2118,"items_purged":[],"score":307,"play_id":"b59f798a-8a56-47b2-8c48-a53669801aa2","local_time":"20210225211737","is_ascension_mode":true,"campfire_choices":[{"data":"Coolheaded","floor":6,"key":"SMITH"},{"floor":10,"key":"REST"},{"floor":13,"key":"REST"},{"floor":15,"key":"REST"}],"circlet_count":0,"master_deck":["AscendersBane","Strike_B","Strike_B","Strike_B","Defend_B","Defend_B","Defend_B","Defend_B","Zap","Dualcast","Ball Lightning","Coolheaded+1","Ball Lightning","Doom and Gloom","Aggregate","Hologram","Streamline","Scrape","Thunder Strike","Melter","Leap","Streamline","Conserve Battery"],"relics":["Snecko Eye","Blue Candle","Pantograph","Nunchaku","Nuclear Battery","ClockworkSouvenir"],"acts_visited":["Exordium","TheCity"],"potions_floor_usage":[],"damage_taken":[{"damage":16,"enemies":"Jaw Worm","floor":1,"turns":5},{"damage":0,"enemies":"Cultist","floor":2,"turns":3},{"damage":11,"enemies":"Small Slimes","floor":4,"turns":4},{"damage":9,"enemies":"Looter","floor":7,"turns":3},{"damage":23,"enemies":"3 Sentries","floor":8,"turns":5},{"damage":10,"enemies":"Gremlin Gang","floor":11,"turns":3},{"damage":3,"enemies":"Blue Slaver","floor":12,"turns":2},{"damage":12,"enemies":"Gremlin Nob","floor":14,"turns":3},{"damage":65,"enemies":"Hexaghost","floor":16,"turns":8},{"damage":28,"enemies":"Shell Parasite","floor":18,"turns":5},{"damage":10,"enemies":"3 Byrds","floor":20,"turns":4},{"damage":19,"enemies":"Snake Plant","floor":21,"turns":3}],"seed_played":"-1253678318070979060","potions_obtained":[{"floor":8,"key":"SteroidPotion"},{"floor":12,"key":"BlessingOfTheForge"}],"is_trial":false,"path_per_floor":["M","M","?","M","$","R","M","E","T","R","M","M","R","E","R","B",null,"M","$","M","M","?"],"character_chosen":"DEFECT","items_purchased":["Ball Lightning","Leap","ClockworkSouvenir"],"campfire_rested":3,"item_purchase_floors":[5,19,19],"current_hp_per_floor":[52,52,52,41,41,41,32,9,9,31,21,18,40,28,50,10,59,31,31,21,2,0,0],"gold":173,"neow_bonus":"BOSS_RELIC","is_daily":false,"chose_seed":false,"campfire_upgraded":1,"win_rate":0.0,"timestamp":1614316657,"path_taken":["M","M","?","M","$","R","M","E","T","R","M","?","R","E","R","BOSS","M","$","M","M","?"],"items_purchased_type":["Card","Card","Relic"],"build_version":"2020-12-22","purchased_purges":0,"victory":false,"max_hp_per_floor":[75,75,75,75,75,75,75,75,75,75,75,75,75,75,75,75,75,75,75,75,75,75,75],"card_choices":[{"not_picked":["Go for the Eyes","Leap"],"picked":"Ball Lightning","floor":1},{"not_picked":["Cold Snap","Hologram"],"picked":"Coolheaded","floor":2},{"not_picked":["Beam Cell","Cold Snap","Hologram"],"picked":"SKIP","floor":4},{"not_picked":["Cold Snap","Go for the Eyes"],"picked":"Doom and Gloom","floor":7},{"not_picked":["Rip and Tear","Beam Cell"],"picked":"Aggregate","floor":8},{"not_picked":["Leap","Stack"],"picked":"Hologram","floor":11},{"not_picked":["Compile Driver","Lockon"],"picked":"Streamline","floor":12},{"not_picked":["Genetic Algorithm","Darkness"],"picked":"Scrape","floor":14},{"not_picked":["Core Surge","Rainbow"],"picked":"Thunder Strike","floor":16},{"not_picked":["Stack","Cold Snap+1"],"picked":"Melter","floor":18},{"not_picked":["Barrage","Redo+1"],"picked":"Streamline","floor":20},{"not_picked":["Barrage","Steam+1"],"picked":"Conserve Battery","floor":21}],"player_experience":349009,"relics_obtained":[{"floor":8,"key":"Blue Candle"},{"floor":9,"key":"Pantograph"},{"floor":14,"key":"Nunchaku"}],"event_choices":[{"cards_removed":["Strike_B"],"damage_healed":0,"gold_gain":0,"player_choice":"Card Removal","damage_taken":0,"max_hp_gain":0,"max_hp_loss":0,"event_name":"Wheel of Change","floor":3,"gold_loss":0},{"damage_healed":0,"gold_gain":0,"player_choice":"Joined the Cult","damage_taken":6,"max_hp_gain":0,"max_hp_loss":0,"event_name":"Nest","floor":22,"gold_loss":0,"cards_obtained":["RitualDagger"]}],"is_beta":false,"boss_relics":[{"not_picked":["Runic Pyramid","Fusion Hammer"],"picked":"Nuclear Battery"}],"items_purged_floors":[],"is_endless":false,"potions_floor_spawned":[8,12,14,18,21],"ascension_level":11}}