{"host":"cfv8orgc8997ql4r","time":1614350196,"event":{"mods":["AchievementEnabler","BaseMod","DeckTracker","Keyboard Shortcuts","Minty Spire (QoL Compilation)"],"gold_per_floor":[111,33,33,46,46,72,72,90,113,113,128,145,175,175,175,271,271,284,284,284],"floor_reached":19,"language":"KOR","playtime":429,"items_purged":[],"score":192,"play_id":"d54d0a5a-5c84-44b4-9ce2-96c35a58240d","local_time":"20210226233636","is_ascension_mode":false,"campfire_choices":[{"data":"Zap","floor":10,"key":"SMITH"},{"data":"Defragment","floor":15,"key":"SMITH"}],"circlet_count":0,"master_deck":["Strike_B","Strike_B","Strike_B","Strike_B","Defend_B","Defend_B","Defend_B","Zap+1","Dualcast","Coolheaded","Blizzard","Self Repair","Defragment","Defragment+1","Seek","Reinforced Body"],"relics":["Cracked Core","NeowsBlessing","Blood Vial","Orichalcum","Odd Mushroom","Philosopher\u0027s Stone"],"acts_visited":["Exordium","TheCity"],"potions_floor_usage":[13,16],"damage_taken":[{"damage":0.0,"enemies":"Small Slimes","floor":1.0,"turns":1.0},{"damage":0,"enemies":"2 Louse","floor":4,"turns":1},{"damage":0,"enemies":"Lagavulin","floor":6,"turns":1},{"damage":1,"enemies":"Cultist","floor":8,"turns":3},{"damage":7,"enemies":"3 Louse","floor":11,"turns":4},{"damage":5,"enemies":"Lots of Slimes","floor":12,"turns":4},{"damage":14,"enemies":"The Mushroom Lair","floor":13,"turns":5},{"damage":25,"enemies":"Slime Boss","floor":16,"turns":12},{"damage":16,"enemies":"Spheric Guardian","floor":18,"turns":5},{"damage":0,"enemies":"3 Byrds","floor":19,"turns":1}],"seed_played":"-8041800108829842030","potions_obtained":[{"floor":4,"key":"GamblersBrew"},{"floor":8,"key":"FocusPotion"},{"floor":12,"key":"GamblersBrew"}],"is_trial":false,"path_per_floor":["M","$","?","M","$","E","?","M","T","R","M","M","?","?","R","B",null,"M","M"],"character_chosen":"DEFECT","items_purchased":["Blizzard"],"campfire_rested":0,"item_purchase_floors":[2],"current_hp_per_floor":[75,75,68,68,68,68,73,74,74,74,76,80,73,73,73,57,80,71,73,73],"gold":284,"neow_bonus":"THREE_ENEMY_KILL","is_daily":false,"chose_seed":false,"campfire_upgraded":2,"win_rate":0.0,"timestamp":1614350196,"path_taken":["M","$","?","M","$","E","?","M","T","R","M","M","?","?","R","BOSS","M","?"],"items_purchased_type":["Card"],"build_version":"2020-12-22","purchased_purges":0,"victory":false,"max_hp_per_floor":[75,75,75,75,75,75,80,80,80,80,80,80,80,80,80,80,80,80,80,80],"card_choices":[{"not_picked":["Leap","Double Energy"],"picked":"Coolheaded","floor":1},{"not_picked":["Compile Driver","Fusion"],"picked":"Self Repair","floor":4},{"not_picked":["Streamline","Steam Power"],"picked":"Defragment","floor":6},{"not_picked":["Steam","Redo"],"picked":"Defragment","floor":8},{"not_picked":["Self Repair","Recycle","Creative AI"],"picked":"SKIP","floor":11},{"not_picked":["Self Repair","Beam Cell","Genetic Algorithm"],"picked":"SKIP","floor":12},{"not_picked":["Creative AI","Rainbow"],"picked":"Seek","floor":16},{"not_picked":["Compile Driver","Sweeping Beam"],"picked":"Reinforced Body","floor":18}],"player_experience":216907,"relics_obtained":[{"floor":6,"key":"Blood Vial"},{"floor":9,"key":"Orichalcum"},{"floor":13,"key":"Odd Mushroom"}],"event_choices":[{"cards_removed":["Defend_B"],"damage_healed":0,"gold_gain":0,"player_choice":"Card Removal","damage_taken":7,"max_hp_gain":0,"max_hp_loss":0,"event_name":"Golden Wing","floor":3,"gold_loss":0},{"damage_healed":0,"gold_gain":0,"player_choice":"Donut","damage_taken":0,"max_hp_gain":5,"max_hp_loss":0,"event_name":"Big Fish","floor":7,"gold_loss":0},{"damage_healed":0,"gold_gain":0,"player_choice":"Fought Mushrooms","damage_taken":0,"max_hp_gain":0,"max_hp_loss":0,"event_name":"Mushrooms","floor":13,"gold_loss":0},{"damage_healed":0,"gold_gain":0,"player_choice":"Ignored","damage_taken":0,"max_hp_gain":0,"max_hp_loss":0,"event_name":"NoteForYourself","floor":14,"gold_loss":0}],"is_beta":false,"boss_relics":[{"not_picked":["Snecko Eye","Sozu"],"picked":"Philosopher\u0027s Stone"}],"items_purged_floors":[],"is_endless":false,"potions_floor_spawned":[4,8,12],"killed_by":"3 Byrds","ascension_level":0}}