{"host":"s0y72fk20o7gee70","time":1614361275,"event":{"mods":["BaseMod","Conspire","Infinite Spire","Minty Spire (QoL Compilation)","Replay The Spire","StSLib","SuperFastMode"],"gold_per_floor":[115,115,115,115,129,154,75,107,133,197,223,223,233,33,33,128,128,146,158,178,178,178,208,220,245,257,282,294,335,347,347],"floor_reached":30,"language":"ENG","playtime":2153,"items_purged":[],"score":361,"play_id":"420e71c9-4670-4668-bf7a-ba9770c8dfe3","local_time":"20210226144115","is_ascension_mode":false,"campfire_choices":[{"data":"Feel No Pain","floor":15.0,"key":"SMITH"}],"circlet_count":0,"master_deck":["conspire:GhostlyStrike","conspire:GhostlyStrike","conspire:GhostlyStrike","conspire:GhostlyStrike","conspire:GhostlyStrike","conspire:GhostlyDefend","conspire:GhostlyDefend","conspire:GhostlyDefend","conspire:GhostlyDefend","Bash","Flex","infinitespire:SevenWalls+1","Metallicize","ReplayTheSpireMod:Muscle Training","Flex","Replay:Undeath\u0027s Touch+1","Intimidate","Feel No Pain+1","Infernal Blade","Dual Wield","Dual Wield","Demon Form","Reckless Charge"],"relics":["Burning Blood","NeowsBlessing","Anchor","infinitespire:Satchel","Replay:Baseball","Bag of Marbles","TheAbacus","Runic Pyramid","Replay:Blank Codex","MawBank","Frozen Egg 2","infinitespire:Beetle Shell"],"acts_visited":["Exordium","TheCity"],"potions_floor_usage":[30],"damage_taken":[{"damage":0.0,"enemies":"Small Slimes","floor":1.0,"turns":1.0},{"damage":0.0,"enemies":"2 Louse","floor":5.0,"turns":1.0},{"damage":0.0,"enemies":"Gremlin Nob","floor":6.0,"turns":1.0},{"damage":16.0,"enemies":"Lagavulin","floor":8.0,"turns":5.0},{"damage":12.0,"enemies":"Gremlin Nob","floor":11.0,"turns":4.0},{"damage":1.0,"enemies":"Cultist","floor":13.0,"turns":2.0},{"damage":28.0,"enemies":"Slime Boss","floor":16.0,"turns":9.0},{"damage":1.0,"enemies":"Shell Parasite","floor":18.0,"turns":5.0},{"damage":0.0,"enemies":"Chosen","floor":19.0,"turns":3.0},{"damage":16.0,"enemies":"Shelled Parasite and Fungi","floor":20.0,"turns":6.0},{"damage":6.0,"enemies":"Gremlin Leader","floor":23.0,"turns":4.0},{"damage":1.0,"enemies":"Centurion and Healer","floor":25.0,"turns":5.0},{"damage":4.0,"enemies":"Snecko","floor":27.0,"turns":6.0},{"damage":40.0,"enemies":"conspire:Head Lice","floor":29.0,"turns":6.0},{"damage":19,"enemies":"Shelled Parasite and Fungi","floor":30,"turns":3}],"seed_played":"-6068813527933084142","potions_obtained":[{"floor":1.0,"key":"BlessingOfTheForge"},{"floor":11.0,"key":"LiquidBronze"},{"floor":13.0,"key":"GamblersBrew"},{"floor":29.0,"key":"PowerPotion"}],"is_trial":false,"path_per_floor":["M","?","?","$","M","E","$","E","T","?","E","?","M","$","R","B",null,"M","M","M","?","?","E","?","M","T","M","?","E","M"],"character_chosen":"IRONCLAD","items_purchased":["Flex","Replay:Undeath\u0027s Touch+1","Dual Wield","TheAbacus"],"campfire_rested":0,"item_purchase_floors":[7,7,14,14],"current_hp_per_floor":[80,60,60,60,66,72,72,62,62,62,56,56,61,61,61,39,80,80,80,70,54,54,54,39,44,44,46,46,12,0,0],"gold":347,"neow_bonus":"THREE_ENEMY_KILL","is_daily":false,"chose_seed":false,"campfire_upgraded":1,"win_rate":0.0,"timestamp":1614361275,"path_taken":["M","?","?","$","M","E","$","E","T","?","E","?","?","$","R","BOSS","M","M","M","?","?","E","?","M","T","M","?","E","M"],"items_purchased_type":["Card","Card","Card","Relic"],"build_version":"2020-12-13","purchased_purges":0,"victory":false,"max_hp_per_floor":[80,80,80,80,80,80,80,80,80,80,80,80,80,80,80,80,80,80,80,80,80,80,80,85,85,85,85,85,85,85,85],"card_choices":[{"not_picked":["Clothesline","Sword Boomerang"],"picked":"Flex","floor":1.0},{"not_picked":["infinitespire:Menacing","infinitespire:Oblivion"],"picked":"infinitespire:SevenWalls","floor":2.0},{"not_picked":["Shockwave","infinitespire:OneForAll"],"picked":"Metallicize","floor":5.0},{"not_picked":["Cleave","Flex"],"picked":"ReplayTheSpireMod:Muscle Training","floor":6.0},{"not_picked":["Armaments","Hemogenesis"],"picked":"Intimidate","floor":8.0},{"not_picked":["True Grit","Flex"],"picked":"Feel No Pain","floor":11.0},{"not_picked":["ReplayTheSpireMod:Stacked","Warcry"],"picked":"Infernal Blade","floor":13.0},{"not_picked":["Armaments","Thunderclap","Sword Boomerang"],"picked":"SKIP","floor":18.0},{"not_picked":["Burning Pact","Run Through+1","Clash"],"picked":"SKIP","floor":19.0},{"not_picked":["Sword Boomerang","Run Through+1","Iron Wave+1"],"picked":"SKIP","floor":20.0},{"not_picked":["Barricade","Disarm+1"],"picked":"Demon Form","floor":23.0},{"not_picked":["Rampage","Headbutt"],"picked":"Reckless Charge","floor":25.0},{"not_picked":["Body Slam","Cleave","True Grit"],"picked":"SKIP","floor":27.0},{"not_picked":["conspire:Purge","Twin Strike","Sword Boomerang+1"],"picked":"SKIP","floor":29.0}],"player_experience":7093,"relics_obtained":[{"floor":6.0,"key":"Anchor"},{"floor":8.0,"key":"infinitespire:Satchel"},{"floor":9.0,"key":"Replay:Baseball"},{"floor":11.0,"key":"Bag of Marbles"},{"floor":21.0,"key":"Replay:Blank Codex"},{"floor":23.0,"key":"MawBank"},{"floor":26.0,"key":"Frozen Egg 2"},{"floor":29.0,"key":"infinitespire:Beetle Shell"}],"event_choices":[{"damage_healed":0.0,"max_hp_gain":0.0,"max_hp_loss":0.0,"gold_gain":0.0,"event_name":"conspire:LoneGhost","player_choice":"Agree","floor":3.0,"gold_loss":0.0,"damage_taken":0.0},{"damage_healed":0.0,"max_hp_gain":0.0,"max_hp_loss":0.0,"gold_gain":64.0,"event_name":"Golden Wing","player_choice":"Gained Gold","floor":10.0,"gold_loss":0.0,"damage_taken":0.0},{"damage_healed":0.0,"max_hp_gain":0.0,"max_hp_loss":0.0,"gold_gain":0.0,"event_name":"Upgrade Shrine","player_choice":"Upgraded","floor":12.0,"gold_loss":0.0,"damage_taken":0.0,"cards_upgraded":["infinitespire:SevenWalls"]},{"damage_healed":0.0,"max_hp_gain":0.0,"max_hp_loss":0.0,"gold_gain":0.0,"event_name":"Cursed Tome","player_choice":"Obtained Book","floor":21.0,"gold_loss":0.0,"damage_taken":16.0},{"damage_healed":0.0,"max_hp_gain":5.0,"max_hp_loss":0.0,"gold_gain":0.0,"event_name":"Forgotten Altar","player_choice":"Shed Blood","floor":24.0,"gold_loss":0.0,"damage_taken":20.0},{"damage_healed":0.0,"max_hp_gain":0.0,"max_hp_loss":0.0,"gold_gain":0.0,"event_name":"Vampires","player_choice":"Ignored","floor":28.0,"gold_loss":0.0,"damage_taken":0.0}],"is_beta":false,"boss_relics":[{"not_picked":["Sozu","Replay:Wanted Poster"],"picked":"Runic Pyramid"}],"items_purged_floors":[],"is_endless":false,"potions_floor_spawned":[1,11,13,27,29],"killed_by":"Shelled Parasite and Fungi","ascension_level":0}}