{"host":"5tir6155jnoxijqh","time":1614318093,"event":{"mods":["Act Like it!","Arknights","BaseMod","Downfall","Hermit","Library of Ruina","Library of Ruina Extra","Minty Spire (QoL Compilation)","MostiFishMod","Shop Mod","Spicy Shops","StSLib","WarShipGirlsR/’ΩΩ¢…Ÿ≈ÆR mod"],"gold_per_floor":[0,14,14,26,26,43,69,69,79,79,97,97,97],"floor_reached":12,"language":"ZHS","playtime":706,"items_purged":[],"score":77,"play_id":"1c8ae29b-1223-4da2-9d1e-55e8f0a9ad49","local_time":"20210226134133","is_ascension_mode":true,"campfire_choices":[{"data":"Apotheosis","floor":1,"key":"SMITH"},{"floor":8,"key":"RECALL"}],"circlet_count":0,"master_deck":["ats:Strike C","ats:Strike G","ats:Strike S","ats:Armor Crushing Shot","ats:Defend","ats:Defend","ats:Defend","ats:Emotion Absorption","Apotheosis+1","ats:Disruption Kick","ats:Red Shift","ats:Absolute Focus","ats:Closed Bolt Burst Fire","ats:Absolute Focus","ats:Soul Absorption"],"relics":["ats:Sanity","DaveBox","ChiXiaoBlade"],"acts_visited":["Exordium"],"potions_floor_usage":[11,12],"damage_taken":[{"damage":2,"enemies":"Jaw Worm","floor":2,"turns":4},{"damage":6,"enemies":"Cultist","floor":4,"turns":4},{"damage":7,"enemies":"Small Slimes","floor":6,"turns":3},{"damage":13,"enemies":"downfall:LooterAlt","floor":9,"turns":4},{"damage":27,"enemies":"Gremlin Gang","floor":11,"turns":5},{"damage":20,"enemies":"Lagavulin","floor":12,"turns":2}],"seed_played":"5299161992064180497","potions_obtained":[{"floor":9,"key":"champ:CounterPotion"},{"floor":11,"key":"AttackPotion"}],"is_trial":false,"path_per_floor":["R","M","?","M","?","M","T","R","M","?","M","E"],"character_chosen":"DOCTOR_CLASS","items_purchased":[],"campfire_rested":0,"item_purchase_floors":[],"current_hp_per_floor":[72,70,70,64,64,57,57,57,44,44,17,0,0],"gold":97,"neow_bonus":"RANDOM_COLORLESS_2","is_daily":false,"chose_seed":false,"campfire_upgraded":1,"win_rate":0.0,"timestamp":1614318093,"path_taken":["R","M","?","?","?","M","T","R","M","?","M","E"],"items_purchased_type":[],"build_version":"2020-12-22","purchased_purges":0,"victory":false,"max_hp_per_floor":[72,72,72,72,72,72,72,72,72,72,72,72,72],"card_choices":[{"not_picked":["MostiFishMod:PerfectForm","MostiFishMod:BrokenBlackCloak"],"picked":"Apotheosis","floor":0},{"not_picked":["ats:Revitalization","ats:Powerful Strike","ats:Blood Oath"],"picked":"SKIP","floor":2},{"not_picked":["ats:Blood Oath","ats:Consecutive Shot Auto"],"picked":"ats:Red Shift","floor":4},{"not_picked":["ats:Powerful Strike","ats:Hammer On"],"picked":"ats:Absolute Focus","floor":6},{"not_picked":["ats:Sashimi Platter","ats:Absolute Focus"],"picked":"ats:Closed Bolt Burst Fire","floor":9},{"not_picked":["ats:Closed Bolt Burst Fire","ats:Revitalization"],"picked":"ats:Soul Absorption","floor":11}],"player_experience":415158,"relics_obtained":[],"event_choices":[{"cards_removed":["ats:Defend"],"damage_healed":0,"gold_gain":0,"player_choice":"Card Removal","damage_taken":0,"max_hp_gain":0,"max_hp_loss":0,"event_name":"The Cleric","floor":5,"gold_loss":0}],"is_beta":false,"boss_relics":[],"items_purged_floors":[],"is_endless":false,"potions_floor_spawned":[9,11],"killed_by":"Lagavulin","ascension_level":2}}