{"host":"75labscqqrd170u0","time":1614304590,"event":{"mods":["BaseMod","Minty Spire (QoL Compilation)","Replay The Spire","StSLib"],"gold_per_floor":[114,289,309,309,329,329,356,356,356,631,642,642,665,679,679,679,679],"floor_reached":16,"language":"ENG","playtime":599,"items_purged":[],"score":100,"play_id":"afeabf10-f310-41dd-9b57-907471ba591f","local_time":"20210225205630","is_ascension_mode":false,"campfire_choices":[{"floor":6,"key":"RECALL"},{"floor":8,"key":"REST"},{"data":"1","floor":15,"key":"LIFT"}],"circlet_count":0,"master_deck":["Strike_B","Strike_B","Strike_B","Strike_B","Defend_B","Defend_B","Defend_B","Defend_B","Zap","Dualcast","Sweeping Beam","FIFO Queue","Electrodynamics","ReplayTheSpireMod:IOU","Hologram","ReplayTheSpireMod:Doomed","ReplayTheSpireMod:Calculation Training"],"relics":["Cursed Key","Incense Burner","Girya","ReplayTheSpireMod:TigerMarble"],"acts_visited":["Exordium"],"potions_floor_usage":[16],"damage_taken":[{"damage":0,"enemies":"2 Louse","floor":1,"turns":2},{"damage":0,"enemies":"Small Slimes","floor":3,"turns":3},{"damage":0,"enemies":"Cultist","floor":5,"turns":4},{"damage":29,"enemies":"3 Sentries","floor":7,"turns":7},{"damage":10,"enemies":"Looter","floor":11,"turns":3},{"damage":3,"enemies":"Blue Slaver","floor":14,"turns":3},{"damage":50,"enemies":"The Guardian","floor":16,"turns":10}],"seed_played":"-1791954452498577178","potions_obtained":[{"floor":3,"key":"Doom Potion"},{"floor":14,"key":"PowerPotion"}],"is_trial":false,"path_per_floor":["M","?","M","?","M","R","E","R","T","?","M","?","T","M","R","B"],"character_chosen":"DEFECT","items_purchased":[],"campfire_rested":1,"item_purchase_floors":[],"current_hp_per_floor":[75,75,75,68,68,68,39,61,61,61,51,51,51,48,48,0,0],"gold":679,"neow_bonus":"BOSS_RELIC","is_daily":false,"chose_seed":false,"campfire_upgraded":0,"win_rate":0.0,"timestamp":1614304590,"path_taken":["M","?","M","?","M","R","E","R","T","?","?","?","?","M","R","BOSS"],"items_purchased_type":[],"build_version":"2020-12-13","purchased_purges":0,"victory":false,"max_hp_per_floor":[75,75,75,75,75,75,75,75,75,75,75,75,75,75,75,75,75],"card_choices":[{"not_picked":["BasicCrystalCard","Barrage"],"picked":"Sweeping Beam","floor":1},{"not_picked":["Consume","Stack","Cold Snap"],"picked":"SKIP","floor":3},{"not_picked":["BasicCrystalCard","Fusion"],"picked":"FIFO Queue","floor":5},{"not_picked":["Steam Power","Barrage"],"picked":"Electrodynamics","floor":7},{"not_picked":["Glacier","Compile Driver"],"picked":"Hologram","floor":11},{"not_picked":["Force Field","Sweeping Beam"],"picked":"ReplayTheSpireMod:Calculation Training","floor":14}],"player_experience":105424,"relics_obtained":[{"floor":7,"key":"Incense Burner"},{"floor":9,"key":"Girya"},{"floor":13,"key":"ReplayTheSpireMod:TigerMarble"}],"event_choices":[{"damage_healed":0,"gold_gain":175,"player_choice":"AGREE","damage_taken":0,"max_hp_gain":0,"max_hp_loss":0,"event_name":"Liars Game","floor":2,"gold_loss":0,"cards_obtained":["Doubt"]},{"cards_removed":["Doubt"],"damage_healed":0,"gold_gain":0,"player_choice":"Card Removal","damage_taken":7,"max_hp_gain":0,"max_hp_loss":0,"event_name":"Golden Wing","floor":4,"gold_loss":0},{"damage_healed":0,"gold_gain":275,"player_choice":"Desecrate","damage_taken":0,"max_hp_gain":0,"max_hp_loss":0,"event_name":"Golden Shrine","floor":10,"gold_loss":0,"cards_obtained":["Regret"]},{"cards_removed":["Regret"],"damage_healed":0,"gold_gain":0,"player_choice":"Forget","damage_taken":0,"max_hp_gain":0,"max_hp_loss":0,"event_name":"Living Wall","floor":12,"gold_loss":0}],"is_beta":false,"boss_relics":[],"items_purged_floors":[],"is_endless":false,"potions_floor_spawned":[3,14],"killed_by":"The Guardian","ascension_level":0}}