{"host":"2lo6hma6kymb0g9i","time":1614344311,"event":{"mods":["BaseMod","Colored Map","DeckTracker","Minty Spire (QoL Compilation)","SuperFastMode"],"gold_per_floor":[110,110,121,121,46,77,77,77,77,106,71,96,96,107,107,178,178,189,239,258,278,298,323,323,351,375,50,50,68,68,118,118,194,194,206,1205,559,576,576,576,606,617,617,646,646,646,697,449,449,449,449,449,449,18,43,43],"floor_reached":57,"language":"JPN","playtime":5274,"items_purged":["Pain","Normality"],"score":3299,"play_id":"70f14c1b-2c8f-4232-899d-b5e4686e1058","local_time":"20210226215831","is_ascension_mode":true,"campfire_choices":[{"data":"Dagger Throw","floor":7.0,"key":"SMITH"},{"data":"Footwork","floor":13.0,"key":"SMITH"},{"data":"Night Terror","floor":15.0,"key":"SMITH"},{"data":"Strike_G","floor":24.0,"key":"PURGE"},{"data":"Strike_G","floor":28.0,"key":"PURGE"},{"data":"Bane+1","floor":30.0,"key":"PURGE"},{"data":"Endless Agony+1","floor":32.0,"key":"PURGE"},{"data":"Normality","floor":40.0,"key":"PURGE"},{"data":"Tactician","floor":46.0,"key":"PURGE"},{"floor":49.0,"key":"RECALL"},{"floor":53,"key":"REST"}],"circlet_count":0,"master_deck":["AscendersBane","Defend_G","Defend_G","Defend_G","Defend_G","Defend_G","Survivor","Neutralize","Dagger Throw+1","Footwork+1","Night Terror+1","Grand Finale","Corpse Explosion+1","PiercingWail","Night Terror","Malaise","Noxious Fumes","Dagger Throw","Catalyst"],"relics":["Runic Pyramid","WarpedTongs","Eternal Feather","Tough Bandages","FossilizedHelix","Oddly Smooth Stone","Peace Pipe","Astrolabe","Anchor","HornCleat","Akabeko","TungstenRod","Fusion Hammer","Bronze Scales","Medical Kit","Incense Burner","Happy Flower","Pocketwatch","Bag of Marbles","TheAbacus","Centennial Puzzle","Pen Nib"],"acts_visited":["Exordium","TheCity","TheBeyond","TheEnding"],"potions_floor_usage":[56,56],"damage_taken":[{"damage":7.0,"enemies":"Small Slimes","floor":1.0,"turns":4.0},{"damage":2.0,"enemies":"Cultist","floor":3.0,"turns":4.0},{"damage":0.0,"enemies":"Lagavulin","floor":6.0,"turns":7.0},{"damage":39.0,"enemies":"Gremlin Nob","floor":10.0,"turns":5.0},{"damage":0.0,"enemies":"Lagavulin","floor":12.0,"turns":9.0},{"damage":0.0,"enemies":"2 Louse","floor":14.0,"turns":2.0},{"damage":4.0,"enemies":"The Guardian","floor":16.0,"turns":15.0},{"damage":0.0,"enemies":"Spheric Guardian","floor":18.0,"turns":4.0},{"damage":0.0,"enemies":"Chosen","floor":20.0,"turns":5.0},{"damage":8.0,"enemies":"Snake Plant","floor":21.0,"turns":4.0},{"damage":0.0,"enemies":"Centurion and Healer","floor":22.0,"turns":4.0},{"damage":12.0,"enemies":"Gremlin Leader","floor":23.0,"turns":4.0},{"damage":14.0,"enemies":"Slavers","floor":25.0,"turns":5.0},{"damage":0.0,"enemies":"Shelled Parasite and Fungi","floor":29.0,"turns":4.0},{"damage":0.0,"enemies":"Champ","floor":33.0,"turns":16.0},{"damage":0.0,"enemies":"3 Shapes","floor":35.0,"turns":5.0},{"damage":0.0,"enemies":"Orb Walker","floor":38.0,"turns":4.0},{"damage":1.0,"enemies":"Nemesis","floor":41.0,"turns":9.0},{"damage":0.0,"enemies":"Spire Growth","floor":42.0,"turns":4.0},{"damage":0.0,"enemies":"Reptomancer","floor":44.0,"turns":4.0},{"damage":0.0,"enemies":"2 Orb Walkers","floor":47.0,"turns":5.0},{"damage":0.0,"enemies":"Time Eater","floor":50.0,"turns":3.0},{"damage":0.0,"enemies":"Awakened One","floor":51.0,"turns":11.0},{"damage":0,"enemies":"Shield and Spear","floor":55,"turns":5},{"damage":55,"enemies":"The Heart","floor":56,"turns":9}],"seed_played":"6717169280287116721","potions_obtained":[{"floor":3.0,"key":"Fire Potion"},{"floor":10.0,"key":"DistilledChaos"},{"floor":14.0,"key":"GamblersBrew"},{"floor":16.0,"key":"PowerPotion"},{"floor":38.0,"key":"Fire Potion"},{"floor":42.0,"key":"Fruit Juice"},{"floor":47.0,"key":"GamblersBrew"}],"is_trial":false,"path_per_floor":["M","?","M","?","$","E","R","?","T","E","?","E","R","M","R","B",null,"M","?","M","M","M","E","R","E","T","$","R","M","R","?","R","B",null,"M","?","$","M","?","R","E","M","T","E","?","R","?","$","R","B","B",null,"R","$","E","B",null],"character_chosen":"THE_SILENT","items_purchased":["TungstenRod","Bronze Scales","Medical Kit","Malaise","Noxious Fumes","Bag of Marbles","Catalyst","Energy Potion","TheAbacus","Centennial Puzzle","Dexterity Potion"],"campfire_rested":1,"item_purchase_floors":[27,37,37,37,37,48,48,54,54,54,54],"current_hp_per_floor":[52,52,50,50,50,50,59,41,41,2,18,18,27,27,36,32,58,58,58,58,50,50,38,47,33,33,33,42,42,51,51,60,60,65,65,65,65,65,63,63,62,67,67,67,67,68,68,68,68,68,68,68,68,68,68,13],"gold":43,"neow_bonus":"BOSS_RELIC","is_daily":false,"chose_seed":false,"campfire_upgraded":3,"win_rate":0.0,"timestamp":1614344311,"path_taken":["M","?","?","?","$","E","R","?","T","E","?","E","R","M","R","BOSS","M","?","?","M","M","E","R","E","T","$","R","M","R","?","R","BOSS","M","?","$","M","?","R","E","M","T","E","?","R","?","$","R","BOSS","BOSS","R","$","E","BOSS"],"items_purchased_type":["Relic","Relic","Relic","Card","Card","Relic","Card","Potion","Relic","Relic","Potion"],"build_version":"2020-12-22","purchased_purges":2,"victory":true,"max_hp_per_floor":[66,66,66,66,66,66,66,66,66,66,66,66,66,66,66,66,66,66,66,66,66,66,66,66,66,66,66,66,66,66,66,66,66,66,66,66,66,66,63,63,63,68,68,68,68,68,68,68,68,68,68,68,68,68,68,68],"card_choices":[{"not_picked":["Blur","Poisoned Stab"],"picked":"Dagger Throw","floor":1.0},{"not_picked":["Riddle With Holes","Blade Dance","Masterful Stab"],"picked":"SKIP","floor":3.0},{"not_picked":["Accuracy","Dash"],"picked":"Footwork","floor":6.0},{"not_picked":["Deadly Poison","Expertise"],"picked":"Tactician","floor":10.0},{"not_picked":["Bane","Deadly Poison","Dodge and Roll"],"picked":"SKIP","floor":12.0},{"not_picked":["Infinite Blades","Well Laid Plans"],"picked":"Night Terror","floor":14.0},{"not_picked":["Die Die Die","Venomology"],"picked":"Grand Finale","floor":16.0},{"not_picked":["Cloak And Dagger","Calculated Gamble","Tactician"],"picked":"SKIP","floor":18.0},{"not_picked":["Underhanded Strike","Dagger Spray+1","Well Laid Plans"],"picked":"SKIP","floor":20.0},{"not_picked":["Deadly Poison+1","Outmaneuver","Flechettes"],"picked":"SKIP","floor":21.0},{"not_picked":["Dagger Spray","Dagger Throw"],"picked":"PiercingWail","floor":22.0},{"not_picked":["Predator","Cloak And Dagger","Flying Knee"],"picked":"SKIP","floor":23.0},{"not_picked":["Glass Knife","Grand Finale","All Out Attack"],"picked":"SKIP","floor":25.0},{"not_picked":["Underhanded Strike+1","Sucker Punch","Dagger Spray"],"picked":"SKIP","floor":29.0},{"not_picked":["Phantasmal Killer","Doppelganger"],"picked":"Night Terror","floor":33.0},{"not_picked":["Sucker Punch","Bane","Deadly Poison"],"picked":"SKIP","floor":35.0},{"not_picked":["Outmaneuver","Poisoned Stab"],"picked":"Dagger Throw","floor":38.0},{"not_picked":["Quick Slash","Dagger Throw","Acrobatics+1"],"picked":"SKIP","floor":41.0},{"not_picked":["Flying Knee+1","Poisoned Stab+1","Deadly Poison"],"picked":"SKIP","floor":42.0},{"not_picked":["Predator+1","Noxious Fumes","Sucker Punch"],"picked":"SKIP","floor":44.0},{"not_picked":["Slice","Quick Slash","Flechettes"],"picked":"SKIP","floor":55}],"player_experience":1253642,"relics_obtained":[{"floor":6.0,"key":"Eternal Feather"},{"floor":9.0,"key":"FossilizedHelix"},{"floor":10.0,"key":"Oddly Smooth Stone"},{"floor":12.0,"key":"Peace Pipe"},{"floor":23.0,"key":"Anchor"},{"floor":25.0,"key":"HornCleat"},{"floor":26.0,"key":"Akabeko"},{"floor":41.0,"key":"Incense Burner"},{"floor":44.0,"key":"Happy Flower"},{"floor":47.0,"key":"Pocketwatch"},{"floor":55,"key":"Pen Nib"}],"event_choices":[{"damage_healed":0.0,"max_hp_gain":0.0,"max_hp_loss":0.0,"gold_gain":0.0,"event_name":"Accursed Blacksmith","player_choice":"Rummage","floor":2.0,"gold_loss":0.0,"damage_taken":0.0,"relics_obtained":["WarpedTongs"],"cards_obtained":["Pain"]},{"damage_healed":0.0,"max_hp_gain":0.0,"max_hp_loss":0.0,"gold_gain":0.0,"event_name":"Liars Game","player_choice":"Ignored","floor":4.0,"gold_loss":0.0,"damage_taken":0.0},{"damage_healed":0.0,"max_hp_gain":0.0,"max_hp_loss":0.0,"gold_gain":0.0,"event_name":"Scrap Ooze","player_choice":"Success","floor":8.0,"gold_loss":0.0,"damage_taken":18.0,"relics_obtained":["Tough Bandages"]},{"damage_healed":16.0,"max_hp_gain":0.0,"max_hp_loss":0.0,"gold_gain":0.0,"event_name":"The Cleric","player_choice":"Healed","floor":11.0,"gold_loss":35.0,"damage_taken":0.0},{"damage_healed":0.0,"max_hp_gain":0.0,"max_hp_loss":0.0,"gold_gain":100.0,"event_name":"The Joust","player_choice":"Bet on Murderer","floor":19.0,"gold_loss":50.0,"damage_taken":0.0},{"damage_healed":0.0,"max_hp_gain":0.0,"max_hp_loss":0.0,"gold_gain":50.0,"event_name":"Golden Shrine","player_choice":"Pray","floor":31.0,"gold_loss":0.0,"damage_taken":0.0},{"damage_healed":0.0,"max_hp_gain":0.0,"max_hp_loss":0.0,"gold_gain":999.0,"event_name":"MindBloom","player_choice":"Gold","floor":36.0,"gold_loss":0.0,"damage_taken":0.0,"cards_obtained":["Normality","Normality"]},{"damage_healed":0.0,"max_hp_gain":0.0,"max_hp_loss":3.0,"gold_gain":0.0,"event_name":"Winding Halls","player_choice":"Max HP","floor":39.0,"gold_loss":0.0,"damage_taken":0.0},{"damage_healed":0.0,"max_hp_gain":0.0,"max_hp_loss":0.0,"gold_gain":0.0,"event_name":"Tomb of Lord Red Mask","player_choice":"Ignored","floor":45.0,"gold_loss":0.0,"damage_taken":0.0},{"damage_healed":0.0,"max_hp_gain":0.0,"max_hp_loss":0.0,"gold_gain":0.0,"event_name":"Mysterious Sphere","player_choice":"Fight","floor":47.0,"gold_loss":0.0,"damage_taken":0.0}],"is_beta":false,"boss_relics":[{"not_picked":["Coffee Dripper","WristBlade"],"picked":"Astrolabe"},{"not_picked":["SacredBark","Busted Crown"],"picked":"Fusion Hammer"}],"items_purged_floors":[5,37],"is_endless":false,"potions_floor_spawned":[3,10,14,16,20,21,38,42,47],"ascension_level":20}}