{"host":"mujoymdbv27pmqgz","time":1614305496,"event":{"mods":["BaseMod","Downfall","KinomotoSakuraMod(????)","Minty Spire (QoL Compilation)","StSLib","The Jungle"],"gold_per_floor":[119,81,81,101,26,26,53,63,86,100,275,291,241,269,269,269,269],"floor_reached":16,"language":"ZHS","playtime":634,"items_purged":["Regret"],"score":209,"play_id":"a27b3ab9-3592-4a15-965b-2eecb5a19be2","local_time":"20210225211136","is_ascension_mode":true,"campfire_choices":[{"data":"ClowCardTheFlower","floor":6,"key":"SMITH"},{"floor":15,"key":"RECALL"}],"circlet_count":0,"master_deck":["AscendersBane","ClowCardTheSword","ClowCardTheSword","ClowCardTheSword","ClowCardTheSword","ClowCardTheShield","ClowCardTheShield","ClowCardTheShield","ClowCardTheShield","SpellCardSeal","SpellCardRelease","ClowCardTheLibra","ClowCardTheEarthy","ClowCardTheFlower+1","ClowCardTheShadow","ClowCardTheEarthy","ClowCardTheLoop","ClowCardTheShadow"],"relics":["KSMOD_SealedBook","KSMOD_SealedWand","NeowsBlessing","hexamod:BolsterEngine","Toy Ornithopter","MealTicket","Regal Pillow"],"acts_visited":["Exordium"],"potions_floor_usage":[14,14],"damage_taken":[{"damage":0,"enemies":"Jaw Worm","floor":1,"turns":1},{"damage":0,"enemies":"Small Slimes","floor":4,"turns":1},{"damage":0,"enemies":"Lagavulin","floor":7,"turns":1},{"damage":0,"enemies":"2 Louse","floor":8,"turns":3},{"damage":4,"enemies":"Exordium Wildlife","floor":10,"turns":7},{"damage":0,"enemies":"Red Slaver","floor":12,"turns":4},{"damage":29,"enemies":"Gremlin Nob","floor":14,"turns":5},{"damage":41,"enemies":"Slime Boss","floor":16,"turns":11}],"seed_played":"2782392741257185359","potions_obtained":[{"floor":8,"key":"KSMOD_MagickBottle"},{"floor":12,"key":"GamblersBrew"}],"is_trial":false,"path_per_floor":["M","$","?","M","$","R","E","M","T","M","?","M","?","E","R","B"],"character_chosen":"KINOMOTOSAKURA","items_purchased":["ClowCardTheEarthy"],"campfire_rested":0,"item_purchase_floors":[2],"current_hp_per_floor":[63,63,63,63,63,63,63,63,63,59,59,59,59,40,40,0,0],"gold":269,"neow_bonus":"THREE_ENEMY_KILL","is_daily":false,"chose_seed":false,"campfire_upgraded":1,"win_rate":0.0,"timestamp":1614305496,"path_taken":["M","$","?","M","$","R","E","M","T","M","?","M","?","E","R","BOSS"],"items_purchased_type":["Card"],"build_version":"2020-12-22","purchased_purges":1,"victory":false,"max_hp_per_floor":[70,70,70,70,70,70,70,70,70,70,70,70,70,70,70,70,70],"card_choices":[{"not_picked":["ClowCardTheMist","ClowCardTheSleep"],"picked":"ClowCardTheLibra","floor":1},{"not_picked":["ClowCardTheFloat","ClowCardTheBubbles"],"picked":"ClowCardTheFlower","floor":4},{"not_picked":["ClowCardTheShot","ClowCardTheStorm"],"picked":"ClowCardTheShadow","floor":7},{"not_picked":["ClowCardTheFloat","ClowCardTheArrow","ClowCardTheSnow"],"picked":"SKIP","floor":8},{"not_picked":["ClowCardTheDash","ClowCardTheBig"],"picked":"ClowCardTheEarthy","floor":10},{"not_picked":["ClowCardTheIllusion","ClowCardTheErase"],"picked":"ClowCardTheLoop","floor":12},{"not_picked":["ClowCardTheShot","ClowCardTheMove"],"picked":"ClowCardTheShadow","floor":14}],"player_experience":532941,"relics_obtained":[{"floor":7,"key":"Toy Ornithopter"},{"floor":9,"key":"MealTicket"},{"floor":14,"key":"Regal Pillow"}],"event_choices":[{"damage_healed":0,"gold_gain":0,"player_choice":"Box","damage_taken":0,"relics_obtained":["hexamod:BolsterEngine"],"max_hp_gain":0,"max_hp_loss":0,"event_name":"Big Fish","floor":3,"gold_loss":0,"cards_obtained":["Regret"]},{"damage_healed":0,"gold_gain":175,"player_choice":"AGREE","damage_taken":0,"max_hp_gain":0,"max_hp_loss":0,"event_name":"Liars Game","floor":11,"gold_loss":0,"cards_obtained":["Doubt"]},{"cards_removed":["Doubt"],"damage_healed":0,"gold_gain":0,"player_choice":"Card Removal","damage_taken":0,"max_hp_gain":0,"max_hp_loss":0,"event_name":"The Cleric","floor":13,"gold_loss":50}],"is_beta":false,"boss_relics":[],"items_purged_floors":[5],"is_endless":false,"potions_floor_spawned":[8,12],"killed_by":"Slime Boss","ascension_level":11}}