{"host":"a3jrmgpelfdupjt8","time":1614312698,"event":{"mods":["AchievementEnabler","Act Like it!","BaseMod","Better Match","Better Note","Better Third Choice","Colored Map","Colored Powertips","Downfall","Infinite Spire","Minty Spire (QoL Compilation)","Rare Cards Sparkle","Replay The Spire","Shop Mod","Spicy Shops","StSLib","The Blue Laboratory"],"gold_per_floor":[99,99,99,99,99,110,110,130,50,78,48,48,67,87,112,118,118,118],"floor_reached":16,"language":"ENG","playtime":1089,"items_purged":[],"score":92,"play_id":"15ec4f63-93e1-4938-b6e2-ed3fc03094f5","local_time":"20210225231138","is_ascension_mode":false,"campfire_choices":[{"floor":1,"key":"RECALL"},{"data":"Slimebound:PrepareCrush","floor":12,"key":"SMITH"}],"circlet_count":0,"master_deck":["Slimebound:Strike_Slimebound","Slimebound:Strike_Slimebound","Slimebound:Strike_Slimebound","Slimebound:Tackle","Slimebound:Defend_Slimebound","Slimebound:Defend_Slimebound","Slimebound:Defend_Slimebound","Slimebound:Defend_Slimebound","Slimebound:Split","Slimebound:CorrosiveSpit","Slimebound:DisruptingSlam","Slimebound:SplitMire","Slimebound:Schlurp","Slimebound:SlimeBrawl","Slimebound:Dissolve","Slimebound:Equalize","Regret","Pain","Slimebound:SplitLeeching","Slimebound:PrepareCrush+1","Slimebound:SamplingLick","Slimebound:SamplingLick","Slimebound:RollThrough","Slimebound:MegaLick"],"relics":["Slimebound:AbsorbEndCombat","downfall:HeartsMalice","Pen Nib","ReplayTheSpireMod:CursedCoin","Replay:Bandana","Anchor"],"acts_visited":["Exordium"],"potions_floor_usage":[8,15],"damage_taken":[{"damage":0,"enemies":"Jaw Worm","floor":2,"turns":1},{"damage":0,"enemies":"Small Slimes","floor":4,"turns":1},{"damage":0,"enemies":"Cultist","floor":5,"turns":1},{"damage":4,"enemies":"3 Louse","floor":6,"turns":3},{"damage":21,"enemies":"Gremlin Gang","floor":8,"turns":4},{"damage":13,"enemies":"downfall:FleeingMerchant","floor":9,"turns":4},{"damage":2,"enemies":"Large Slime","floor":10,"turns":4},{"damage":17,"enemies":"downfall:FleeingMerchant","floor":11,"turns":4},{"damage":23,"enemies":"Blue Slaver","floor":13,"turns":4},{"damage":8,"enemies":"3 Louse","floor":14,"turns":3},{"damage":8,"enemies":"Gremlin Gang","floor":15,"turns":4},{"damage":56,"enemies":"DF_ARCHETYPE_STREAMLINE","floor":16,"turns":6}],"seed_played":"8995605480981292070","potions_obtained":[{"floor":6,"key":"Fire Potion"},{"floor":10,"key":"blueLaboratory:PhilterOfMotion"},{"floor":14,"key":"Fire Potion"},{"floor":15,"key":"LiquidMemories"}],"is_trial":false,"path_per_floor":["R","M","?","M","M","M","T","M","$","M","$","R","M","M","M","B"],"character_chosen":"SLIMEBOUND","items_purchased":["ReplayTheSpireMod:CursedCoin","Replay:Bandana","Anchor","Slimebound:SamplingLick"],"campfire_rested":0,"item_purchase_floors":[9,9,9,11],"current_hp_per_floor":[65,65,65,65,65,63,63,50,43,55,54,54,43,41,37,0,0,0],"gold":118,"neow_bonus":"THREE_ENEMY_KILL","is_daily":false,"chose_seed":false,"campfire_upgraded":1,"win_rate":0.0,"timestamp":1614312698,"path_taken":["R","M","?","M","M","M","T","M","$","M","$","R","M","M","M","BOSS"],"items_purchased_type":["Relic","Relic","Relic","Card"],"build_version":"2020-12-22","purchased_purges":0,"victory":false,"max_hp_per_floor":[65,65,65,65,65,65,65,65,65,65,65,65,65,65,65,65,65,65],"card_choices":[{"not_picked":["Slimebound:Gluttony","Slimebound:SplitSpecialist"],"picked":"Slimebound:DisruptingSlam","floor":2},{"not_picked":["Slimebound:LevelUp","Slimebound:GoopTackle"],"picked":"Slimebound:SplitMire","floor":4},{"not_picked":["Slimebound:LeechingTouch","Slimebound:GoopTackle"],"picked":"Slimebound:Schlurp","floor":5},{"not_picked":["Slimebound:SpikyOuterGoop","Slimebound:ComboTackle"],"picked":"Slimebound:SlimeBrawl","floor":6},{"not_picked":["Slimebound:WasteNot","Slimebound:GrowthPunch"],"picked":"Slimebound:Dissolve","floor":8},{"not_picked":["Slimebound:SplitAcid","Slimebound:ComboTackle"],"picked":"Slimebound:Equalize","floor":9},{"not_picked":["Slimebound:SplitAcid","Slimebound:SlimeSpikes"],"picked":"Slimebound:SplitLeeching","floor":10},{"not_picked":["Slimebound:HauntingLick","Slimebound:SplitSpecialist"],"picked":"Slimebound:PrepareCrush","floor":11},{"not_picked":["Slimebound:Schlurp","Slimebound:Gluttony"],"picked":"Slimebound:SamplingLick","floor":13},{"not_picked":["Slimebound:GoopSpray","Slimebound:ForwardTackle"],"picked":"Slimebound:RollThrough","floor":14},{"not_picked":["Slimebound:FormOfPuddle","Slimebound:Gluttony"],"picked":"Slimebound:MegaLick","floor":15}],"player_experience":143588,"relics_obtained":[{"floor":3,"key":"Pen Nib"}],"event_choices":[],"is_beta":false,"boss_relics":[],"items_purged_floors":[],"is_endless":false,"potions_floor_spawned":[6,10,14,15],"killed_by":"DF_ARCHETYPE_STREAMLINE","ascension_level":0}}