{"host":"wqwfknj40rilnol1","time":1614334592,"event":{"mods":["AchievementEnabler","Aspiration","BaseMod","BetterRewards","Block Reminder","Colored Map","Conspire","Highlight Path","Hubris","Minty Spire (QoL Compilation)","Permanent Neow","Quick Restart","Relic Stats","Replay The Spire","Shop Mod","StSLib","The Cursed"],"gold_per_floor":[109,109,126,126,126,157,157,189,214,7,24,24,24,56,56,133,133,133,133,133,133,133,133,133,133,133,133,133,133,133,133,133,133,133,133,133,133,133,133,133,133,133,133,33,33,33,33,33,33,33],"floor_reached":51,"language":"ENG","playtime":2539,"items_purged":["Strike_R","Defend_R"],"score":1645,"play_id":"f9a1a0b1-67ec-4b0c-87fc-5301f759d218","local_time":"20210226111632","is_ascension_mode":true,"campfire_choices":[{"data":"Mayhem","floor":7.0,"key":"SMITH"},{"floor":12.0,"key":"REST"},{"data":"hubris:EnhanceAbility","floor":15.0,"key":"SMITH"},{"data":"Immolate","floor":23,"key":"SMITH"},{"floor":25,"key":"REST"},{"floor":32,"key":"REST"},{"data":"Deep Breath","floor":40,"key":"SMITH"},{"data":"Double Tap","floor":47,"key":"SMITH"},{"data":"True Grit","floor":49,"key":"SMITH"}],"circlet_count":0,"master_deck":["AscendersBane","Strike_R","Strike_R","Strike_R","Strike_R","Defend_R","Defend_R","Defend_R","Bash","hubris:EnhanceAbility+1","Mayhem+1","Metallicize","True Grit+1","Carnage","Clothesline","Metallicize","Warcry+1","Deep Breath+1","Seeing Red","Power Through","ReplayTheSpireMod:LeadingStrike","Cleave+1","Uppercut","Power Through","Immolate+1","conspire:ExplosiveBarrier","Offering","Demon Form","Double Tap+1","Clothesline+1"],"relics":["Burning Blood","Bronze Scales","BargainBundle","Centennial Puzzle","hubris:CrystalStatue","Counterbalance","Dream Catcher","ReplayTheSpireMod:TigerMarble","Bottled Tornado","Replay:Grab Bag","Ectoplasm","hubris:RunicObelisk","conspire:SpecialSausage","hubris:Towel","Red Mask","Juzu Bracelet","Mummified Hand","Unceasing Top","Question Card","hubris:SphereOfDissonance","aspiration:DefectSkillbook","Iron Hammer","hubris:BundleOfHerbs","ReplayTheSpireMod:Spearhead"],"acts_visited":["TheCity","TheBeyond"],"potions_floor_usage":[50,50],"damage_taken":[{"damage":14.0,"enemies":"Small Slimes","floor":1.0,"turns":4.0},{"damage":0.0,"enemies":"Jaw Worm","floor":3.0,"turns":5.0},{"damage":32.0,"enemies":"Gremlin Nob","floor":6.0,"turns":4.0},{"damage":5.0,"enemies":"3 Sentries","floor":8.0,"turns":7.0},{"damage":0.0,"enemies":"2 Louse","floor":11.0,"turns":3.0},{"damage":33.0,"enemies":"Lagavulin","floor":14.0,"turns":7.0},{"damage":15.0,"enemies":"The Guardian","floor":16.0,"turns":11.0},{"damage":0.0,"enemies":"Spheric Guardian","floor":18.0,"turns":3.0},{"damage":0,"enemies":"3 Byrds","floor":20,"turns":3},{"damage":12,"enemies":"Masked Bandits","floor":21,"turns":3},{"damage":14,"enemies":"Gremlin Leader","floor":24,"turns":5},{"damage":6,"enemies":"Slavers","floor":27,"turns":3},{"damage":6,"enemies":"Shelled Parasite and Fungi","floor":28,"turns":1},{"damage":46,"enemies":"Automaton","floor":33,"turns":9},{"damage":0,"enemies":"3 Shapes","floor":35,"turns":4},{"damage":4,"enemies":"Mind Bloom Boss Battle","floor":37,"turns":5},{"damage":0,"enemies":"3 Darklings","floor":39,"turns":3},{"damage":4,"enemies":"Jaw Worm Horde","floor":42,"turns":3},{"damage":0,"enemies":"Maw","floor":46,"turns":7},{"damage":0,"enemies":"Spire Growth","floor":48,"turns":3},{"damage":83,"enemies":"conspire:OrnateMirror","floor":50,"turns":15}],"seed_played":"1068875536057800188","potions_obtained":[{"floor":1.0,"key":"PowerPotion"},{"floor":20,"key":"Block Potion"},{"floor":31,"key":"Toxic Potion"}],"is_trial":false,"path_per_floor":["M","?","M","?","$","E","R","E","T","$","M","R","$","E","R","B",null,"M","?","M","?","?","R","E","R","T","E","M","T","?","?","R","B",null,"M","T","?","?","M","R","?","M","T","$","?","M","R","M","R","B",null],"character_chosen":"IRONCLAD","items_purchased":["hubris:EnhanceAbility","Mayhem","Metallicize","True Grit","Bronze Scales","BargainBundle","Carnage","Clothesline","Metallicize","Warcry","Deep Breath","AttackPotion","Toxic Potion","Centennial Puzzle","ReplayTheSpireMod:TigerMarble","Cleave+1"],"campfire_rested":3,"item_purchase_floors":[0,0,0,0,0,0,0,0,0,0,0,0,0,0,10,10],"current_hp_per_floor":[60,56,62,62,62,36,36,37,37,37,43,65,65,38,38,29,64,70,70,75,69,69,69,61,75,75,75,75,75,75,51,73,33,65,71,74,75,71,71,71,71,71,71,71,71,71,71,71,71,71],"gold":33,"neow_bonus":"","is_daily":false,"chose_seed":false,"campfire_upgraded":6,"win_rate":0.0,"timestamp":1614334592,"path_taken":["M","?","M","?","?","E","R","E","T","$","M","R","$","E","R","BOSS","M","?","M","?","?","R","E","R","T","E","M","?","?","?","R","BOSS","M","?","?","?","M","R","?","M","T","?","?","M","R","M","R","BOSS"],"items_purchased_type":["Card","Card","Card","Card","Relic","Relic","Card","Card","Card","Card","Card","Potion","Potion","Relic","Relic","Card"],"build_version":"2020-12-22","purchased_purges":2,"victory":true,"max_hp_per_floor":[75,75,75,75,75,75,75,75,75,75,75,75,75,75,75,75,75,75,75,75,75,75,75,75,75,75,75,75,75,75,75,75,75,75,75,75,75,71,71,71,71,71,71,71,71,71,71,71,71,71],"relic_stats":{"Centennial Puzzle":[38],"Dream Catcher":3,"counters":[47,206],"Mummified Hand":[47],"Bronze Scales":[257],"Ectoplasm":510,"Juzu Bracelet":2,"Question Card":21,"obtain_stats":[{"hubris:Metronome":25,"Calipers":48,"hubris:CrystalStatue":6,"Painkiller Herb":36,"Blue Doll":45,"conspire:SpecialSausage":17,"hubris:SlimyHat":8,"Juzu Bracelet":24,"Bottled Tornado":14,"hubris:RunicObelisk":17,"Burning Blood":0,"Replay:Rubber Ducky":31,"Centennial Puzzle":0,"Dream Catcher":9,"aspiration:DefectSkillbook":34,"Mummified Hand":26,"Iron Hammer":36,"Red Mask":50,"hubris:ChampionShield":16,"hubris:DisguiseKit":28,"BargainBundle":0,"Counterbalance":8,"Replay:Grab Bag":17,"hubris:SphereOfDissonance":31,"conspire:Boomerang":27,"hubris:Towel":19,"Question Card":29,"ReplayTheSpireMod:Spearhead":43,"Brimstone":7,"Bronze Scales":0,"Molten Egg 2":9,"hubris:PeanutButter":13,"Pandora\u0027s Box":19,"CultistMask":6,"Ectoplasm":17,"hubris:BundleOfHerbs":37,"hubris:GrandSneckoEye":0,"ReplayTheSpireMod:TigerMarble":10,"ReplayTheSpireMod:Lightbulb":39,"hubris:Potato":11,"Unceasing Top":27},{"hubris:Metronome":13,"Calipers":25,"hubris:CrystalStatue":29,"Painkiller Herb":18,"Blue Doll":22,"conspire:SpecialSausage":33,"hubris:SlimyHat":5,"Juzu Bracelet":37,"Bottled Tornado":32,"hubris:RunicObelisk":33,"Burning Blood":0,"Replay:Rubber Ducky":15,"Centennial Puzzle":26,"Dream Catcher":30,"aspiration:DefectSkillbook":40,"Mummified Hand":37,"Iron Hammer":41,"Red Mask":25,"hubris:ChampionShield":8,"hubris:DisguiseKit":14,"BargainBundle":26,"Counterbalance":30,"Replay:Grab Bag":33,"hubris:SphereOfDissonance":39,"conspire:Boomerang":14,"hubris:Towel":34,"Question Card":39,"ReplayTheSpireMod:Spearhead":44,"Brimstone":4,"Bronze Scales":26,"Molten Egg 2":5,"hubris:PeanutButter":8,"Pandora\u0027s Box":9,"CultistMask":4,"Ectoplasm":33,"hubris:BundleOfHerbs":42,"hubris:GrandSneckoEye":0,"ReplayTheSpireMod:TigerMarble":30,"ReplayTheSpireMod:Lightbulb":20,"hubris:Potato":6,"Unceasing Top":38},{"hubris:Metronome":49,"Calipers":94,"hubris:CrystalStatue":113,"Painkiller Herb":70,"Blue Doll":82,"conspire:SpecialSausage":141,"hubris:SlimyHat":12,"Juzu Bracelet":155,"Bottled Tornado":130,"hubris:RunicObelisk":141,"Burning Blood":0,"Replay:Rubber Ducky":57,"Centennial Puzzle":100,"Dream Catcher":120,"aspiration:DefectSkillbook":168,"Mummified Hand":155,"Iron Hammer":171,"Red Mask":94,"hubris:ChampionShield":22,"hubris:DisguiseKit":52,"BargainBundle":100,"Counterbalance":120,"Replay:Grab Bag":141,"hubris:SphereOfDissonance":159,"conspire:Boomerang":52,"hubris:Towel":144,"Question Card":159,"ReplayTheSpireMod:Spearhead":182,"Brimstone":10,"Bronze Scales":100,"Molten Egg 2":12,"hubris:PeanutButter":22,"Pandora\u0027s Box":33,"CultistMask":10,"Ectoplasm":141,"hubris:BundleOfHerbs":176,"hubris:GrandSneckoEye":0,"ReplayTheSpireMod:TigerMarble":120,"ReplayTheSpireMod:Lightbulb":76,"hubris:Potato":15,"Unceasing Top":158}],"Burning Blood":97,"Unceasing Top":[3]},"card_choices":[{"not_picked":["Abandon","True Grit"],"picked":"Seeing Red","floor":1.0},{"not_picked":["Life Link","Iron Wave"],"picked":"Power Through","floor":3.0},{"not_picked":["Fire Breathing","Hemogenesis"],"picked":"ReplayTheSpireMod:LeadingStrike","floor":6.0},{"not_picked":["Wild Strike","True Grit","ReplayTheSpireMod:Muscle Training"],"picked":"SKIP","floor":8.0},{"not_picked":["Clothesline","Fire Breathing","ReplayTheSpireMod:Muscle Training"],"picked":"SKIP","floor":11.0},{"not_picked":["Reckless Charge","ReplayTheSpireMod:Strike From Hell"],"picked":"Uppercut","floor":12.0},{"not_picked":["Wild Strike","Sentinel"],"picked":"Power Through","floor":14.0},{"not_picked":["Feed","Juggernaut"],"picked":"Immolate","floor":16.0},{"not_picked":["Twin Strike","Searing Blow","Replay:Undeath\u0027s Touch"],"picked":"SKIP","floor":18},{"not_picked":["Twin Strike","Searing Blow","Replay:Undeath\u0027s Touch"],"picked":"SKIP","floor":18},{"not_picked":["hubris:SharpeningStone","Pommel Strike"],"picked":"conspire:ExplosiveBarrier","floor":20},{"not_picked":["ReplayTheSpireMod:Limb From Limb","Sword Boomerang+1"],"picked":"Offering","floor":21},{"not_picked":["hubris:ReadiedAction","Cleave","Clash"],"picked":"SKIP","floor":24},{"not_picked":["Wild Strike","Replay:Undeath\u0027s Touch","Armaments"],"picked":"SKIP","floor":27},{"not_picked":["hubris:ReadiedAction","conspire:ExplosiveBarrier","Blood for Blood"],"picked":"SKIP","floor":28},{"not_picked":["Demonic Infusion","Corruption","Eclipse"],"picked":"Demon Form","floor":33},{"not_picked":["Gash","Body Slam","Headbutt","Rip and Tear","Aggregate"],"picked":"SKIP","floor":35},{"not_picked":["conspire:Rain","Sweeping Beam","ReplayTheSpireMod:Strike From Hell","Clash","Streamline"],"picked":"SKIP","floor":39},{"not_picked":["Heatsinks","ReplaySolidLightProjector+1","Conserve Battery","Rebound"],"picked":"Double Tap","floor":42},{"not_picked":["Clash+1","Beam Cell","ReplayTheSpireMod:LeadingStrike","Searing Blow","ReplayTheSpireMod:Omega Cannon"],"picked":"SKIP","floor":46},{"not_picked":["Steam","Gash+1","ReplayTheSpireMod:Muscle Training","Cleave"],"picked":"Clothesline+1","floor":48}],"player_experience":321847,"relics_obtained":[{"floor":6.0,"key":"hubris:CrystalStatue"},{"floor":8.0,"key":"Counterbalance"},{"floor":9.0,"key":"Dream Catcher"},{"floor":14.0,"key":"Bottled Tornado"},{"floor":21,"key":"Red Mask"},{"floor":24,"key":"Juzu Bracelet"},{"floor":26,"key":"Mummified Hand"},{"floor":27,"key":"Unceasing Top"},{"floor":29,"key":"Question Card"},{"floor":31,"key":"hubris:SphereOfDissonance"},{"floor":36,"key":"Iron Hammer"},{"floor":37,"key":"hubris:BundleOfHerbs"},{"floor":43,"key":"ReplayTheSpireMod:Spearhead"}],"event_choices":[{"damage_healed":0.0,"max_hp_gain":0.0,"max_hp_loss":0.0,"gold_gain":0.0,"event_name":"conspire:Investor","player_choice":"Leave","floor":2.0,"gold_loss":0.0,"damage_taken":0.0},{"damage_healed":0,"gold_gain":0,"player_choice":"Fought Bandits","damage_taken":0,"max_hp_gain":0,"max_hp_loss":0,"event_name":"Masked Bandits","floor":21,"gold_loss":0},{"damage_healed":0,"gold_gain":50,"player_choice":"Stole From Cult","damage_taken":0,"max_hp_gain":0,"max_hp_loss":0,"event_name":"Nest","floor":22,"gold_loss":0},{"damage_healed":0,"gold_gain":0,"player_choice":"Fight","damage_taken":0,"max_hp_gain":0,"max_hp_loss":0,"event_name":"MindBloom","floor":37,"gold_loss":0},{"damage_healed":0,"gold_gain":0,"player_choice":"Max HP","damage_taken":0,"max_hp_gain":0,"max_hp_loss":4,"event_name":"Winding Halls","floor":38,"gold_loss":0},{"damage_healed":0,"gold_gain":0,"player_choice":"Ignored","damage_taken":0,"max_hp_gain":0,"max_hp_loss":0,"event_name":"Mysterious Sphere","floor":41,"gold_loss":0},{"damage_healed":0,"gold_gain":0,"player_choice":"Ignored","damage_taken":0,"max_hp_gain":0,"max_hp_loss":0,"event_name":"Tomb of Lord Red Mask","floor":45,"gold_loss":0}],"is_beta":false,"boss_relics":[{"not_picked":["Tiny House","aspiration:PoetsPen"],"picked":"Replay:Grab Bag"},{"not_picked":["Philosopher\u0027s Stone","Coffee Dripper"],"picked":"Ectoplasm"},{"not_picked":["Fusion Hammer","hubris:GrandSneckoEye"],"picked":"hubris:RunicObelisk"},{"not_picked":["SacredBark","conspire:RunicOctahedron"],"picked":"conspire:SpecialSausage"},{"not_picked":["aspiration:SecretTechniqueScroll","ReplayTheSpireMod:DimensionalGlitch"],"picked":"aspiration:DefectSkillbook"}],"items_purged_floors":[0,44],"is_endless":false,"potions_floor_spawned":[1,3,20,21,33,37,48],"ascension_level":16}}