{"host":"adi","time":1614304386,"event":{"mods":["AchievementEnabler","BaseMod","Bestiary","Colored Powertips","Minty Spire (QoL Compilation)","StSLib"],"gold_per_floor":[117,117,117,134,134,134,151,151,151,151,116,116,0,19,49,59,59,79,79,158,158,177,267,281,130,55,75,75,91,91,91,91,139,151,179,198,155,155,155,226,226,242,242,242,242,267,292,292,321,321,337,365,390,390,401,401,401],"floor_reached":58,"language":"ENG","playtime":2363,"items_purged":["Strike_R"],"score":1503,"play_id":"56ef66ee-8a9a-417b-ae69-d96991378650","local_time":"20210226025306","is_ascension_mode":true,"campfire_choices":[{"floor":6.0,"key":"REST"},{"data":"Immolate","floor":8.0,"key":"SMITH"},{"data":"Rage","floor":12.0,"key":"SMITH"},{"data":"True Grit","floor":17.0,"key":"SMITH"},{"data":"Metallicize","floor":19.0,"key":"SMITH"},{"floor":28.0,"key":"REST"},{"data":"Barricade","floor":30.0,"key":"SMITH"},{"floor":32.0,"key":"REST"},{"data":"Body Slam","floor":38.0,"key":"SMITH"},{"floor":39.0,"key":"REST"},{"data":"Armaments","floor":48,"key":"SMITH"},{"data":"Brutality","floor":54,"key":"SMITH"},{"data":"Offering","floor":56,"key":"SMITH"}],"circlet_count":0,"master_deck":["AscendersBane","Strike_R","Defend_R","Defend_R","Defend_R","Defend_R","Bash+1","Rage+1","Brutality+1","Entrench+1","Immolate+1","Metallicize+1","True Grit+1","Body Slam+1","Barricade+1","Shrug It Off","Shockwave","Feel No Pain","Feel No Pain","Body Slam","Bloodletting","Armaments+1","True Grit+1","Offering+1"],"relics":["Black Blood","The Courier","Lantern","Gambling Chip","PreservedInsect","Tiny Chest","Runic Dome","Anchor","Smiling Mask","Letter Opener","Bag of Preparation","Eternal Feather","Dead Branch","CaptainsWheel","Art of War","Ice Cream"],"acts_visited":["Exordium","TheCity","TheBeyond"],"potions_floor_usage":[],"damage_taken":[{"damage":18.0,"enemies":"Cultist","floor":1.0,"turns":5.0},{"damage":18.0,"enemies":"Jaw Worm","floor":4.0,"turns":5.0},{"damage":6.0,"enemies":"2 Louse","floor":7.0,"turns":3.0},{"damage":0.0,"enemies":"Red Slaver","floor":14.0,"turns":1.0},{"damage":13.0,"enemies":"Gremlin Nob","floor":15.0,"turns":3.0},{"damage":0.0,"enemies":"Exordium Thugs","floor":16.0,"turns":2.0},{"damage":0.0,"enemies":"2 Fungi Beasts","floor":18.0,"turns":1.0},{"damage":69.0,"enemies":"The Guardian","floor":20.0,"turns":16.0},{"damage":16.0,"enemies":"Shell Parasite","floor":22.0,"turns":6.0},{"damage":9.0,"enemies":"2 Thieves","floor":24.0,"turns":5.0},{"damage":23.0,"enemies":"Sentry and Sphere","floor":27.0,"turns":11.0},{"damage":9.0,"enemies":"3 Cultists","floor":29.0,"turns":3.0},{"damage":24.0,"enemies":"Snecko","floor":34.0,"turns":6.0},{"damage":0.0,"enemies":"Slavers","floor":35.0,"turns":1.0},{"damage":5.0,"enemies":"Centurion and Healer","floor":36.0,"turns":5.0},{"damage":8.0,"enemies":"Automaton","floor":40.0,"turns":7.0},{"damage":5.0,"enemies":"3 Shapes","floor":42.0,"turns":6.0},{"damage":35,"enemies":"Nemesis","floor":47,"turns":15},{"damage":5,"enemies":"Giant Head","floor":49,"turns":5},{"damage":5,"enemies":"3 Darklings","floor":51,"turns":4},{"damage":47,"enemies":"Reptomancer","floor":52,"turns":4},{"damage":6,"enemies":"Mind Bloom Boss Battle","floor":53,"turns":4},{"damage":13,"enemies":"Transient","floor":55,"turns":5},{"damage":17,"enemies":"Time Eater","floor":57,"turns":8}],"seed_played":"-7766522807893480925","potions_obtained":[{"floor":1.0,"key":"LiquidBronze"},{"floor":7.0,"key":"SpeedPotion"},{"floor":15.0,"key":"Fire Potion"},{"floor":20.0,"key":"LiquidMemories"},{"floor":24.0,"key":"LiquidBronze"},{"floor":29.0,"key":"FairyPotion"},{"floor":36.0,"key":"FairyPotion"}],"is_trial":false,"path_per_floor":["M","T","?","M","?","R","M","R","T","T","?","R","$","M","E","M","R","M","R","B",null,"M","?","M","$","?","M","R","M","R","T","R","T","M","E","M","$","R","R","B",null,"M","$","?","$","T","E","R","E","T","M","E","?","R","M","R","B",null],"character_chosen":"IRONCLAD","items_purchased":["PreservedInsect","Feel No Pain","DuplicationPotion","Armaments"],"campfire_rested":4,"item_purchase_floors":[13,25,25,37],"current_hp_per_floor":[38,38,38,26,26,48,48,48,48,48,66,66,66,72,65,71,71,75,75,12,59,49,37,34,34,34,17,39,36,36,36,58,58,40,46,47,47,47,69,67,73,75,75,75,75,75,52,64,71,71,75,40,46,58,57,69,64],"gold":401,"neow_bonus":"TRANSFORM_TWO_CARDS","is_daily":false,"chose_seed":false,"campfire_upgraded":9,"win_rate":0.0,"timestamp":1614304386,"path_taken":["M","?","?","?","?","R","M","R","T","T","?","R","$","?","E","?","R","M","R","BOSS","M","?","M","$","?","M","R","M","R","T","R","?","?","E","M","?","R","R","BOSS","M","$","?","$","?","E","R","E","T","M","E","?","R","M","R","BOSS"],"items_purchased_type":["Relic","Card","Potion","Card"],"build_version":"2020-12-18","purchased_purges":1,"victory":true,"max_hp_per_floor":[75,75,75,75,75,75,75,75,75,75,75,75,75,75,75,75,75,75,75,75,75,75,75,75,75,75,75,75,75,75,75,75,75,75,75,75,75,75,75,75,75,75,75,75,75,75,75,75,75,75,75,75,75,75,75,75,75],"card_choices":[{"not_picked":["Perfected Strike","Heavy Blade"],"picked":"Entrench","floor":1.0},{"not_picked":["Power Through","Clash","Anger"],"picked":"SKIP","floor":4.0},{"not_picked":["Cleave","Headbutt"],"picked":"Immolate","floor":7.0},{"not_picked":["Sentinel","Blood for Blood"],"picked":"Metallicize","floor":14.0},{"not_picked":["Havoc","Power Through","Heavy Blade"],"picked":"SKIP","floor":15.0},{"not_picked":["Warcry","Thunderclap"],"picked":"True Grit","floor":16.0},{"not_picked":["Iron Wave","Blood for Blood"],"picked":"Body Slam","floor":18.0},{"not_picked":["Exhume","Impervious"],"picked":"Barricade","floor":20.0},{"not_picked":["Havoc","Anger"],"picked":"Shrug It Off","floor":22.0},{"not_picked":["Clothesline","Shrug It Off"],"picked":"Shockwave","floor":24.0},{"not_picked":["Dark Embrace+1","Searing Blow"],"picked":"Feel No Pain","floor":27.0},{"not_picked":["Perfected Strike","Cleave","Rupture"],"picked":"SKIP","floor":29.0},{"not_picked":["Perfected Strike","Wild Strike","Anger"],"picked":"SKIP","floor":34.0},{"not_picked":["Rage+1","Anger"],"picked":"Body Slam","floor":35.0},{"not_picked":["Immolate","Pommel Strike"],"picked":"Bloodletting","floor":36.0},{"not_picked":["Sword Boomerang","Cleave"],"picked":"True Grit+1","floor":42.0},{"not_picked":["Heavy Blade","Pommel Strike","Cleave"],"picked":"SKIP","floor":47},{"not_picked":["Clash+1","Fiend Fire","Body Slam"],"picked":"SKIP","floor":49},{"not_picked":["Clothesline","Flex+1","Thunderclap"],"picked":"SKIP","floor":51},{"not_picked":["Headbutt","Perfected Strike+1"],"picked":"Offering","floor":52},{"not_picked":["Headbutt","Carnage","Fire Breathing"],"picked":"SKIP","floor":55}],"player_experience":461420,"relics_obtained":[{"floor":2.0,"key":"The Courier"},{"floor":9.0,"key":"Lantern"},{"floor":10.0,"key":"Gambling Chip"},{"floor":15.0,"key":"Tiny Chest"},{"floor":31.0,"key":"Anchor"},{"floor":33.0,"key":"Smiling Mask"},{"floor":35.0,"key":"Letter Opener"},{"floor":46,"key":"Bag of Preparation"},{"floor":47,"key":"Eternal Feather"},{"floor":49,"key":"Dead Branch"},{"floor":50,"key":"CaptainsWheel"},{"floor":52,"key":"Art of War"},{"floor":53,"key":"Ice Cream"}],"event_choices":[{"damage_healed":0.0,"max_hp_gain":0.0,"max_hp_loss":0.0,"gold_gain":0.0,"event_name":"Accursed Blacksmith","player_choice":"Forge","floor":3.0,"gold_loss":0.0,"damage_taken":0.0,"cards_upgraded":["Entrench"]},{"damage_healed":0.0,"max_hp_gain":0.0,"max_hp_loss":0.0,"gold_gain":0.0,"event_name":"Living Wall","player_choice":"Grow","floor":5.0,"gold_loss":0.0,"damage_taken":0.0,"cards_upgraded":["Bash"]},{"damage_healed":18.0,"max_hp_gain":0.0,"max_hp_loss":0.0,"gold_gain":0.0,"event_name":"The Cleric","player_choice":"Healed","floor":11.0,"gold_loss":35.0,"damage_taken":0.0},{"damage_healed":0.0,"max_hp_gain":0.0,"max_hp_loss":0.0,"gold_gain":90.0,"event_name":"Knowing Skull","player_choice":"GOLD ","floor":23.0,"potions_obtained":[],"gold_loss":0.0,"damage_taken":12.0,"cards_obtained":[]},{"cards_removed":["Strike_R"],"damage_healed":0.0,"max_hp_gain":0.0,"max_hp_loss":0.0,"gold_gain":0.0,"event_name":"Beggar","player_choice":"Gave Gold","floor":26.0,"gold_loss":75.0,"damage_taken":0.0},{"damage_healed":0,"gold_gain":0,"player_choice":"Ignored","damage_taken":0,"max_hp_gain":0,"max_hp_loss":0,"event_name":"Mysterious Sphere","floor":44,"gold_loss":0},{"damage_healed":0,"gold_gain":0,"player_choice":"Fight","damage_taken":0,"max_hp_gain":0,"max_hp_loss":0,"event_name":"MindBloom","floor":53,"gold_loss":0}],"is_beta":true,"boss_relics":[{"not_picked":["Coffee Dripper","Astrolabe"],"picked":"Runic Dome"},{"not_picked":["Cursed Key","Snecko Eye"],"picked":"Black Blood"}],"items_purged_floors":[25],"is_endless":false,"potions_floor_spawned":[1,7,15,18,20,24,29,36,42,49,53],"ascension_level":14}}