{"host":"BK","time":1614383308,"event":{"mods":["BaseMod","Highlight Path","Minty Spire (QoL Compilation)","StSLib"],"gold_per_floor":[115,135,135,135,2,2,40,65,146,111,111,147,161,10,10,101,101,114,133,133,133,147,147,174,174,200,200,210,235,255,283,283,362,362,378,378,428,440,458,458,475,26,26,108,118,118,145,0,0,0,0],"floor_reached":50,"language":"ENG","playtime":3540,"items_purged":["Strike_P","Strike_P+1"],"score":1176,"play_id":"99d16526-9776-492e-9a25-73ca61f5937f","local_time":"20210226164828","is_ascension_mode":true,"campfire_choices":[{"floor":6.0,"key":"REST"},{"data":"CarveReality","floor":11.0,"key":"SMITH"},{"data":"Wallop","floor":15.0,"key":"SMITH"},{"floor":23,"key":"REST"},{"floor":25,"key":"REST"},{"floor":27,"key":"RECALL"},{"floor":32,"key":"REST"},{"floor":40,"key":"REST"},{"floor":46,"key":"REST"},{"floor":49,"key":"DIG"}],"circlet_count":0,"master_deck":["AscendersBane","Strike_P+1","Defend_P+1","Defend_P+1","Defend_P+1","Defend_P+1","Eruption","Vigilance","Judgement","BowlingBash","Adaptation","CarveReality+1","Wireheading","FlurryOfBlows","FearNoEvil","Wallop+1","Crescendo+1","TalkToTheHand","Omniscience+1","ThirdEye+1","JustLucky","ClearTheMind+1","Evaluate+1","Nirvana","Conclude","Vault+1","Scrawl+1","InnerPeace+1","Wireheading","WaveOfTheHand+1","Halt+1","Master of Strategy+1","Impatience+1"],"relics":["PureWater","Bloody Idol","MealTicket","Ornamental Fan","Toxic Egg 2","Fusion Hammer","Bottled Flame","Orichalcum","Lantern","Omamori","Calling Bell","Art of War","TeardropLocket","Shovel","Mercury Hourglass","Vajra","Red Mask","Toy Ornithopter"],"acts_visited":["Exordium","TheCity","TheBeyond"],"potions_floor_usage":[24,24,33,33,33,33,35,41,47],"damage_taken":[{"damage":0.0,"enemies":"Small Slimes","floor":1.0,"turns":2.0},{"damage":4.0,"enemies":"Jaw Worm","floor":2.0,"turns":4.0},{"damage":16.0,"enemies":"Gremlin Nob","floor":7.0,"turns":3.0},{"damage":0.0,"enemies":"2 Louse","floor":8.0,"turns":2.0},{"damage":20.0,"enemies":"Lagavulin","floor":12.0,"turns":3.0},{"damage":1.0,"enemies":"Looter","floor":13.0,"turns":3.0},{"damage":0.0,"enemies":"Slime Boss","floor":16.0,"turns":5.0},{"damage":7.0,"enemies":"3 Byrds","floor":18.0,"turns":4.0},{"damage":8.0,"enemies":"Chosen","floor":19.0,"turns":4.0},{"damage":18,"enemies":"Snake Plant","floor":22,"turns":4},{"damage":20,"enemies":"Book of Stabbing","floor":24,"turns":5},{"damage":7,"enemies":"3 Cultists","floor":28,"turns":4},{"damage":10,"enemies":"Slavers","floor":29,"turns":6},{"damage":16,"enemies":"Chosen and Byrds","floor":30,"turns":6},{"damage":6,"enemies":"Book of Stabbing","floor":31,"turns":4},{"damage":46,"enemies":"Collector","floor":33,"turns":13},{"damage":26,"enemies":"3 Darklings","floor":35,"turns":6},{"damage":1,"enemies":"3 Shapes","floor":38,"turns":2},{"damage":8,"enemies":"Maw","floor":39,"turns":8},{"damage":50,"enemies":"3 Darklings","floor":41,"turns":5},{"damage":0,"enemies":"Jaw Worm Horde","floor":45,"turns":2},{"damage":20,"enemies":"Nemesis","floor":47,"turns":12},{"damage":78,"enemies":"Time Eater","floor":50,"turns":4}],"seed_played":"-8278681722721841345","potions_obtained":[{"floor":7.0,"key":"Strength Potion"},{"floor":8.0,"key":"Weak Potion"},{"floor":12.0,"key":"Strength Potion"},{"floor":19.0,"key":"Swift Potion"},{"floor":28,"key":"EntropicBrew"},{"floor":30,"key":"SkillPotion"},{"floor":33,"key":"PowerPotion"},{"floor":35,"key":"BlessingOfTheForge"},{"floor":38,"key":"Swift Potion"}],"is_trial":false,"path_per_floor":["M","M","?","?","$","R","E","M","T","?","R","E","M","$","R","B",null,"M","M","?","?","M","R","E","R","T","R","M","E","M","E","R","B",null,"M","?","?","M","M","R","M","$","T","T","M","R","E","?","R","B"],"character_chosen":"WATCHER","items_purchased":["CarveReality","Wireheading","TalkToTheHand","Master of Strategy+1","Regen Potion","Impatience+1"],"campfire_rested":6,"item_purchase_floors":[5,5,14,42,42,42],"current_hp_per_floor":[43,39,39,32,32,50,34,34,34,49,49,29,28,43,43,43,57,50,42,42,42,29,47,32,50,55,55,53,48,37,36,54,13,50,29,29,34,38,35,52,7,22,22,27,32,49,49,49,49,0,0],"gold":0,"neow_bonus":"THREE_RARE_CARDS","is_daily":false,"chose_seed":false,"campfire_upgraded":2,"win_rate":0.0,"timestamp":1614383308,"path_taken":["M","M","?","?","$","R","E","M","T","?","R","E","M","$","R","BOSS","M","M","?","?","M","R","E","R","T","R","M","E","M","E","R","BOSS","M","?","?","?","M","R","M","$","T","?","M","R","E","?","R","BOSS"],"items_purchased_type":["Card","Card","Card","Card","Potion","Card"],"build_version":"2020-12-18","purchased_purges":2,"victory":false,"max_hp_per_floor":[68,68,62,62,62,62,62,62,62,62,62,62,62,62,62,62,62,62,62,62,62,62,62,62,62,62,62,62,62,62,62,62,62,62,62,59,59,59,59,59,59,59,59,59,59,59,59,59,59,59,59],"card_choices":[{"not_picked":["MasterReality","Ragnarok"],"picked":"Judgement","floor":0.0},{"not_picked":["PathToVictory","FlyingSleeves"],"picked":"BowlingBash","floor":1.0},{"not_picked":["Crescendo","Sanctity"],"picked":"Adaptation","floor":2.0},{"not_picked":["FollowUp","Study"],"picked":"FlurryOfBlows","floor":7.0},{"not_picked":["Nirvana","Crescendo"],"picked":"FearNoEvil","floor":8.0},{"not_picked":["Halt+1","BattleHymn"],"picked":"Wallop","floor":12.0},{"not_picked":["Prostrate+1","CutThroughFate"],"picked":"Crescendo+1","floor":13.0},{"not_picked":["Blasphemy+1","Alpha+1"],"picked":"Omniscience+1","floor":16.0},{"not_picked":["Prostrate+1","EmptyFist"],"picked":"ThirdEye+1","floor":18.0},{"not_picked":["WreathOfFlame+1","EmptyBody+1"],"picked":"JustLucky","floor":19.0},{"not_picked":["Pray+1","Consecrate"],"picked":"ClearTheMind+1","floor":22},{"not_picked":["Wish+1","EmptyFist","Blasphemy+1"],"picked":"SKIP","floor":24},{"not_picked":["CrushJoints","FollowUp"],"picked":"Evaluate+1","floor":28},{"not_picked":["Collect+1","Nirvana","Crescendo+1"],"picked":"SKIP","floor":29},{"not_picked":["Collect+1","Crescendo+1"],"picked":"Nirvana","floor":29},{"not_picked":["PathToVictory+1","Prostrate+1"],"picked":"Conclude","floor":30},{"not_picked":["Evaluate+1","Indignation+1"],"picked":"Vault+1","floor":31},{"not_picked":["DevaForm","Alpha+1"],"picked":"Scrawl+1","floor":33},{"not_picked":["FlyingSleeves","DeceiveReality+1"],"picked":"InnerPeace+1","floor":35},{"not_picked":["SandsOfTime","PathToVictory+1"],"picked":"Wireheading","floor":38},{"not_picked":["EmptyMind+1","BowlingBash"],"picked":"WaveOfTheHand+1","floor":39},{"not_picked":["ReachHeaven","Vengeance+1"],"picked":"Halt+1","floor":41},{"not_picked":["Crescendo+1","JustLucky","Halt+1"],"picked":"SKIP","floor":45},{"not_picked":["Collect+1","CrushJoints","CutThroughFate"],"picked":"SKIP","floor":47}],"player_experience":2627437,"relics_obtained":[{"floor":7.0,"key":"MealTicket"},{"floor":9.0,"key":"Ornamental Fan"},{"floor":12.0,"key":"Toxic Egg 2"},{"floor":24,"key":"Bottled Flame"},{"floor":26,"key":"Orichalcum"},{"floor":29,"key":"Lantern"},{"floor":31,"key":"Omamori"},{"floor":34,"key":"Art of War"},{"floor":34,"key":"TeardropLocket"},{"floor":34,"key":"Shovel"},{"floor":44,"key":"Mercury Hourglass"},{"floor":47,"key":"Vajra"},{"floor":49,"key":"Toy Ornithopter"}],"event_choices":[{"damage_healed":0.0,"max_hp_gain":0.0,"max_hp_loss":6.0,"gold_gain":0.0,"event_name":"Golden Idol","player_choice":"Lose Max HP","floor":3.0,"gold_loss":0.0,"damage_taken":0.0,"relics_obtained":["Golden Idol"]},{"cards_removed":["Strike_P"],"damage_healed":0.0,"max_hp_gain":0.0,"max_hp_loss":0.0,"gold_gain":0.0,"event_name":"Golden Wing","player_choice":"Card Removal","floor":4.0,"gold_loss":0.0,"damage_taken":7.0},{"damage_healed":15.0,"max_hp_gain":0.0,"max_hp_loss":0.0,"gold_gain":0.0,"event_name":"The Cleric","player_choice":"Healed","floor":10.0,"gold_loss":35.0,"damage_taken":0.0},{"damage_healed":0.0,"max_hp_gain":0.0,"max_hp_loss":0.0,"gold_gain":0.0,"event_name":"Back to Basics","player_choice":"Simplicity","floor":20.0,"gold_loss":0.0,"damage_taken":0.0,"cards_upgraded":["Strike_P","Strike_P","Defend_P","Defend_P","Defend_P","Defend_P"]},{"damage_healed":0.0,"max_hp_gain":0.0,"max_hp_loss":0.0,"gold_gain":0.0,"event_name":"Forgotten Altar","player_choice":"Gave Idol","floor":21.0,"relics_lost":["Golden Idol"],"gold_loss":0.0,"damage_taken":0.0,"relics_obtained":["Bloody Idol"]},{"damage_healed":0,"gold_gain":0,"player_choice":"Max HP","damage_taken":0,"max_hp_gain":0,"max_hp_loss":3,"event_name":"Winding Halls","floor":36,"gold_loss":0},{"damage_healed":0,"gold_gain":50,"player_choice":"Pray","damage_taken":0,"max_hp_gain":0,"max_hp_loss":0,"event_name":"Golden Shrine","floor":37,"gold_loss":0},{"damage_healed":0,"gold_gain":0,"player_choice":"Paid","damage_taken":0,"relics_obtained":["Red Mask"],"max_hp_gain":0,"max_hp_loss":0,"event_name":"Tomb of Lord Red Mask","floor":48,"gold_loss":145}],"is_beta":true,"boss_relics":[{"not_picked":["SlaversCollar","Cursed Key"],"picked":"Fusion Hammer"},{"not_picked":["Astrolabe","Sozu"],"picked":"Calling Bell"}],"items_purged_floors":[14,42],"is_endless":false,"potions_floor_spawned":[7,8,12,19,28,30,33,35,38],"killed_by":"Time Eater","ascension_level":20}}