{"host":"zu1swnxjkaahohqc","time":1614305022,"event":{"mods":["BaseMod","Minty Spire (QoL Compilation)","Replay The Spire","StSLib"],"gold_per_floor":[109,109,34,34,53,78,78,93,116,144,144,44,94,129,129,224,224,234,174,186,0,13,13,42,42,42,59,59,59,59,94,94,197,197,216,216,231,231,46,81,81,116,143,154,154,170,189,67,67,67],"floor_reached":51,"language":"ENG","playtime":3550,"items_purged":["Strike_B","Defend_B","Spreading Infection","Decay"],"score":1076,"play_id":"2aab0a9c-8ccc-4639-a255-387601b8ed36","local_time":"20210225210342","is_ascension_mode":true,"campfire_choices":[{"data":"Zap","floor":7.0,"key":"SMITH"},{"floor":11.0,"key":"REST"},{"data":"Skim","floor":15.0,"key":"SMITH"},{"data":"Sweeping Beam","floor":23.0,"key":"SMITH"},{"floor":25.0,"key":"REST"},{"data":"Creative AI","floor":29.0,"key":"SMITH"},{"data":"Strike_B","floor":32.0,"key":"PURGE"},{"data":"Heatsinks","floor":41.0,"key":"SMITH"},{"floor":45.0,"key":"REST"},{"data":"Gash","floor":49.0,"key":"SMITH"}],"circlet_count":1,"master_deck":["Defend_B","Defend_B","Zap+1","Dualcast","Melter","Glacier","Conserve Battery","Skim+1","Gash+1","Creative AI+1","Sweeping Beam+1","Gash","Gash","Gash+1","Heatsinks+1","Reboot","Scrape","Scrape","Delirium","Undo","Parasite","Go for the Eyes+1","ReplaySort"],"relics":["Cracked Core","NeowsBlessing","Pen Nib","Blood Vial","Replay:Rubber Ducky","Replay:Mystery Machine","Ring of Greed","The Courier","Replay:Wax Seal","Juzu Bracelet","Nuclear Battery","Garlic","HornCleat","FaceOfCleric","Geode","ReplayTheSpireMod:DimensionalGlitch","Replay:PocketPolymizer","Circlet","Oddly Smooth Stone","Pet Ghost","Lee\u0027s Waffle"],"acts_visited":["Exordium","TheCity","TheBeyond"],"potions_floor_usage":[50,50],"damage_taken":[{"damage":0.0,"enemies":"Small Slimes","floor":1.0,"turns":1.0},{"damage":0.0,"enemies":"2 Louse","floor":5.0,"turns":1.0},{"damage":0.0,"enemies":"3 Sentries","floor":6.0,"turns":1.0},{"damage":0.0,"enemies":"Cultist","floor":8.0,"turns":3.0},{"damage":8.0,"enemies":"Lagavulin","floor":10.0,"turns":6.0},{"damage":20.0,"enemies":"3 Sentries","floor":14.0,"turns":6.0},{"damage":21.0,"enemies":"The Guardian","floor":16.0,"turns":10.0},{"damage":0.0,"enemies":"Spheric Guardian","floor":18.0,"turns":2.0},{"damage":5.0,"enemies":"Shell Parasite","floor":20.0,"turns":4.0},{"damage":18.0,"enemies":"3 Cultists","floor":22.0,"turns":5.0},{"damage":25.0,"enemies":"Book of Stabbing","floor":24.0,"turns":6.0},{"damage":0.0,"enemies":"Sentry and Sphere","floor":27.0,"turns":3.0},{"damage":13.0,"enemies":"Slavers","floor":31.0,"turns":4.0},{"damage":1.0,"enemies":"Pondfish","floor":33.0,"turns":6.0},{"damage":6.0,"enemies":"3 Darklings","floor":35.0,"turns":5.0},{"damage":23.0,"enemies":"3 Shapes","floor":37.0,"turns":5.0},{"damage":1.0,"enemies":"Giant Head","floor":40.0,"turns":5.0},{"damage":22.0,"enemies":"Nemesis","floor":42.0,"turns":5.0},{"damage":18.0,"enemies":"Spire Growth","floor":44.0,"turns":5.0},{"damage":38.0,"enemies":"Writhing Mass","floor":46.0,"turns":6.0},{"damage":3.0,"enemies":"Sphere and 2 Shapes","floor":47.0,"turns":4.0},{"damage":20,"enemies":"Replay:Hell Engine","floor":50,"turns":9}],"seed_played":"-5294277016325532272","potions_obtained":[{"floor":8.0,"key":"Weak Potion"},{"floor":10.0,"key":"Strength Potion"},{"floor":18.0,"key":"Strength Potion"},{"floor":42.0,"key":"PowerPotion"},{"floor":44.0,"key":"Strength Potion"},{"floor":46.0,"key":"Elixir"}],"is_trial":false,"path_per_floor":["M","?","$","?","M","E","R","M","T","E","R","$","?","E","R","B",null,"M","?","M","$","M","R","E","R","T","M","?","R","$","E","R","B",null,"M","T","M","?","$","E","R","E","T","M","R","M","M","$","R","B",null],"character_chosen":"DEFECT","items_purchased":["Gash","Gash","Scrape","Lee\u0027s Waffle"],"campfire_rested":3,"item_purchase_floors":[21,21,39,48],"current_hp_per_floor":[75,68,68,50,50,50,50,52,52,46,68,68,68,50,50,31,75,75,75,70,70,54,54,31,53,53,55,55,55,55,45,45,47,77,72,72,51,51,51,52,52,40,40,24,48,21,20,91,91,72],"gold":67,"neow_bonus":"THREE_ENEMY_KILL","is_daily":false,"chose_seed":false,"campfire_upgraded":6,"win_rate":0.0,"timestamp":1614305022,"path_taken":["M","?","$","?","M","E","R","M","T","E","R","$","?","E","R","BOSS","M","?","M","$","M","R","E","R","T","M","?","R","$","E","R","BOSS","M","?","M","?","?","E","R","E","T","M","R","M","M","$","R","BOSS"],"items_purchased_type":["Card","Card","Card","Relic"],"build_version":"2020-12-13","purchased_purges":4,"victory":true,"max_hp_per_floor":[75,75,75,75,75,75,75,75,75,75,75,75,75,75,75,75,75,75,75,75,75,75,75,75,75,75,75,75,75,75,76,76,77,77,78,78,79,79,79,80,80,81,81,82,82,83,84,91,91,92],"card_choices":[{"not_picked":["Stack","Coolheaded"],"picked":"Melter","floor":1.0},{"not_picked":["Stack","Rip and Tear"],"picked":"Glacier","floor":5.0},{"not_picked":["Turbo","Static Discharge"],"picked":"Conserve Battery","floor":6.0},{"not_picked":["Reinforced Body","Coolheaded"],"picked":"Skim","floor":8.0},{"not_picked":["Cold Snap","BasicCrystalCard","Meteor Strike"],"picked":"SKIP","floor":10.0},{"not_picked":["Cold Snap","Panic Button"],"picked":"Gash","floor":14.0},{"not_picked":["Thunder Strike","Mirror Shield"],"picked":"Creative AI","floor":16.0},{"not_picked":["BasicCrystalCard","Time Bomb"],"picked":"Sweeping Beam","floor":18.0},{"not_picked":["Leap","Sweeping Beam+1","Barrage"],"picked":"SKIP","floor":20.0},{"not_picked":["Panic Button","Self Repair"],"picked":"Gash+1","floor":22.0},{"not_picked":["Leap","Streamline"],"picked":"Heatsinks","floor":24.0},{"not_picked":["Turbo","Steam","ReplaySort+1"],"picked":"SKIP","floor":27.0},{"not_picked":["Sweeping Beam","Tempest","ReplayTheSpireMod:Fabricate Wheel"],"picked":"SKIP","floor":31.0},{"not_picked":["Biased Cognition","Seek"],"picked":"Reboot","floor":33.0},{"not_picked":["Barrage","Conserve Battery","Double Energy+1"],"picked":"SKIP","floor":35.0},{"not_picked":["Rebound+1","Compile Driver+1"],"picked":"Scrape","floor":37.0},{"not_picked":["Darkness","ReplayTheSpireMod:Reroute Power+1","Genetic Algorithm"],"picked":"SKIP","floor":40.0},{"not_picked":["ReplayTheSpireMod:System Scan+1","Sweeping Beam"],"picked":"Undo","floor":42.0},{"not_picked":["Streamline","Cold Snap+1","Auto Shields+1"],"picked":"SKIP","floor":44.0},{"not_picked":["Steam Power","BootSequence"],"picked":"Go for the Eyes+1","floor":46.0},{"not_picked":["Capacitor","Conserve Battery+1","Rip and Tear"],"picked":"SKIP","floor":47.0}],"player_experience":29535,"relics_obtained":[{"floor":6.0,"key":"Blood Vial"},{"floor":9.0,"key":"Replay:Rubber Ducky"},{"floor":10.0,"key":"Replay:Mystery Machine"},{"floor":13.0,"key":"Ring of Greed"},{"floor":13.0,"key":"The Courier"},{"floor":13.0,"key":"Replay:Wax Seal"},{"floor":14.0,"key":"Juzu Bracelet"},{"floor":24.0,"key":"Garlic"},{"floor":26.0,"key":"HornCleat"},{"floor":31.0,"key":"Geode"},{"floor":36.0,"key":"Replay:PocketPolymizer"},{"floor":40.0,"key":"Dead Branch"},{"floor":42.0,"key":"Oddly Smooth Stone"},{"floor":43.0,"key":"Pet Ghost"}],"event_choices":[{"cards_removed":["Defend_B"],"damage_healed":0.0,"max_hp_gain":0.0,"max_hp_loss":0.0,"gold_gain":0.0,"event_name":"Golden Wing","player_choice":"Card Removal","floor":2.0,"gold_loss":0.0,"damage_taken":7.0},{"damage_healed":0.0,"max_hp_gain":0.0,"max_hp_loss":0.0,"gold_gain":0.0,"event_name":"Scrap Ooze","player_choice":"Success","floor":4.0,"gold_loss":0.0,"damage_taken":18.0,"relics_obtained":["Pen Nib"]},{"damage_healed":0.0,"max_hp_gain":0.0,"max_hp_loss":0.0,"gold_gain":0.0,"event_name":"FaceTrader","player_choice":"Trade","floor":28.0,"gold_loss":0.0,"damage_taken":0.0,"relics_obtained":["FaceOfCleric"]},{"cards_removed":["Strike_B"],"damage_healed":0.0,"max_hp_gain":0.0,"max_hp_loss":0.0,"gold_gain":0.0,"event_name":"Bonfire Elementals","player_choice":"Offered Basic","floor":38.0,"gold_loss":0.0,"damage_taken":0.0}],"is_beta":false,"boss_relics":[{"not_picked":["Fusion Hammer","FrozenCore"],"picked":"Nuclear Battery"},{"not_picked":["Painkiller Herb","Pandora\u0027s Box"],"picked":"ReplayTheSpireMod:DimensionalGlitch"}],"items_purged_floors":[3,12,21,39],"is_endless":false,"potions_floor_spawned":[8,10,18,42,44,46],"ascension_level":4}}