{"host":"i2s4iw62z1dejrqn","time":1614354439,"event":{"mods":["AchievementEnabler","BaseMod","Minty Spire (QoL Compilation)","Random Character Button","SuperFastMode"],"gold_per_floor":[114,134,134,134,134,134,161,161,229,243,269,280,315,326,326,430,430,443,456,456,456,469,469,497,497,497,524,524,536,5,5,5,109,109,122,122,142,142,157,185,110,140,193,193,203,203,49,83,83,83,83,83,83,113,113],"floor_reached":56,"language":"KOR","playtime":4025,"items_purged":["Defend_B"],"score":1849,"play_id":"9fed13b7-041f-4917-8dfa-aab1dc6293aa","local_time":"20210227004719","is_ascension_mode":true,"campfire_choices":[{"data":"Zap","floor":6.0,"key":"SMITH"},{"data":"Coolheaded","floor":8.0,"key":"SMITH"},{"data":"Chaos","floor":15.0,"key":"SMITH"},{"floor":23.0,"key":"REST"},{"floor":25.0,"key":"REST"},{"data":"Chill","floor":28.0,"key":"SMITH"},{"data":"Capacitor","floor":32.0,"key":"SMITH"},{"floor":44.0,"key":"RECALL"},{"data":"Loop","floor":46.0,"key":"SMITH"},{"data":"Echo Form","floor":49.0,"key":"SMITH"},{"data":"Self Repair","floor":52.0,"key":"SMITH"}],"circlet_count":0,"master_deck":["AscendersBane","Defend_B+1","Zap+1","Dualcast+1","Coolheaded+1","Hello World","Chaos+1","Glacier+1","Core Surge","Chill+1","Echo Form+1","Blizzard+1","Self Repair+1","Double Energy+1","Capacitor+1","Consume+1","Seek+1","Deep Breath+1","Madness+1","Madness+1","Coolheaded+1","Coolheaded+1","Loop+1","Hologram+1","Fusion+1"],"relics":["FrozenCore","NeowsBlessing","Art of War","Du-Vu Doll","Lizard Tail","Nilry\u0027s Codex","CaptainsWheel","Toxic Egg 2","Akabeko","Gambling Chip","Medical Kit","Empty Cage","Bird Faced Urn","War Paint","Regal Pillow","ClockworkSouvenir","Juzu Bracelet","Nunchaku"],"acts_visited":["Exordium","TheCity","TheBeyond","TheEnding"],"potions_floor_usage":[55,55],"damage_taken":[{"damage":0.0,"enemies":"Cultist","floor":1.0,"turns":1.0},{"damage":0.0,"enemies":"Small Slimes","floor":2.0,"turns":1.0},{"damage":0.0,"enemies":"Gremlin Nob","floor":7.0,"turns":1.0},{"damage":0.0,"enemies":"2 Louse","floor":10.0,"turns":3.0},{"damage":16.0,"enemies":"Lagavulin","floor":11.0,"turns":6.0},{"damage":0.0,"enemies":"Large Slime","floor":12.0,"turns":5.0},{"damage":17.0,"enemies":"Gremlin Nob","floor":13.0,"turns":4.0},{"damage":4.0,"enemies":"Red Slaver","floor":14.0,"turns":2.0},{"damage":14.0,"enemies":"The Guardian","floor":16.0,"turns":13.0},{"damage":10.0,"enemies":"Shell Parasite","floor":18.0,"turns":8.0},{"damage":16.0,"enemies":"3 Byrds","floor":19.0,"turns":6.0},{"damage":5.0,"enemies":"Cultist and Chosen","floor":22.0,"turns":5.0},{"damage":12.0,"enemies":"Book of Stabbing","floor":24.0,"turns":10.0},{"damage":26.0,"enemies":"Slavers","floor":27.0,"turns":7.0},{"damage":3.0,"enemies":"Centurion and Healer","floor":29.0,"turns":7.0},{"damage":26.0,"enemies":"Collector","floor":33.0,"turns":8.0},{"damage":0.0,"enemies":"3 Shapes","floor":35.0,"turns":3.0},{"damage":1.0,"enemies":"Orb Walker","floor":37.0,"turns":6.0},{"damage":0.0,"enemies":"Sphere and 2 Shapes","floor":39.0,"turns":4.0},{"damage":1.0,"enemies":"Reptomancer","floor":40.0,"turns":7.0},{"damage":9.0,"enemies":"Giant Head","floor":42.0,"turns":7.0},{"damage":29.0,"enemies":"Transient","floor":45.0,"turns":5.0},{"damage":0.0,"enemies":"Nemesis","floor":48.0,"turns":9.0},{"damage":34.0,"enemies":"Time Eater","floor":50.0,"turns":10.0},{"damage":51.0,"enemies":"Shield and Spear","floor":54.0,"turns":6.0},{"damage":37,"enemies":"The Heart","floor":55,"turns":8}],"seed_played":"-2836445198371097090","potions_obtained":[{"floor":11.0,"key":"ColorlessPotion"},{"floor":14.0,"key":"EssenceOfDarkness"},{"floor":16.0,"key":"EntropicBrew"},{"floor":18.0,"key":"SteroidPotion"},{"floor":24.0,"key":"Weak Potion"},{"floor":27.0,"key":"Fruit Juice"},{"floor":29.0,"key":"GamblersBrew"},{"floor":37.0,"key":"DuplicationPotion"},{"floor":39.0,"key":"Regen Potion"},{"floor":54.0,"key":"ColorlessPotion"}],"is_trial":false,"path_per_floor":["M","M","?","?","?","R","E","R","T","M","E","M","E","M","R","B",null,"M","M","?","?","M","R","E","R","T","E","R","M","$","?","R","B",null,"M","?","M","?","M","E","$","E","T","R","M","R","$","E","R","B",null,"R","$","E","B",null],"character_chosen":"DEFECT","items_purchased":["Gambling Chip","Medical Kit","Capacitor","ClockworkSouvenir"],"campfire_rested":2,"item_purchase_floors":[30,30,30,47],"current_hp_per_floor":[68,68,61,61,61,61,61,61,61,61,45,45,28,24,24,10,59,49,33,17,17,12,34,29,51,51,44,44,48,48,48,48,29,67,74,64,77,77,80,80,80,80,80,80,73,73,73,80,80,75,79,79,79,77,62],"gold":113,"neow_bonus":"THREE_ENEMY_KILL","is_daily":false,"chose_seed":false,"campfire_upgraded":8,"win_rate":0.0,"timestamp":1614354439,"path_taken":["M","?","?","?","?","R","E","R","T","?","E","?","E","M","R","BOSS","M","?","?","?","M","R","E","R","T","E","R","M","$","?","R","BOSS","M","?","M","?","M","E","$","E","T","R","M","R","$","E","R","BOSS","R","$","E","BOSS"],"items_purchased_type":["Relic","Relic","Card","Relic"],"build_version":"2020-12-22","purchased_purges":1,"victory":true,"max_hp_per_floor":[75,75,75,75,75,75,75,75,75,75,75,75,75,75,75,75,75,75,75,75,75,75,75,75,75,75,80,80,80,80,80,80,80,80,80,80,80,80,80,80,80,80,80,80,80,80,80,80,80,80,80,80,80,80,80],"card_choices":[{"not_picked":["Leap","Conserve Battery"],"picked":"Coolheaded","floor":1.0},{"not_picked":["Sweeping Beam","Rainbow","Compile Driver"],"picked":"SKIP","floor":2.0},{"not_picked":["Compile Driver","FTL","Undo"],"picked":"SKIP","floor":7.0},{"not_picked":["Force Field","White Noise"],"picked":"Chaos","floor":10.0},{"not_picked":["Stack","Cold Snap"],"picked":"Glacier","floor":11.0},{"not_picked":["Turbo","Leap","Steam"],"picked":"SKIP","floor":12.0},{"not_picked":["Go for the Eyes","Barrage"],"picked":"Core Surge","floor":13.0},{"not_picked":["Scrape","Go for the Eyes"],"picked":"Chill","floor":14.0},{"not_picked":["Machine Learning","Electrodynamics"],"picked":"Echo Form","floor":16.0},{"not_picked":["Double Energy+1","Loop"],"picked":"Blizzard+1","floor":18.0},{"not_picked":["Cold Snap+1","Rip and Tear"],"picked":"Self Repair","floor":19.0},{"not_picked":["Rebound","Barrage+1","FTL"],"picked":"SKIP","floor":22.0},{"not_picked":["Hologram","FTL","Biased Cognition"],"picked":"SKIP","floor":24.0},{"not_picked":["BootSequence+1","Rebound"],"picked":"Double Energy+1","floor":27.0},{"not_picked":["Go for the Eyes","Leap+1","Hello World"],"picked":"SKIP","floor":29.0},{"not_picked":["Buffer","Biased Cognition"],"picked":"Seek+1","floor":33.0},{"not_picked":["Undo+1","Sweeping Beam","Reprogram+1"],"picked":"SKIP","floor":35.0},{"not_picked":["Discovery+1","Dramatic Entrance"],"picked":"Deep Breath+1","floor":36.0},{"not_picked":["Magnetism","Forethought+1"],"picked":"Madness+1","floor":36.0},{"not_picked":["Secret Weapon+1","Sadistic Nature"],"picked":"Madness+1","floor":36.0},{"not_picked":["Turbo+1","Ball Lightning"],"picked":"Coolheaded+1","floor":37.0},{"not_picked":["Barrage","Conserve Battery+1"],"picked":"Coolheaded+1","floor":39.0},{"not_picked":["Rainbow+1","Ball Lightning+1"],"picked":"Loop","floor":40.0},{"not_picked":["Sweeping Beam+1","Go for the Eyes","Skim+1"],"picked":"SKIP","floor":42.0},{"not_picked":["Beam Cell","Sunder","Ball Lightning+1"],"picked":"SKIP","floor":45.0},{"not_picked":["All For One","BootSequence+1"],"picked":"Hologram+1","floor":48.0},{"not_picked":["Tempest+1","Heatsinks+1"],"picked":"Fusion+1","floor":54.0}],"player_experience":507966,"relics_obtained":[{"floor":7.0,"key":"Art of War"},{"floor":11.0,"key":"Du-Vu Doll"},{"floor":13.0,"key":"Lizard Tail"},{"floor":20.0,"key":"Nilry\u0027s Codex"},{"floor":24.0,"key":"CaptainsWheel"},{"floor":26.0,"key":"Toxic Egg 2"},{"floor":27.0,"key":"Akabeko"},{"floor":40.0,"key":"Bird Faced Urn"},{"floor":42.0,"key":"War Paint"},{"floor":43.0,"key":"Regal Pillow"},{"floor":48.0,"key":"Juzu Bracelet"},{"floor":54.0,"key":"Nunchaku"}],"event_choices":[{"cards_removed":["Strike_B"],"damage_healed":0.0,"max_hp_gain":0.0,"max_hp_loss":0.0,"gold_gain":0.0,"event_name":"Golden Wing","player_choice":"Card Removal","floor":3.0,"gold_loss":0.0,"damage_taken":7.0},{"damage_healed":0.0,"max_hp_gain":0.0,"max_hp_loss":0.0,"gold_gain":0.0,"cards_transformed":["Strike_B"],"event_name":"Living Wall","player_choice":"Change","floor":4.0,"gold_loss":0.0,"damage_taken":0.0,"cards_obtained":["Hello World"]},{"damage_healed":0.0,"max_hp_gain":0.0,"max_hp_loss":0.0,"gold_gain":0.0,"event_name":"Accursed Blacksmith","player_choice":"Forge","floor":5.0,"gold_loss":0.0,"damage_taken":0.0,"cards_upgraded":["Dualcast"]},{"damage_healed":0.0,"max_hp_gain":0.0,"max_hp_loss":0.0,"gold_gain":0.0,"event_name":"Cursed Tome","player_choice":"Obtained Book","floor":20.0,"gold_loss":0.0,"damage_taken":16.0},{"cards_removed":["Strike_B"],"damage_healed":0.0,"max_hp_gain":0.0,"max_hp_loss":0.0,"gold_gain":0.0,"event_name":"Back to Basics","player_choice":"Elegance","floor":21.0,"gold_loss":0.0,"damage_taken":0.0},{"damage_healed":0.0,"max_hp_gain":0.0,"max_hp_loss":0.0,"gold_gain":0.0,"event_name":"The Library","player_choice":"Read","floor":31.0,"gold_loss":0.0,"damage_taken":0.0,"cards_obtained":["Consume"]},{"damage_healed":0.0,"max_hp_gain":0.0,"max_hp_loss":0.0,"gold_gain":0.0,"event_name":"SensoryStone","player_choice":"Memory 3","floor":36.0,"gold_loss":0.0,"damage_taken":10.0},{"cards_removed":["Defend_B"],"damage_healed":0.0,"max_hp_gain":0.0,"max_hp_loss":0.0,"gold_gain":0.0,"event_name":"Falling","player_choice":"Removed Skill","floor":38.0,"gold_loss":0.0,"damage_taken":0.0}],"is_beta":false,"boss_relics":[{"not_picked":["Tiny House","Velvet Choker"],"picked":"FrozenCore"},{"not_picked":["Pandora\u0027s Box","Busted Crown"],"picked":"Empty Cage"}],"items_purged_floors":[41],"is_endless":false,"potions_floor_spawned":[11,14,16,18,24,27,29,37,39,40,54],"ascension_level":10}}