{"host":"5ueuk67tsx07ylcu","time":1614379315,"event":{"mods":["Act Like it!","BaseMod","Colored Map","Colored Powertips","Downfall","Duelist Mod","GifTheSpireLib","GungeonMod","Hallownest","Hermit","Infinite Spire","Library of Ruina","Lobotomy","Minty Spire (QoL Compilation)","Reliquary","Ruina","StSLib","The Animator"],"gold_per_floor":[115,40,40,54,29,29,54,54,54,74,106,106,139,149,149,248,248,266,85,104,118,118,118,118,118,118],"floor_reached":25,"language":"ENG","playtime":1840,"items_purged":["Strike_G","Strike_G"],"score":241,"play_id":"cefb2c73-5e91-41b3-9de5-215b76898c20","local_time":"20210226174155","is_ascension_mode":true,"campfire_choices":[{"data":"Backstab","floor":6,"key":"SMITH"},{"floor":8,"key":"RECALL"},{"data":"Finisher","floor":15,"key":"SMITH"},{"floor":23,"key":"REST"}],"circlet_count":0,"master_deck":["Strike_G","Strike_G","Strike_G","Defend_G","Defend_G","Defend_G","Defend_G","Defend_G","Survivor","Neutralize","Storm of Steel+1","Noxious Fumes","Backstab+1","Deflect","Night Terror","Finisher+1","Deflect","Envenom","Jack Of All Trades","Slimebound:CheckThePlaybook"],"relics":["Ring of the Snake","reliquary:RosewoodLute","reliquary:Sideboard","PageOfAlriune","reliquary:Ember","MutagenicStrength"],"acts_visited":["Exordium","TheCity"],"potions_floor_usage":[11,16,20,21,25],"damage_taken":[{"damage":1,"enemies":"Cultist","floor":1,"turns":3},{"damage":0,"enemies":"2 Louse","floor":4,"turns":3},{"damage":15,"enemies":"3 Sentries","floor":7,"turns":10},{"damage":0,"enemies":"Jaw Worm","floor":10,"turns":3},{"damage":8,"enemies":"Lagavulin","floor":11,"turns":4},{"damage":5,"enemies":"3 Sentries","floor":13,"turns":8},{"damage":0,"enemies":"Exordium Thugs","floor":14,"turns":3},{"damage":29,"enemies":"The Guardian","floor":16,"turns":9},{"damage":25,"enemies":"Shell Parasite","floor":18,"turns":8},{"damage":28,"enemies":"3 Byrds","floor":20,"turns":4},{"damage":16,"enemies":"Snake Plant","floor":21,"turns":4},{"damage":22,"enemies":"Snecko","floor":25,"turns":3}],"seed_played":"-4242579269450859176","potions_obtained":[{"floor":10,"key":"sneckomod:MuddlingPotion"},{"floor":11,"key":"CultistPotion"},{"floor":14,"key":"DuplicationPotion"},{"floor":16,"key":"Dexterity Potion"},{"floor":18,"key":"sneckomod:MuddlingPotion"}],"is_trial":false,"path_per_floor":["M","$","?","M","$","R","E","R","T","M","E","?","E","M","R","B",null,"M","$","M","M","?","R","?","M"],"character_chosen":"THE_SILENT","items_purchased":["Deflect","Jack Of All Trades"],"campfire_rested":1,"item_purchase_floors":[5,19],"current_hp_per_floor":[69,69,69,69,69,69,54,54,54,54,46,46,41,41,41,12,70,45,45,17,1,1,19,19,0,0],"gold":118,"neow_bonus":"ONE_RANDOM_RARE_CARD","is_daily":false,"chose_seed":false,"campfire_upgraded":2,"win_rate":0.0,"timestamp":1614379315,"path_taken":["M","$","?","M","?","R","E","R","T","M","E","?","E","M","R","BOSS","M","$","M","M","?","R","?","M"],"items_purchased_type":["Card","Card"],"build_version":"2020-12-22","purchased_purges":2,"victory":false,"max_hp_per_floor":[70,70,70,70,70,70,70,70,70,70,70,70,70,70,70,70,70,70,70,70,70,63,63,63,63,63],"card_choices":[{"not_picked":["Poisoned Stab","Backflip"],"picked":"Noxious Fumes","floor":1},{"not_picked":["Poisoned Stab","Blade Dance"],"picked":"Backstab","floor":4},{"not_picked":["Endless Agony","Deadly Poison"],"picked":"Night Terror","floor":7},{"not_picked":["Flying Knee","Terror"],"picked":"Finisher","floor":10},{"not_picked":["Blade Dance","Dagger Spray"],"picked":"Deflect","floor":11},{"not_picked":["Finisher","Dagger Spray"],"picked":"Terror","floor":13},{"not_picked":["Prepared","Acrobatics","Deflect"],"picked":"SKIP","floor":14},{"not_picked":["Storm of Steel","Doppelganger"],"picked":"Envenom","floor":16},{"not_picked":["Dagger Spray+1","Escape Plan+1"],"picked":"Bane+1","floor":18},{"not_picked":["Slice","Underhanded Strike","Bane"],"picked":"SKIP","floor":20},{"not_picked":["Poisoned Stab","Underhanded Strike"],"picked":"Flechettes","floor":21}],"player_experience":357181,"relics_obtained":[{"floor":7,"key":"reliquary:RosewoodLute"},{"floor":11,"key":"reliquary:Sideboard"},{"floor":13,"key":"PageOfAlriune"}],"event_choices":[{"damage_healed":0,"gold_gain":0,"player_choice":"Upgraded","damage_taken":0,"max_hp_gain":0,"max_hp_loss":0,"event_name":"Upgrade Shrine","floor":3,"gold_loss":0,"cards_upgraded":["Storm of Steel"]},{"damage_healed":0,"gold_gain":0,"player_choice":"Ignored","damage_taken":0,"max_hp_gain":0,"max_hp_loss":0,"event_name":"Liars Game","floor":12,"gold_loss":0},{"damage_healed":0,"gold_gain":0,"player_choice":"Inject Mutagens","damage_taken":0,"relics_obtained":["MutagenicStrength"],"max_hp_gain":0,"max_hp_loss":0,"event_name":"Drug Dealer","floor":24,"gold_loss":0}],"is_beta":false,"boss_relics":[{"not_picked":["reliquary:KinkedSpring","bronze:MakeshiftBattery"],"picked":"reliquary:Ember"}],"items_purged_floors":[2,19],"is_endless":false,"potions_floor_spawned":[10,11,14,16,18],"killed_by":"Snecko","ascension_level":2}}