{"host":"dtczkyto5vz790wa","time":1614322972,"event":{"mods":["BaseMod","LagranYue(¿≠∏Ò¿ °§‘¬)","Minty Spire (QoL Compilation)","Replay The Spire","Shop Mod","StSLib","The Animator"],"gold_per_floor":[117,77,96,50,50,90,90,120,147,177,177,204,223,69,69,186,186,206,206,229,229,258,310,345,345,345,345,363,363,161,183,183,201,201],"floor_reached":33,"language":"ZHS","playtime":2830,"items_purged":["animator:Cocytus"],"score":352,"play_id":"e222b2ad-6834-4e57-9143-795a8a5ff08e","local_time":"20210226150252","is_ascension_mode":true,"campfire_choices":[{"data":"animator:Tatsumaki","floor":7.0,"key":"SMITH"},{"data":"animator:ElricEdward","floor":11.0,"key":"SMITH"},{"floor":15.0,"key":"DIG"},{"data":"animator:Saitama","floor":27,"key":"SMITH"},{"data":"animator:DolaSchwi","floor":29,"key":"SMITH"},{"floor":32,"key":"REST"}],"circlet_count":0,"master_deck":["animator:Strike_FullmetalAlchemist","animator:Defend_FullmetalAlchemist","animator:Strike","animator:Strike","animator:Defend","animator:Defend+1","animator:ElricEdward","animator:ElricAlphonse+1","animator:ElricEdward+1","animator:Tatsumaki+1","animator:DolaCouronne","animator:OrikoMikuni","animator:RoyMustang","animator:Jibril","animator:DolaSchwi+1","animator:Saitama+1","animator:MaesHughes","animator:Demiurge","animator:DolaStephanie","Pain","animator:Ainz","animator:FielNirvalen+1","animator:Gluttony","animator:WinryRockbell+1","animator:MumenRider","animator:Pride","animator:Evileye+1"],"relics":["animator:TheMissingPiece","LagranYue:RandomDrawCardRelic","Philosopher\u0027s Stone","Mercury Hourglass","animator:BattleDrones","War Paint","Replay:Bandana","ReplayTheSpireMod:TigerMarble","Velvet Choker","WarpedTongs","Frozen Egg 2","Centennial Puzzle","Iron Hammer"],"acts_visited":["Exordium","TheCity"],"potions_floor_usage":[24,33],"damage_taken":[{"damage":0.0,"enemies":"Small Slimes","floor":1.0,"turns":3.0},{"damage":0.0,"enemies":"Cultist","floor":3.0,"turns":3.0},{"damage":4.0,"enemies":"3 Sentries","floor":6.0,"turns":6.0},{"damage":8.0,"enemies":"Jaw Worm","floor":8.0,"turns":2.0},{"damage":0.0,"enemies":"Gremlin Nob","floor":10.0,"turns":4.0},{"damage":0.0,"enemies":"3 Sentries","floor":12.0,"turns":3.0},{"damage":0.0,"enemies":"Exordium Thugs","floor":13.0,"turns":3.0},{"damage":17.0,"enemies":"Fading Forest","floor":16.0,"turns":11.0},{"damage":0.0,"enemies":"Spheric Guardian","floor":18.0,"turns":2.0},{"damage":12.0,"enemies":"Shell Parasite","floor":20.0,"turns":3.0},{"damage":12.0,"enemies":"Snake Plant","floor":22.0,"turns":1.0},{"damage":8.0,"enemies":"animator:HornedBat","floor":23.0,"turns":3.0},{"damage":10,"enemies":"Snecko","floor":24,"turns":4},{"damage":11,"enemies":"Centurion and Healer","floor":28,"turns":4},{"damage":6,"enemies":"Cultist and Chosen","floor":31,"turns":4},{"damage":55,"enemies":"Collector","floor":33,"turns":6}],"seed_played":"9205635029744831754","potions_obtained":[{"floor":2.0,"key":"Milkshake"},{"floor":2.0,"key":"Explosive Potion"},{"floor":2.0,"key":"FearPotion"},{"floor":5.0,"key":"DuplicationPotion"},{"floor":5.0,"key":"Flashbang"},{"floor":8.0,"key":"Death Potion"},{"floor":16.0,"key":"FearPotion"},{"floor":18.0,"key":"Toxic Potion"},{"floor":22.0,"key":"PowerPotion"},{"floor":28,"key":"ColorlessPotion"}],"is_trial":false,"path_per_floor":["M","?","M","$","?","E","R","M","T","E","R","E","M","$","R","B",null,"M","?","M","?","M","E","M","?","T","R","M","R","$","M","R","B"],"character_chosen":"THE_ANIMATOR","items_purchased":["animator:DolaCouronne","Replay:Bandana","animator:MumenRider","animator:Pride"],"campfire_rested":1,"item_purchase_floors":[4,14,30,30],"current_hp_per_floor":[66,66,66,66,66,62,62,54,54,54,54,54,54,54,54,37,66,67,67,55,55,43,39,29,29,29,29,23,23,23,22,42,0,0],"gold":201,"neow_bonus":"BOSS_RELIC","is_daily":false,"chose_seed":false,"campfire_upgraded":4,"win_rate":0.0,"timestamp":1614322972,"path_taken":["M","?","?","?","?","E","R","M","T","E","R","E","?","$","R","BOSS","M","?","M","?","M","E","?","?","T","R","?","R","$","M","R","BOSS"],"items_purchased_type":["Card","Relic","Card","Card"],"build_version":"2020-12-22","purchased_purges":1,"victory":false,"max_hp_per_floor":[66,66,66,66,66,66,66,66,66,66,66,66,66,66,66,66,66,67,67,67,67,67,67,67,67,67,67,68,68,68,69,69,69,69],"card_choices":[{"not_picked":["animator:DolaCouronne","animator:DolaRiku"],"picked":"animator:ElricEdward","floor":1.0},{"not_picked":["animator:IrohaTamaki","animator:Kazuma"],"picked":"animator:Tatsumaki","floor":3.0},{"not_picked":["animator:ElricAlphonse","animator:DolaSchwi"],"picked":"animator:OrikoMikuni","floor":6.0},{"not_picked":["animator:Gluttony","animator:WinryRockbell"],"picked":"animator:RoyMustang","floor":8.0},{"not_picked":["animator:Mitsurugi","animator:SilverFang"],"picked":"animator:Jibril","floor":10.0},{"not_picked":["animator:Sonic","animator:NagisaMomoe","animator:DolaCouronne"],"picked":"SKIP","floor":12.0},{"not_picked":["animator:DolaCouronne","animator:NagisaMomoe"],"picked":"animator:DolaSchwi","floor":13.0},{"not_picked":["animator:Eve","animator:Sora"],"picked":"animator:Saitama","floor":16.0},{"not_picked":["animator:Gluttony","animator:ElricAlphonse"],"picked":"animator:MaesHughes","floor":18.0},{"not_picked":["animator:Rena","animator:SayakaMiki+1"],"picked":"animator:DolaStephanie","floor":20.0},{"not_picked":["animator:NagisaMomoe","animator:WinryRockbell+1"],"picked":"animator:Ainz","floor":22.0},{"not_picked":["animator:Shalltear","animator:Ain"],"picked":"animator:FielNirvalen+1","floor":23.0},{"not_picked":["animator:MaesHughes","animator:Sloth"],"picked":"animator:Gluttony","floor":24},{"not_picked":["animator:Raven","animator:ChlammyZell"],"picked":"animator:WinryRockbell+1","floor":28},{"not_picked":["animator:Tatsumaki","animator:MamiTomoe"],"picked":"animator:Evileye+1","floor":31}],"player_experience":235813,"relics_obtained":[{"floor":6.0,"key":"Mercury Hourglass"},{"floor":10.0,"key":"animator:BattleDrones"},{"floor":12.0,"key":"War Paint"},{"floor":15.0,"key":"ReplayTheSpireMod:TigerMarble"},{"floor":23.0,"key":"Frozen Egg 2"},{"floor":26,"key":"Iron Hammer"}],"event_choices":[{"damage_healed":0.0,"max_hp_gain":0.0,"max_hp_loss":0.0,"gold_gain":0.0,"event_name":"The Woman in Blue","player_choice":"Bought 3 Potions","floor":2.0,"gold_loss":0.0,"damage_taken":0.0},{"damage_healed":0.0,"max_hp_gain":0.0,"max_hp_loss":0.0,"gold_gain":0.0,"event_name":"Lab","player_choice":"Got Potions","floor":5.0,"gold_loss":0.0,"damage_taken":0.0},{"damage_healed":0.0,"max_hp_gain":0.0,"max_hp_loss":0.0,"gold_gain":0.0,"cards_transformed":["animator:Strike","animator:Defend"],"event_name":"Drug Dealer","player_choice":"Became Test Subject","floor":19.0,"gold_loss":0.0,"damage_taken":0.0,"cards_obtained":["animator:Cocytus","animator:Demiurge"]},{"damage_healed":0.0,"max_hp_gain":0.0,"max_hp_loss":0.0,"gold_gain":0.0,"event_name":"Accursed Blacksmith","player_choice":"Rummage","floor":21.0,"gold_loss":0.0,"damage_taken":0.0,"relics_obtained":["WarpedTongs"],"cards_obtained":["Pain"]},{"damage_healed":0,"gold_gain":0,"player_choice":"Gave Potion","damage_taken":0,"relics_obtained":["Centennial Puzzle"],"max_hp_gain":0,"max_hp_loss":0,"event_name":"WeMeetAgain","floor":25,"gold_loss":0}],"is_beta":false,"boss_relics":[{"not_picked":["animator:CursedBlade","Runic Dome"],"picked":"Velvet Choker"}],"items_purged_floors":[30],"is_endless":false,"potions_floor_spawned":[3,8,10,16,18,22,28],"killed_by":"Collector","ascension_level":1}}