{"host":"bzg9y3flbaqjj1j7","time":1614379685,"event":{"mods":["AchievementEnabler","Act Like it!","Aspiration","Aya Shameimaru","BaseMod","Challenge The Spire","Hubris","Library of Ruina","Lobotomy","LobotomyExtend","Marisa????????","Marked Mod","Minty Spire (QoL Compilation)","Permanent Neow","Poor People Problems","Quick Restart","Rare Cards Sparkle","Replay The Spire","Shop Mod","Spicy Shops","Spire Arcade","StSLib","The Animator","The Blue Laboratory"],"gold_per_floor":[118,118,118,130,144,173,173,187,187,202,202,202,220,248,248,346,346,356,374,406,406,406],"floor_reached":21,"language":"ENG","playtime":1898,"items_purged":[],"score":253,"play_id":"044a98b2-8350-4639-a4a9-80aed24dba50","local_time":"20210226191805","is_ascension_mode":true,"campfire_choices":[{"data":"ToWhereThePrescriptPoints","floor":7,"key":"SMITH"},{"floor":12,"key":"RECALL"},{"data":"SnakesPrey","floor":15,"key":"SMITH"}],"circlet_count":0,"master_deck":["Dodge","LightDefense","LightAttack","LightAttack","LightDefense","LightDefense","LightDefense","ChargeAndCover","FocusedStrikes","DistortedBlade","VenomousFangs","Lock","ToWhereThePrescriptPoints+1","BurningFlash","Parry2","RulesOfTheBackstreets","SnakesPrey+1","LeRegole","YoureTooSlow+1","FrontalAssault"],"relics":["PageOfLibrarian","LetterFromLob","PageOfBigBadWolf","PageOfOzma","Replay:Wax Seal","PageOfRedShoes","Gremlin Food","ReplayTheSpireMod:DimensionalGlitch","Replay:PocketPolymizer"],"acts_visited":["Exordium","TheCity"],"potions_floor_usage":[6,13,14],"damage_taken":[{"damage":2,"enemies":"Cultist","floor":1,"turns":5},{"damage":0,"enemies":"2 Louse","floor":4,"turns":3},{"damage":2,"enemies":"Small Slimes","floor":5,"turns":3},{"damage":19,"enemies":"3 Sentries","floor":6,"turns":11},{"damage":0,"enemies":"Gremlin Gang","floor":8,"turns":5},{"damage":4,"enemies":"2 Fungi Beasts","floor":10,"turns":3},{"damage":4,"enemies":"Looter","floor":13,"turns":3},{"damage":12,"enemies":"Gremlin Nob","floor":14,"turns":4},{"damage":12,"enemies":"Fading Forest","floor":16,"turns":9},{"damage":6,"enemies":"Shell Parasite","floor":18,"turns":4},{"damage":11,"enemies":"Spheric Guardian","floor":19,"turns":5},{"damage":6,"enemies":"Cultist and Chosen","floor":21,"turns":1}],"seed_played":"7550464267903708842","potions_obtained":[{"floor":1,"key":"LiquidMemories"},{"floor":4,"key":"blueLaboratory:HummingbirdPotion"},{"floor":8,"key":"blueLaboratory:ExaltedPotion"},{"floor":10,"key":"blueLaboratory:PhilterOfMotion"},{"floor":16,"key":"blueLaboratory:PhilterOfMotion"}],"is_trial":false,"path_per_floor":["M","T","$","M","M","E","R","M","T","M","?","R","M","E","R","B",null,"M","M","?","M"],"character_chosen":"Librarian","items_purchased":["PageOfBigBadWolf","PageOfOzma"],"campfire_rested":0,"item_purchase_floors":[3,3],"current_hp_per_floor":[58,58,26,34,40,33,33,49,49,53,46,46,46,38,38,42,223,51,42,16,10,10],"gold":406,"neow_bonus":"ONE_RANDOM_RARE_CARD","is_daily":false,"chose_seed":false,"campfire_upgraded":2,"win_rate":0.0,"timestamp":1614379685,"path_taken":["M","?","?","M","M","E","R","M","T","M","?","R","M","E","R","BOSS","M","M","?","?"],"items_purchased_type":["Relic","Relic"],"build_version":"2020-12-22","purchased_purges":0,"victory":false,"max_hp_per_floor":[68,68,68,74,70,62,70,77,77,75,75,77,62,86,86,223,223,63,65,65,65,65],"card_choices":[{"not_picked":["Leap_lor","SinglePointStab","UnavoidableGaze","ReadyUp","Outburst","Diversion","BiAn","Tttonst"],"picked":"VenomousFangs","floor":1},{"not_picked":["DirtyBlow","EnergyCycle","DriedUp","SteelKnuckles","FierceCharge","YoureAHindrance","DefenseOrder","Quickness"],"picked":"Lock","floor":4},{"not_picked":["TasteMyFlamingBat","FrontalAssault","EnergyShield","WaitUp","SetFire","Thrust","UnavoidableGaze","UndertakePrescript"],"picked":"ToWhereThePrescriptPoints","floor":5},{"not_picked":["AutomatedMovement","PinpointShot","QuickAttack","ScatteringSlash","TasteMyFlamingBat","SmokingPipe","Leap_lor","WillOfThePrescript","TendonChords"],"picked":"SKIP","floor":6},{"not_picked":["BiAn","PreparedMind","Eject","FleetEdge","UnavoidableGaze","Reload","MultiBlock","SilentNight"],"picked":"BurningFlash","floor":8},{"not_picked":["BindingArms","SuppressingShot","Leap_lor","BladeWhirl","Riposte","WillOfThePrescript","FendThisOffIfYouCan","Pound"],"picked":"Parry2","floor":10},{"not_picked":["Concentration","SinglePointStab","SunsetBlade","QuickSuppression","OminousPower","Reload","BalefulBrand","GuidanceOfTheGears"],"picked":"RulesOfTheBackstreets","floor":13},{"not_picked":["Parry2","StartinOutLightly","HardRehearsal","BlindFaith","Eliminate","ToOvercomeCrisis","FierceCharge","GuardingStance"],"picked":"SnakesPrey","floor":14},{"not_picked":["DistortedBlade","FormingStorm"],"picked":"LeRegole","floor":16},{"not_picked":["HighKick+1","Overcharge","Thrust","GreatSerpentsImpact","FrontalAssault+1","StartinOutLightly","StrongStrike","SearingSword","Diversion"],"picked":"SKIP","floor":18},{"not_picked":["Quickness","QuickSuppression","SharpSwipe","TimeForALittleTest","HiddenBlade","GaleKick","SpearedSweep","BiteOff+1"],"picked":"YoureTooSlow+1","floor":19},{"not_picked":["Outburst","SetFire","BiXi+1","SilentNight","AssaultOrder","QuickSuppression","InnerArdor+1","ElectricShock"],"picked":"FrontalAssault","floor":20}],"player_experience":126548,"relics_obtained":[{"floor":1,"key":"LetterFromLob"},{"floor":6,"key":"Replay:Wax Seal"},{"floor":9,"key":"PageOfRedShoes"},{"floor":14,"key":"Gremlin Food"},{"floor":20,"key":"Replay:PocketPolymizer"}],"event_choices":[{"cards_removed":["LightAttack"],"damage_healed":0,"gold_gain":0,"player_choice":"Card Removal","damage_taken":7,"max_hp_gain":0,"max_hp_loss":0,"event_name":"Golden Wing","floor":11,"gold_loss":0}],"is_beta":false,"boss_relics":[{"not_picked":["hubris:GrandSneckoEye","aspiration:MarisaSkillbook"],"picked":"ReplayTheSpireMod:DimensionalGlitch"}],"items_purged_floors":[],"is_endless":false,"potions_floor_spawned":[1,4,8,10,16],"killed_by":"Cultist and Chosen","ascension_level":1}}