{"host":"2l5k2wp87eek7qja","time":1614373366,"event":{"mods":["BaseMod","Colored Map","Minty Spire (QoL Compilation)","Relic Stats"],"gold_per_floor":[114,39,39,52,211,211,249,42,42,42,42],"floor_reached":10,"language":"ENG","playtime":92,"items_purged":["Strike_G","Doubt"],"score":178,"play_id":"d3a3f819-8e07-4533-ab9f-d6474cf6b079","local_time":"20210226230246","is_ascension_mode":true,"campfire_choices":[{"data":"Cloak And Dagger","floor":6,"key":"SMITH"}],"circlet_count":0,"master_deck":["AscendersBane","Strike_G","Strike_G","Strike_G","Strike_G","Defend_G","Defend_G","Defend_G","Defend_G","Defend_G","Survivor","Neutralize","Cloak And Dagger+1","Riddle With Holes","Footwork","Crippling Poison"],"relics":["Ring of the Snake","NeowsBlessing","CeramicFish","Potion Belt","Matryoshka"],"acts_visited":["Exordium"],"potions_floor_usage":[],"damage_taken":[{"damage":0,"enemies":"Jaw Worm","floor":1,"turns":1},{"damage":0,"enemies":"2 Louse","floor":4,"turns":1},{"damage":0,"enemies":"Lagavulin","floor":7,"turns":1},{"damage":8,"enemies":"Gremlin Nob","floor":10,"turns":3}],"seed_played":"2280638994704077667","potions_obtained":[{"floor":7,"key":"Swift Potion"}],"is_trial":false,"path_per_floor":["M","$","?","M","?","R","E","$","T","E"],"character_chosen":"THE_SILENT","items_purchased":["Footwork","Crippling Poison"],"campfire_rested":0,"item_purchase_floors":[8,8],"current_hp_per_floor":[59,59,54,54,54,54,54,54,54,46,46],"gold":42,"neow_bonus":"THREE_ENEMY_KILL","is_daily":false,"chose_seed":false,"campfire_upgraded":1,"win_rate":0.0,"timestamp":1614373366,"path_taken":["M","$","?","M","?","R","E","$","T","E"],"items_purchased_type":["Card","Card"],"build_version":"2020-12-22","purchased_purges":2,"victory":false,"max_hp_per_floor":[66,66,66,66,66,66,66,66,66,66,66],"relic_stats":{"counters":[4,6],"CeramicFish":36,"obtain_stats":[{"Potion Belt":7,"Matryoshka":9,"NeowsBlessing":0,"CeramicFish":3,"Ring of the Snake":0},{"Potion Belt":3,"Matryoshka":3,"NeowsBlessing":0,"CeramicFish":1,"Ring of the Snake":0},{"Potion Belt":3,"Matryoshka":3,"NeowsBlessing":0,"CeramicFish":1,"Ring of the Snake":0}],"Ring of the Snake":[8]},"card_choices":[{"not_picked":["Deflect","Heel Hook"],"picked":"Cloak And Dagger","floor":1},{"not_picked":["Setup","Backflip","Well Laid Plans"],"picked":"SKIP","floor":4},{"not_picked":["Calculated Gamble","Acrobatics"],"picked":"Riddle With Holes","floor":7}],"player_experience":916026,"relics_obtained":[{"floor":7,"key":"Potion Belt"},{"floor":9,"key":"Matryoshka"}],"event_choices":[{"damage_healed":0,"gold_gain":0,"player_choice":"Success","damage_taken":5,"relics_obtained":["CeramicFish"],"max_hp_gain":0,"max_hp_loss":0,"event_name":"Scrap Ooze","floor":3,"gold_loss":0},{"damage_healed":0,"gold_gain":150,"player_choice":"AGREE","damage_taken":0,"max_hp_gain":0,"max_hp_loss":0,"event_name":"Liars Game","floor":5,"gold_loss":0,"cards_obtained":["Doubt"]}],"is_beta":false,"boss_relics":[],"items_purged_floors":[2,8],"is_endless":false,"potions_floor_spawned":[7],"killed_by":"Gremlin Nob","ascension_level":20}}