{"host":"htqwg582tjjtn9p7","time":1614376605,"event":{"mods":["2.2 Compatiblity","AchievementEnabler","Act Like it!","Aspiration","BaseMod","Better Third Choice","Colored Map","Conspire","Curses Come First","Displayed Cursed Tome","Energized Spire","Force Act Four","Fox Events","GifTheSpireLib","Hermit","Highlight Path","JesterMod","Mad Scientist","Minty Spire (QoL Compilation)","Pale of the Ancients","Permanent Neow","Random Character Button","Relic Stats","Reliquary","Replay The Spire","Robot Space Explorer","Ruina","Somnambulant","Spicy Shops","Spikes Relics","StSLib","Stuff the Spire","The Blue Laboratory","The Bug Knight","The Forsaken","The Gatherer","The Judge","The Jungle","The Marked","The Runesmith","The Servant 0.9.4","Uncapped"],"gold_per_floor":[117,132,132,171,181,181,29,29,29,62,15,35,35,49,49,151,151,132,143,61,61,61,87,87,118,118,118,79,105,105,105,105,205,205,220,220,237,237,250,277,289,289,289,304,336,356,71,71,71,71,82,100,129,129,129,143,143,119,119,119],"floor_reached":61,"language":"ENG","playtime":2562,"items_purged":["WordoMod:StrikeCard"],"score":3037,"play_id":"824b0769-67b1-4d70-9b92-68dbdfe1be2f","local_time":"20210226225645","is_ascension_mode":true,"campfire_choices":[{"data":"WordoMod:BreakChains","floor":6,"key":"SMITH"},{"floor":8,"key":"REST"},{"data":"WordoMod:LanternFlame","floor":13,"key":"SMITH"},{"floor":24,"key":"REST"},{"data":"WordoMod:Repent","floor":27,"key":"SMITH"},{"floor":32,"key":"REST"},{"data":"WordoMod:Repent","floor":42,"key":"SMITH"},{"data":"WordoMod:Penitence","floor":49,"key":"SMITH"},{"data":"WordoMod:DarkForm","floor":55,"key":"SMITH"},{"data":"WordoMod:DarkForm","floor":57,"key":"SMITH"}],"circlet_count":0,"master_deck":["AscendersBane","WordoMod:StrikeCard","WordoMod:StrikeCard","WordoMod:StrikeCard","WordoMod:DefendCard","WordoMod:DefendCard","WordoMod:DefendCard","WordoMod:DefendCard","WordoMod:Accursed","WordoMod:IllWill","WordoMod:LanternFlame+1","WordoMod:BreakChains+1","StuffTheSpire:CuriosityCurse","ReplayTheSpireMod:Splinters","WordoMod:CurseBuckler+1","WordoMod:SecondChance","WordoMod:Exorcism","WordoMod:EndOfTheWorld","CurseOfTheBell","WordoMod:Repent+1","WordoMod:Exorcism+1","WordoMod:Accursed","Good Instincts","Decay","WordoMod:CurseBuckler","WordoMod:Vulgarity+1","WordoMod:Repent+1","WordoMod:BreakChains","ReplayTheSpireMod:Restless Dread","WordoMod:DarkForm+1","WordoMod:Exorcism","WordoMod:Repent+1","CommonCold","WordoMod:MementoMori","WordoMod:BloodThinning+1","ReplayTheSpireMod:Splinters","WordoMod:DarkForm+1","WordoMod:CurseBuckler","WordoMod:SecondChance","Spreading Infection","WordoMod:Penitence+1","Panache","WordoMod:SoulSpear+1","WordoMod:Accursed","WordoMod:MementoMori+1","WordoMod:CurseBuckler"],"relics":["WordoMod:Obsidian","WordoMod:Effigy","aspiration:Nostalgia","Gatherer:AlchemyBag","Divine Protection","conspire:TreasureMap","StuffTheSpire:Tea","conspire:DeflatedDodgeball","Calling Bell","Juzu Bracelet","aspiration:FrozenJewel","BicycleWheel","Happy Flower","Letter Opener","Pet Ghost","StuffTheSpire:Experiment12","Ring of Misfortune","Replay:Fungal Core","Replay:Rubber Ducky","HollowMod:PaleOreRelic","SpikesRelics:DaevaFist","paleoftheancients:Timepiece","paleoftheancients:KeyRelic","Gremlin Horn","CultistMask","paleoftheancients:SoulOfTheWatcher","reliquary:Spinner","reliquary:Firecrackers"],"acts_visited":["Exordium","TheCity","TheBeyond","TheBeyond"],"potions_floor_usage":[18,29,29,33,41,52],"damage_taken":[{"damage":12,"enemies":"Small Slimes","floor":1,"turns":3},{"damage":7,"enemies":"Jaw Worm","floor":2,"turns":2},{"damage":0,"enemies":"Cultist","floor":5,"turns":3},{"damage":14,"enemies":"3 Sentries","floor":10,"turns":5},{"damage":0,"enemies":"3 Louse","floor":12,"turns":2},{"damage":0,"enemies":"Large Slime","floor":14,"turns":4},{"damage":30,"enemies":"Slime Boss","floor":16,"turns":8},{"damage":0,"enemies":"2 Thieves","floor":18,"turns":4},{"damage":0,"enemies":"3 Cultists","floor":19,"turns":4},{"damage":33,"enemies":"Book of Stabbing","floor":23,"turns":8},{"damage":0,"enemies":"Replay:Snechameleon","floor":25,"turns":6},{"damage":0,"enemies":"Slavers","floor":29,"turns":4},{"damage":0,"enemies":"Pondfish","floor":33,"turns":10},{"damage":0,"enemies":"3 Darklings","floor":35,"turns":4},{"damage":0,"enemies":"Orb Walker","floor":37,"turns":3},{"damage":0,"enemies":"Sphere and 2 Shapes","floor":39,"turns":3},{"damage":0,"enemies":"Nemesis","floor":40,"turns":7},{"damage":0,"enemies":"Jaw Worm Horde","floor":41,"turns":3},{"damage":0,"enemies":"Maw","floor":44,"turns":5},{"damage":0,"enemies":"Reptomancer","floor":45,"turns":5},{"damage":0,"enemies":"Sphere and 2 Shapes","floor":46,"turns":2},{"damage":0,"enemies":"Awakened One","floor":50,"turns":8},{"damage":0,"enemies":"Awakened One","floor":51,"turns":7},{"damage":0,"enemies":"Awakened One","floor":52,"turns":12},{"damage":0,"enemies":"conspire:MimicChest","floor":53,"turns":3},{"damage":0,"enemies":"conspire:MimicChest","floor":56,"turns":4},{"damage":0,"enemies":"paleoftheancients:N","floor":60,"turns":11}],"seed_played":"-2234338941809182590","potions_obtained":[{"floor":4,"key":"Venom Potion"},{"floor":4,"key":"Venom Potion"},{"floor":23,"key":"Dexterity Potion"},{"floor":29,"key":"EntropicBrew"},{"floor":37,"key":"blueLaboratory:Moonshine"},{"floor":39,"key":"FairyPotion"},{"floor":41,"key":"Energy Potion"},{"floor":46,"key":"DistilledChaos"},{"floor":52,"key":"blueLaboratory:PhilterOfMotion"}],"is_trial":false,"path_per_floor":["M","M","?","?","M","R","$","R","T","E","$","M","R","M","R_BF","B",null,"M","M","$","?","?","E","R","E","T","R","$","E","?","?","R","B",null,"M","?","M","?","M","E","M","R","T","M","E","M","$","?","R","B","M","M","?","T","R","M","R","$","?","B",null],"character_chosen":"JUDGE_CLASS","items_purchased":["conspire:TreasureMap","WordoMod:Exorcism","Good Instincts","WordoMod:Repent+1","WordoMod:Penitence","WordoMod:CurseBuckler"],"campfire_rested":3,"item_purchase_floors":[7,11,20,28,47,58],"current_hp_per_floor":[56,49,49,49,49,49,49,71,71,57,57,57,57,57,75,45,68,68,68,68,68,68,35,57,57,57,57,57,57,57,57,75,75,75,75,75,75,75,75,75,75,75,75,75,75,75,75,75,75,75,75,75,75,75,75,75,75,75,75,75],"gold":119,"neow_bonus":"NOSTALGIA","is_daily":false,"chose_seed":false,"campfire_upgraded":7,"win_rate":0.0,"timestamp":1614376605,"path_taken":["M","M","?","?","M","R","$","R","T","E","$","?","R","M","R_BF","BOSS","M","M","$","?","?","E","R","E","T","R","$","E","?","?","R","BOSS","M","?","M","?","M","E","M","R","T","M","E","M","$","?","R","BOSS","M","M","?","T","R","M","R","$","?","BOSS"],"items_purchased_type":["Relic","Card","Card","Card","Card","Card"],"build_version":"2020-12-22","purchased_purges":1,"victory":true,"max_hp_per_floor":[75,75,75,75,75,75,75,75,75,75,75,75,75,75,75,75,75,75,75,75,75,75,75,75,75,75,75,75,75,75,75,75,75,75,75,75,75,75,75,75,75,75,75,75,75,75,75,75,75,75,75,75,75,75,75,75,75,75,75,75],"relic_stats":{"Happy Flower":[35],"Gremlin Horn":[21,21],"counters":[27,139],"Juzu Bracelet":0,"Letter Opener":[775],"obtain_stats":[{"Divine Protection":3,"WordoMod:Effigy":0,"Gremlin Horn":50,"reliquary:Firecrackers":54,"Juzu Bracelet":17,"Pet Ghost":25,"Replay:Rubber Ducky":40,"StuffTheSpire:Experiment12":29,"HollowMod:PaleOreRelic":43,"paleoftheancients:SoulOfTheWatcher":52,"BicycleWheel":17,"StuffTheSpire:Tea":9,"conspire:TreasureMap":7,"paleoftheancients:KeyRelic":50,"Happy Flower":22,"Replay:Fungal Core":34,"aspiration:Nostalgia":0,"WordoMod:Obsidian":0,"Letter Opener":23,"reliquary:Spinner":53,"aspiration:FrozenJewel":17,"Calling Bell":17,"paleoftheancients:Timepiece":50,"Ring of Misfortune":30,"CultistMask":50,"SpikesRelics:DaevaFist":45,"conspire:DeflatedDodgeball":10,"Gatherer:AlchemyBag":0},{"Divine Protection":2,"WordoMod:Effigy":0,"Gremlin Horn":22,"reliquary:Firecrackers":25,"Juzu Bracelet":7,"Pet Ghost":11,"Replay:Rubber Ducky":17,"StuffTheSpire:Experiment12":12,"HollowMod:PaleOreRelic":18,"paleoftheancients:SoulOfTheWatcher":24,"BicycleWheel":7,"StuffTheSpire:Tea":3,"conspire:TreasureMap":3,"paleoftheancients:KeyRelic":22,"Happy Flower":9,"Replay:Fungal Core":13,"aspiration:Nostalgia":0,"WordoMod:Obsidian":0,"Letter Opener":10,"reliquary:Spinner":25,"aspiration:FrozenJewel":7,"Calling Bell":7,"paleoftheancients:Timepiece":22,"Ring of Misfortune":12,"CultistMask":22,"SpikesRelics:DaevaFist":20,"conspire:DeflatedDodgeball":4,"Gatherer:AlchemyBag":0},{"Divine Protection":5,"WordoMod:Effigy":0,"Gremlin Horn":103,"reliquary:Firecrackers":124,"Juzu Bracelet":27,"Pet Ghost":49,"Replay:Rubber Ducky":80,"StuffTheSpire:Experiment12":53,"HollowMod:PaleOreRelic":83,"paleoftheancients:SoulOfTheWatcher":121,"BicycleWheel":27,"StuffTheSpire:Tea":8,"conspire:TreasureMap":8,"paleoftheancients:KeyRelic":103,"Happy Flower":35,"Replay:Fungal Core":63,"aspiration:Nostalgia":0,"WordoMod:Obsidian":0,"Letter Opener":43,"reliquary:Spinner":124,"aspiration:FrozenJewel":27,"Calling Bell":27,"paleoftheancients:Timepiece":103,"Ring of Misfortune":53,"CultistMask":103,"SpikesRelics:DaevaFist":93,"conspire:DeflatedDodgeball":13,"Gatherer:AlchemyBag":0}]},"card_choices":[{"not_picked":["WordoMod:Vulgarity","WordoMod:BeneathTheMask"],"picked":"WordoMod:LanternFlame","floor":1},{"not_picked":["WordoMod:Malice","WordoMod:ScatterAshes"],"picked":"WordoMod:BreakChains","floor":2},{"not_picked":["WordoMod:ProjectilePurge","WordoMod:Unchained"],"picked":"WordoMod:CurseBuckler","floor":5},{"not_picked":["WordoMod:Reading","WordoMod:InfectiousCulture"],"picked":"WordoMod:SecondChance","floor":10},{"not_picked":["WordoMod:Unchained","WordoMod:FalseDiagnosis","WordoMod:Malice"],"picked":"SKIP","floor":12},{"not_picked":["WordoMod:BadMemories","WordoMod:SecondChance","WordoMod:Vulgarity"],"picked":"SKIP","floor":14},{"not_picked":["WordoMod:MorbidFascination","WordoMod:UltimateSacrifice"],"picked":"WordoMod:EndOfTheWorld","floor":16},{"not_picked":["WordoMod:ScatterAshes","WordoMod:ThornedFist"],"picked":"WordoMod:Repent","floor":18},{"not_picked":["WordoMod:GivesYouHell","WordoMod:Unchained"],"picked":"WordoMod:Exorcism+1","floor":19},{"not_picked":["Regret","conspire:Blindness"],"picked":"WordoMod:Accursed","floor":19},{"not_picked":["WordoMod:SacRite","WordoMod:Unchained"],"picked":"WordoMod:CurseBuckler","floor":23},{"not_picked":["WordoMod:LanternFlame+1","WordoMod:BurnMyDread"],"picked":"WordoMod:Vulgarity+1","floor":25},{"not_picked":["WordoMod:ScatterAshes","WordoMod:Vulgarity+1"],"picked":"WordoMod:BreakChains","floor":29},{"not_picked":["Clumsy","Voices"],"picked":"ReplayTheSpireMod:Restless Dread","floor":29},{"not_picked":["WordoMod:HighwayToHell","WordoMod:SurgicalPrecision"],"picked":"WordoMod:DarkForm","floor":33},{"not_picked":["WordoMod:GivesYouHell+1","WordoMod:SoulSpear"],"picked":"WordoMod:Exorcism","floor":35},{"not_picked":["WordoMod:FalseDiagnosis+1","WordoMod:SacRite"],"picked":"WordoMod:Repent","floor":37},{"not_picked":["Overencumbered","Voices"],"picked":"CommonCold","floor":37},{"not_picked":["WordoMod:Hysteria","WordoMod:Vulgarity+1"],"picked":"WordoMod:MementoMori","floor":39},{"not_picked":["WordoMod:Sickness+1","WordoMod:ScatterAshes+1"],"picked":"WordoMod:BloodThinning+1","floor":40},{"not_picked":["conspire:Blindness","CommonCold"],"picked":"ReplayTheSpireMod:Splinters","floor":41},{"not_picked":["WordoMod:ProjectilePurge+1","WordoMod:Unchained"],"picked":"WordoMod:DarkForm","floor":41},{"not_picked":["WordoMod:Exorcism","WordoMod:Retaliate"],"picked":"WordoMod:CurseBuckler","floor":44},{"not_picked":["WordoMod:GivesYouHell","WordoMod:Behead"],"picked":"WordoMod:SecondChance","floor":45},{"not_picked":["WordoMod:FoggyMind","CommonCold"],"picked":"Spreading Infection","floor":46},{"not_picked":["WordoMod:Rise","WordoMod:Taunt+1","WordoMod:BadMemories+1"],"picked":"SKIP","floor":46},{"not_picked":["Finesse","Forethought"],"picked":"Panache","floor":48},{"not_picked":["WordoMod:ScatterAshes","WordoMod:ThornedFist","WordoMod:BadMemories"],"picked":"SKIP","floor":51},{"not_picked":["WordoMod:Unchained+1","WordoMod:InfectiousCulture+1"],"picked":"WordoMod:SoulSpear+1","floor":52},{"not_picked":["ReplayTheSpireMod:Faulty Equipment","WordoMod:FoggyMind"],"picked":"WordoMod:Accursed","floor":52},{"not_picked":["WordoMod:SecondChance+1","WordoMod:MaliceSoul"],"picked":"WordoMod:MementoMori+1","floor":53},{"not_picked":["WordoMod:TheCure","WordoMod:BloodThinning","WordoMod:InduceTrauma"],"picked":"SKIP","floor":56}],"player_experience":2085854,"relics_obtained":[{"floor":9,"key":"StuffTheSpire:Tea"},{"floor":10,"key":"conspire:DeflatedDodgeball"},{"floor":17,"key":"Juzu Bracelet"},{"floor":17,"key":"aspiration:FrozenJewel"},{"floor":17,"key":"BicycleWheel"},{"floor":23,"key":"Letter Opener"},{"floor":25,"key":"Pet Ghost"},{"floor":29,"key":"StuffTheSpire:Experiment12"},{"floor":30,"key":"Ring of Misfortune"},{"floor":40,"key":"Replay:Rubber Ducky"},{"floor":43,"key":"HollowMod:PaleOreRelic"},{"floor":45,"key":"SpikesRelics:DaevaFist"},{"floor":52,"key":"paleoftheancients:SoulOfTheWatcher"},{"floor":53,"key":"reliquary:Spinner"},{"floor":54,"key":"reliquary:Firecrackers"}],"event_choices":[{"damage_healed":0,"gold_gain":0,"player_choice":"Smashed Altar","damage_taken":0,"max_hp_gain":0,"max_hp_loss":0,"event_name":"Forgotten Altar","floor":21,"gold_loss":0,"cards_obtained":["Decay"]},{"damage_healed":0,"gold_gain":0,"player_choice":"Leave","damage_taken":0,"max_hp_gain":0,"max_hp_loss":0,"event_name":"conspire:Investor","floor":38,"gold_loss":0},{"damage_healed":0,"gold_gain":0,"player_choice":"Memory 1","damage_taken":0,"max_hp_gain":0,"max_hp_loss":0,"event_name":"SensoryStone","floor":48,"gold_loss":0}],"is_beta":false,"boss_relics":[{"not_picked":["Snecko Heart","reliquary:Ember"],"picked":"Calling Bell"},{"not_picked":["reliquary:WritOfMandamus","Velvet Choker"],"picked":"Replay:Fungal Core"}],"items_purged_floors":[47],"is_endless":false,"potions_floor_spawned":[5,10,14,23,29,37,39,41,46,52],"ascension_level":12}}