{"host":"a1urfede5pixhbtg","time":1614311139,"event":{"mods":["BaseMod","Downfall","Minty Spire (QoL Compilation)","Quick Restart","Replay The Spire","StSLib"],"gold_per_floor":[99,111,127,179,198,210,234,251,263,275,293,293,293,51,64,168,168,168,186,186,286,20,20,71,81,31,43,43,56,68,68,68,68,68],"floor_reached":32,"language":"ZHS","playtime":40187,"items_purged":["champ:Defend","champ:Defend"],"score":238,"play_id":"f6aae3ef-f074-4ac6-b9ce-2b35571dc6bb","local_time":"20210226114539","is_ascension_mode":false,"campfire_choices":[{"data":"champ:Execute","floor":1,"key":"SMITH"},{"data":"champ:Circumvent","floor":13,"key":"SMITH"},{"data":"champ:TornadoPunch","floor":18,"key":"SMITH"},{"data":"champ:UltimateStance","floor":28,"key":"SMITH"}],"circlet_count":0,"master_deck":["champ:Strike+1","champ:Strike","champ:Defend","champ:Defend+1","champ:Execute+1","champ:Taunt","champ:FanOfKnives","champ:FancyFootwork","champ:ShieldSlam","champ:PreciseThrust","champ:Circumvent+1","champ:IronFortress+1","champ:FlashCut","champ:DefensiveShout","downfall:Malfunctioning","champ:EnragedBash","champ:TornadoPunch+1","champ:MurderStrike","champ:IronFortress","champ:TornadoPunch","champ:ArenaPreparation","J.A.X.","champ:UltimateStance+1","champ:FocusedBerserking","champ:EnGarde+1"],"relics":["champ:ChampionCrown","Boot","Happy Flower","Black Star","MutagenicStrength","downfall:RedIOU","Lantern","champ:FightingForDummies"],"acts_visited":["Exordium","TheCity"],"potions_floor_usage":[27,29,32,32],"damage_taken":[{"damage":10,"enemies":"Cultist","floor":2,"turns":3},{"damage":0,"enemies":"Small Slimes","floor":3,"turns":3},{"damage":16,"enemies":"Jaw Worm","floor":5,"turns":3},{"damage":27,"enemies":"Exordium Wildlife","floor":6,"turns":5},{"damage":23,"enemies":"Large Slime","floor":8,"turns":4},{"damage":10,"enemies":"2 Fungi Beasts","floor":9,"turns":4},{"damage":22,"enemies":"downfall:LooterAlt","floor":10,"turns":3},{"damage":10,"enemies":"Large Slime","floor":11,"turns":3},{"damage":10,"enemies":"downfall:FleeingMerchant","floor":14,"turns":4},{"damage":3,"enemies":"Exordium Thugs","floor":15,"turns":3},{"damage":24,"enemies":"SI_SHIV_ARCHETYPE","floor":16,"turns":9},{"damage":45,"enemies":"downfall:LooterAlt2","floor":19,"turns":5},{"damage":86,"enemies":"downfall:Augmenter","floor":21,"turns":8},{"damage":5,"enemies":"downfall:FleeingMerchant","floor":22,"turns":4},{"damage":4,"enemies":"Spheric Guardian","floor":25,"turns":3},{"damage":31,"enemies":"Shelled Parasite and Fungi","floor":27,"turns":4},{"damage":33,"enemies":"Cultist and Chosen","floor":29,"turns":8},{"damage":28,"enemies":"Snake Plant","floor":30,"turns":4},{"damage":51,"enemies":"Shelled Parasite and Fungi","floor":32,"turns":5}],"seed_played":"6719180699145588111","potions_obtained":[{"floor":3,"key":"champ:OpenerPotion"},{"floor":9,"key":"Energy Potion"},{"floor":10,"key":"Adrenaline Potion"},{"floor":11,"key":"Slimebound:ThreeZeroPotion"},{"floor":16,"key":"AttackPotion"},{"floor":27,"key":"PowerPotion"}],"is_trial":false,"path_per_floor":["R","M","M","T","M","M","T","M","M","M","M","?","R","$","M","B",null,"R","M","?","?","$","?","T","M","?","M","R","M","M","T","M"],"character_chosen":"THE_CHAMP","items_purchased":["Happy Flower","champ:UltimateStance"],"campfire_rested":0,"item_purchase_floors":[14,22],"current_hp_per_floor":[99,99,99,99,93,86,86,73,73,61,61,61,61,61,58,54,99,99,84,84,18,18,18,18,14,49,48,48,30,22,22,0,0,0],"gold":68,"neow_bonus":"TEN_PERCENT_HP_BONUS","is_daily":false,"chose_seed":false,"campfire_upgraded":4,"win_rate":0.0,"timestamp":1614311139,"path_taken":["R","M","M","?","M","M","T","M","M","M","M","?","R","$","M","BOSS","R","M","?","?","$","?","T","M","?","M","R","M","M","?","M"],"items_purchased_type":["Relic","Card"],"build_version":"2020-12-22","purchased_purges":2,"victory":false,"max_hp_per_floor":[99,99,99,99,99,99,99,99,99,99,99,99,99,99,99,99,99,99,99,99,99,99,99,99,99,99,99,99,99,99,99,99,99,99],"card_choices":[{"not_picked":["champ:BringItOn","champ:DefensiveShout"],"picked":"champ:FanOfKnives","floor":2},{"not_picked":["champ:AdrenalArmor","champ:PerfectedStrike"],"picked":"champ:FancyFootwork","floor":3},{"not_picked":["champ:GutPunch","champ:EnGarde"],"picked":"champ:ShieldSlam","floor":5},{"not_picked":["champ:EnGarde","champ:Improvising"],"picked":"champ:PreciseThrust","floor":6},{"not_picked":["champ:Haymaker","champ:PerfectedStrike"],"picked":"champ:Circumvent","floor":8},{"not_picked":["champ:BerserkersShout","champ:FanOfKnives"],"picked":"champ:IronFortress","floor":9},{"not_picked":["champ:HeavySlash","champ:PreciseThrust"],"picked":"champ:FlashCut","floor":10},{"not_picked":["champ:FlashCut","champ:Shatter"],"picked":"champ:DefensiveShout","floor":11},{"not_picked":["champ:EndlessRage","champ:AdrenalArmor"],"picked":"champ:EnragedBash","floor":14},{"not_picked":["champ:FancyFootwork","champ:Backstep"],"picked":"champ:TornadoPunch","floor":15},{"not_picked":["champ:HeavySlash","champ:Improvising"],"picked":"champ:MurderStrike","floor":16},{"not_picked":["champ:GutPunch","champ:RecklessLeap"],"picked":"champ:IronFortress","floor":19},{"not_picked":[],"picked":"J.A.X.","floor":21},{"not_picked":["champ:EnGarde","champ:GutPunch","champ:AdrenalArmor"],"picked":"SKIP","floor":22},{"not_picked":["champ:BerserkersShout","champ:Haymaker","champ:SkillfulDodge"],"picked":"SKIP","floor":25},{"not_picked":["champ:GutPunch","champ:BladeFlurry","champ:Encircle"],"picked":"SKIP","floor":27},{"not_picked":["champ:ShieldSlam","champ:FalseCounter"],"picked":"champ:FocusedBerserking","floor":29},{"not_picked":["champ:StrikeOfGenius","champ:BladeFlurry+1"],"picked":"champ:EnGarde+1","floor":30}],"player_experience":105124,"relics_obtained":[{"floor":4,"key":"ReplayTheSpireMod:TigerMarble"},{"floor":7,"key":"Boot"},{"floor":21,"key":"MutagenicStrength"},{"floor":24,"key":"Lantern"},{"floor":31,"key":"champ:FightingForDummies"}],"event_choices":[],"is_beta":false,"boss_relics":[{"not_picked":["Ring of Chaos","Tiny House"],"picked":"Black Star"}],"items_purged_floors":[14,22],"is_endless":false,"potions_floor_spawned":[3,9,10,11,16,27],"killed_by":"Shelled Parasite and Fungi","ascension_level":0}}