{"host":"sav7uxregyirlf69","time":1614353558,"event":{"mods":["AchievementEnabler","BaseMod","Colored Map","DeckTracker","Keyboard Shortcuts","Minty Spire (QoL Compilation)","READ ME - Guardian Mod","StSLib","SuperFastMode"],"gold_per_floor":[113,113,113,131,146,146,161,161,161,178,205,222,56,69,69,144,144,161,173,205,205,217,242,242,167,237,257,257,268,278,178,178,252,252,270,290,165,165,15,49,102,102,129,149,166,198,420,431,431,431,431,431,431,143,172,172,172],"floor_reached":56,"language":"KOR","playtime":1408,"items_purged":["Strike_G","Strike_G","Strike_G","Strike_G"],"score":2212,"play_id":"324edffd-ceb0-49ff-a90f-fbb197d5c64f","local_time":"20210227003238","is_ascension_mode":true,"campfire_choices":[{"data":"Dash","floor":6.0,"key":"SMITH"},{"data":"Prepared","floor":8.0,"key":"SMITH"},{"data":"Reflex","floor":15.0,"key":"SMITH"},{"data":"Tactician","floor":24.0,"key":"SMITH"},{"data":"Acrobatics","floor":32.0,"key":"SMITH"},{"data":"1","floor":42.0,"key":"LIFT"},{"floor":49.0,"key":"RECALL"},{"data":"2","floor":53.0,"key":"LIFT"}],"circlet_count":0,"master_deck":["AscendersBane","Defend_G","Defend_G","Defend_G","Defend_G","Survivor","Neutralize","Dash+1","Eviscerate","Prepared+1","Adrenaline","Dagger Throw+1","Reflex+1","Escape Plan","Eviscerate+1","Prepared","Acrobatics+1","Tactician+1","Adrenaline","Calculated Gamble","Reflex"],"relics":["Ring of the Snake","Molten Egg 2","Du-Vu Doll","Orrery","HoveringKite","Red Mask","Oddly Smooth Stone","Shuriken","Fusion Hammer","Unceasing Top","Girya","Juzu Bracelet","Kunai","Bird Faced Urn"],"acts_visited":["Exordium","TheCity","TheBeyond","TheEnding"],"potions_floor_usage":[56],"damage_taken":[{"damage":0.0,"enemies":"2 Louse","floor":1.0,"turns":3.0},{"damage":0.0,"enemies":"Jaw Worm","floor":4.0,"turns":4.0},{"damage":2.0,"enemies":"Small Slimes","floor":5.0,"turns":4.0},{"damage":14.0,"enemies":"Gremlin Gang","floor":7.0,"turns":6.0},{"damage":0.0,"enemies":"2 Fungi Beasts","floor":10.0,"turns":4.0},{"damage":8.0,"enemies":"Gremlin Nob","floor":11.0,"turns":3.0},{"damage":7.0,"enemies":"Lots of Slimes","floor":12.0,"turns":5.0},{"damage":0.0,"enemies":"Blue Slaver","floor":14.0,"turns":2.0},{"damage":9.0,"enemies":"Hexaghost","floor":16.0,"turns":6.0},{"damage":0.0,"enemies":"Shell Parasite","floor":18.0,"turns":2.0},{"damage":0.0,"enemies":"Chosen","floor":19.0,"turns":2.0},{"damage":0.0,"enemies":"Masked Bandits","floor":20.0,"turns":2.0},{"damage":0.0,"enemies":"Snecko","floor":22.0,"turns":2.0},{"damage":6.0,"enemies":"Gremlin Leader","floor":23.0,"turns":4.0},{"damage":0.0,"enemies":"Snake Plant","floor":27.0,"turns":2.0},{"damage":12.0,"enemies":"Chosen and Byrds","floor":29.0,"turns":4.0},{"damage":0.0,"enemies":"3 Cultists","floor":30.0,"turns":3.0},{"damage":0.0,"enemies":"Automaton","floor":33.0,"turns":2.0},{"damage":0.0,"enemies":"Orb Walker","floor":35.0,"turns":1.0},{"damage":0.0,"enemies":"3 Darklings","floor":36.0,"turns":3.0},{"damage":0.0,"enemies":"Reptomancer","floor":40.0,"turns":1.0},{"damage":0.0,"enemies":"2 Orb Walkers","floor":41.0,"turns":1.0},{"damage":0.0,"enemies":"Spire Growth","floor":44.0,"turns":1.0},{"damage":0.0,"enemies":"Writhing Mass","floor":45.0,"turns":2.0},{"damage":0.0,"enemies":"Giant Head","floor":46.0,"turns":1.0},{"damage":0.0,"enemies":"Sphere and 2 Shapes","floor":48.0,"turns":1.0},{"damage":0.0,"enemies":"Donu and Deca","floor":50.0,"turns":2.0},{"damage":14.0,"enemies":"Time Eater","floor":51.0,"turns":6.0},{"damage":0.0,"enemies":"Shield and Spear","floor":55.0,"turns":1.0},{"damage":112,"enemies":"The Heart","floor":56,"turns":8}],"seed_played":"6061140993488706344","potions_obtained":[{"floor":4.0,"key":"GamblersBrew"},{"floor":5.0,"key":"Fruit Juice"},{"floor":7.0,"key":"Weak Potion"},{"floor":11.0,"key":"Swift Potion"},{"floor":20.0,"key":"SkillPotion"},{"floor":30.0,"key":"FearPotion"},{"floor":33.0,"key":"AttackPotion"},{"floor":44.0,"key":"FairyPotion"}],"is_trial":false,"path_per_floor":["M","?","?","M","M","R","M","R","T","M","E","M","$","M","R","B",null,"M","M","?","?","M","E","R","$","T","M","?","M","M","$","R","B",null,"M","M","$","?","$","E","?","R","T","M","M","E","?","M","R","B","B",null,"R","$","E","B"],"character_chosen":"THE_SILENT","items_purchased":["Orrery","Kunai"],"campfire_rested":0,"item_purchase_floors":[13,54],"current_hp_per_floor":[44,49,49,49,47,47,38,38,38,38,30,23,23,23,23,14,61,61,61,61,61,61,55,55,55,55,55,55,43,43,43,43,43,68,68,68,68,68,68,68,68,68,68,68,68,68,68,68,68,68,54,71,71,71,71,0,0],"gold":172,"neow_bonus":"REMOVE_TWO","is_daily":false,"chose_seed":false,"campfire_upgraded":5,"win_rate":0.0,"timestamp":1614353558,"path_taken":["M","?","?","M","M","R","M","R","T","M","E","M","?","M","R","BOSS","M","M","?","?","?","E","R","$","T","M","?","?","M","$","R","BOSS","M","M","$","?","$","E","?","R","T","M","M","E","?","M","R","BOSS","BOSS","R","$","E","BOSS"],"items_purchased_type":["Relic","Relic"],"build_version":"2020-12-22","purchased_purges":4,"victory":false,"max_hp_per_floor":[66,71,71,71,71,71,76,76,76,76,76,76,76,76,76,76,76,76,76,76,76,76,76,76,76,76,76,76,76,76,76,76,76,76,76,76,76,76,76,76,76,76,76,76,76,76,76,76,76,76,76,76,76,76,76,76,76],"card_choices":[{"not_picked":["Poisoned Stab","Backflip"],"picked":"Dash","floor":1.0},{"not_picked":["Backflip","Acrobatics","Accuracy"],"picked":"SKIP","floor":4.0},{"not_picked":["Prepared","Outmaneuver"],"picked":"Eviscerate","floor":5.0},{"not_picked":["Blur","Deadly Poison"],"picked":"Prepared","floor":7.0},{"not_picked":["Bane+1","Backflip"],"picked":"Adrenaline","floor":10.0},{"not_picked":["Poisoned Stab+1","Bouncing Flask","Leg Sweep"],"picked":"SKIP","floor":11.0},{"not_picked":["Well Laid Plans","Dodge and Roll"],"picked":"Dagger Throw+1","floor":12.0},{"not_picked":["Glass Knife+1","Accuracy"],"picked":"Reflex","floor":13.0},{"not_picked":["Venomology","Heel Hook+1"],"picked":"Escape Plan","floor":13.0},{"not_picked":["PiercingWail","Predator+1"],"picked":"Eviscerate+1","floor":13.0},{"not_picked":["Outmaneuver","Finisher+1"],"picked":"Prepared","floor":13.0},{"not_picked":["Dagger Throw+1","Prepared"],"picked":"Acrobatics","floor":14.0},{"not_picked":["Backflip","Dodge and Roll","Flying Knee+1"],"picked":"SKIP","floor":18.0},{"not_picked":["Blur","Slice+1","Sucker Punch+1"],"picked":"SKIP","floor":19.0},{"not_picked":["Dagger Spray+1","Deflect"],"picked":"Tactician","floor":20.0},{"not_picked":["Predator+1","Catalyst","All Out Attack+1"],"picked":"SKIP","floor":22.0},{"not_picked":["Flying Knee+1","Sucker Punch+1","Grand Finale+1"],"picked":"SKIP","floor":23.0},{"not_picked":["Blade Dance","Skewer+1"],"picked":"Calculated Gamble","floor":27.0},{"not_picked":["Setup","Deadly Poison","Bouncing Flask"],"picked":"SKIP","floor":29.0},{"not_picked":["Calculated Gamble","Prepared"],"picked":"Reflex","floor":30.0},{"not_picked":["Sucker Punch+1","Flechettes+1","Deflect"],"picked":"SKIP","floor":35.0},{"not_picked":["Slice+1","Underhanded Strike+1","Bane+1"],"picked":"SKIP","floor":36.0},{"not_picked":["Dodge and Roll","Bane+1","PiercingWail"],"picked":"SKIP","floor":40.0},{"not_picked":["Dodge and Roll","Bane+1","PiercingWail"],"picked":"SKIP","floor":40.0},{"not_picked":["Deadly Poison","Caltrops","Deflect"],"picked":"SKIP","floor":44.0},{"not_picked":["Leg Sweep","Backflip","Underhanded Strike+1"],"picked":"SKIP","floor":45.0},{"not_picked":["Setup","Slice+1","Tactician"],"picked":"SKIP","floor":46.0},{"not_picked":["Acrobatics","Endless Agony+1","Poisoned Stab+1"],"picked":"SKIP","floor":48.0},{"not_picked":["Infinite Blades","Dagger Throw+1","Burst"],"picked":"SKIP","floor":55.0}],"player_experience":1712507,"relics_obtained":[{"floor":9.0,"key":"Molten Egg 2"},{"floor":11.0,"key":"Du-Vu Doll"},{"floor":20.0,"key":"Red Mask"},{"floor":23.0,"key":"Oddly Smooth Stone"},{"floor":26.0,"key":"Shuriken"},{"floor":40.0,"key":"Unceasing Top"},{"floor":41.0,"key":"Girya"},{"floor":46.0,"key":"Juzu Bracelet"},{"floor":55.0,"key":"Bird Faced Urn"}],"event_choices":[{"damage_healed":0.0,"max_hp_gain":5.0,"max_hp_loss":0.0,"gold_gain":0.0,"event_name":"Big Fish","player_choice":"Donut","floor":2.0,"gold_loss":0.0,"damage_taken":0.0},{"damage_healed":0.0,"max_hp_gain":0.0,"max_hp_loss":0.0,"gold_gain":0.0,"event_name":"Liars Game","player_choice":"Ignored","floor":3.0,"gold_loss":0.0,"damage_taken":0.0},{"damage_healed":0.0,"max_hp_gain":0.0,"max_hp_loss":0.0,"gold_gain":0.0,"event_name":"Masked Bandits","player_choice":"Fought Bandits","floor":20.0,"gold_loss":0.0,"damage_taken":0.0},{"damage_healed":0.0,"max_hp_gain":0.0,"max_hp_loss":0.0,"gold_gain":0.0,"event_name":"Duplicator","player_choice":"Copied","floor":21.0,"gold_loss":0.0,"damage_taken":0.0,"cards_obtained":["Adrenaline"]},{"damage_healed":0.0,"max_hp_gain":0.0,"max_hp_loss":0.0,"gold_gain":0.0,"event_name":"N\u0027loth","player_choice":"Ignored","floor":28.0,"gold_loss":0.0,"damage_taken":0.0},{"damage_healed":0.0,"max_hp_gain":0.0,"max_hp_loss":0.0,"gold_gain":0.0,"event_name":"SensoryStone","player_choice":"Memory 1","floor":38.0,"gold_loss":0.0,"damage_taken":0.0},{"damage_healed":0.0,"max_hp_gain":0.0,"max_hp_loss":0.0,"gold_gain":0.0,"event_name":"Mysterious Sphere","player_choice":"Fight","floor":41.0,"gold_loss":0.0,"damage_taken":0.0},{"damage_healed":0.0,"max_hp_gain":0.0,"max_hp_loss":0.0,"gold_gain":222.0,"event_name":"Tomb of Lord Red Mask","player_choice":"Wore Mask","floor":47.0,"gold_loss":0.0,"damage_taken":0.0}],"is_beta":false,"boss_relics":[{"not_picked":["Ectoplasm","Velvet Choker"],"picked":"HoveringKite"},{"not_picked":["Runic Pyramid","Sozu"],"picked":"Fusion Hammer"}],"items_purged_floors":[25,31,37,39],"is_endless":false,"potions_floor_spawned":[4,5,7,11,20,22,23,30,33,36,40,44,45,55],"killed_by":"The Heart","ascension_level":20}}