{"host":"d3bsw5ou8fswq5qc","time":1614370092,"event":{"mods":["Aspiration","BaseMod","Colored Map","Conspire","Downfall","GifTheSpireLib","Googly Eyes","Minty Spire (QoL Compilation)","Replay The Spire","StSLib","Stuff the Spire","The Jungle"],"gold_per_floor":[99,111,130,160,145,155,155,155,165,196,56,81,81,112,123,123,123,123],"floor_reached":16,"language":"FRA","playtime":1837,"items_purged":[],"score":198,"play_id":"4b03e98e-3cf9-4d24-a370-2b1b5422c54d","local_time":"20210226210812","is_ascension_mode":true,"campfire_choices":[{"data":"Slimebound:CorrosiveSpit","floor":1,"key":"SMITH"},{"floor":13,"key":"REST"}],"circlet_count":0,"master_deck":["AscendersBane","Slimebound:Strike_Slimebound","Slimebound:Strike_Slimebound","Slimebound:Strike_Slimebound","Slimebound:Tackle","Slimebound:Defend_Slimebound","Slimebound:Defend_Slimebound","Slimebound:Defend_Slimebound","Slimebound:Defend_Slimebound","Slimebound:Split","Slimebound:CorrosiveSpit+1","Slimebound:Nibble","Slimebound:Nibble","Slimebound:FirmFortitude","Slimebound:SamplingLick","Slimebound:SplitMire","Slimebound:MassRepurpose","Slimebound:SamplingLick","Slimebound:MegaLick","Slimebound:HungryTackle","Slimebound:LeadByExample"],"relics":["Slimebound:AbsorbEndCombat","Replay:Baseball","Anchor","The Courier","ReplayTheSpireMod:Shallot","Replay:Wax Seal","Omamori","Bag of Preparation","StuffTheSpire:Wildfire"],"acts_visited":["Exordium"],"potions_floor_usage":[3,6,16],"damage_taken":[{"damage":4,"enemies":"Cultist","floor":2,"turns":5},{"damage":2,"enemies":"Jaw Worm","floor":3,"turns":3},{"damage":0,"enemies":"downfall:FleeingMerchant","floor":5,"turns":4},{"damage":2,"enemies":"Small Slimes","floor":6,"turns":4},{"damage":0,"enemies":"Red Slaver","floor":9,"turns":3},{"damage":38,"enemies":"Gremlin Nob","floor":10,"turns":5},{"damage":6,"enemies":"downfall:FleeingMerchant","floor":11,"turns":4},{"damage":8,"enemies":"3 Sentries","floor":12,"turns":6},{"damage":19,"enemies":"Lagavulin","floor":14,"turns":7},{"damage":0,"enemies":"3 Louse","floor":15,"turns":2},{"damage":70,"enemies":"WA_ARCHETYPE_RETAIN","floor":16,"turns":7}],"seed_played":"6579739202861412461","potions_obtained":[{"floor":2,"key":"BlessingOfTheForge"},{"floor":3,"key":"LiquidMemories"},{"floor":14,"key":"bronze:BurnAndBuffPotion"}],"is_trial":false,"path_per_floor":["R","M","M","?","$","M","T","T","M","E","$","E","R","E","M","B"],"character_chosen":"SLIMEBOUND","items_purchased":["Omamori"],"campfire_rested":1,"item_purchase_floors":[11],"current_hp_per_floor":[59,57,59,59,63,65,65,65,65,33,31,31,50,37,43,0,0,0],"gold":123,"neow_bonus":"RANDOM_COMMON_RELIC","is_daily":false,"chose_seed":false,"campfire_upgraded":1,"win_rate":0.0,"timestamp":1614370092,"path_taken":["R","M","M","?","$","M","T","?","M","E","?","E","R","E","M","BOSS"],"items_purchased_type":["Relic"],"build_version":"2020-12-22","purchased_purges":0,"victory":false,"max_hp_per_floor":[65,65,65,65,65,65,65,65,65,65,65,65,65,65,65,65,65,65],"card_choices":[{"not_picked":["Slimebound:ServeAndProtect","Slimebound:GoopSpray"],"picked":"Slimebound:Nibble","floor":2},{"not_picked":["Slimebound:ComboTackle","Slimebound:SplitLeeching"],"picked":"Slimebound:Nibble","floor":3},{"not_picked":["Slimebound:ItLooksTasty","Slimebound:LeechEnergy"],"picked":"Slimebound:FirmFortitude","floor":5},{"not_picked":["Slimebound:GoopTackle","Slimebound:Dissolve"],"picked":"Slimebound:SamplingLick","floor":6},{"not_picked":["Slimebound:LivingWall","Slimebound:SamplingLick"],"picked":"Slimebound:SplitMire","floor":9},{"not_picked":["Slimebound:PressTheAttack","Slimebound:RollThrough"],"picked":"Slimebound:MassRepurpose","floor":10},{"not_picked":["Slimebound:ComboTackle","Slimebound:ItLooksTasty"],"picked":"Slimebound:SamplingLick","floor":11},{"not_picked":["Slimebound:Schlurp","Slimebound:SplitAcid"],"picked":"Slimebound:MegaLick","floor":12},{"not_picked":["Slimebound:LevelUp","Slimebound:FlameTackle"],"picked":"Slimebound:HungryTackle","floor":14},{"not_picked":["Slimebound:Replication","Slimebound:GoopTackle"],"picked":"Slimebound:LeadByExample","floor":15}],"player_experience":328093,"relics_obtained":[{"floor":7,"key":"The Courier"},{"floor":8,"key":"ReplayTheSpireMod:Shallot"},{"floor":10,"key":"Replay:Wax Seal"},{"floor":12,"key":"Bag of Preparation"},{"floor":14,"key":"StuffTheSpire:Wildfire"}],"event_choices":[],"is_beta":false,"boss_relics":[],"items_purged_floors":[],"is_endless":false,"potions_floor_spawned":[2,3,14],"killed_by":"WA_ARCHETYPE_RETAIN","ascension_level":13}}