{"host":"hc1f295weu7l12ix","time":1614371696,"event":{"mods":["AchievementEnabler","BaseMod","Minty Spire (QoL Compilation)","Slay-I","Spicy Shops","StSLib"],"gold_per_floor":[118,118,28,28,48,48,65,65,65,78,3,15,27,44,44,142,142,161,178,178,190,190,190,208,221,221,71,71,86,86,35,35,133,133,143,193,93,0,16,47,59,83,120,53,53,73,73,83,83,83],"floor_reached":51,"language":"ENG","playtime":3245,"items_purged":["Strike_R","Defend_R"],"score":646,"play_id":"8be0edbe-dd35-4c74-889e-bfaf72c3a541","local_time":"20210226153456","is_ascension_mode":false,"campfire_choices":[{"data":"Flex","floor":6.0,"key":"SMITH"},{"data":"Blood for Blood","floor":15,"key":"SMITH"},{"data":"Spot Weakness","floor":23,"key":"SMITH"},{"data":"Intimidate","floor":28,"key":"SMITH"},{"floor":30,"key":"REST"},{"data":"Anger","floor":32,"key":"SMITH"},{"data":"Limit Break","floor":41,"key":"SMITH"},{"floor":47,"key":"REST"},{"floor":49,"key":"REST"}],"circlet_count":0,"master_deck":["Strike_R","Strike_R","Strike_R","Strike_R","Defend_R","Defend_R","Defend_R","Bash","Flex+1","Intimidate+1","Pummel","Thunderclap","Blood for Blood+1","Spot Weakness+1","Sword Boomerang","Blood for Blood+1","Headbutt+1","Armaments+1","Thunderclap+1","Pommel Strike+1","Anger+1","Limit Break+1","Dropkick+1","Heavy Blade","Pommel Strike+1","Spot Weakness","Anger+1"],"relics":["Burning Blood","NeowsBlessing","Lizard Tail","Orichalcum","Bag of Preparation","Mark of Pain","NlothsMask","MutagenicStrength","Red Skull","Philosopher\u0027s Stone","Ginger","Red Mask","MawBank","Pen Nib"],"acts_visited":["Exordium","TheCity","TheBeyond"],"potions_floor_usage":[16,33,33,48,50,50],"damage_taken":[{"damage":0.0,"enemies":"2 Louse","floor":1.0,"turns":1.0},{"damage":0.0,"enemies":"Cultist","floor":5.0,"turns":1.0},{"damage":0.0,"enemies":"Jaw Worm","floor":7.0,"turns":1.0},{"damage":4.0,"enemies":"Looter","floor":10.0,"turns":2.0},{"damage":20,"enemies":"Gremlin Gang","floor":12,"turns":5},{"damage":0,"enemies":"Blue Slaver","floor":13,"turns":2},{"damage":1,"enemies":"Looter","floor":14,"turns":2},{"damage":37,"enemies":"Hexaghost","floor":16,"turns":9},{"damage":5,"enemies":"3 Byrds","floor":18,"turns":4},{"damage":18,"enemies":"Spheric Guardian","floor":19,"turns":4},{"damage":9,"enemies":"3 Cultists","floor":21,"turns":4},{"damage":9,"enemies":"Chosen and Byrds","floor":24,"turns":4},{"damage":0,"enemies":"Snake Plant","floor":25,"turns":1},{"damage":8,"enemies":"Snecko","floor":29,"turns":4},{"damage":56,"enemies":"Collector","floor":33,"turns":7},{"damage":19,"enemies":"3 Shapes","floor":35,"turns":3},{"damage":30,"enemies":"Mind Bloom Boss Battle","floor":36,"turns":5},{"damage":7,"enemies":"Orb Walker","floor":39,"turns":2},{"damage":18,"enemies":"Nemesis","floor":40,"turns":3},{"damage":18,"enemies":"Writhing Mass","floor":42,"turns":3},{"damage":0,"enemies":"Spire Growth","floor":46,"turns":2},{"damage":2,"enemies":"Transient","floor":48,"turns":5},{"damage":41,"enemies":"Time Eater","floor":50,"turns":5}],"seed_played":"2262431231182284363","potions_obtained":[{"floor":1.0,"key":"SpeedPotion"},{"floor":12,"key":"LiquidBronze"},{"floor":16,"key":"BloodPotion"},{"floor":33,"key":"Weak Potion"},{"floor":39,"key":"Strength Potion"},{"floor":48,"key":"SpeedPotion"}],"is_trial":false,"path_per_floor":["M","?","$","$","M","R","M","T","T","M","$","M","M","M","R","B",null,"M","M","?","M","?","R","M","M","T","$","R","M","R","$","R","B",null,"M","?","$","?","M","E","R","M","T","$","$","M","R","M","R","B",null],"character_chosen":"IRONCLAD","items_purchased":["Lizard Tail","Red Skull","Anger","Spot Weakness"],"campfire_rested":3,"item_purchase_floors":[3,27,31,44],"current_hp_per_floor":[80,80,80,80,80,80,80,80,80,80,80,66,72,77,77,46,80,80,68,68,65,65,65,62,68,68,68,68,66,80,80,80,46,80,67,43,43,43,42,30,30,18,18,18,18,24,48,52,76,41],"gold":83,"neow_bonus":"THREE_ENEMY_KILL","is_daily":false,"chose_seed":false,"campfire_upgraded":6,"win_rate":0.0,"timestamp":1614371696,"path_taken":["M","?","?","$","M","R","?","?","T","M","?","M","?","M","R","BOSS","M","M","?","?","?","R","M","M","T","$","R","M","R","$","R","BOSS","M","?","$","?","?","E","R","M","T","?","$","M","R","M","R","BOSS"],"items_purchased_type":["Relic","Relic","Card","Card"],"build_version":"2020-12-22","purchased_purges":2,"victory":true,"max_hp_per_floor":[80,80,80,80,80,80,80,80,80,80,80,80,80,80,80,80,80,80,80,80,80,80,80,80,80,80,80,80,80,80,80,80,80,80,80,80,80,80,80,80,80,80,80,80,80,80,80,80,80,80],"card_choices":[{"not_picked":["Burning Pact","Clothesline"],"picked":"Flex","floor":1.0},{"not_picked":["Perfected Strike","Shrug It Off"],"picked":"Intimidate","floor":5.0},{"not_picked":["Body Slam","Pommel Strike"],"picked":"Pummel","floor":7.0},{"not_picked":["Warcry","Cleave"],"picked":"Thunderclap","floor":10.0},{"not_picked":["Uppercut","Armaments"],"picked":"Blood for Blood","floor":12},{"not_picked":["Thunderclap","Sword Boomerang"],"picked":"Spot Weakness","floor":13},{"not_picked":["Perfected Strike","Pommel Strike"],"picked":"Sword Boomerang","floor":14},{"not_picked":["Clothesline+1","True Grit"],"picked":"Blood for Blood+1","floor":18},{"not_picked":["Heavy Blade","Dual Wield"],"picked":"Headbutt+1","floor":19},{"not_picked":["Iron Wave","Dark Embrace+1"],"picked":"Armaments+1","floor":21},{"not_picked":["Body Slam+1","Armaments"],"picked":"Thunderclap+1","floor":24},{"not_picked":["Iron Wave","Body Slam","Shrug It Off"],"picked":"SKIP","floor":25},{"not_picked":["Dark Embrace","Seeing Red+1"],"picked":"Pommel Strike+1","floor":29},{"not_picked":["Fiend Fire","Impervious"],"picked":"Limit Break","floor":33},{"not_picked":["Sever Soul","Bloodletting+1"],"picked":"Dropkick+1","floor":35},{"not_picked":["Warcry+1","Pommel Strike"],"picked":"Heavy Blade","floor":36},{"not_picked":["Warcry+1","Carnage+1"],"picked":"Pommel Strike+1","floor":39},{"not_picked":["Second Wind","Sever Soul","Cleave"],"picked":"SKIP","floor":40},{"not_picked":["Sword Boomerang","Body Slam+1","Second Wind+1"],"picked":"SKIP","floor":42},{"not_picked":["Perfected Strike+1","Rampage"],"picked":"Anger+1","floor":46},{"not_picked":["Berserk","Iron Wave","Armaments+1"],"picked":"SKIP","floor":48}],"player_experience":30077,"relics_obtained":[{"floor":8.0,"key":"Orichalcum"},{"floor":9.0,"key":"Bag of Preparation"},{"floor":36,"key":"Ginger"},{"floor":40,"key":"MawBank"},{"floor":43,"key":"Pen Nib"}],"event_choices":[{"damage_healed":0.0,"max_hp_gain":0.0,"max_hp_loss":0.0,"gold_gain":0.0,"event_name":"NoteForYourself","player_choice":"Ignored","floor":2.0,"gold_loss":0.0,"damage_taken":0.0},{"damage_healed":0,"gold_gain":0,"player_choice":"Trade","damage_taken":0,"relics_obtained":["NlothsMask"],"max_hp_gain":0,"max_hp_loss":0,"event_name":"FaceTrader","floor":20,"gold_loss":0},{"damage_healed":0,"gold_gain":0,"player_choice":"Inject Mutagens","damage_taken":0,"relics_obtained":["MutagenicStrength"],"max_hp_gain":0,"max_hp_loss":0,"event_name":"Drug Dealer","floor":22,"gold_loss":0},{"damage_healed":0,"gold_gain":0,"player_choice":"Fight","damage_taken":0,"max_hp_gain":0,"max_hp_loss":0,"event_name":"MindBloom","floor":36,"gold_loss":0},{"damage_healed":0,"gold_gain":0,"player_choice":"Paid","damage_taken":0,"relics_obtained":["Red Mask"],"max_hp_gain":0,"max_hp_loss":0,"event_name":"Tomb of Lord Red Mask","floor":38,"gold_loss":93}],"is_beta":false,"boss_relics":[{"not_picked":["Tiny House","Runic Pyramid"],"picked":"Mark of Pain"},{"not_picked":["Busted Crown","Astrolabe"],"picked":"Philosopher\u0027s Stone"}],"items_purged_floors":[11,37],"is_endless":false,"potions_floor_spawned":[1,12,14,16,19,33,39,42,48],"ascension_level":0}}