{"host":"onk0sru1v5nf4gev","time":1614342065,"event":{"mods":["AchievementEnabler","BaseMod","Colored Map","Colored Powertips","Downfall","Googly Eyes","Infinite Spire","Minty Spire (QoL Compilation)","Quick Restart","Replay The Spire","StSLib","SuperFastMode","The Cursed"],"gold_per_floor":[114,114,124,21,21,21,36,36,48,48,75,101,114,133,153,153,153],"floor_reached":16,"language":"FRA","playtime":570,"items_purged":[],"score":94,"play_id":"c0400758-fc66-479e-bb23-a4eebc1ecbd6","local_time":"20210226132105","is_ascension_mode":false,"campfire_choices":[{"data":"Deadly Poison","floor":8,"key":"SMITH"},{"data":"Envenom","floor":10,"key":"SMITH"}],"circlet_count":0,"master_deck":["Strike_G","Strike_G","Strike_G","Strike_G","Strike_G","Defend_G","Defend_G","Defend_G","Defend_G","Defend_G","Survivor","Neutralize","Dagger Spray+1","Blade Dance","Outmaneuver+1","Infinite Blades","Deadly Poison+1","Envenom+1","Accuracy","Deflect","Night Terror","Catalyst"],"relics":["SlaversCollar","Tiny Chest","Odd Mushroom"],"acts_visited":["Exordium"],"potions_floor_usage":[12,15,16],"damage_taken":[{"damage":0,"enemies":"Cultist","floor":1,"turns":5},{"damage":0,"enemies":"infinitespire:Voidling","floor":3,"turns":5},{"damage":11,"enemies":"Jaw Worm","floor":7,"turns":3},{"damage":11,"enemies":"Looter","floor":9,"turns":4},{"damage":27,"enemies":"The Mushroom Lair","floor":12,"turns":3},{"damage":2,"enemies":"Blue Slaver","floor":13,"turns":3},{"damage":1,"enemies":"3 Louse","floor":14,"turns":2},{"damage":14,"enemies":"Lots of Slimes","floor":15,"turns":3},{"damage":6,"enemies":"Replay:BlueRogue","floor":16,"turns":1}],"seed_played":"2744739620774595521","potions_obtained":[{"floor":3,"key":"CultistPotion"},{"floor":12,"key":"SkillPotion"},{"floor":14,"key":"Languid Potion"}],"is_trial":false,"path_per_floor":["M","?","M","$","PTL","PTL","M","R","M","R","T","?","M","M","M","E"],"character_chosen":"THE_SILENT","items_purchased":["Outmaneuver+1","Infinite Blades"],"campfire_rested":0,"item_purchase_floors":[4,4],"current_hp_per_floor":[70,70,70,70,70,70,59,59,48,48,48,21,19,18,4,0,0],"gold":153,"neow_bonus":"BOSS_RELIC","is_daily":false,"chose_seed":false,"campfire_upgraded":2,"win_rate":0.0,"timestamp":1614342065,"path_taken":["M","?","?","$","PTL","PTL","M","R","M","R","T","?","M","M","M","E"],"items_purchased_type":["Card","Card"],"build_version":"2020-12-22","purchased_purges":0,"victory":false,"max_hp_per_floor":[70,70,70,70,70,70,70,70,70,70,70,70,70,70,70,70,70],"card_choices":[{"not_picked":["Flechettes","Skewer"],"picked":"Dagger Spray","floor":1},{"not_picked":["Distraction","Blur"],"picked":"Blade Dance","floor":3},{"not_picked":["Underhanded Strike","Sucker Punch"],"picked":"Deadly Poison","floor":7},{"not_picked":["Dagger Throw","Prepared"],"picked":"Envenom","floor":9},{"not_picked":["Toxin Wave","Noxious Fumes"],"picked":"Accuracy","floor":12},{"not_picked":["Underhanded Strike","Dagger Throw"],"picked":"Deflect","floor":13},{"not_picked":["Blur","Riddle With Holes"],"picked":"Night Terror","floor":14},{"not_picked":["Bane","PiercingWail"],"picked":"Catalyst","floor":15}],"player_experience":313067,"relics_obtained":[{"floor":11,"key":"Tiny Chest"},{"floor":12,"key":"Odd Mushroom"}],"event_choices":[{"damage_healed":0,"gold_gain":0,"player_choice":"Upgraded","damage_taken":0,"max_hp_gain":0,"max_hp_loss":0,"event_name":"Upgrade Shrine","floor":2,"gold_loss":0,"cards_upgraded":["Dagger Spray"]},{"damage_healed":0,"gold_gain":0,"player_choice":"Fought Mushrooms","damage_taken":0,"max_hp_gain":0,"max_hp_loss":0,"event_name":"Mushrooms","floor":12,"gold_loss":0}],"is_beta":false,"boss_relics":[],"items_purged_floors":[],"is_endless":false,"potions_floor_spawned":[3,12,14],"killed_by":"Replay:BlueRogue","ascension_level":0}}