{"host":"py7qdianp3jrm8dm","time":1614374511,"event":{"mods":["AchievementEnabler","BaseMod","Bestiary","Highlight Path","Minty Spire (QoL Compilation)","Relic Stats","StSLib"],"gold_per_floor":[111,61,78,97,97,122,142,167,192,220,231,13,27,39,39,142,142,159,8,28,28,45,84,84,120,129,129,129,166,178,178,178,287,287,314,341,362,108,122,152,164,213,225,237,263,275,316,328,340,352,364,376,55,93,93,93],"floor_reached":55,"language":"ENG","playtime":3429,"items_purged":["Shame","Strike_P","Writhe"],"score":1159,"play_id":"78b87f23-9d93-42ac-96bf-cfbb3fdbbb0d","local_time":"20210226212151","is_ascension_mode":true,"campfire_choices":[{"data":"1","floor":15,"key":"LIFT"},{"data":"2","floor":24,"key":"LIFT"},{"data":"3","floor":28,"key":"LIFT"},{"floor":32,"key":"REST"},{"floor":41,"key":"REST"},{"floor":44,"key":"REST"},{"floor":49,"key":"RECALL"},{"floor":52,"key":"REST"}],"circlet_count":0,"master_deck":["Strike_P+1","Strike_P+1","Defend_P","Defend_P+1","Defend_P","Defend_P+1","Eruption","Vigilance+1","ForeignInfluence+1","WheelKick","Sanctity+1","FollowUp+1","Tantrum+1","Devotion","Clumsy","CrushJoints+1","Evaluate+1","LessonLearned+1","FlurryOfBlows+1","FearNoEvil+1","Vault","ClearTheMind+1","Devotion","FlyingSleeves+1","FlurryOfBlows+1","Wallop+1","CutThroughFate+1","EmptyBody+1","Ragnarok+1","JustLucky+1","MentalFortress+1","FlyingSleeves+1","SpiritShield","WaveOfTheHand+1","FlurryOfBlows+1"],"relics":["Cursed Key","Anchor","Molten Egg 2","Dead Branch","Toy Ornithopter","Girya","Fusion Hammer","DollysMirror","CeramicFish","Juzu Bracelet","Omamori","Mango","Philosopher\u0027s Stone","MawBank","CaptainsWheel","Pantograph","Boot","Art of War","War Paint"],"acts_visited":["Exordium","TheCity","TheBeyond","TheEnding"],"potions_floor_usage":[6,16,30,30,50,54,54,55],"damage_taken":[{"damage":0,"enemies":"Jaw Worm","floor":1,"turns":2},{"damage":0,"enemies":"Small Slimes","floor":3,"turns":2},{"damage":0,"enemies":"2 Louse","floor":4,"turns":2},{"damage":12,"enemies":"Lagavulin","floor":6,"turns":3},{"damage":12,"enemies":"Large Slime","floor":7,"turns":4},{"damage":10,"enemies":"3 Sentries","floor":8,"turns":3},{"damage":0,"enemies":"Gremlin Nob","floor":10,"turns":2},{"damage":0,"enemies":"Looter","floor":11,"turns":3},{"damage":0,"enemies":"Red Slaver","floor":13,"turns":3},{"damage":0,"enemies":"Blue Slaver","floor":14,"turns":2},{"damage":10,"enemies":"The Guardian","floor":16,"turns":7},{"damage":0,"enemies":"3 Byrds","floor":18,"turns":3},{"damage":0,"enemies":"Spheric Guardian","floor":20,"turns":3},{"damage":2,"enemies":"Chosen and Byrds","floor":22,"turns":6},{"damage":0,"enemies":"Gremlin Leader","floor":23,"turns":4},{"damage":5,"enemies":"Book of Stabbing","floor":25,"turns":4},{"damage":0,"enemies":"Gremlin Leader","floor":29,"turns":4},{"damage":13,"enemies":"Shelled Parasite and Fungi","floor":30,"turns":5},{"damage":8,"enemies":"Automaton","floor":33,"turns":5},{"damage":16,"enemies":"3 Darklings","floor":35,"turns":4},{"damage":10,"enemies":"3 Shapes","floor":36,"turns":3},{"damage":13,"enemies":"Spire Growth","floor":37,"turns":5},{"damage":0,"enemies":"Sphere and 2 Shapes","floor":39,"turns":4},{"damage":18,"enemies":"Giant Head","floor":40,"turns":6},{"damage":38,"enemies":"Reptomancer","floor":42,"turns":5},{"damage":13,"enemies":"3 Darklings","floor":45,"turns":5},{"damage":0,"enemies":"Giant Head","floor":47,"turns":5},{"damage":35,"enemies":"Awakened One","floor":50,"turns":7},{"damage":74,"enemies":"Shield and Spear","floor":54,"turns":6},{"damage":53,"enemies":"The Heart","floor":55,"turns":2}],"seed_played":"-4959866699164819792","potions_obtained":[{"floor":3,"key":"BlessingOfTheForge"},{"floor":10,"key":"PowerPotion"},{"floor":13,"key":"Strength Potion"},{"floor":18,"key":"SkillPotion"},{"floor":22,"key":"Block Potion"},{"floor":30,"key":"SpeedPotion"},{"floor":37,"key":"Fire Potion"},{"floor":39,"key":"Dexterity Potion"},{"floor":40,"key":"DuplicationPotion"}],"is_trial":false,"path_per_floor":["M","?","M","M","T","E","M","E","T","E","M","$","M","M","R","B",null,"M","$","M","$","M","E","R","E","T","?","R","E","M","?","R","B",null,"M","M","M","$","M","E","R","E","T","R","M","?","E","?","R","B",null,"R","$","E","B"],"character_chosen":"WATCHER","items_purchased":["LessonLearned+1","DollysMirror","SpiritShield","SteroidPotion","Art of War"],"campfire_rested":4,"item_purchase_floors":[12,19,38,53,53],"current_hp_per_floor":[72,72,72,72,72,60,48,38,38,38,38,38,38,38,38,33,62,62,62,62,62,60,60,60,55,55,42,42,42,39,53,80,72,86,70,60,47,47,47,29,56,18,18,45,32,32,32,80,80,50,73,80,80,16,0,0],"gold":93,"neow_bonus":"BOSS_RELIC","is_daily":false,"chose_seed":false,"campfire_upgraded":0,"win_rate":0.0,"timestamp":1614374511,"path_taken":["M","?","M","M","?","E","M","E","T","E","M","$","M","M","R","BOSS","M","$","M","$","M","E","R","E","T","?","R","E","M","?","R","BOSS","M","M","M","$","M","E","R","E","T","R","M","?","E","?","R","BOSS","R","$","E","BOSS"],"items_purchased_type":["Card","Relic","Card","Potion","Relic"],"build_version":"2020-12-22","purchased_purges":3,"victory":false,"max_hp_per_floor":[72,72,72,72,72,72,72,72,72,72,72,72,72,72,72,72,72,72,72,72,72,72,72,72,72,72,77,77,77,77,91,91,91,91,91,91,91,91,91,91,91,91,91,91,91,91,91,80,80,80,80,80,80,80,80,80],"relic_stats":{"counters":[30,119],"Dead Branch":[83],"CeramicFish":99,"Pantograph":25,"Juzu Bracelet":0,"Art of War":[0],"War Paint":["Evaluate","ForeignInfluence"],"Cursed Key":4,"MawBank":156,"Boot":[4],"obtain_stats":[{"Girya":10,"Dead Branch":8,"CeramicFish":23,"Mango":31,"Juzu Bracelet":25,"Omamori":29,"War Paint":54,"Cursed Key":0,"MawBank":40,"Boot":47,"Anchor":5,"CaptainsWheel":42,"DollysMirror":19,"Pantograph":43,"Molten Egg 2":6,"Philosopher\u0027s Stone":34,"Fusion Hammer":17,"Art of War":53,"PureWater":0,"Toy Ornithopter":9},{"Girya":7,"Dead Branch":6,"CeramicFish":15,"Mango":18,"Juzu Bracelet":16,"Omamori":17,"War Paint":29,"Cursed Key":0,"MawBank":24,"Boot":27,"Anchor":3,"CaptainsWheel":25,"DollysMirror":12,"Pantograph":25,"Molten Egg 2":4,"Philosopher\u0027s Stone":19,"Fusion Hammer":11,"Art of War":28,"PureWater":0,"Toy Ornithopter":6},{"Girya":18,"Dead Branch":16,"CeramicFish":49,"Mango":62,"Juzu Bracelet":53,"Omamori":57,"War Paint":117,"Cursed Key":0,"MawBank":89,"Boot":104,"Anchor":6,"CaptainsWheel":94,"DollysMirror":36,"Pantograph":94,"Molten Egg 2":9,"Philosopher\u0027s Stone":67,"Fusion Hammer":33,"Art of War":111,"PureWater":0,"Toy Ornithopter":16}],"Toy Ornithopter":30},"card_choices":[{"not_picked":["CrushJoints","EmptyBody"],"picked":"ForeignInfluence","floor":1},{"not_picked":["Study","Prostrate"],"picked":"WheelKick","floor":3},{"not_picked":["Nirvana","PathToVictory"],"picked":"Sanctity","floor":4},{"not_picked":["Blasphemy","Crescendo"],"picked":"FollowUp+1","floor":6},{"not_picked":["FlurryOfBlows+1","CrushJoints+1"],"picked":"Tantrum+1","floor":7},{"not_picked":["SashWhip+1","JustLucky+1"],"picked":"Devotion","floor":8},{"not_picked":["Consecrate+1","ReachHeaven+1"],"picked":"CrushJoints+1","floor":10},{"not_picked":["Worship","Protect"],"picked":"Evaluate","floor":11},{"not_picked":["DeusExMachina","FollowUp+1"],"picked":"FlurryOfBlows+1","floor":13},{"not_picked":["Evaluate","PathToVictory"],"picked":"FearNoEvil+1","floor":14},{"not_picked":["LessonLearned+1","DeusExMachina"],"picked":"Vault","floor":16},{"not_picked":["Nirvana","CarveReality+1"],"picked":"ClearTheMind","floor":18},{"not_picked":["Consecrate+1","SashWhip+1"],"picked":"FlyingSleeves+1","floor":20},{"not_picked":["Prostrate","Alpha"],"picked":"FlurryOfBlows+1","floor":22},{"not_picked":["Evaluate","CutThroughFate+1"],"picked":"Wallop+1","floor":23},{"not_picked":["EmptyBody","Devotion"],"picked":"CutThroughFate+1","floor":25},{"not_picked":["CrushJoints+1","SignatureMove+1"],"picked":"EmptyBody","floor":29},{"not_picked":["FollowUp+1","Pray","EmptyBody"],"picked":"SKIP","floor":30},{"not_picked":["Judgement","DeusExMachina"],"picked":"Ragnarok+1","floor":33},{"not_picked":["FollowUp+1","PathToVictory"],"picked":"JustLucky+1","floor":35},{"not_picked":["PathToVictory","SashWhip+1"],"picked":"MentalFortress+1","floor":36},{"not_picked":["EmptyMind","CutThroughFate+1"],"picked":"FlyingSleeves+1","floor":37},{"not_picked":["SignatureMove+1","Pray+1","LikeWater"],"picked":"SKIP","floor":39},{"not_picked":["SashWhip+1","EmptyBody+1","LikeWater"],"picked":"SKIP","floor":40},{"not_picked":["Perseverance+1","Wish"],"picked":"WaveOfTheHand+1","floor":42},{"not_picked":["FearNoEvil+1","Indignation","Crescendo"],"picked":"SKIP","floor":45},{"not_picked":["PathToVictory+1","WheelKick+1","Consecrate+1"],"picked":"SKIP","floor":47},{"not_picked":["Weave+1","CrushJoints+1"],"picked":"FlurryOfBlows+1","floor":54}],"player_experience":592671,"relics_obtained":[{"floor":5,"key":"Anchor"},{"floor":6,"key":"Molten Egg 2"},{"floor":8,"key":"Dead Branch"},{"floor":9,"key":"Toy Ornithopter"},{"floor":10,"key":"Girya"},{"floor":23,"key":"CeramicFish"},{"floor":25,"key":"Juzu Bracelet"},{"floor":29,"key":"Omamori"},{"floor":40,"key":"MawBank"},{"floor":42,"key":"CaptainsWheel"},{"floor":43,"key":"Pantograph"},{"floor":47,"key":"Boot"},{"floor":54,"key":"War Paint"}],"event_choices":[{"cards_removed":["Strike_P"],"damage_healed":0,"gold_gain":0,"player_choice":"Card Removal","damage_taken":0,"max_hp_gain":0,"max_hp_loss":0,"event_name":"The Cleric","floor":2,"gold_loss":50},{"damage_healed":0,"gold_gain":0,"player_choice":"Shed Blood","damage_taken":18,"max_hp_gain":5,"max_hp_loss":0,"event_name":"Forgotten Altar","floor":27,"gold_loss":0},{"damage_healed":0,"gold_gain":0,"player_choice":"Opened","damage_taken":0,"relics_obtained":["Mango"],"max_hp_gain":0,"max_hp_loss":0,"event_name":"The Mausoleum","floor":31,"gold_loss":0,"cards_obtained":["Writhe"]},{"damage_healed":0,"gold_gain":0,"player_choice":"Ignored","damage_taken":0,"max_hp_gain":0,"max_hp_loss":0,"event_name":"Tomb of Lord Red Mask","floor":46,"gold_loss":0},{"damage_healed":80,"gold_gain":0,"player_choice":"Heal","damage_taken":0,"max_hp_gain":0,"max_hp_loss":11,"event_name":"The Moai Head","floor":48,"gold_loss":0}],"is_beta":false,"boss_relics":[{"not_picked":["Black Star","Empty Cage"],"picked":"Fusion Hammer"},{"not_picked":["Pandora\u0027s Box","Tiny House"],"picked":"Philosopher\u0027s Stone"}],"items_purged_floors":[12,38,53],"is_endless":false,"potions_floor_spawned":[3,10,13,18,22,30,37,39,40,45],"killed_by":"The Heart","ascension_level":5}}