{"host":"0ghi9uxs64f8c30g","time":1614349431,"event":{"mods":["BaseMod","Minty Spire (QoL Compilation)","StSLib"],"gold_per_floor":[16,16,26,26,38,71,87,106,106,120,120,120,135,149,149,253,253,269,117,117,17,29,29,29,29,53,53,53,71,88,120,120,120,120],"floor_reached":33,"language":"ENG","playtime":1015,"items_purged":["Defend_G","Strike_G"],"score":415,"play_id":"7815e067-f2d9-484d-aa6a-2aa802670954","local_time":"20210226152351","is_ascension_mode":true,"campfire_choices":[{"floor":12.0,"key":"REST"},{"floor":15.0,"key":"REST"},{"floor":23.0,"key":"REST"},{"floor":25.0,"key":"REST"},{"floor":28.0,"key":"REST"},{"data":"RitualDagger","floor":32.0,"key":"SMITH"}],"circlet_count":0,"master_deck":["Strike_G+1","Defend_G","Defend_G","Defend_G","Defend_G","Survivor","Neutralize","Poisoned Stab+1","All Out Attack","Poisoned Stab","Catalyst+1","Outmaneuver","Backflip+1","Dagger Throw","Catalyst+1","Corpse Explosion+1","Noxious Fumes","RitualDagger+1","Bane","Terror+1","Masterful Stab+1"],"relics":["Ring of the Snake","Ginger","GremlinMask","Bag of Marbles","Toxic Egg 2","Empty Cage","Happy Flower","Singing Bowl"],"acts_visited":["Exordium","TheCity"],"potions_floor_usage":[33,33,33],"damage_taken":[{"damage":1.0,"enemies":"2 Louse","floor":1.0,"turns":4.0},{"damage":1.0,"enemies":"Small Slimes","floor":3.0,"turns":3.0},{"damage":1.0,"enemies":"Cultist","floor":5.0,"turns":3.0},{"damage":24.0,"enemies":"Gremlin Nob","floor":6.0,"turns":4.0},{"damage":9.0,"enemies":"Blue Slaver","floor":7.0,"turns":3.0},{"damage":1.0,"enemies":"Large Slime","floor":8.0,"turns":5.0},{"damage":1.0,"enemies":"Exordium Thugs","floor":10.0,"turns":4.0},{"damage":2.0,"enemies":"Exordium Wildlife","floor":13.0,"turns":3.0},{"damage":11.0,"enemies":"Looter","floor":14.0,"turns":2.0},{"damage":16.0,"enemies":"Hexaghost","floor":16.0,"turns":6.0},{"damage":12.0,"enemies":"Chosen","floor":18.0,"turns":3.0},{"damage":33.0,"enemies":"2 Thieves","floor":22.0,"turns":4.0},{"damage":2.0,"enemies":"Snake Plant","floor":29.0,"turns":3.0},{"damage":14.0,"enemies":"Cultist and Chosen","floor":30.0,"turns":3.0},{"damage":0.0,"enemies":"Gremlin Leader","floor":31.0,"turns":4.0},{"damage":64,"enemies":"Champ","floor":33,"turns":8}],"seed_played":"-642361150651986875","potions_obtained":[{"floor":3.0,"key":"Strength Potion"},{"floor":6.0,"key":"CunningPotion"},{"floor":10.0,"key":"BlessingOfTheForge"},{"floor":14.0,"key":"Strength Potion"},{"floor":16.0,"key":"Energy Potion"},{"floor":22.0,"key":"DuplicationPotion"},{"floor":30.0,"key":"LiquidBronze"},{"floor":31.0,"key":"EssenceOfSteel"}],"is_trial":false,"path_per_floor":["M","?","M","?","M","E","M","M","T","M","?","R","M","M","R","B",null,"M","$","?","$","M","R","$","R","T","?","R","M","M","E","R","B"],"character_chosen":"THE_SILENT","items_purchased":["Noxious Fumes"],"campfire_rested":5,"item_purchase_floors":[19],"current_hp_per_floor":[62,62,61,61,60,36,27,26,26,25,11,32,30,19,40,24,59,47,47,47,47,14,35,35,56,56,50,70,68,54,54,54,0,0],"gold":120,"neow_bonus":"ONE_RARE_RELIC","is_daily":false,"chose_seed":false,"campfire_upgraded":1,"win_rate":0.0,"timestamp":1614349431,"path_taken":["M","?","M","?","?","E","M","M","T","M","?","R","M","M","R","BOSS","M","$","?","?","M","R","?","R","T","?","R","M","M","E","R","BOSS"],"items_purchased_type":["Card"],"build_version":"2020-12-22","purchased_purges":2,"victory":false,"max_hp_per_floor":[70,70,70,70,70,70,70,70,70,70,70,70,70,70,70,70,70,70,70,70,70,70,70,70,70,70,70,70,70,70,70,70,70,70],"card_choices":[{"not_picked":["Deadly Poison","Setup"],"picked":"Poisoned Stab","floor":1.0},{"not_picked":["Slice","Blade Dance"],"picked":"All Out Attack","floor":3.0},{"not_picked":["Deflect","All Out Attack"],"picked":"Poisoned Stab","floor":5.0},{"not_picked":["Dash","Setup","Choke"],"picked":"SKIP","floor":6.0},{"not_picked":["All Out Attack","Underhanded Strike"],"picked":"Catalyst","floor":7.0},{"not_picked":["Blade Dance","Wraith Form v2"],"picked":"Outmaneuver","floor":8.0},{"not_picked":["Deflect+1","Choke"],"picked":"Backflip+1","floor":10.0},{"not_picked":["Riddle With Holes","Prepared+1"],"picked":"Dagger Throw","floor":13.0},{"not_picked":["Outmaneuver+1","Infinite Blades"],"picked":"Catalyst+1","floor":14.0},{"not_picked":["Wraith Form v2","Venomology+1"],"picked":"Corpse Explosion+1","floor":16.0},{"not_picked":["Dodge and Roll+1","Outmaneuver+1","Sucker Punch"],"picked":"SKIP","floor":18.0},{"not_picked":["Underhanded Strike+1","Concentrate+1","Dagger Throw"],"picked":"SKIP","floor":22.0},{"not_picked":["Quick Slash","Sucker Punch"],"picked":"Bane","floor":29.0},{"not_picked":["Underhanded Strike","Dodge and Roll+1"],"picked":"Terror+1","floor":30.0},{"not_picked":["Doppelganger+1","Bane+1"],"picked":"Masterful Stab+1","floor":31.0}],"player_experience":229727,"relics_obtained":[{"floor":6.0,"key":"Bag of Marbles"},{"floor":9.0,"key":"Toxic Egg 2"},{"floor":26.0,"key":"Happy Flower"},{"floor":31.0,"key":"Singing Bowl"}],"event_choices":[{"damage_healed":0.0,"max_hp_gain":0.0,"max_hp_loss":0.0,"gold_gain":0.0,"event_name":"Living Wall","player_choice":"Grow","floor":2.0,"gold_loss":0.0,"damage_taken":0.0,"cards_upgraded":["Poisoned Stab"]},{"damage_healed":0.0,"max_hp_gain":0.0,"max_hp_loss":0.0,"gold_gain":0.0,"event_name":"FaceTrader","player_choice":"Trade","floor":4.0,"gold_loss":0.0,"damage_taken":0.0,"relics_obtained":["GremlinMask"]},{"damage_healed":0.0,"max_hp_gain":0.0,"max_hp_loss":0.0,"gold_gain":0.0,"event_name":"Shining Light","player_choice":"Entered Light","floor":11.0,"gold_loss":0.0,"damage_taken":14.0,"cards_upgraded":["Catalyst","Strike_G"]},{"cards_removed":["Strike_G"],"damage_healed":0.0,"max_hp_gain":0.0,"max_hp_loss":0.0,"gold_gain":0.0,"event_name":"Bonfire Elementals","player_choice":"Offered Basic","floor":20.0,"gold_loss":0.0,"damage_taken":0.0},{"damage_healed":0.0,"max_hp_gain":0.0,"max_hp_loss":0.0,"gold_gain":0.0,"event_name":"Nest","player_choice":"Joined the Cult","floor":27.0,"gold_loss":0.0,"damage_taken":6.0,"cards_obtained":["RitualDagger"]}],"is_beta":false,"boss_relics":[{"not_picked":["Tiny House","Coffee Dripper"],"picked":"Empty Cage"}],"items_purged_floors":[19,21],"is_endless":false,"potions_floor_spawned":[3,6,10,14,16,22,30,31],"killed_by":"Champ","ascension_level":6}}