{"host":"mz5qq3pkwvwcu15a","time":1614356531,"event":{"mods":["Act Like it!","BaseMod","Better Match","Better Note","Better Sensory Stone","Better Third Choice","Colored Map","Colored Powertips","Downfall","Highlight Path","Marisa????????","Marked Mod","Melee Mod","Minty Spire (QoL Compilation)","Morshu Shopkeeper","Morshu Shopkeeper - ENHANCED","Permanent Neow","Quick Restart","READ ME - Snecko Mod","Random Character Button","Rare Cards Sparkle","Relic Stats","Shop Mod","StSLib","Swap Starting Deck Mod","The Bug Knight","Useless Jewels Mod","Virulent Crown"],"gold_per_floor":[99,117,131,149,149,173,251,251,251,251],"floor_reached":8,"language":"ENG","playtime":396,"items_purged":[],"score":48,"play_id":"207aba63-13b2-4290-b9d6-500ecddff945","local_time":"20210226112211","is_ascension_mode":true,"campfire_choices":[{"data":"Slimebound:Split","floor":1,"key":"SMITH"}],"circlet_count":0,"master_deck":["Slimebound:Strike_Slimebound+1","Slimebound:Strike_Slimebound","Slimebound:Strike_Slimebound","Slimebound:Tackle","Slimebound:Defend_Slimebound","Slimebound:Defend_Slimebound","Slimebound:Defend_Slimebound","Slimebound:Defend_Slimebound","Slimebound:Split+1","Slimebound:CorrosiveSpit","Slimebound:SplitAcid","Slimebound:TongueLash+1","Slimebound:ServeAndProtect","Slimebound:LeechEnergy"],"relics":["Slimebound:AbsorbEndCombat","HollowMod:LifeEnderRelic","Whetstone","Pantograph"],"acts_visited":["Exordium"],"potions_floor_usage":[8],"damage_taken":[{"damage":9,"enemies":"Cultist","floor":2,"turns":4},{"damage":16,"enemies":"Jaw Worm","floor":3,"turns":3},{"damage":8,"enemies":"Small Slimes","floor":4,"turns":4},{"damage":40,"enemies":"3 Sentries","floor":8,"turns":10}],"seed_played":"4727335997447758043","potions_obtained":[{"floor":2,"key":"SkillPotion"},{"floor":3,"key":"DuplicationPotion"},{"floor":4,"key":"CultistPotion"}],"is_trial":false,"path_per_floor":["R","M","M","M","T","T","T","E"],"character_chosen":"SLIMEBOUND","items_purchased":[],"campfire_rested":0,"item_purchase_floors":[],"current_hp_per_floor":[65,56,42,36,36,36,36,0,0,0],"gold":251,"neow_bonus":"THREE_CARDS","is_daily":false,"chose_seed":false,"campfire_upgraded":1,"win_rate":0.0,"timestamp":1614356531,"path_taken":["R","M","M","M","?","?","T","E"],"items_purchased_type":[],"build_version":"2020-12-22","purchased_purges":0,"victory":false,"max_hp_per_floor":[65,65,65,65,65,65,65,65,65,65],"relic_stats":{"counters":[4,19],"Pantograph":0,"Whetstone":["Slimebound:Strike_Slimebound","Slimebound:TongueLash"],"obtain_stats":[{"HollowMod:LifeEnderRelic":5,"Pantograph":7,"Slimebound:AbsorbEndCombat":0,"Whetstone":6},{"HollowMod:LifeEnderRelic":3,"Pantograph":3,"Slimebound:AbsorbEndCombat":0,"Whetstone":3},{"HollowMod:LifeEnderRelic":9,"Pantograph":9,"Slimebound:AbsorbEndCombat":0,"Whetstone":9}]},"card_choices":[{"not_picked":["Slimebound:SlimeBarrage","Slimebound:FlameTackle"],"picked":"Slimebound:SplitAcid","floor":0},{"not_picked":["Slimebound:ProtectTheBoss","Slimebound:HauntingLick"],"picked":"Slimebound:TongueLash","floor":2},{"not_picked":["Slimebound:GrowthPunch","Slimebound:BestDefense"],"picked":"Slimebound:ServeAndProtect","floor":3},{"not_picked":["Slimebound:ViciousTackle","Slimebound:LeechingTouch"],"picked":"Slimebound:LeechEnergy","floor":4}],"player_experience":875364,"relics_obtained":[{"floor":5,"key":"HollowMod:LifeEnderRelic"},{"floor":6,"key":"Whetstone"},{"floor":7,"key":"Pantograph"}],"event_choices":[],"is_beta":false,"boss_relics":[],"items_purged_floors":[],"is_endless":false,"potions_floor_spawned":[2,3,4],"killed_by":"3 Sentries","ascension_level":1}}