{"host":"0r455zfix56tawas","time":1614330069,"event":{"mods":["AlwaysNeverKeys","BaseMod","Colored Powertips","Downfall","Highlight Path","Minty Spire (QoL Compilation)","Permanent Neow","StSLib","The Necromancer","The Servant 0.9.4"],"gold_per_floor":[114,189,189,206,226,226,243,138,189,206,55,55,67,67,67,164,164,183,196,196,209,224,224,239,239,286,300,317,317,348,61,61,164,164,183,96,96,114,134,134,188,188,188,199,214,214,44,44,44,44],"floor_reached":51,"language":"ENG","playtime":1668,"items_purged":["Strike_G","Strike_G"],"score":736,"play_id":"76f17279-1cfc-4801-823f-7aea2bea1e01","local_time":"20210226100109","is_ascension_mode":false,"campfire_choices":[{"data":"Setup","floor":6,"key":"SMITH"},{"data":"Noxious Fumes","floor":12,"key":"SMITH"},{"data":"Footwork","floor":15,"key":"SMITH"},{"data":"Accuracy","floor":23,"key":"SMITH"},{"data":"Cloak And Dagger","floor":25,"key":"SMITH"},{"data":"Blade Dance","floor":29,"key":"SMITH"},{"data":"Sadistic Nature","floor":32,"key":"SMITH"},{"data":"Discovery","floor":40,"key":"SMITH"},{"data":"Tools of the Trade","floor":42,"key":"SMITH"},{"data":"Survivor","floor":46,"key":"SMITH"},{"floor":49,"key":"REST"}],"circlet_count":0,"master_deck":["Strike_G","Strike_G","Defend_G+1","Defend_G","Defend_G","Defend_G","Defend_G","Survivor+1","Neutralize+1","Setup+1","Dagger Spray","Corpse Explosion","Footwork+1","Noxious Fumes+1","Blur+1","Cloak And Dagger+1","Accuracy+1","Blade Dance+1","Leg Sweep+1","Cloak And Dagger+1","Footwork+1","Deflect+1","Sadistic Nature+1","Tools of the Trade+1","CurseOfTheBell","Discovery+1","Deflect+1","Escape Plan","Catalyst+1","Footwork"],"relics":["Ring of the Serpent","Pear","Bag of Preparation","Boot","Molten Egg 2","Calling Bell","Omamori","Question Card","Thread and Needle","Unceasing Top","War Paint","Membership Card"],"acts_visited":["Exordium","TheCity","TheBeyond"],"potions_floor_usage":[21,28,41,50,50,50,50,50,50],"damage_taken":[{"damage":0,"enemies":"2 Louse","floor":1,"turns":3},{"damage":0,"enemies":"Jaw Worm","floor":4,"turns":5},{"damage":0,"enemies":"Cultist","floor":5,"turns":4},{"damage":13,"enemies":"Gremlin Gang","floor":7,"turns":4},{"damage":9,"enemies":"Looter","floor":10,"turns":4},{"damage":0,"enemies":"Red Slaver","floor":13,"turns":5},{"damage":0,"enemies":"Slime Boss","floor":16,"turns":7},{"damage":0,"enemies":"Shell Parasite","floor":18,"turns":7},{"damage":2,"enemies":"3 Byrds","floor":19,"turns":3},{"damage":0,"enemies":"Snecko","floor":21,"turns":7},{"damage":4,"enemies":"Centurion and Healer","floor":22,"turns":7},{"damage":1,"enemies":"Snake Plant","floor":24,"turns":5},{"damage":0,"enemies":"Shelled Parasite and Fungi","floor":27,"turns":7},{"damage":0,"enemies":"Snecko","floor":28,"turns":5},{"damage":11,"enemies":"Slavers","floor":30,"turns":4},{"damage":2,"enemies":"Champ","floor":33,"turns":12},{"damage":1,"enemies":"Orb Walker","floor":35,"turns":5},{"damage":5,"enemies":"3 Darklings","floor":38,"turns":5},{"damage":0,"enemies":"Maw","floor":39,"turns":8},{"damage":10,"enemies":"2 Orb Walkers","floor":41,"turns":6},{"damage":11,"enemies":"Jaw Worm Horde","floor":44,"turns":3},{"damage":6,"enemies":"Sphere and 2 Shapes","floor":45,"turns":5},{"damage":8,"enemies":"Donu and Deca","floor":50,"turns":8}],"seed_played":"-4392965048138315920","potions_obtained":[{"floor":7,"key":"Ancient Potion"},{"floor":10,"key":"Regen Potion"},{"floor":13,"key":"champ:CounterPotion"},{"floor":18,"key":"Ancient Potion"},{"floor":20,"key":"EntropicBrew"},{"floor":22,"key":"ColorlessPotion"},{"floor":35,"key":"AttackPotion"},{"floor":39,"key":"Dexterity Potion"},{"floor":45,"key":"AttackPotion"}],"is_trial":false,"path_per_floor":["M","?","T","M","M","R","M","$","T","M","$","R","M","?","R","B",null,"M","M","?","M","M","R","M","R","T","M","M","R","E","$","R","B",null,"M","$","?","M","M","R","?","R","T","M","M","R","$","?","R","B",null],"character_chosen":"THE_SILENT","items_purchased":["Noxious Fumes","Blur","Accuracy","Sadistic Nature","Discovery","Membership Card","Footwork"],"campfire_rested":1,"item_purchase_floors":[8,8,11,31,36,47,47],"current_hp_per_floor":[70,59,69,69,69,69,56,56,56,47,47,47,47,31,31,31,80,80,78,78,78,74,74,73,73,73,73,73,73,62,62,62,60,80,79,79,79,74,74,74,64,64,64,53,47,47,47,39,63,55],"gold":44,"neow_bonus":"TRANSFORM_CARD","is_daily":false,"chose_seed":false,"campfire_upgraded":10,"win_rate":0.0,"timestamp":1614330069,"path_taken":["M","?","?","M","?","R","M","$","T","M","$","R","?","?","R","BOSS","M","M","?","?","M","R","M","R","T","?","M","R","E","$","R","BOSS","M","$","?","M","?","R","?","R","T","M","M","R","$","?","R","BOSS"],"items_purchased_type":["Card","Card","Card","Card","Card","Relic","Card"],"build_version":"2020-12-22","purchased_purges":2,"victory":true,"max_hp_per_floor":[70,70,80,80,80,80,80,80,80,80,80,80,80,80,80,80,80,80,80,80,80,80,80,80,80,80,80,80,80,80,80,80,80,80,80,80,80,80,80,80,80,80,80,80,80,80,80,80,80,80],"card_choices":[{"not_picked":["Dagger Throw","Underhanded Strike"],"picked":"Dagger Spray","floor":1},{"not_picked":["Tactician","Prepared"],"picked":"Corpse Explosion","floor":4},{"not_picked":["Backflip","Quick Slash"],"picked":"Footwork","floor":5},{"not_picked":["PiercingWail","Deflect","Flying Knee"],"picked":"SKIP","floor":7},{"not_picked":["Blade Dance","Terror"],"picked":"Cloak And Dagger","floor":10},{"not_picked":["Masterful Stab","Outmaneuver"],"picked":"Blade Dance","floor":13},{"not_picked":["Prepared","Dagger Spray"],"picked":"Leg Sweep+1","floor":18},{"not_picked":["Dagger Spray","Underhanded Strike","Tactician"],"picked":"SKIP","floor":19},{"not_picked":["Deadly Poison","Outmaneuver","PiercingWail"],"picked":"SKIP","floor":21},{"not_picked":["Poisoned Stab+1","Leg Sweep"],"picked":"Cloak And Dagger","floor":22},{"not_picked":["Backflip","Heel Hook+1"],"picked":"Footwork+1","floor":24},{"not_picked":["Acrobatics","All Out Attack"],"picked":"Deflect+1","floor":27},{"not_picked":["Deflect","Calculated Gamble+1","Tactician+1"],"picked":"SKIP","floor":28},{"not_picked":["Distraction","Dash+1","Prepared"],"picked":"SKIP","floor":30},{"not_picked":["Bullet Time","Grand Finale+1"],"picked":"Tools of the Trade","floor":33},{"not_picked":["PiercingWail","Dagger Spray+1","Dagger Throw+1","Concentrate+1"],"picked":"SKIP","floor":35},{"not_picked":["Predator+1","Underhanded Strike+1","Skewer+1"],"picked":"Deflect+1","floor":38},{"not_picked":["Underhanded Strike+1","PiercingWail","Expertise","Bane+1"],"picked":"SKIP","floor":39},{"not_picked":["Flechettes+1","Phantasmal Killer","Backflip+1"],"picked":"Escape Plan","floor":41},{"not_picked":["Underhanded Strike+1","Poisoned Stab+1","Dash+1"],"picked":"Catalyst+1","floor":44},{"not_picked":["Skewer+1","Backstab+1","Backflip","Choke+1"],"picked":"SKIP","floor":45}],"player_experience":1037126,"relics_obtained":[{"floor":3,"key":"Pear"},{"floor":9,"key":"Bag of Preparation"},{"floor":26,"key":"Boot"},{"floor":30,"key":"Molten Egg 2"},{"floor":34,"key":"Omamori"},{"floor":34,"key":"Question Card"},{"floor":34,"key":"Thread and Needle"},{"floor":41,"key":"Unceasing Top"},{"floor":43,"key":"War Paint"}],"event_choices":[{"damage_healed":0,"gold_gain":75,"player_choice":"Gather Gold","damage_taken":11,"max_hp_gain":0,"max_hp_loss":0,"event_name":"World of Goop","floor":2,"gold_loss":0},{"damage_healed":0,"gold_gain":0,"player_choice":"Entered Light","damage_taken":16,"max_hp_gain":0,"max_hp_loss":0,"event_name":"Shining Light","floor":14,"gold_loss":0,"cards_upgraded":["Cloak And Dagger","Neutralize"]},{"damage_healed":0,"gold_gain":0,"player_choice":"Got Potions","damage_taken":0,"max_hp_gain":0,"max_hp_loss":0,"event_name":"Lab","floor":20,"gold_loss":0},{"damage_healed":0,"gold_gain":0,"player_choice":"Bought 0 Potions","damage_taken":0,"max_hp_gain":0,"max_hp_loss":0,"event_name":"The Woman in Blue","floor":37,"gold_loss":0},{"damage_healed":0,"gold_gain":0,"player_choice":"Fight","damage_taken":0,"max_hp_gain":0,"max_hp_loss":0,"event_name":"Mysterious Sphere","floor":41,"gold_loss":0},{"damage_healed":0,"gold_gain":0,"player_choice":"Damaged","damage_taken":8,"max_hp_gain":0,"max_hp_loss":0,"event_name":"Wheel of Change","floor":48,"gold_loss":0}],"is_beta":false,"boss_relics":[{"not_picked":["bronze:MakeshiftBattery","HoveringKite"],"picked":"Ring of the Serpent"},{"not_picked":["Empty Cage","Runic Dome"],"picked":"Calling Bell"}],"items_purged_floors":[11,31],"is_endless":false,"potions_floor_spawned":[7,10,13,18,19,22,27,35,39,45],"ascension_level":0}}