{"host":"ccvtb4ygtwow2q2g","time":1614321121,"event":{"mods":["AchievementEnabler","BaseMod","Colored Map","Colored Powertips","DeckTracker","Keyboard Shortcuts","Minty Spire (QoL Compilation)","Permanent Neow","SuperFastMode"],"gold_per_floor":[11,30,30,46,56,88,88,88,88,123,123,123,142,176,176,271,271,284,284,64,83,103,137,137,137],"floor_reached":24,"language":"KOR","playtime":1772,"items_purged":["Regret"],"score":365,"play_id":"f3f72f44-f52b-4dbb-b313-367e0a226861","local_time":"20210226153201","is_ascension_mode":true,"campfire_choices":[{"data":"Armaments","floor":7,"key":"SMITH"},{"data":"Clothesline","floor":11,"key":"SMITH"},{"data":"Pain","floor":15,"key":"PURGE"}],"circlet_count":0,"master_deck":["Bash","Clothesline+1","Wild Strike","Armaments+1","Fire Breathing","Flame Barrier","Second Wind","Impervious","Feed","Hemokinesis","Combust","Exhume","Sword Boomerang","Spot Weakness","Rupture","Seeing Red","Rampage","Headbutt","Perfected Strike","Evolve","Reckless Charge","Shockwave+1"],"relics":["Burning Blood","Bird Faced Urn","WarpedTongs","Toy Ornithopter","Meat on the Bone","FossilizedHelix","Peace Pipe","Blue Candle","Pandora\u0027s Box","Brimstone","Self Forming Clay"],"acts_visited":["Exordium","TheCity"],"potions_floor_usage":[6,6,10,14,16,18,18,23],"damage_taken":[{"damage":0,"enemies":"Small Slimes","floor":1,"turns":3},{"damage":3,"enemies":"Cultist","floor":2,"turns":4},{"damage":9,"enemies":"Jaw Worm","floor":4,"turns":3},{"damage":10,"enemies":"Looter","floor":5,"turns":3},{"damage":18,"enemies":"3 Sentries","floor":6,"turns":6},{"damage":4,"enemies":"Lagavulin","floor":10,"turns":4},{"damage":11,"enemies":"Blue Slaver","floor":13,"turns":5},{"damage":27,"enemies":"Gremlin Nob","floor":14,"turns":5},{"damage":23,"enemies":"The Guardian","floor":16,"turns":12},{"damage":53,"enemies":"2 Thieves","floor":18,"turns":4},{"damage":2,"enemies":"Chosen","floor":21,"turns":4},{"damage":39,"enemies":"Snake Plant","floor":22,"turns":3},{"damage":61,"enemies":"Slavers","floor":23,"turns":6},{"damage":22,"enemies":"Centurion and Healer","floor":24,"turns":3}],"seed_played":"4127331419189605485","potions_obtained":[{"floor":2,"key":"GamblersBrew"},{"floor":4,"key":"DistilledChaos"},{"floor":6,"key":"ColorlessPotion"},{"floor":13,"key":"DuplicationPotion"},{"floor":14,"key":"Energy Potion"},{"floor":16,"key":"GamblersBrew"},{"floor":18,"key":"Fruit Juice"},{"floor":22,"key":"Dexterity Potion"}],"is_trial":false,"path_per_floor":["M","M","?","M","M","E","R","?","T","E","R","?","M","E","R","B",null,"M","?","$","M","M","E","M"],"character_chosen":"IRONCLAD","items_purchased":["Brimstone"],"campfire_rested":0,"item_purchase_floors":[20],"current_hp_per_floor":[78,80,80,77,73,63,63,63,63,72,72,72,69,55,55,57,74,60,60,60,70,53,21,1,1],"gold":137,"neow_bonus":"ONE_RARE_RELIC","is_daily":false,"chose_seed":false,"campfire_upgraded":2,"win_rate":0.0,"timestamp":1614321121,"path_taken":["M","M","?","?","M","E","R","?","T","E","R","?","M","E","R","BOSS","M","?","$","?","M","E","?"],"items_purchased_type":["Relic"],"build_version":"2020-12-22","purchased_purges":1,"victory":false,"max_hp_per_floor":[80,80,80,80,80,80,80,80,80,80,80,80,80,80,80,80,80,85,85,85,85,85,85,85,85],"card_choices":[{"not_picked":["Pommel Strike","Twin Strike"],"picked":"Clothesline","floor":1},{"not_picked":["Iron Wave","Power Through"],"picked":"Wild Strike","floor":2},{"not_picked":["Clash","Warcry"],"picked":"Armaments","floor":4},{"not_picked":["Juggernaut","Reckless Charge"],"picked":"Fire Breathing","floor":5},{"not_picked":["Anger","Pommel Strike"],"picked":"Flame Barrier","floor":6},{"not_picked":["Sword Boomerang","Perfected Strike"],"picked":"Second Wind","floor":10},{"not_picked":["Anger","Havoc","Iron Wave"],"picked":"SKIP","floor":13},{"not_picked":["Heavy Blade","Infernal Blade"],"picked":"Impervious","floor":14},{"not_picked":["Berserk","Brutality"],"picked":"Feed","floor":16},{"not_picked":["Body Slam","Havoc"],"picked":"Headbutt","floor":18},{"not_picked":["Havoc","Dropkick"],"picked":"Evolve","floor":21},{"not_picked":["Second Wind","Shrug It Off"],"picked":"Reckless Charge","floor":22},{"not_picked":["Body Slam+1","Clothesline"],"picked":"Shockwave+1","floor":23}],"player_experience":596568,"relics_obtained":[{"floor":6,"key":"Toy Ornithopter"},{"floor":9,"key":"Meat on the Bone"},{"floor":10,"key":"FossilizedHelix"},{"floor":14,"key":"Blue Candle"},{"floor":23,"key":"Self Forming Clay"}],"event_choices":[{"damage_healed":0,"gold_gain":0,"player_choice":"Rummage","damage_taken":0,"relics_obtained":["WarpedTongs"],"max_hp_gain":0,"max_hp_loss":0,"event_name":"Accursed Blacksmith","floor":3,"gold_loss":0,"cards_obtained":["Pain"]},{"damage_healed":0,"gold_gain":0,"cards_transformed":["Strike_R"],"player_choice":"Change","damage_taken":0,"max_hp_gain":0,"max_hp_loss":0,"event_name":"Living Wall","floor":8,"gold_loss":0,"cards_obtained":["Iron Wave"]},{"damage_healed":0,"gold_gain":0,"player_choice":"Box","damage_taken":0,"relics_obtained":["Peace Pipe"],"max_hp_gain":0,"max_hp_loss":0,"event_name":"Big Fish","floor":12,"gold_loss":0,"cards_obtained":["Regret"]},{"damage_healed":0,"gold_gain":0,"cards_transformed":["Iron Wave"],"player_choice":"Transformed","damage_taken":0,"max_hp_gain":0,"max_hp_loss":0,"event_name":"Transmorgrifier","floor":19,"gold_loss":0,"cards_obtained":["Perfected Strike"]}],"is_beta":false,"boss_relics":[{"not_picked":["Calling Bell","Empty Cage"],"picked":"Pandora\u0027s Box"}],"items_purged_floors":[20],"is_endless":false,"potions_floor_spawned":[2,4,6,13,14,16,18,22],"killed_by":"Centurion and Healer","ascension_level":8}}