{"host":"f76wcztdlwlduum6","time":1614379071,"event":{"mods":["AchievementEnabler","BaseMod","BetterRewards","Colored Powertips","Minty Spire (QoL Compilation)","Quick Restart","Rare Cards Sparkle","Relic Stats","StSLib","SuperFastMode","everything is the same but u backflip on backflip"],"gold_per_floor":[119,132,132,57,12,12,41,52,52,52,86,86,86,114,114,192,192,202,202,22,22,37,70,84,111,183,183,199,299,324,334,334,408,408,428,428,473,260,275,305,305,339,339,368,386,14,14,28,28,28,28,28,28,28,53,53],"floor_reached":57,"language":"ENG","playtime":2937,"items_purged":["Strike_G","Writhe","Strike_G+1","Survivor"],"score":3403,"play_id":"d23a4828-3f80-4666-aa8e-43b419f9d762","local_time":"20210226163750","is_ascension_mode":true,"campfire_choices":[{"data":"Neutralize","floor":6,"key":"SMITH"},{"data":"Prepared","floor":10,"key":"SMITH"},{"data":"Dodge and Roll","floor":13,"key":"SMITH"},{"data":"Dodge and Roll","floor":15,"key":"SMITH"},{"data":"Night Terror","floor":27,"key":"SMITH"},{"data":"Dodge and Roll","floor":32,"key":"SMITH"},{"floor":41,"key":"RECALL"},{"floor":49,"key":"REST"},{"floor":53,"key":"REST"}],"circlet_count":0,"master_deck":["AscendersBane","Defend_G+1","Defend_G+1","Neutralize+1","Dodge and Roll+1","Dodge and Roll+1","Footwork+1","Noxious Fumes+1","PiercingWail","Prepared+1","Footwork+1","Blur+1","Dodge and Roll+1","Footwork+1","Poisoned Stab","Blur+1","Night Terror+1","Dodge and Roll+1","Dodge and Roll+1","Blur+1","Dodge and Roll","Doppelganger+1","Burst+1","Burst+1","The Bomb+1","Malaise+1"],"relics":["Ring of the Snake","The Specimen","Pantograph","TungstenRod","Torii","Frozen Egg 2","Ornamental Fan","Bottled Tornado","Orichalcum","Snake Skull","Darkstone Periapt","Black Star","Nuclear Battery","Strawberry","Lantern","Question Card","StrikeDummy","Letter Opener","Singing Bowl","Tough Bandages","Toxic Egg 2","Chemical X","Ice Cream","Smiling Mask","Mercury Hourglass","Fusion Hammer","Bird Faced Urn","Omamori","FossilizedHelix","Unceasing Top","Toy Ornithopter","Ninja Scroll","Potion Belt","Bronze Scales","Ice Cream","Art of War"],"acts_visited":["Exordium","TheCity","TheBeyond","TheEnding"],"potions_floor_usage":[30,55,56,56,56],"damage_taken":[{"damage":4,"enemies":"Small Slimes","floor":1,"turns":4},{"damage":6,"enemies":"2 Louse","floor":2,"turns":4},{"damage":18,"enemies":"Gremlin Nob","floor":7,"turns":6},{"damage":7,"enemies":"Jaw Worm","floor":8,"turns":5},{"damage":0,"enemies":"Lagavulin","floor":11,"turns":9},{"damage":0,"enemies":"Gremlin Nob","floor":14,"turns":7},{"damage":11,"enemies":"Slime Boss","floor":16,"turns":13},{"damage":0,"enemies":"Spheric Guardian","floor":18,"turns":5},{"damage":6,"enemies":"2 Thieves","floor":22,"turns":5},{"damage":0,"enemies":"Gremlin Leader","floor":23,"turns":7},{"damage":0,"enemies":"Shelled Parasite and Fungi","floor":24,"turns":6},{"damage":7,"enemies":"Slavers","floor":25,"turns":6},{"damage":0,"enemies":"Sentry and Sphere","floor":28,"turns":5},{"damage":0,"enemies":"Colosseum Slavers","floor":29,"turns":5},{"damage":0,"enemies":"Colosseum Nobs","floor":29,"turns":6},{"damage":0,"enemies":"Book of Stabbing","floor":30,"turns":9},{"damage":0,"enemies":"Chosen and Byrds","floor":31,"turns":6},{"damage":0,"enemies":"Automaton","floor":33,"turns":10},{"damage":0,"enemies":"3 Shapes","floor":35,"turns":3},{"damage":0,"enemies":"2 Orb Walkers","floor":37,"turns":6},{"damage":0,"enemies":"Orb Walker","floor":39,"turns":5},{"damage":0,"enemies":"Giant Head","floor":40,"turns":14},{"damage":0,"enemies":"Nemesis","floor":42,"turns":13},{"damage":0,"enemies":"Giant Head","floor":44,"turns":13},{"damage":0,"enemies":"Jaw Worm Horde","floor":45,"turns":5},{"damage":0,"enemies":"Spire Growth","floor":48,"turns":4},{"damage":6,"enemies":"Awakened One","floor":50,"turns":16},{"damage":14,"enemies":"Donu and Deca","floor":51,"turns":6},{"damage":0,"enemies":"Shield and Spear","floor":55,"turns":4},{"damage":3,"enemies":"The Heart","floor":56,"turns":12}],"seed_played":"-5723911079157207692","potions_obtained":[{"floor":1,"key":"Dexterity Potion"},{"floor":7,"key":"Swift Potion"},{"floor":23,"key":"EntropicBrew"},{"floor":30,"key":"FairyPotion"},{"floor":45,"key":"DuplicationPotion"},{"floor":48,"key":"DistilledChaos"},{"floor":55,"key":"Swift Potion"}],"is_trial":false,"path_per_floor":["M","M","?","?","$","R","E","M","T","R","E","?","R","E","R","B",null,"M","?","$","?","M","E","M","E","T","R","M","?","E","M","R","B",null,"M","?","?","$","M","E","R","E","T","E","M","$","?","M","R","B","B",null,"R","$","E","B",null],"character_chosen":"THE_SILENT","items_purchased":["Frozen Egg 2","Lantern","Question Card","Omamori","Burst+1","The Bomb+1"],"campfire_rested":2,"item_purchase_floors":[5,20,20,38,46,46],"current_hp_per_floor":[61,55,20,20,20,20,22,15,15,15,15,15,15,15,15,29,61,61,74,74,50,44,44,44,37,37,37,37,37,39,41,41,68,89,91,91,93,93,102,104,104,104,104,106,108,108,103,103,103,103,93,101,103,103,105,105],"gold":53,"neow_bonus":"TEN_PERCENT_HP_BONUS","is_daily":false,"chose_seed":false,"campfire_upgraded":6,"win_rate":0.0,"timestamp":1614379070,"path_taken":["M","M","?","?","$","R","E","M","T","R","E","?","R","E","R","BOSS","M","?","$","?","M","E","M","E","T","R","M","?","E","M","R","BOSS","M","?","?","$","?","E","R","E","T","E","M","$","?","M","R","BOSS","BOSS","R","$","E","BOSS"],"items_purchased_type":["Relic","Relic","Relic","Relic","Card","Card"],"build_version":"2020-12-22","purchased_purges":4,"victory":true,"max_hp_per_floor":[72,72,72,72,72,72,72,72,72,72,72,72,72,72,72,72,72,72,85,85,90,90,90,90,90,90,90,90,90,92,94,94,96,96,98,98,100,100,102,104,104,104,104,106,108,108,103,103,103,103,103,103,103,103,105,105],"relic_stats":{"Darkstone Periapt":6,"Torii":13,"Singing Bowl":20,"counters":[30,216],"Snake Skull":[315],"Letter Opener":[899],"Orichalcum":[24],"Question Card":18,"Smiling Mask":175,"Mercury Hourglass":[397],"Tough Bandages":[192],"Ornamental Fan":[56],"Pantograph":50,"Bird Faced Urn":[20],"Bronze Scales":[348],"Black Star":7,"Art of War":[5],"Chemical X":[21],"obtain_stats":[{"Darkstone Periapt":14,"Ice Cream":29,"Lantern":20,"Torii":3,"Singing Bowl":26,"Snake Skull":13,"Whetstone":27,"Bottled Tornado":9,"Smiling Mask":30,"Tough Bandages":29,"Ninja Scroll":42,"Pantograph":3,"Strawberry":19,"Fusion Hammer":34,"Chemical X":29,"Toxic Egg 2":29,"Ring of the Snake":0,"Potion Belt":44,"The Specimen":0,"Dead Branch":23,"Circlet":27,"Omamori":38,"Letter Opener":25,"Frozen Egg 2":5,"Orichalcum":11,"War Paint":27,"Question Card":20,"Nuclear Battery":17,"Mercury Hourglass":30,"Ornamental Fan":7,"Bird Faced Urn":37,"Bronze Scales":44,"Black Star":17,"Art of War":55,"StrikeDummy":23,"TungstenRod":3,"FossilizedHelix":40,"Unceasing Top":40,"Toy Ornithopter":42},{"Darkstone Periapt":6,"Ice Cream":15,"Lantern":8,"Torii":2,"Singing Bowl":12,"Snake Skull":5,"Whetstone":12,"Bottled Tornado":4,"Smiling Mask":16,"Tough Bandages":15,"Ninja Scroll":23,"Pantograph":2,"Strawberry":8,"Fusion Hammer":18,"Chemical X":15,"Toxic Egg 2":15,"Ring of the Snake":0,"Potion Belt":24,"The Specimen":0,"Dead Branch":10,"Circlet":12,"Omamori":20,"Letter Opener":12,"Frozen Egg 2":2,"Orichalcum":5,"War Paint":12,"Question Card":8,"Nuclear Battery":7,"Mercury Hourglass":16,"Ornamental Fan":3,"Bird Faced Urn":20,"Bronze Scales":24,"Black Star":7,"Art of War":29,"StrikeDummy":10,"TungstenRod":2,"FossilizedHelix":22,"Unceasing Top":22,"Toy Ornithopter":23},{"Darkstone Periapt":35,"Ice Cream":93,"Lantern":53,"Torii":8,"Singing Bowl":77,"Snake Skull":28,"Whetstone":77,"Bottled Tornado":19,"Smiling Mask":102,"Tough Bandages":93,"Ninja Scroll":158,"Pantograph":8,"Strawberry":53,"Fusion Hammer":118,"Chemical X":93,"Toxic Egg 2":93,"Ring of the Snake":0,"Potion Belt":171,"The Specimen":0,"Dead Branch":65,"Circlet":77,"Omamori":127,"Letter Opener":77,"Frozen Egg 2":8,"Orichalcum":28,"War Paint":77,"Question Card":53,"Nuclear Battery":48,"Mercury Hourglass":102,"Ornamental Fan":14,"Bird Faced Urn":127,"Bronze Scales":171,"Black Star":48,"Art of War":204,"StrikeDummy":65,"TungstenRod":8,"FossilizedHelix":146,"Unceasing Top":146,"Toy Ornithopter":158}],"TungstenRod":19,"Unceasing Top":[53],"Toy Ornithopter":0,"Ring of the Snake":[60]},"card_choices":[{"not_picked":["Tactician","Calculated Gamble"],"picked":"Dodge and Roll","floor":1},{"not_picked":["Distraction","Outmaneuver"],"picked":"Dodge and Roll","floor":2},{"not_picked":["Terror","Backflip"],"picked":"PiercingWail","floor":7},{"not_picked":["Expertise","Cloak And Dagger"],"picked":"Prepared","floor":8},{"not_picked":["Expertise","Acrobatics"],"picked":"Footwork+1","floor":11},{"not_picked":["Finisher","Dagger Spray"],"picked":"Poisoned Stab","floor":14},{"not_picked":["Wraith Form v2+1","Venomology"],"picked":"Night Terror","floor":16},{"not_picked":["Dagger Spray+1","Backflip","Prepared"],"picked":"SKIP","floor":18},{"not_picked":["Eviscerate","Quick Slash","Poisoned Stab+1"],"picked":"Dodge and Roll","floor":22},{"not_picked":["Catalyst","Skewer","Poisoned Stab"],"picked":"Dodge and Roll","floor":23},{"not_picked":["Slice","Prepared","Flying Knee","Eviscerate"],"picked":"SKIP","floor":24},{"not_picked":["Underhanded Strike","Backflip","Accuracy+1"],"picked":"Blur","floor":25},{"not_picked":["Calculated Gamble","Underhanded Strike","Deadly Poison+1"],"picked":"Dodge and Roll","floor":28},{"not_picked":["Quick Slash","Infinite Blades+1","Flying Knee"],"picked":"Doppelganger+1","floor":29},{"not_picked":["Skewer","Die Die Die","Deadly Poison+1","Quick Slash"],"picked":"Singing Bowl","floor":30},{"not_picked":["Flying Knee","Acrobatics+1","Sucker Punch","Eviscerate"],"picked":"Singing Bowl","floor":31},{"not_picked":["A Thousand Cuts+1","Unload","Venomology+1","Bullet Time+1"],"picked":"Singing Bowl","floor":33},{"not_picked":["Flying Knee","Distraction+1","Leg Sweep+1","Backflip+1"],"picked":"Singing Bowl","floor":35},{"not_picked":["Dagger Spray","Dagger Throw","Riddle With Holes","Deadly Poison+1"],"picked":"Singing Bowl","floor":37},{"not_picked":["Cloak And Dagger+1","Backflip+1","Flechettes","Quick Slash+1"],"picked":"Singing Bowl","floor":39},{"not_picked":["Tactician+1","Outmaneuver+1","Cloak And Dagger+1","Poisoned Stab+1"],"picked":"Singing Bowl","floor":40},{"not_picked":["Bouncing Flask+1","All Out Attack+1","Deadly Poison+1"],"picked":"Burst+1","floor":42},{"not_picked":["Sucker Punch","Expertise+1","Blade Dance+1","Outmaneuver+1"],"picked":"Singing Bowl","floor":44},{"not_picked":["Blade Dance+1","PiercingWail+1","Underhanded Strike","Distraction+1"],"picked":"Singing Bowl","floor":45},{"not_picked":["Bane","Slice+1","Dagger Spray+1"],"picked":"Malaise+1","floor":48},{"not_picked":["Deflect+1","Terror+1","PiercingWail+1","Quick Slash"],"picked":"Singing Bowl","floor":55}],"player_experience":389694,"relics_obtained":[{"floor":7,"key":"Ornamental Fan"},{"floor":9,"key":"Bottled Tornado"},{"floor":11,"key":"Orichalcum"},{"floor":14,"key":"Darkstone Periapt"},{"floor":23,"key":"StrikeDummy"},{"floor":23,"key":"Dead Branch"},{"floor":25,"key":"Letter Opener"},{"floor":25,"key":"Torii"},{"floor":26,"key":"Singing Bowl"},{"floor":29,"key":"Tough Bandages"},{"floor":29,"key":"Toxic Egg 2"},{"floor":30,"key":"Smiling Mask"},{"floor":30,"key":"Mercury Hourglass"},{"floor":37,"key":"Bird Faced Urn"},{"floor":40,"key":"FossilizedHelix"},{"floor":40,"key":"Unceasing Top"},{"floor":42,"key":"Toy Ornithopter"},{"floor":42,"key":"Ninja Scroll"},{"floor":44,"key":"Potion Belt"},{"floor":44,"key":"Bronze Scales"},{"floor":55,"key":"Ice Cream"},{"floor":55,"key":"Art of War"}],"event_choices":[{"damage_healed":0,"gold_gain":0,"player_choice":"Success","damage_taken":35,"relics_obtained":["Pantograph"],"max_hp_gain":0,"max_hp_loss":0,"event_name":"Scrap Ooze","floor":3,"gold_loss":0},{"cards_removed":["Strike_G"],"damage_healed":0,"gold_gain":0,"player_choice":"Card Removal","damage_taken":0,"max_hp_gain":0,"max_hp_loss":0,"event_name":"The Cleric","floor":4,"gold_loss":75},{"damage_healed":0,"gold_gain":0,"player_choice":"Ignored","damage_taken":0,"max_hp_gain":0,"max_hp_loss":0,"event_name":"Liars Game","floor":12,"gold_loss":0},{"damage_healed":0,"gold_gain":0,"player_choice":"Opened","damage_taken":0,"relics_obtained":["Strawberry"],"max_hp_gain":0,"max_hp_loss":0,"event_name":"The Mausoleum","floor":19,"gold_loss":0,"cards_obtained":["Writhe"]},{"damage_healed":0,"gold_gain":0,"player_choice":"Shed Blood","damage_taken":30,"max_hp_gain":5,"max_hp_loss":0,"event_name":"Forgotten Altar","floor":21,"gold_loss":0},{"damage_healed":0,"gold_gain":0,"player_choice":"Fight","damage_taken":0,"max_hp_gain":0,"max_hp_loss":0,"event_name":"Colosseum","floor":29,"gold_loss":0},{"damage_healed":0,"gold_gain":0,"player_choice":"Fought Nobs","damage_taken":0,"max_hp_gain":0,"max_hp_loss":0,"event_name":"Colosseum","floor":29,"gold_loss":0},{"cards_removed":["Strike_G"],"damage_healed":0,"gold_gain":0,"player_choice":"Removed Attack","damage_taken":0,"max_hp_gain":0,"max_hp_loss":0,"event_name":"Falling","floor":36,"gold_loss":0},{"damage_healed":0,"gold_gain":0,"player_choice":"Fight","damage_taken":0,"max_hp_gain":0,"max_hp_loss":0,"event_name":"Mysterious Sphere","floor":37,"gold_loss":0},{"damage_healed":0,"gold_gain":0,"player_choice":"Max HP","damage_taken":0,"max_hp_gain":0,"max_hp_loss":5,"event_name":"Winding Halls","floor":47,"gold_loss":0}],"is_beta":false,"boss_relics":[{"not_picked":["Runic Dome","Runic Pyramid"],"picked":"Black Star"},{"not_picked":["SacredBark","WristBlade"],"picked":"Fusion Hammer"}],"items_purged_floors":[5,20,38,46],"is_endless":false,"potions_floor_spawned":[1,7,8,22,23,28,29,30,31,40,42,45,48,55],"ascension_level":20}}