{"host":"13o02hya6v6rzuva","time":1614336501,"event":{"mods":["BaseMod","Minty Spire (QoL Compilation)","Relic Stats"],"gold_per_floor":[111,131,131,131,151,151,180,180,180,35,60,124,135,100,100,172,172,191,116,116,116,129,129,159,159,159,159,187,204,237,249,249,249,249],"floor_reached":33,"language":"ENG","playtime":1052,"items_purged":[],"score":544,"play_id":"32b9b431-b43a-406d-8c99-8ff783ac0f8d","local_time":"20210226114821","is_ascension_mode":true,"campfire_choices":[{"data":"Carnage","floor":6,"key":"SMITH"},{"data":"BattleHymn","floor":15,"key":"SMITH"},{"floor":23,"key":"REST"},{"floor":25,"key":"REST"},{"floor":27,"key":"REST"},{"floor":32,"key":"REST"}],"circlet_count":0,"master_deck":["AscendersBane","Strike_R","Strike_R","Defend_R","Defend_R","Defend_R","Defend_R","Bash+1","Carnage+1","Shrug It Off","Anger","Rampage","Combust","BattleHymn+1","Cold Snap","Adrenaline","Sucker Punch","Writhe","Rage","Wallop","Bandage Up"],"relics":["Burning Blood","Ornamental Fan","PrismaticShard","Ancient Tea Set","Bag of Marbles","Sozu","Toy Ornithopter","Tiny Chest","Oddly Smooth Stone","CaptainsWheel","Juzu Bracelet"],"acts_visited":["Exordium","TheCity"],"potions_floor_usage":[11,12,24],"damage_taken":[{"damage":8,"enemies":"Jaw Worm","floor":1,"turns":4},{"damage":12,"enemies":"Small Slimes","floor":2,"turns":3},{"damage":1,"enemies":"2 Louse","floor":5,"turns":3},{"damage":29,"enemies":"3 Sentries","floor":7,"turns":10},{"damage":24,"enemies":"Gremlin Nob","floor":11,"turns":4},{"damage":10,"enemies":"3 Sentries","floor":12,"turns":6},{"damage":3,"enemies":"Blue Slaver","floor":13,"turns":3},{"damage":28,"enemies":"Hexaghost","floor":16,"turns":8},{"damage":25,"enemies":"2 Thieves","floor":18,"turns":4},{"damage":16,"enemies":"Spheric Guardian","floor":22,"turns":4},{"damage":21,"enemies":"Slavers","floor":24,"turns":5},{"damage":14,"enemies":"Book of Stabbing","floor":28,"turns":4},{"damage":8,"enemies":"Snake Plant","floor":29,"turns":4},{"damage":51,"enemies":"Slavers","floor":30,"turns":6},{"damage":0,"enemies":"Snecko","floor":31,"turns":4},{"damage":88,"enemies":"Collector","floor":33,"turns":10}],"seed_played":"4700607420345781895","potions_obtained":[{"floor":1,"key":"ColorlessPotion"},{"floor":7,"key":"SteroidPotion"},{"floor":12,"key":"Strength Potion"}],"is_trial":false,"path_per_floor":["M","M","?","?","M","R","E","?","T","$","E","?","M","?","R","B",null,"M","?","?","?","M","R","E","R","T","R","E","M","E","M","R","B"],"character_chosen":"IRONCLAD","items_purchased":["PrismaticShard"],"campfire_rested":4,"item_purchase_floors":[10],"current_hp_per_floor":[66,60,65,58,63,63,40,40,40,40,22,18,21,41,41,19,65,46,46,46,23,13,38,28,53,53,78,70,68,27,37,62,0,0],"gold":249,"neow_bonus":"UPGRADE_CARD","is_daily":false,"chose_seed":false,"campfire_upgraded":2,"win_rate":0.0,"timestamp":1614336501,"path_taken":["M","M","?","?","M","R","E","?","T","$","E","?","M","?","R","BOSS","M","?","?","?","?","R","E","R","T","R","E","M","E","M","R","BOSS"],"items_purchased_type":["Relic"],"build_version":"2020-12-22","purchased_purges":0,"victory":false,"max_hp_per_floor":[75,75,80,80,80,80,80,80,80,80,80,80,80,80,80,80,80,80,80,80,85,85,85,85,85,85,85,85,85,85,85,85,85,85],"relic_stats":{"Sozu":3,"counters":[16,82],"Ornamental Fan":[120],"Tiny Chest":0,"Juzu Bracelet":0,"obtain_stats":[{"Sozu":17,"CaptainsWheel":28,"Ornamental Fan":7,"Oddly Smooth Stone":26,"Tiny Chest":24,"Bag of Marbles":12,"Juzu Bracelet":30,"PrismaticShard":10,"Ancient Tea Set":11,"Burning Blood":0,"Toy Ornithopter":20},{"Sozu":8,"CaptainsWheel":12,"Ornamental Fan":4,"Oddly Smooth Stone":11,"Tiny Chest":11,"Bag of Marbles":6,"Juzu Bracelet":14,"PrismaticShard":4,"Ancient Tea Set":5,"Burning Blood":0,"Toy Ornithopter":9},{"Sozu":41,"CaptainsWheel":58,"Ornamental Fan":20,"Oddly Smooth Stone":54,"Tiny Chest":54,"Bag of Marbles":30,"Juzu Bracelet":68,"PrismaticShard":20,"Ancient Tea Set":24,"Burning Blood":0,"Toy Ornithopter":45}],"Burning Blood":90,"Toy Ornithopter":5},"card_choices":[{"not_picked":["Metallicize","Battle Trance"],"picked":"Carnage","floor":1},{"not_picked":["Intimidate","Havoc"],"picked":"Shrug It Off","floor":2},{"not_picked":["Havoc","Wild Strike"],"picked":"Anger","floor":5},{"not_picked":["Perfected Strike","Flex"],"picked":"Rampage","floor":7},{"not_picked":["Evaluate","Skim"],"picked":"BattleHymn","floor":11},{"not_picked":["Clash","EmptyBody"],"picked":"Cold Snap","floor":13},{"not_picked":["Blasphemy","Thunder Strike"],"picked":"Adrenaline","floor":16},{"not_picked":["Crescendo","Anger"],"picked":"Sucker Punch","floor":18},{"not_picked":["Flex","Halt+1"],"picked":"Rage","floor":22},{"not_picked":["Barrage","True Grit"],"picked":"Wallop","floor":24},{"not_picked":["FollowUp","Crescendo","Brutality"],"picked":"SKIP","floor":28},{"not_picked":["Armaments","Deflect"],"picked":"Bandage Up","floor":29},{"not_picked":["FlurryOfBlows","Dagger Spray","Choke"],"picked":"SKIP","floor":30},{"not_picked":["Headbutt","Wild Strike","Redo"],"picked":"SKIP","floor":31}],"player_experience":1276859,"relics_obtained":[{"floor":7,"key":"Ornamental Fan"},{"floor":11,"key":"Ancient Tea Set"},{"floor":12,"key":"Bag of Marbles"},{"floor":24,"key":"Tiny Chest"},{"floor":26,"key":"Oddly Smooth Stone"},{"floor":28,"key":"CaptainsWheel"},{"floor":30,"key":"Juzu Bracelet"}],"event_choices":[{"damage_healed":0,"gold_gain":0,"player_choice":"Donut","damage_taken":0,"max_hp_gain":5,"max_hp_loss":0,"event_name":"Big Fish","floor":3,"gold_loss":0},{"cards_removed":["Strike_R"],"damage_healed":0,"gold_gain":0,"player_choice":"Card Removal","damage_taken":7,"max_hp_gain":0,"max_hp_loss":0,"event_name":"Golden Wing","floor":4,"gold_loss":0},{"damage_healed":0,"gold_gain":0,"cards_transformed":["Strike_R"],"player_choice":"Change","damage_taken":0,"max_hp_gain":0,"max_hp_loss":0,"event_name":"Living Wall","floor":8,"gold_loss":0,"cards_obtained":["Combust"]},{"damage_healed":0,"gold_gain":0,"player_choice":"Searched \u00271\u0027 times","damage_taken":0,"max_hp_gain":0,"max_hp_loss":0,"event_name":"Dead Adventurer","floor":12,"gold_loss":0},{"damage_healed":20,"gold_gain":0,"player_choice":"Healed","damage_taken":0,"max_hp_gain":0,"max_hp_loss":0,"event_name":"The Cleric","floor":14,"gold_loss":35},{"cards_removed":["Strike_R"],"damage_healed":0,"gold_gain":0,"player_choice":"Gave Gold","damage_taken":0,"max_hp_gain":0,"max_hp_loss":0,"event_name":"Beggar","floor":19,"gold_loss":75},{"damage_healed":0,"gold_gain":0,"player_choice":"Opened","damage_taken":0,"relics_obtained":["Toy Ornithopter"],"max_hp_gain":0,"max_hp_loss":0,"event_name":"The Mausoleum","floor":20,"gold_loss":0,"cards_obtained":["Writhe"]},{"damage_healed":0,"gold_gain":0,"player_choice":"Shed Blood","damage_taken":28,"max_hp_gain":5,"max_hp_loss":0,"event_name":"Forgotten Altar","floor":21,"gold_loss":0}],"is_beta":false,"boss_relics":[{"not_picked":["Black Star","Coffee Dripper"],"picked":"Sozu"}],"items_purged_floors":[],"is_endless":false,"potions_floor_spawned":[1,7,12,18,30,31],"killed_by":"Collector","ascension_level":15}}