{"host":"tj45uo9npo129mc6","time":1614337587,"event":{"mods":["AchievementEnabler","BaseMod","Friendly Minions","Hubris","Infinite Spire","Kiyohime????","LagranYue(???·?)","Minty Spire (QoL Compilation)","Quick Restart","Remilia??????","StSLib","The Animator","The Bladedancer","The Cursed","The Servant 0.9.4"],"gold_per_floor":[112,112,187,187,200,200,200,9,82,103,121,144,144,168,168,296,296,312,312,312,227,252,252,252,252],"floor_reached":24,"language":"FRA","playtime":1264,"items_purged":[],"score":186,"play_id":"8904742f-c4ab-4706-8ff1-e6812e5f3f4c","local_time":"20210226120627","is_ascension_mode":false,"campfire_choices":[{"floor":6,"key":"RECALL"},{"floor":13,"key":"REST"},{"floor":15,"key":"REST"},{"floor":23,"key":"REST"}],"circlet_count":0,"master_deck":["Strike_B","Strike_B","Strike_B","Defend_B","Defend_B","Defend_B","Defend_B","Zap","Dualcast","hubris:Prefetch","Sweeping Beam","Reinforced Body","Conserve Battery","Injury","Static Discharge","Amplify","Barrage","Darkness","Hologram","Leap","Amplify","Static Discharge","Necronomicurse","Genetic Algorithm"],"relics":["Cracked Core","LagranYue:RandomDrawCardRelic","hubris:Icosahedron","Golden Idol","Inserter","Necronomicon","hubris:RGBLights"],"acts_visited":["Exordium","TheCity"],"potions_floor_usage":[22,22,24,24,24],"damage_taken":[{"damage":11,"enemies":"2 Louse","floor":1,"turns":3},{"damage":12,"enemies":"Small Slimes","floor":5,"turns":4},{"damage":6,"enemies":"Jaw Worm","floor":10,"turns":5},{"damage":4,"enemies":"Red Slaver","floor":11,"turns":5},{"damage":13,"enemies":"2 Fungi Beasts","floor":12,"turns":4},{"damage":1,"enemies":"Large Slime","floor":14,"turns":5},{"damage":46,"enemies":"Slime Boss","floor":16,"turns":12},{"damage":22,"enemies":"Spheric Guardian","floor":18,"turns":6},{"damage":34,"enemies":"2 Thieves","floor":22,"turns":3},{"damage":31,"enemies":"Centurion and Healer","floor":24,"turns":5}],"seed_played":"2637542298542369042","potions_obtained":[{"floor":1,"key":"Energy Potion"},{"floor":11,"key":"Dexterity Potion"},{"floor":16,"key":"SteroidPotion"},{"floor":18,"key":"Energy Potion"},{"floor":22,"key":"Explosive Potion"}],"is_trial":false,"path_per_floor":["M","?","?","?","M","R","?","$","T","M","M","M","R","M","R","B",null,"M","?","?","?","M","R","M"],"character_chosen":"DEFECT","items_purchased":["Static Discharge","Amplify"],"campfire_rested":3,"item_purchase_floors":[8,8],"current_hp_per_floor":[64,64,53,53,41,41,41,41,41,35,31,18,40,39,61,15,75,53,37,37,37,3,25,0,0],"gold":252,"neow_bonus":"ONE_RANDOM_RARE_CARD","is_daily":false,"chose_seed":false,"campfire_upgraded":0,"win_rate":0.0,"timestamp":1614337587,"path_taken":["M","?","?","?","M","R","?","$","T","M","M","M","R","?","R","BOSS","M","?","?","?","M","R","M"],"items_purchased_type":["Card","Card"],"build_version":"2020-12-22","purchased_purges":0,"victory":false,"max_hp_per_floor":[75,75,75,75,75,75,75,75,75,75,75,75,75,75,75,75,75,75,75,75,75,75,75,75,75],"card_choices":[{"not_picked":["Coolheaded","Chaos"],"picked":"Sweeping Beam","floor":1},{"not_picked":["Steam","Rip and Tear"],"picked":"Conserve Battery","floor":5},{"not_picked":["Steam Power","Chaos"],"picked":"Barrage","floor":10},{"not_picked":["Recycle","Redo"],"picked":"Darkness","floor":11},{"not_picked":["Biased Cognition","Undo"],"picked":"Hologram","floor":12},{"not_picked":["hubris:PowerSurge","Streamline"],"picked":"Leap","floor":14},{"not_picked":["All For One","Biased Cognition"],"picked":"Amplify","floor":16},{"not_picked":["Leap","BootSequence"],"picked":"Static Discharge","floor":18},{"not_picked":["Sunder","Melter"],"picked":"Genetic Algorithm","floor":22}],"player_experience":259368,"relics_obtained":[{"floor":19,"key":"Necronomicon"}],"event_choices":[{"damage_healed":0,"gold_gain":0,"cards_transformed":["Strike_B"],"player_choice":"Change","damage_taken":0,"max_hp_gain":0,"max_hp_loss":0,"event_name":"Living Wall","floor":2,"gold_loss":0,"cards_obtained":["Reinforced Body"]},{"damage_healed":0,"gold_gain":75,"player_choice":"Gather Gold","damage_taken":11,"max_hp_gain":0,"max_hp_loss":0,"event_name":"World of Goop","floor":3,"gold_loss":0},{"damage_healed":0,"gold_gain":0,"player_choice":"Take Wound","damage_taken":0,"relics_obtained":["Golden Idol"],"max_hp_gain":0,"max_hp_loss":0,"event_name":"Golden Idol","floor":7,"gold_loss":0,"cards_obtained":["Injury"]},{"damage_healed":0,"gold_gain":0,"player_choice":"Obtained Book","damage_taken":16,"max_hp_gain":0,"max_hp_loss":0,"event_name":"Cursed Tome","floor":19,"gold_loss":0},{"damage_healed":0,"gold_gain":0,"player_choice":"Ignored","damage_taken":0,"max_hp_gain":0,"max_hp_loss":0,"event_name":"Vampires","floor":20,"gold_loss":0},{"damage_healed":0,"gold_gain":0,"player_choice":"Obtained Relic","damage_taken":0,"relics_obtained":["hubris:RGBLights"],"max_hp_gain":0,"max_hp_loss":0,"event_name":"Addict","floor":21,"gold_loss":85}],"is_beta":false,"boss_relics":[{"not_picked":["infinitespire:Cupcake","Black Star"],"picked":"Inserter"}],"items_purged_floors":[],"is_endless":false,"potions_floor_spawned":[1,11,16,18,22],"killed_by":"Centurion and Healer","ascension_level":0}}