{"host":"wqwfknj40rilnol1","time":1614337981,"event":{"mods":["AchievementEnabler","Aspiration","BaseMod","BetterRewards","Block Reminder","Colored Map","Conspire","Highlight Path","Hubris","Minty Spire (QoL Compilation)","Permanent Neow","Quick Restart","Relic Stats","Replay The Spire","Shop Mod","StSLib","The Cursed"],"gold_per_floor":[109,129,149,149,149,177,177,191,270,270,270,270,305,324,324,397,447,467,467,485,485,485],"floor_reached":21,"language":"ENG","playtime":935,"items_purged":[],"score":535,"play_id":"af01c42b-490b-44e4-ab7c-40df5298f06a","local_time":"20210226121301","is_ascension_mode":true,"campfire_choices":[{"data":"Carnage","floor":7,"key":"SMITH"},{"data":"Dramatic Entrance","floor":11,"key":"SMITH"},{"floor":15,"key":"REST"}],"circlet_count":0,"master_deck":["AscendersBane","Strike_R","Strike_R","Strike_R","Strike_R+1","Defend_R","Defend_R","Defend_R","Defend_R","Bash","Clothesline","True Grit","Warcry+1","Inflame","Cleave","Secret Weapon","True Grit","Dramatic Entrance+1","Carnage+1","Headbutt","Fiend Fire+1","ReplayTheSpireMod:Stacked","Clumsy"],"relics":["Burning Blood","Paper Frog","Brimstone","aspiration:FetidBarrel","Bottled Tornado","Blue Candle","Tiny House","aspiration:StickyExplosives"],"acts_visited":["Exordium","TheCity"],"potions_floor_usage":[6,16],"damage_taken":[{"damage":1,"enemies":"Cultist","floor":1,"turns":3},{"damage":0,"enemies":"2 Louse","floor":2,"turns":3},{"damage":0,"enemies":"Small Slimes","floor":3,"turns":2},{"damage":19,"enemies":"3 Sentries","floor":6,"turns":4},{"damage":0,"enemies":"3 Louse","floor":8,"turns":2},{"damage":35,"enemies":"Lagavulin","floor":13,"turns":4},{"damage":0,"enemies":"Large Slime","floor":14,"turns":3},{"damage":69,"enemies":"Fading Forest","floor":16,"turns":11},{"damage":40,"enemies":"Shell Parasite","floor":18,"turns":3},{"damage":23,"enemies":"Spheric Guardian","floor":20,"turns":4}],"seed_played":"-2542038798055738805","potions_obtained":[{"floor":13,"key":"Languid Potion"},{"floor":14,"key":"Energy Potion"},{"floor":16,"key":"Weak Potion"},{"floor":17,"key":"Cursed Concoction"}],"is_trial":false,"path_per_floor":["M","M","M","?","$","E","R","M","T","?","R","?","E","M","R","B",null,"M","?","M","?"],"character_chosen":"IRONCLAD","items_purchased":["Clothesline","True Grit","Paper Frog","Warcry","Inflame","Brimstone","Cleave","Secret Weapon","True Grit","Dramatic Entrance","Carnage","Strength Potion"],"campfire_rested":1,"item_purchase_floors":[0,0,0,0,0,0,0,0,0,0,0,0],"current_hp_per_floor":[73,75,75,75,75,62,62,68,68,73,73,73,44,50,74,11,68,34,34,17,0,0],"gold":485,"neow_bonus":"","is_daily":false,"chose_seed":false,"campfire_upgraded":2,"win_rate":0.0,"timestamp":1614337981,"path_taken":["M","M","?","?","$","E","R","M","T","?","R","?","E","M","R","BOSS","M","?","M","?"],"items_purchased_type":["Card","Card","Relic","Card","Card","Relic","Card","Card","Card","Card","Card","Potion"],"build_version":"2020-12-22","purchased_purges":0,"victory":false,"max_hp_per_floor":[75,75,75,75,75,75,75,75,75,80,80,80,80,80,80,80,85,85,85,85,85,85],"relic_stats":{"counters":[82,354],"Blue Candle":[5],"obtain_stats":[{"Calipers":48,"hubris:CrystalStatue":6,"Tiny House":17,"hubris:VirtuousBlindfold":34,"Bottled Tornado":14,"Centennial Puzzle":0,"Strawberry":24,"Philosopher\u0027s Stone":17,"Iron Hammer":36,"aspiration:StickyExplosives":19,"aspiration:Nostalgia":0,"Counterbalance":8,"Replay:Grab Bag":17,"Blue Candle":26,"hubris:SphereOfDissonance":31,"Oddly Smooth Stone":0,"conspire:Boomerang":27,"War Paint":8,"Question Card":29,"ReplayTheSpireMod:Spearhead":43,"conspire:GiftBox":0,"Brimstone":7,"Bronze Scales":0,"Molten Egg 2":9,"hubris:PeanutButter":13,"Pandora\u0027s Box":19,"CultistMask":6,"ReplayTheSpireMod:TigerMarble":10,"Unceasing Top":27,"ReplayFunnel":20,"hubris:Metronome":25,"Painkiller Herb":36,"Blue Doll":45,"conspire:SpecialSausage":17,"hubris:SlimyHat":8,"Juzu Bracelet":24,"Bag of Preparation":40,"hubris:RunicObelisk":17,"Burning Blood":0,"conspire:TopHat":9,"Replay:Rubber Ducky":31,"Dream Catcher":9,"hubris:Icosahedron":4,"hubris:Backtick":34,"aspiration:DefectSkillbook":34,"Mummified Hand":26,"Replay:M_SmolderingBlood":0,"Toolbox":20,"Red Mask":50,"hubris:ChampionShield":16,"Paper Frog":0,"hubris:DisguiseKit":28,"BargainBundle":0,"aspiration:FetidBarrel":6,"Quantum Egg":43,"hubris:Towel":19,"Frozen Egg 2":13,"Ectoplasm":17,"hubris:BundleOfHerbs":37,"hubris:GrandSneckoEye":0,"ReplayTheSpireMod:Lightbulb":39,"hubris:Potato":11,"hubris:BottledRain":12},{"Calipers":25,"hubris:CrystalStatue":29,"Tiny House":80,"hubris:VirtuousBlindfold":64,"Bottled Tornado":32,"Centennial Puzzle":26,"Strawberry":60,"Philosopher\u0027s Stone":55,"Iron Hammer":41,"aspiration:StickyExplosives":81,"aspiration:Nostalgia":47,"Counterbalance":30,"Replay:Grab Bag":33,"Blue Candle":60,"hubris:SphereOfDissonance":39,"Oddly Smooth Stone":47,"conspire:Boomerang":14,"War Paint":51,"Question Card":39,"ReplayTheSpireMod:Spearhead":44,"conspire:GiftBox":47,"Brimstone":4,"Bronze Scales":26,"Molten Egg 2":5,"hubris:PeanutButter":8,"Pandora\u0027s Box":9,"CultistMask":4,"ReplayTheSpireMod:TigerMarble":30,"Unceasing Top":38,"ReplayFunnel":57,"hubris:Metronome":13,"Painkiller Herb":18,"Blue Doll":22,"conspire:SpecialSausage":33,"hubris:SlimyHat":5,"Juzu Bracelet":37,"Bag of Preparation":69,"hubris:RunicObelisk":33,"Burning Blood":0,"conspire:TopHat":51,"Replay:Rubber Ducky":15,"Dream Catcher":30,"hubris:Icosahedron":49,"hubris:Backtick":64,"aspiration:DefectSkillbook":40,"Mummified Hand":37,"Replay:M_SmolderingBlood":47,"Toolbox":57,"Red Mask":25,"hubris:ChampionShield":8,"Paper Frog":72,"hubris:DisguiseKit":14,"BargainBundle":26,"aspiration:FetidBarrel":76,"Quantum Egg":69,"hubris:Towel":34,"Frozen Egg 2":54,"Ectoplasm":33,"hubris:BundleOfHerbs":42,"hubris:GrandSneckoEye":0,"ReplayTheSpireMod:Lightbulb":20,"hubris:Potato":6,"hubris:BottledRain":53},{"Calipers":94,"hubris:CrystalStatue":113,"Tiny House":347,"hubris:VirtuousBlindfold":280,"Bottled Tornado":130,"Centennial Puzzle":100,"Strawberry":258,"Philosopher\u0027s Stone":234,"Iron Hammer":171,"aspiration:StickyExplosives":350,"aspiration:Nostalgia":206,"Counterbalance":120,"Replay:Grab Bag":141,"Blue Candle":258,"hubris:SphereOfDissonance":159,"Oddly Smooth Stone":206,"conspire:Boomerang":52,"War Paint":217,"Question Card":159,"ReplayTheSpireMod:Spearhead":182,"conspire:GiftBox":206,"Brimstone":10,"Bronze Scales":100,"Molten Egg 2":12,"hubris:PeanutButter":22,"Pandora\u0027s Box":33,"CultistMask":10,"ReplayTheSpireMod:TigerMarble":120,"Unceasing Top":158,"ReplayFunnel":241,"hubris:Metronome":49,"Painkiller Herb":70,"Blue Doll":82,"conspire:SpecialSausage":141,"hubris:SlimyHat":12,"Juzu Bracelet":155,"Bag of Preparation":299,"hubris:RunicObelisk":141,"Burning Blood":0,"conspire:TopHat":217,"Replay:Rubber Ducky":57,"Dream Catcher":120,"hubris:Icosahedron":211,"hubris:Backtick":280,"aspiration:DefectSkillbook":168,"Mummified Hand":155,"Replay:M_SmolderingBlood":206,"Toolbox":241,"Red Mask":94,"hubris:ChampionShield":22,"Paper Frog":315,"hubris:DisguiseKit":52,"BargainBundle":100,"aspiration:FetidBarrel":327,"Quantum Egg":299,"hubris:Towel":144,"Frozen Egg 2":227,"Ectoplasm":141,"hubris:BundleOfHerbs":176,"hubris:GrandSneckoEye":0,"ReplayTheSpireMod:Lightbulb":76,"hubris:Potato":15,"hubris:BottledRain":224}],"Burning Blood":289},"card_choices":[{"not_picked":["Perfected Strike","Pommel Strike"],"picked":"Headbutt","floor":1},{"not_picked":["ReplayTheSpireMod:Limb From Limb","Reckless Charge","Perfected Strike"],"picked":"SKIP","floor":2},{"not_picked":["Armaments","Warcry","Metallicize"],"picked":"SKIP","floor":3},{"not_picked":["ReplayReversal","Thunderclap","Second Wind"],"picked":"SKIP","floor":6},{"not_picked":["Inflame","Body Slam","Cleave"],"picked":"SKIP","floor":8},{"not_picked":["Exhume","Twin Strike","Shockwave"],"picked":"SKIP","floor":13},{"not_picked":["ReplayTheSpireMod:Strike From Hell","hubris:ReadiedAction","Heavy Blade"],"picked":"SKIP","floor":14},{"not_picked":["Dual Wield","Thunderclap"],"picked":"ReplayTheSpireMod:Stacked","floor":17},{"not_picked":["True Grit","Twin Strike","Perfected Strike"],"picked":"SKIP","floor":18},{"not_picked":["Bloodletting","Heavy Blade","Rage"],"picked":"SKIP","floor":20}],"player_experience":326719,"relics_obtained":[{"floor":6,"key":"aspiration:FetidBarrel"},{"floor":9,"key":"Bottled Tornado"},{"floor":13,"key":"Blue Candle"}],"event_choices":[{"damage_healed":0,"gold_gain":0,"player_choice":"Donut","damage_taken":0,"max_hp_gain":5,"max_hp_loss":0,"event_name":"Big Fish","floor":10,"gold_loss":0}],"is_beta":false,"boss_relics":[{"not_picked":["aspiration:SilentSkillbook","Empty Cage"],"picked":"Tiny House"}],"items_purged_floors":[],"is_endless":false,"potions_floor_spawned":[13,14,16,18],"ascension_level":17}}