{"host":"qfmqsclrfy207o1q","time":1614313880,"event":{"mods":["2.2 Compatiblity","AchievementEnabler","BaseMod","BetterRewards","Colored Map","Colored Powertips","Curses Come First","Dark Map","Downfall","Infinite Spire","Minty Spire (QoL Compilation)","Quick Restart","Rare Cards Sparkle","Relic Stats","Shop Mod","StSLib"],"gold_per_floor":[116,42,42,42,61,89,89,105,159,159,178,195,195,207,207,311,311,331,345,345,345,358,358,358],"floor_reached":23,"language":"ENG","playtime":659,"items_purged":[],"score":218,"play_id":"ae200791-9dbd-4bcf-bc77-dd34509469bb","local_time":"20210225213120","is_ascension_mode":false,"campfire_choices":[{"floor":7,"key":"RECALL"},{"data":"Loop","floor":10,"key":"SMITH"},{"data":"Zap","floor":15,"key":"SMITH"}],"circlet_count":0,"master_deck":["Strike_B","Strike_B","Strike_B","Strike_B","Defend_B+1","Defend_B+1","Defend_B","Defend_B","Zap+1","Dualcast","Capacitor","Loop+1","Melter","Turbo","Self Repair","Auto Shields","Beam Cell","Parasite","Static Discharge","Core Surge","Genetic Algorithm","Capacitor+1","Writhe","Hologram+1"],"relics":["Cracked Core","NeowsBlessing","Bronze Scales","Smiling Mask","War Paint","Nuclear Battery","Strawberry","GremlinMask"],"acts_visited":["Exordium","TheCity"],"potions_floor_usage":[12,16,23],"damage_taken":[{"damage":0,"enemies":"Cultist","floor":1,"turns":1},{"damage":0,"enemies":"Jaw Worm","floor":5,"turns":1},{"damage":0,"enemies":"Gremlin Nob","floor":6,"turns":1},{"damage":3,"enemies":"2 Louse","floor":8,"turns":2},{"damage":11,"enemies":"Red Slaver","floor":11,"turns":4},{"damage":0,"enemies":"Blue Slaver","floor":12,"turns":3},{"damage":7,"enemies":"Looter","floor":14,"turns":4},{"damage":30,"enemies":"The Guardian","floor":16,"turns":8},{"damage":0,"enemies":"Spheric Guardian","floor":18,"turns":1},{"damage":26,"enemies":"Shell Parasite","floor":19,"turns":4},{"damage":39,"enemies":"Centurion and Healer","floor":22,"turns":10},{"damage":35,"enemies":"Book of Stabbing","floor":23,"turns":4}],"seed_played":"-823197881668846859","potions_obtained":[{"floor":5,"key":"FearPotion"},{"floor":6,"key":"FocusPotion"},{"floor":11,"key":"Block Potion"}],"is_trial":false,"path_per_floor":["M","$","?","?","M","E","R","M","T","R","M","M","?","M","R","B",null,"M","M","?","?","M","E"],"character_chosen":"DEFECT","items_purchased":["Loop"],"campfire_rested":0,"item_purchase_floors":[2],"current_hp_per_floor":[75,75,75,75,75,75,75,72,72,72,68,68,75,75,75,52,75,75,56,63,63,31,0,0],"gold":358,"neow_bonus":"THREE_ENEMY_KILL","is_daily":false,"chose_seed":false,"campfire_upgraded":2,"win_rate":0.0,"timestamp":1614313880,"path_taken":["M","?","?","?","M","E","R","?","T","R","M","M","?","M","R","BOSS","M","M","?","?","?","E"],"items_purchased_type":["Card"],"build_version":"2020-12-22","purchased_purges":0,"victory":false,"max_hp_per_floor":[75,75,75,75,75,75,75,75,75,75,75,75,75,75,75,75,75,75,75,82,82,82,82,82],"relic_stats":{"counters":[12,42],"Bronze Scales":[119],"War Paint":["Defend_B","Defend_B"],"Smiling Mask":0,"obtain_stats":[{"NeowsBlessing":0,"Bronze Scales":4,"Strawberry":20,"GremlinMask":21,"War Paint":9,"Cracked Core":0,"Smiling Mask":6,"Nuclear Battery":17},{"NeowsBlessing":0,"Bronze Scales":1,"Strawberry":10,"GremlinMask":10,"War Paint":4,"Cracked Core":0,"Smiling Mask":3,"Nuclear Battery":8},{"NeowsBlessing":0,"Bronze Scales":1,"Strawberry":28,"GremlinMask":28,"War Paint":5,"Cracked Core":0,"Smiling Mask":3,"Nuclear Battery":23}]},"card_choices":[{"not_picked":["Gash","Stack"],"picked":"Capacitor","floor":1},{"not_picked":["Sweeping Beam","Fusion"],"picked":"Melter","floor":5},{"not_picked":["Storm","Streamline"],"picked":"Turbo","floor":6},{"not_picked":["Blizzard","Redo"],"picked":"Self Repair","floor":8},{"not_picked":["Hologram","Stack"],"picked":"Auto Shields","floor":11},{"not_picked":["Sweeping Beam","Chaos"],"picked":"Beam Cell","floor":12},{"not_picked":["Skim","Barrage"],"picked":"Static Discharge","floor":14},{"not_picked":["Multi-Cast","Fission"],"picked":"Core Surge","floor":16},{"not_picked":["Reinforced Body","Scrape"],"picked":"Genetic Algorithm","floor":18},{"not_picked":["Go for the Eyes+1","Tempest+1"],"picked":"Capacitor+1","floor":19},{"not_picked":["Gash","FTL+1"],"picked":"Hologram+1","floor":22}],"player_experience":36655,"relics_obtained":[{"floor":4,"key":"Bronze Scales"},{"floor":6,"key":"Smiling Mask"},{"floor":9,"key":"War Paint"}],"event_choices":[{"damage_healed":0,"gold_gain":0,"player_choice":"Relic","damage_taken":0,"max_hp_gain":0,"max_hp_loss":0,"event_name":"Wheel of Change","floor":4,"gold_loss":0},{"damage_healed":18,"gold_gain":0,"player_choice":"Healed and dodged fight","damage_taken":0,"max_hp_gain":0,"max_hp_loss":0,"event_name":"Mushrooms","floor":13,"gold_loss":0,"cards_obtained":["Parasite"]},{"damage_healed":0,"gold_gain":0,"player_choice":"Opened","damage_taken":0,"relics_obtained":["Strawberry"],"max_hp_gain":0,"max_hp_loss":0,"event_name":"The Mausoleum","floor":20,"gold_loss":0,"cards_obtained":["Writhe"]},{"damage_healed":0,"gold_gain":0,"player_choice":"Trade","damage_taken":0,"relics_obtained":["GremlinMask"],"max_hp_gain":0,"max_hp_loss":0,"event_name":"FaceTrader","floor":21,"gold_loss":0}],"is_beta":false,"boss_relics":[{"not_picked":["bronze:MakeshiftBattery","Black Star"],"picked":"Nuclear Battery"}],"items_purged_floors":[],"is_endless":false,"potions_floor_spawned":[5,6,11],"killed_by":"Book of Stabbing","ascension_level":0}}