{"host":"07bh1hsegidpcsuh","time":1614313271,"event":{"mods":["BaseMod","Downfall","Googly Eyes","Minty Spire (QoL Compilation)","Quick Restart","StSLib","everything is the same but u backflip on backflip"],"gold_per_floor":[113,27,50,50,50,50,77,95,95,122,141,156,167,183,183,183,183,183],"floor_reached":16,"language":"ENG","playtime":579,"items_purged":[],"score":137,"play_id":"893cf8af-4228-4d60-a56e-7debdf272bf5","local_time":"20210225232111","is_ascension_mode":false,"campfire_choices":[{"data":"champ:IronFortress","floor":6,"key":"SMITH"},{"floor":15,"key":"REST"}],"circlet_count":0,"master_deck":["champ:Strike","champ:Strike","champ:Strike","champ:Strike","champ:Defend","champ:Defend","champ:Defend","champ:Defend","champ:Execute","champ:Taunt","champ:IronFortress+1","champ:ShieldWall","champ:PreciseThrust","champ:SkillfulDodge","champ:RisingSlash","champ:BerserkersShout","champ:CrownThrow","champ:FocusedDefense","champ:CalledShot","champ:FocusedBerserking","champ:StrikeOfGenius"],"relics":["champ:ChampionCrown","NeowsBlessing","Dream Catcher","InkBottle","Strawberry","Orichalcum"],"acts_visited":["Exordium"],"potions_floor_usage":[],"damage_taken":[{"damage":0,"enemies":"Cultist","floor":1,"turns":1},{"damage":10,"enemies":"3 Sentries","floor":7,"turns":2},{"damage":0,"enemies":"Jaw Worm","floor":8,"turns":1},{"damage":37,"enemies":"Gremlin Nob","floor":10,"turns":4},{"damage":20,"enemies":"2 Louse","floor":11,"turns":3},{"damage":35,"enemies":"Exordium Wildlife","floor":12,"turns":5},{"damage":19,"enemies":"Looter","floor":13,"turns":2},{"damage":23,"enemies":"Red Slaver","floor":14,"turns":3},{"damage":64,"enemies":"Slime Boss","floor":16,"turns":5}],"seed_played":"5523058427734446085","potions_obtained":[{"floor":8,"key":"FearPotion"},{"floor":10,"key":"CultistPotion"},{"floor":11,"key":"champ:CounterPotion"}],"is_trial":false,"path_per_floor":["M","$","T","?","$","R","E","M","T","E","M","M","M","M","R","B"],"character_chosen":"THE_CHAMP","items_purchased":["champ:ShieldWall","champ:PreciseThrust"],"campfire_rested":1,"item_purchase_floors":[2,2],"current_hp_per_floor":[90,90,90,95,95,95,95,95,102,75,70,55,46,33,63,0,0,0],"gold":183,"neow_bonus":"THREE_ENEMY_KILL","is_daily":false,"chose_seed":false,"campfire_upgraded":1,"win_rate":0.0,"timestamp":1614313271,"path_taken":["M","$","?","?","?","R","E","M","T","E","?","M","M","M","R","BOSS"],"items_purchased_type":["Card","Card"],"build_version":"2020-12-22","purchased_purges":0,"victory":false,"max_hp_per_floor":[90,90,90,95,95,95,95,95,102,102,102,102,102,102,102,102,102,102],"card_choices":[{"not_picked":["champ:StanceDance","champ:FocusedDefense"],"picked":"champ:IronFortress","floor":1},{"not_picked":["champ:FocusedDefense","champ:FanOfKnives"],"picked":"champ:SkillfulDodge","floor":7},{"not_picked":["champ:Haymaker","champ:Parry"],"picked":"champ:RisingSlash","floor":8},{"not_picked":["champ:SetATrap","champ:Devastate"],"picked":"champ:BerserkersShout","floor":10},{"not_picked":["champ:DefensiveShout","champ:EnGarde"],"picked":"champ:CrownThrow","floor":11},{"not_picked":["champ:CrownThrow","champ:Backstep"],"picked":"champ:FocusedDefense","floor":12},{"not_picked":["champ:PreemptiveStrike","champ:FanOfKnives"],"picked":"champ:CalledShot","floor":13},{"not_picked":["champ:FlashCut","champ:ShieldWall"],"picked":"champ:FocusedBerserking","floor":14},{"not_picked":["champ:Backstep","champ:FlashCut"],"picked":"champ:StrikeOfGenius","floor":15}],"player_experience":1472825,"relics_obtained":[{"floor":3,"key":"Dream Catcher"},{"floor":7,"key":"InkBottle"},{"floor":9,"key":"Strawberry"},{"floor":10,"key":"Orichalcum"}],"event_choices":[{"damage_healed":0,"gold_gain":0,"player_choice":"Donut","damage_taken":0,"max_hp_gain":5,"max_hp_loss":0,"event_name":"Big Fish","floor":4,"gold_loss":0}],"is_beta":false,"boss_relics":[],"items_purged_floors":[],"is_endless":false,"potions_floor_spawned":[8,10,11],"killed_by":"Slime Boss","ascension_level":0}}