{"host":"5bsc0nab6whpyrbj","time":1614309516,"event":{"mods":["AchievementEnabler","BaseMod","BetterRewards","Colored Map","Dark Map","Downfall","Highlight Path","Infinite Spire","Minty Spire (QoL Compilation)","StSLib"],"gold_per_floor":[99,115,115,565,415,425,425,436,446,462,482,492,292,292,302,405,405,405,421,506,516,516,532,559,559,559,577,113,124,224,57,73,73,73,73],"floor_reached":33,"language":"ENG","playtime":2723,"items_purged":[],"score":318,"play_id":"130ab8ff-65c2-4da4-a257-f6bbe16ef838","local_time":"20210225221836","is_ascension_mode":false,"campfire_choices":[{"floor":1,"key":"RECALL"},{"floor":13,"key":"REST"},{"data":"Guardian:TimeSifter","floor":18,"key":"SMITH"},{"floor":25,"key":"REST"}],"circlet_count":0,"master_deck":["Guardian:Strike_Guardian","Guardian:Strike_Guardian","Guardian:Strike_Guardian","Guardian:Strike_Guardian","Guardian:Defend_Guardian","Guardian:Defend_Guardian","Guardian:Defend_Guardian","Guardian:Defend_Guardian","Guardian:CurlUp","Guardian:TwinSlam","Guardian:ShieldCharger","downfall:Icky","Guardian:Preprogram","Guardian:ShieldSpikes","Guardian:CrystalBeam","Guardian:PiercingHide","Guardian:TemporalStrike","Guardian:TimeSifter+1","Guardian:Planning","Guardian:StasisStrike","Guardian:Suspension+1","Guardian:SentryBeam","Guardian:FloatingOrbs","Guardian:TimeCapacitor+1","Guardian:AncientConstruct","Guardian:Gem_Red","Guardian:ChargeCore+1","Guardian:BronzeArmor","Guardian:ShieldSpikes","J.A.X.","Guardian:TemporalStrike+1","Guardian:Incinerate+1","Guardian:PrimingBeam+1","Guardian:TemporalStrike+1","Guardian:Suspension","Guardian:Incinerate+1"],"relics":["Guardian:ModeShifter","Guardian:PickAxe","downfall:HeartBlessingBlue","downfall:HeartBlessingRed","infinitespire:Cupcake","infinitespire:PuzzleCube","Molten Egg 2","MutagenicStrength"],"acts_visited":["Exordium","TheCity"],"potions_floor_usage":[8,9,11,16,16],"damage_taken":[{"damage":6,"enemies":"Cultist","floor":2,"turns":4},{"damage":26,"enemies":"Cultist","floor":3,"turns":8},{"damage":1,"enemies":"2 Louse","floor":6,"turns":5},{"damage":19,"enemies":"Small Slimes","floor":8,"turns":7},{"damage":19,"enemies":"Exordium Thugs","floor":9,"turns":11},{"damage":30,"enemies":"Large Slime","floor":10,"turns":13},{"damage":7,"enemies":"Red Slaver","floor":11,"turns":8},{"damage":12,"enemies":"Exordium Wildlife","floor":12,"turns":6},{"damage":13,"enemies":"downfall:LooterAlt","floor":15,"turns":4},{"damage":43,"enemies":"DF_ARCHETYPE_STREAMLINE","floor":16,"turns":11},{"damage":20,"enemies":"downfall:LooterAlt2","floor":19,"turns":6},{"damage":20,"enemies":"Shell Parasite","floor":21,"turns":6},{"damage":21,"enemies":"Snake Plant","floor":23,"turns":6},{"damage":19,"enemies":"Chosen and Byrds","floor":27,"turns":7},{"damage":0,"enemies":"downfall:FleeingMerchant","floor":28,"turns":4},{"damage":1,"enemies":"Snecko","floor":29,"turns":5},{"damage":20,"enemies":"downfall:Augmenter","floor":30,"turns":6},{"damage":5,"enemies":"downfall:FleeingMerchant","floor":31,"turns":4},{"damage":20,"enemies":"Centurion and Healer","floor":32,"turns":4},{"damage":6,"enemies":"IC_MUSHROOM_ARCHETYPE","floor":33,"turns":1}],"seed_played":"-4959505423251263311","potions_obtained":[{"floor":6,"key":"champ:CounterPotion"},{"floor":8,"key":"Fruit Juice"},{"floor":9,"key":"LiquidMemories"},{"floor":11,"key":"Fire Potion"},{"floor":15,"key":"Slimebound:ThreeZeroPotion"},{"floor":21,"key":"GamblersBrew"},{"floor":27,"key":"Weak Potion"},{"floor":29,"key":"Guardian:BlockOnCardUsePotion"}],"is_trial":false,"path_per_floor":["R","M","?","?","?","M","T","M","M","M","M","M","R","?","M","B",null,"R","M","?","M","?","M","T","R","?","M","$","M","?","$","M","B"],"character_chosen":"GUARDIAN","items_purchased":["Guardian:BodySlam","Guardian:PrismaticBarrier","Guardian:Gem_Red","Molten Egg 2","Guardian:PrimingBeam+1","Guardian:TemporalStrike+1","Guardian:Suspension"],"campfire_rested":2,"item_purchase_floors":[28,28,28,28,31,31,31],"current_hp_per_floor":[88,82,32,32,98,97,97,83,64,34,27,15,58,58,45,2,113,113,93,77,57,57,36,36,69,69,50,50,49,29,24,4,0,0,0],"gold":73,"neow_bonus":"TEN_PERCENT_HP_BONUS","is_daily":false,"chose_seed":false,"campfire_upgraded":1,"win_rate":0.0,"timestamp":1614309516,"path_taken":["R","M","?","?","?","?","T","M","M","M","M","M","R","?","M","BOSS","R","M","?","M","?","M","T","R","?","?","$","M","?","?","M","BOSS"],"items_purchased_type":["Card","Card","Card","Relic","Card","Card","Card"],"build_version":"2020-12-22","purchased_purges":0,"victory":false,"max_hp_per_floor":[88,88,88,88,98,98,98,103,103,103,103,103,113,113,113,113,113,113,113,113,113,113,113,113,113,113,113,113,113,113,113,113,113,113,113],"card_choices":[{"not_picked":["Guardian:ChargeCore","Guardian:DonusPower"],"picked":"Guardian:ShieldCharger","floor":2},{"not_picked":["Guardian:Gem_Crimson","Guardian:TemporalShield"],"picked":"Guardian:Preprogram","floor":6},{"not_picked":["Guardian:ChargeCore","Guardian:VentSteam"],"picked":"Guardian:ShieldSpikes","floor":8},{"not_picked":["Guardian:Planning","Guardian:Reroute"],"picked":"Guardian:CrystalBeam","floor":9},{"not_picked":["Guardian:Gem_Cyan","Guardian:Gem_Green"],"picked":"Guardian:GuardianWhirl","floor":10},{"not_picked":["Guardian:Reroute","Guardian:Gem_Lightblue"],"picked":"Guardian:PiercingHide","floor":11},{"not_picked":["Guardian:PolyBeam","Guardian:Suspension"],"picked":"Guardian:TemporalStrike","floor":12},{"not_picked":["Guardian:ChargeCore","Guardian:TemporalStrike"],"picked":"Guardian:Planning","floor":15},{"not_picked":["Guardian:RevengeProtocol","Guardian:HyperBeam_Guardian"],"picked":"Guardian:StasisStrike","floor":16},{"not_picked":["Guardian:Gem_Cyan","Guardian:RollAttack"],"picked":"Guardian:Suspension+1","floor":19},{"not_picked":["Guardian:Gem_Lightblue","Guardian:Gem_Crimson"],"picked":"Guardian:SentryBeam","floor":21},{"not_picked":["Guardian:Gem_Cyan","Guardian:Gem_Green"],"picked":"Guardian:FloatingOrbs","floor":23},{"not_picked":["Guardian:GuardianWhirl","Guardian:Clone+1"],"picked":"Guardian:TimeCapacitor+1","floor":27},{"not_picked":["Guardian:TemporalShield","Guardian:Gem_Yellow"],"picked":"Guardian:AncientConstruct","floor":28},{"not_picked":["Guardian:Gem_Yellow","Guardian:TemporalShield"],"picked":"Guardian:ChargeCore+1","floor":29},{"not_picked":[],"picked":"J.A.X.","floor":30},{"not_picked":["Guardian:ShieldCharger","Guardian:Gem_Lightblue"],"picked":"Guardian:TemporalStrike+1","floor":30},{"not_picked":["Guardian:FloatingOrbs+1","Guardian:Preprogram"],"picked":"Guardian:Incinerate+1","floor":31},{"not_picked":["Guardian:TemporalShield","Guardian:Emergency"],"picked":"Guardian:Incinerate+1","floor":32}],"player_experience":125779,"relics_obtained":[{"floor":24,"key":"infinitespire:PuzzleCube"},{"floor":30,"key":"MutagenicStrength"}],"event_choices":[],"is_beta":false,"boss_relics":[{"not_picked":["Busted Crown","Runic Pyramid"],"picked":"infinitespire:Cupcake"}],"items_purged_floors":[],"is_endless":false,"potions_floor_spawned":[6,8,9,11,15,21,27,29],"killed_by":"IC_MUSHROOM_ARCHETYPE","ascension_level":0}}