{"host":"bxdue9bkfm2khp2x","time":1614325034,"event":{"mods":["ATMod(阿瑾Mod)","Aspiration","BaseMod","Better Vampires","Challenge The Spire","Colored Map","Colored Powertips","Conspire","Decade(王小明)","Dota2Spire","Downfall","Good Game Mod","Highlight Path","Minty Spire (QoL Compilation)","MostiFishMod","Reliquary","Remilia（蕾米莉亚）","Replay The Spire","RumiaBox-露米娅的神秘盒子","Ryuuou龙王","Spicy Shops","StSLib","The Alterego","The Bug Knight","The Cursed","Waifu the Spire","WarShipGirlsR/战舰少女R mod","Wide Potions","noobMod","【功能Mod】混沌之环修复补丁","残留之物","篝火指南"],"gold_per_floor":[118,118,130,80,97,97,38,38,38,38,50,76,76,110,110,210,210,220,238,39,39,66,66,85,112,112,37,37,97,255,321,321,473,473,589,589,589,589,589,52,233,233,260,360,360,447,512,80,80,135],"floor_reached":51,"language":"ZHS","playtime":4162,"items_purged":["downfall:Haunted","PlaceholderMod:BaseDefend","PlaceholderMod:BaseDefend","PlaceholderMod:BaseStrike","PlaceholderMod:BaseStrike"],"score":1337,"play_id":"1f107ec7-005e-40e0-a49f-b16ad79ae7a2","local_time":"20210226153714","is_ascension_mode":true,"campfire_choices":[{"data":"PlaceholderMod:HardStinger","floor":6.0,"key":"SMITH"},{"data":"PlaceholderMod:EnergyAbsorb","floor":8.0,"key":"SMITH"},{"data":"AT_ManFootWork","floor":13.0,"key":"SMITH"},{"data":"PlaceholderMod:HardStinger","floor":23,"key":"SMITH"},{"data":"PlaceholderMod:DirectingGroup","floor":28,"key":"SMITH"},{"data":"PlaceholderMod:GrowthForm","floor":32,"key":"SMITH"},{"data":"PlaceholderMod:DirectingGroup","floor":42,"key":"SMITH"},{"data":"PlaceholderMod:Eat","floor":45,"key":"SMITH"},{"data":"PlaceholderMod:ThreeBenzyolStart","floor":49,"key":"SMITH"}],"circlet_count":0,"master_deck":["PlaceholderMod:BaseDefend","PlaceholderMod:BaseDefend","PlaceholderMod:BaseDefend","PlaceholderMod:Crystal","AT_ShrugMaster+1","AT_ManFootWork+1","PlaceholderMod:EnergyAbsorb+1","PlaceholderMod:HardStinger+1","PlaceholderMod:PoisonBlast","PlaceholderMod:Stable","PlaceholderMod:CycleAttack","PlaceholderMod:DirectingGroup+1","PlaceholderMod:Eat+1","PlaceholderMod:DirectingGroup+1","PlaceholderMod:HardStinger+1","PlaceholderMod:DirectingGroup","PlaceholderMod:ParasiteChange","PlaceholderMod:GrowthForm+1","PlaceholderMod:Inner","PlaceholderMod:HardStinger+1","PlaceholderMod:ThreeBenzyolStart+1"],"relics":["PlaceholderMod:Tancle","DaveBox","ice","AT_ATBox","REME:ComplimentaryCards","MetatronsCube","SynthV:TestCard","ReplayTheSpireMod:CursedCoin","Replay:PocketPolymizer","Nunchaku","PreservedInsect","Ancient Tea Set","AT_MibuBalloonWealth","Dota2Spire:ArcaneBoots","Strange Spoon","Dota2Spire:HandOfMidas","SlaversCollar","Blue Candle","conspire:TopHat","SecretRecord","Dota2Spire:BladeMail","ZombieArmy","StoneCalendar","conspire:BottledYoYo"],"acts_visited":["Exordium","TheCity","TheBeyond"],"potions_floor_usage":[25,30,31],"damage_taken":[{"damage":7.0,"enemies":"Jaw Worm","floor":1.0,"turns":4.0},{"damage":0.0,"enemies":"Cultist","floor":3.0,"turns":3.0},{"damage":0.0,"enemies":"2 Louse","floor":5.0,"turns":3.0},{"damage":0.0,"enemies":"Gremlin Gang","floor":11.0,"turns":7.0},{"damage":0.0,"enemies":"Lagavulin","floor":12.0,"turns":5.0},{"damage":3.0,"enemies":"3 Sentries","floor":14.0,"turns":6.0},{"damage":0.0,"enemies":"Slime Boss","floor":16.0,"turns":8.0},{"damage":0.0,"enemies":"Spheric Guardian","floor":18.0,"turns":6.0},{"damage":9.0,"enemies":"2 Thieves","floor":19.0,"turns":5.0},{"damage":2,"enemies":"3 Cultists","floor":24,"turns":6},{"damage":26,"enemies":"Slavers","floor":25,"turns":6},{"damage":8,"enemies":"Centurion and Healer","floor":29,"turns":5},{"damage":8,"enemies":"conspire:Head Lice","floor":30,"turns":6},{"damage":0,"enemies":"conspire:HollyBat","floor":31,"turns":5},{"damage":0,"enemies":"conspire:MysteriousRune","floor":33,"turns":9},{"damage":31,"enemies":"3 Shapes","floor":35,"turns":6},{"damage":0,"enemies":"HollowMod:StalkingDevout","floor":41,"turns":5},{"damage":0,"enemies":"Giant Head","floor":46,"turns":6},{"damage":1,"enemies":"Orb Walker","floor":47,"turns":5},{"damage":0,"enemies":"Time Eater","floor":50,"turns":6}],"seed_played":"-4713109342952939709","potions_obtained":[{"floor":1.0,"key":"CultistPotion"},{"floor":5.0,"key":"Languid Potion"},{"floor":15.0,"key":"Toxic Potion"},{"floor":15.0,"key":"Fire Potion"},{"floor":19.0,"key":"SkillPotion"},{"floor":25,"key":"Dota2Spire:Clarity"},{"floor":29,"key":"Dota2Spire:HealingSalve"},{"floor":30,"key":"FearPotion"},{"floor":35,"key":"BlessingOfTheForge"}],"is_trial":false,"path_per_floor":["M","?","M","?","M","R","$","R","T","?","M","E","R","E","R_BF","B",null,"M","M","$","?","T","R","M","E","T","$","R","M","E","M","R","B",null,"M","?","?","?","?","R","E","R","T","?","R","E","M","$","R","B",null],"character_chosen":"THE_PLACEHOLDER","items_purchased":["ReplayTheSpireMod:CursedCoin","PlaceholderMod:Stable","PreservedInsect","Strange Spoon","conspire:TopHat","SecretRecord","conspire:BottledYoYo"],"campfire_rested":0,"item_purchase_floors":[7,7,20,27,40,40,48],"current_hp_per_floor":[63,63,63,63,63,63,63,63,63,63,63,63,63,60,60,60,74,78,73,73,73,73,73,75,53,53,53,53,49,60,68,68,72,77,51,51,51,46,46,46,56,56,56,56,56,70,74,74,74,74],"gold":135,"neow_bonus":"UPGRADE_CARD","is_daily":false,"chose_seed":false,"campfire_upgraded":9,"win_rate":0.0,"timestamp":1614325034,"path_taken":["M","?","?","?","M","R","$","R","T","?","M","E","R","E","R_BF","BOSS","M","?","$","?","?","R","M","E","T","?","R","M","E","?","R","BOSS","M","?","?","?","?","R","E","R","T","?","R","E","M","$","R","BOSS"],"items_purchased_type":["Relic","Card","Relic","Relic","Relic","Relic","Relic"],"build_version":"2020-12-22","purchased_purges":5,"victory":true,"max_hp_per_floor":[78,78,78,78,78,78,78,78,78,78,78,78,78,78,78,78,78,78,78,78,78,78,78,78,78,78,78,78,78,78,78,78,78,78,78,78,78,78,74,74,74,74,74,74,74,74,74,74,74,74],"card_choices":[{"not_picked":["PlaceholderMod:PoisonBlast","PlaceholderMod:HighConcentration"],"picked":"PlaceholderMod:EnergyAbsorb","floor":1.0},{"not_picked":["PlaceholderMod:SeverePoisonStrike","PlaceholderMod:Stable","PlaceholderMod:HealingAttack","PlaceholderMod:ProliferateStrike"],"picked":"PlaceholderMod:HardStinger","floor":3.0},{"not_picked":["PlaceholderMod:ThreeBenzyolStart","PlaceholderMod:ParasiteChange","PlaceholderMod:StressReaction","PlaceholderMod:RadicalHit"],"picked":"PlaceholderMod:PoisonBlast","floor":5.0},{"not_picked":["PlaceholderMod:DissolvingSpikes","PlaceholderMod:PericyclicReaction","PlaceholderMod:SelectReaction","PlaceholderMod:Polyp","PlaceholderMod:HardStrike"],"picked":"SKIP","floor":11.0},{"not_picked":["PlaceholderMod:ProliferateStrike","PlaceholderMod:TriggerStrike","PlaceholderMod:AttackAsDefend","PlaceholderMod:Break","PlaceholderMod:PoisonBlast"],"picked":"SKIP","floor":12.0},{"not_picked":["PlaceholderMod:OHStrongAttack","PlaceholderMod:PoisonExcitation","PlaceholderMod:AbsorbTouch","PlaceholderMod:ConsolidateHit","PlaceholderMod:SpinBlade"],"picked":"SKIP","floor":14.0},{"not_picked":["PlaceholderMod:InnerSoften","PlaceholderMod:MultiReaction","PlaceholderMod:AbsorbTouch","PlaceholderMod:BlastSpray"],"picked":"PlaceholderMod:Eat","floor":16.0},{"not_picked":["PlaceholderMod:ParasiteChange","PlaceholderMod:HardStrike","PlaceholderMod:Turn","PlaceholderMod:StressReaction"],"picked":"PlaceholderMod:DirectingGroup","floor":18.0},{"not_picked":["PlaceholderMod:StrongAcid","PlaceholderMod:Corrosion","PlaceholderMod:Turn","PlaceholderMod:ConsolidateHit"],"picked":"PlaceholderMod:HardStinger","floor":19.0},{"not_picked":["PlaceholderMod:PoisonExcitation+1","PlaceholderMod:ProliferateStrike+1","PlaceholderMod:HornyBlast","PlaceholderMod:ConsolidateHit+1","PlaceholderMod:ParasiteChange"],"picked":"SKIP","floor":24},{"not_picked":["PlaceholderMod:Turn","PlaceholderMod:ContinueSpray","PlaceholderMod:EvolutionSpray+1","PlaceholderMod:AbsorbTouch","PlaceholderMod:MultipleOxi"],"picked":"SKIP","floor":25},{"not_picked":["PlaceholderMod:NearChange","PlaceholderMod:DirectingGroup+1","PlaceholderMod:OHStrongAttack","PlaceholderMod:ProliferateStrike"],"picked":"PlaceholderMod:ParasiteChange","floor":29},{"not_picked":["PlaceholderMod:SprayAttack","PlaceholderMod:SpinBlade+1","PlaceholderMod:PoisonBlast","PlaceholderMod:ComplexForm"],"picked":"PlaceholderMod:GrowthForm","floor":30},{"not_picked":["PlaceholderMod:EvolutionSpray","PlaceholderMod:AttackAsDefend","PlaceholderMod:Internalization+1","PlaceholderMod:OHStrongAttack","PlaceholderMod:PoisonBlast"],"picked":"SKIP","floor":31},{"not_picked":["PlaceholderMod:CorePoison","PlaceholderMod:PericyclicReaction","PlaceholderMod:InnerSoften","PlaceholderMod:MultiReaction"],"picked":"PlaceholderMod:Inner","floor":33},{"not_picked":["PlaceholderMod:StrongAcid","PlaceholderMod:ChainPoly","PlaceholderMod:DirectingGroup+1","PlaceholderMod:DissolvingSpikes"],"picked":"PlaceholderMod:HardStinger+1","floor":35},{"not_picked":["PlaceholderMod:SeverePoisonStrike+1","PlaceholderMod:ProliferateStrike+1","PlaceholderMod:AttackAsDefend+1","PlaceholderMod:Colorful+1","PlaceholderMod:Corrosion"],"picked":"SKIP","floor":41},{"not_picked":["PlaceholderMod:Break+1","PlaceholderMod:Internalization+1","PlaceholderMod:Corrosion","PlaceholderMod:FinalSpray"],"picked":"PlaceholderMod:ThreeBenzyolStart","floor":46},{"not_picked":["PlaceholderMod:Corrosion","PlaceholderMod:Polyp+1","PlaceholderMod:StrongAcid+1","PlaceholderMod:CrystallizationStrike+1","PlaceholderMod:ConsolidateHit+1"],"picked":"SKIP","floor":47}],"player_experience":938969,"relics_obtained":[{"floor":1.0,"key":"SynthV:TestCard"},{"floor":9.0,"key":"Replay:PocketPolymizer"},{"floor":14.0,"key":"Nunchaku"},{"floor":22.0,"key":"Ancient Tea Set"},{"floor":25,"key":"AT_MibuBalloonWealth"},{"floor":26,"key":"Dota2Spire:ArcaneBoots"},{"floor":30,"key":"Dota2Spire:HandOfMidas"},{"floor":41,"key":"Dota2Spire:BladeMail"},{"floor":43,"key":"ZombieArmy"},{"floor":46,"key":"StoneCalendar"}],"event_choices":[{"damage_healed":0.0,"max_hp_gain":0.0,"max_hp_loss":0.0,"gold_gain":0.0,"event_name":"WeMeetAgain","player_choice":"Ignored","floor":2.0,"gold_loss":0.0,"damage_taken":0.0},{"cards_removed":["PlaceholderMod:BaseStrike"],"damage_healed":0.0,"max_hp_gain":0.0,"max_hp_loss":0.0,"gold_gain":0.0,"event_name":"The Cleric","player_choice":"Card Removal","floor":4.0,"gold_loss":50.0,"damage_taken":0.0},{"damage_healed":0.0,"max_hp_gain":0.0,"max_hp_loss":0.0,"gold_gain":0.0,"event_name":"Transmorgrifier","player_choice":"Ignored","floor":10.0,"gold_loss":0.0,"damage_taken":0.0},{"damage_healed":0,"gold_gain":0,"player_choice":"Ignored","damage_taken":0,"max_hp_gain":0,"max_hp_loss":0,"event_name":"Mysterious Sphere","floor":36,"gold_loss":0},{"damage_healed":0,"gold_gain":0,"player_choice":"Memory 1","damage_taken":0,"max_hp_gain":0,"max_hp_loss":0,"event_name":"SensoryStone","floor":37,"gold_loss":0},{"damage_healed":0,"gold_gain":0,"player_choice":"Max HP","damage_taken":0,"max_hp_gain":0,"max_hp_loss":4,"event_name":"Winding Halls","floor":39,"gold_loss":0},{"damage_healed":0,"gold_gain":0,"player_choice":"Ignored","damage_taken":0,"max_hp_gain":0,"max_hp_loss":0,"event_name":"Ryuuou:Expiration","floor":44,"gold_loss":0}],"is_beta":false,"boss_relics":[{"not_picked":["Coffee Dripper","aspiration:WatcherSkillbook","Philosopher\u0027s Stone"]},{"not_picked":["Replay:Wanted Poster","NightmareShop"],"picked":"SlaversCollar"}],"items_purged_floors":[7,7,20,40,48],"is_endless":false,"potions_floor_spawned":[1,5,19,25,29,30,35],"ascension_level":7}}