{"host":"ly2k09o7mhu4m2ip","time":1614383492,"event":{"mods":["BaseMod","Colored Map","Colored Powertips","Hermit","Highlight Path","Marisa????????","Minty Spire (QoL Compilation)","StSLib","The Cursed","The Disciple","The Gatherer","The Hierophant","The Necromancer","The Runesmith","The Servant 0.9.4"],"gold_per_floor":[114,134,153,169,189,189,40,115,142,177,190,190,219,230,230,332,332,348,348,365,126,126,152,152,166,166,198,198,252,275,315,327,327],"floor_reached":32,"language":"ENG","playtime":3798,"items_purged":[],"score":337,"play_id":"ede079ea-6365-42eb-9f5a-321e60861a45","local_time":"20210227005132","is_ascension_mode":false,"campfire_choices":[{"data":"TickedOff","floor":6.0,"key":"SMITH"},{"data":"ResonantCall","floor":15.0,"key":"SMITH"},{"floor":24,"key":"RECALL"},{"data":"HandsUpC","floor":28,"key":"SMITH"}],"circlet_count":0,"master_deck":["Strike_Br","Strike_Br","Strike_Br","Defend_Br","Defend_Br","Defend_Br","SecondHand","PatternShift","PrimeTime","TickedOff+1","Allegro","AlternateTimeline","BlueShift","WindUp","ResonantCall+1","LockedOrichalcum","Facsimile","Flay","EscortCommand","HandsUpC+1","DaylightSavings","Parity+1","LockedScales","Goo"],"relics":["Chronometer","PreservedInsect","Art of War","Orichalcum","Tiny Chest","Busted Crown","Meat on the Bone","Potion Belt","Nunchaku","CeramicFish","MawBank"],"acts_visited":["Exordium","TheCity"],"potions_floor_usage":[18,31,31],"damage_taken":[{"damage":1.0,"enemies":"Jaw Worm","floor":1.0,"turns":8.0},{"damage":0.0,"enemies":"Small Slimes","floor":2.0,"turns":3.0},{"damage":0.0,"enemies":"Cultist","floor":3.0,"turns":5.0},{"damage":19.0,"enemies":"Gremlin Gang","floor":4.0,"turns":7.0},{"damage":0.0,"enemies":"3 Louse","floor":5.0,"turns":4.0},{"damage":0.0,"enemies":"3 Sentries","floor":10.0,"turns":9.0},{"damage":0.0,"enemies":"2 Fungi Beasts","floor":11.0,"turns":4.0},{"damage":4.0,"enemies":"Gremlin Nob","floor":13.0,"turns":6.0},{"damage":0.0,"enemies":"Exordium Wildlife","floor":14.0,"turns":2.0},{"damage":14.0,"enemies":"Slime Boss","floor":16.0,"turns":13.0},{"damage":0,"enemies":"Chosen","floor":18,"turns":6},{"damage":0,"enemies":"3 Byrds","floor":20,"turns":7},{"damage":12,"enemies":"Slavers","floor":23,"turns":6},{"damage":3,"enemies":"Snake Plant","floor":25,"turns":7},{"damage":11,"enemies":"Gremlin Leader","floor":27,"turns":8},{"damage":12,"enemies":"Centurion and Healer","floor":30,"turns":7},{"damage":22,"enemies":"Slavers","floor":31,"turns":5}],"seed_played":"5236200870867923475","potions_obtained":[{"floor":2.0,"key":"BlessingOfTheForge"},{"floor":3.0,"key":"SkillPotion"},{"floor":5.0,"key":"Block Potion"},{"floor":10.0,"key":"ColorlessPotion"},{"floor":16.0,"key":"PowerPotion"},{"floor":27,"key":"Strength Potion"},{"floor":30,"key":"WardPotion"}],"is_trial":false,"path_per_floor":["M","M","M","M","M","R","$","?","T","E","M","?","E","M","R","B",null,"M","?","M","$","?","E","R","M","T","E","R","T","M","E","R"],"character_chosen":"CHRONO_CLASS","items_purchased":["PreservedInsect","Meat on the Bone"],"campfire_rested":0,"item_purchase_floors":[7,21],"current_hp_per_floor":[70,70,70,51,51,51,51,51,51,51,51,51,47,47,47,33,71,71,71,71,71,58,46,46,43,43,44,44,44,44,34,34,34],"gold":327,"neow_bonus":"TEN_PERCENT_HP_BONUS","is_daily":false,"chose_seed":false,"campfire_upgraded":3,"win_rate":0.0,"timestamp":1614383492,"path_taken":["M","M","M","M","M","R","$","?","T","E","M","?","E","M","R","BOSS","M","?","?","$","?","E","R","M","T","E","R","?","M","E","R"],"items_purchased_type":["Relic","Relic"],"build_version":"2020-12-22","purchased_purges":0,"victory":false,"max_hp_per_floor":[71,71,71,71,71,71,71,71,71,71,71,71,71,71,71,71,71,71,71,71,71,76,76,76,76,76,76,76,76,76,76,76,76],"card_choices":[{"not_picked":["Stagnate","WindUp"],"picked":"PrimeTime","floor":1.0},{"not_picked":["LockedMawBank","Engulf"],"picked":"TickedOff","floor":2.0},{"not_picked":["LockedWhetstone","CrunchTime"],"picked":"Tempo","floor":3.0},{"not_picked":["LockedLightning","LockedTornado"],"picked":"AlternateTimeline","floor":4.0},{"not_picked":["VestedLegacy","Keepsakes"],"picked":"BlueShift","floor":5.0},{"not_picked":["Parity","Engulf"],"picked":"WindUp","floor":10.0},{"not_picked":["LockedUrn","Accruing"],"picked":"ResonantCall","floor":11.0},{"not_picked":["Break","Echoward"],"picked":"LockedOrichalcum","floor":13.0},{"not_picked":["WakeUpCall","HandsUpB"],"picked":"Facsimile","floor":14.0},{"not_picked":["Fragmentalize","Chronoelasticity"],"picked":"Flay","floor":16.0},{"not_picked":["Engulf+1"],"picked":"SKIP","floor":18},{"not_picked":[],"picked":"HandsUpC","floor":20},{"not_picked":["Break"],"picked":"SKIP","floor":23},{"not_picked":[],"picked":"DaylightSavings","floor":25},{"not_picked":[],"picked":"Parity+1","floor":27},{"not_picked":[],"picked":"LockedScales","floor":30},{"not_picked":[],"picked":"Goo","floor":31}],"player_experience":242163,"relics_obtained":[{"floor":9.0,"key":"Art of War"},{"floor":10.0,"key":"Orichalcum"},{"floor":13.0,"key":"Tiny Chest"},{"floor":23,"key":"Potion Belt"},{"floor":27,"key":"Nunchaku"},{"floor":29,"key":"CeramicFish"},{"floor":31,"key":"MawBank"}],"event_choices":[{"damage_healed":0.0,"max_hp_gain":0.0,"max_hp_loss":0.0,"gold_gain":75.0,"event_name":"Golden Wing","player_choice":"Gained Gold","floor":8.0,"gold_loss":0.0,"damage_taken":0.0},{"cards_removed":["Strike_Br"],"damage_healed":0.0,"max_hp_gain":0.0,"max_hp_loss":0.0,"gold_gain":0.0,"event_name":"Purifier","player_choice":"Purged","floor":12.0,"gold_loss":0.0,"damage_taken":0.0},{"damage_healed":0,"gold_gain":0,"cards_transformed":["Defend_Br"],"player_choice":"Transformed","damage_taken":0,"max_hp_gain":0,"max_hp_loss":0,"event_name":"Transmorgrifier","floor":19,"gold_loss":0,"cards_obtained":["EscortCommand"]},{"damage_healed":0,"gold_gain":0,"player_choice":"Shed Blood","damage_taken":18,"max_hp_gain":5,"max_hp_loss":0,"event_name":"Forgotten Altar","floor":22,"gold_loss":0}],"is_beta":false,"boss_relics":[{"not_picked":["HangingClock","Tiny House"],"picked":"Busted Crown"}],"items_purged_floors":[],"is_endless":false,"potions_floor_spawned":[2,3,5,10,16,27,30],"ascension_level":0}}