{"host":"kky6uciv0w70iwp6","time":1614306332,"event":{"mods":["Act Like it!","Aspiration","BaseMod","Colored Map","Colored Powertips","Downfall","Gensokyo","Hallownest","Hermit","Koishi","Lobotomy","Marisa£®ÏF”Í°°ƒß¿Ì…≥£©","Minty Spire (QoL Compilation)","Quick Restart","Reimu£®≤©¿ˆ¡È√Œ£©","Remilia£®¿Ÿ√◊¿Ú—«£©","Replay The Spire","StSLib","The Animator","The Bug Knight","The Cursed","The Gatherer","The Hierophant","The Mystic","The Poker Player","The Runesmith","The Servant 0.9.4","Waifu the Spire","Youmu£®ªÍ∆«—˝√Œ£©","Yuyuko"],"gold_per_floor":[119,119,119,133,133,172,172,172,222,237,18,37,37,58,58,178,178,197,197,220,220,220],"floor_reached":21,"language":"ZHS","playtime":933,"items_purged":["Regret"],"score":204,"play_id":"8a4e0b53-6f8a-40c5-b44a-00112e44f7d7","local_time":"20210226102532","is_ascension_mode":false,"campfire_choices":[{"floor":8,"key":"REST"},{"floor":13,"key":"REST"},{"data":"ReplayTheSpireMod:Splinters","floor":15,"key":"PURGE"}],"circlet_count":0,"master_deck":["Strike_P","Strike_P","Strike_P","Strike_P","Defend_P","Defend_P","Defend_P","Defend_P","Eruption","Vigilance","FlurryOfBlows","Consecrate","Adaptation","EmptyBody","FlurryOfBlows+1","Prostrate","CutThroughFate","DevaForm","FollowUp","DevaForm","FlurryOfBlows+1"],"relics":["PureWater","aspiration:Nostalgia","Koishi:ImaginaryFriend","Golden Idol","HollowMod:StagPassRelic","Replay:Purple Gloves","Quantum Egg","ReplayTheSpireMod:CursedCoin","Replay:Ringing Soul","Sozu"],"acts_visited":["Exordium","TheCity"],"potions_floor_usage":[6,16],"damage_taken":[{"damage":6,"enemies":"Jaw Worm","floor":1,"turns":5},{"damage":9,"enemies":"Small Slimes","floor":4,"turns":2},{"damage":37,"enemies":"Lagavulin","floor":6,"turns":4},{"damage":0,"enemies":"2 Louse","floor":10,"turns":2},{"damage":4,"enemies":"Looter","floor":12,"turns":2},{"damage":8,"enemies":"Gremlin Gang","floor":14,"turns":5},{"damage":47,"enemies":"Fading Forest","floor":16,"turns":11},{"damage":29,"enemies":"2 Thieves","floor":18,"turns":4},{"damage":10,"enemies":"Shell Parasite","floor":20,"turns":4},{"damage":60,"enemies":"Snake Plant","floor":21,"turns":4}],"seed_played":"8866692883079674141","potions_obtained":[{"floor":4,"key":"FearPotion"},{"floor":10,"key":"Ambrosia"},{"floor":14,"key":"Elixir"}],"is_trial":false,"path_per_floor":["M","?","?","M","?","E","T","R","T","M","$","M","R","M","R_BF","B",null,"M","?","M","M"],"character_chosen":"WATCHER","items_purchased":["ReplayTheSpireMod:CursedCoin","Replay:Ringing Soul","FlurryOfBlows"],"campfire_rested":2,"item_purchase_floors":[11,11,11],"current_hp_per_floor":[66,66,48,39,39,2,2,23,23,23,26,25,48,43,43,30,84,58,61,54,0,0],"gold":220,"neow_bonus":"NOSTALGIA","is_daily":false,"chose_seed":false,"campfire_upgraded":0,"win_rate":0.0,"timestamp":1614306332,"path_taken":["M","?","?","M","?","E","?","R","T","M","$","?","R","M","R_BF","BOSS","M","?","M","?"],"items_purchased_type":["Relic","Relic","Card"],"build_version":"2020-12-22","purchased_purges":1,"victory":false,"max_hp_per_floor":[72,72,72,72,72,72,72,72,72,72,75,78,78,81,81,84,84,87,90,93,93,93],"card_choices":[{"not_picked":["ThirdEye","Halt"],"picked":"FlurryOfBlows","floor":1},{"not_picked":["Perseverance","Prostrate"],"picked":"Consecrate","floor":4},{"not_picked":["Protect","Ragnarok"],"picked":"Adaptation","floor":6},{"not_picked":["SignatureMove","WindmillStrike"],"picked":"EmptyBody","floor":10},{"not_picked":["Wallop","Replay:BluntJabs"],"picked":"Prostrate","floor":12},{"not_picked":["FollowUp","Protect"],"picked":"CutThroughFate","floor":14},{"not_picked":["MasterReality","Omniscience"],"picked":"DevaForm","floor":16},{"not_picked":["Conclude+1","FlyingSleeves"],"picked":"FollowUp","floor":18},{"not_picked":["Fasting2","PathToVictory"],"picked":"FlurryOfBlows+1","floor":20}],"player_experience":102987,"relics_obtained":[{"floor":6,"key":"Replay:Purple Gloves"},{"floor":7,"key":"Quantum Egg"}],"event_choices":[{"damage_healed":0,"gold_gain":0,"player_choice":"Take Damage","damage_taken":18,"relics_obtained":["Golden Idol"],"max_hp_gain":0,"max_hp_loss":0,"event_name":"Golden Idol","floor":3,"gold_loss":0},{"damage_healed":0,"gold_gain":0,"player_choice":"Box","damage_taken":0,"relics_obtained":["HollowMod:StagPassRelic"],"max_hp_gain":0,"max_hp_loss":0,"event_name":"Big Fish","floor":5,"gold_loss":0,"cards_obtained":["Regret"]},{"damage_healed":0,"gold_gain":0,"player_choice":"Copied","damage_taken":0,"max_hp_gain":0,"max_hp_loss":0,"event_name":"Duplicator","floor":19,"gold_loss":0,"cards_obtained":["DevaForm"]}],"is_beta":false,"boss_relics":[{"not_picked":["Velvet Choker","Replay:Wanted Poster"],"picked":"Sozu"}],"items_purged_floors":[11],"is_endless":false,"potions_floor_spawned":[4,10,14],"killed_by":"Snake Plant","ascension_level":0}}