{"host":"jt67skv49snb75sm","time":1614378036,"event":{"mods":["BaseMod","Bestiary","Minty Spire (QoL Compilation)","Relic Stats"],"gold_per_floor":[109,34,34,34,51,51,68,94,94,128,128,154,154,164,164,164,164],"floor_reached":16,"language":"ENG","playtime":390,"items_purged":[],"score":230,"play_id":"ec65b301-a9b4-48b3-9b6b-278ef2a23d64","local_time":"20210226232036","is_ascension_mode":true,"campfire_choices":[{"data":"Consecrate","floor":6.0,"key":"SMITH"},{"floor":11,"key":"REST"},{"floor":13,"key":"REST"},{"data":"ReachHeaven","floor":15,"key":"SMITH"}],"circlet_count":0,"master_deck":["AscendersBane","Strike_P","Strike_P","Strike_P","Defend_P","Defend_P","Defend_P","Defend_P","Eruption+1","Vigilance","ReachHeaven+1","Consecrate+1","Protect","BowlingBash","Meditate","SpiritShield","FearNoEvil"],"relics":["PureWater","Bottled Flame","Pen Nib","Regal Pillow","Lantern"],"acts_visited":["Exordium"],"potions_floor_usage":[10],"damage_taken":[{"damage":14.0,"enemies":"Small Slimes","floor":1.0,"turns":3.0},{"damage":11.0,"enemies":"Jaw Worm","floor":5.0,"turns":4.0},{"damage":4.0,"enemies":"2 Louse","floor":7.0,"turns":2.0},{"damage":16.0,"enemies":"Gremlin Nob","floor":8.0,"turns":3.0},{"damage":2,"enemies":"3 Sentries","floor":10,"turns":3},{"damage":42,"enemies":"Lagavulin","floor":12,"turns":4},{"damage":19,"enemies":"Exordium Thugs","floor":14,"turns":5},{"damage":26,"enemies":"Hexaghost","floor":16,"turns":7}],"seed_played":"-2065081310462140524","potions_obtained":[{"floor":5.0,"key":"SteroidPotion"},{"floor":8,"key":"AttackPotion"},{"floor":12,"key":"Energy Potion"}],"is_trial":false,"path_per_floor":["M","?","?","$","M","R","M","E","T","E","R","E","R","M","R","B"],"character_chosen":"WATCHER","items_purchased":[],"campfire_rested":2,"item_purchase_floors":[],"current_hp_per_floor":[53,53,53,53,42,42,38,22,22,20,57,15,52,33,33,7,7],"gold":164,"neow_bonus":"TEN_PERCENT_HP_BONUS","is_daily":false,"chose_seed":false,"campfire_upgraded":2,"win_rate":0.0,"timestamp":1614378036,"path_taken":["M","?","?","?","M","R","M","E","T","E","R","E","R","M","R","BOSS"],"items_purchased_type":[],"build_version":"2020-12-22","purchased_purges":0,"victory":false,"max_hp_per_floor":[74,74,74,74,74,74,74,74,74,74,74,74,74,74,74,74,74],"relic_stats":{"Regal Pillow":30,"counters":[8,31],"Pen Nib":[3],"obtain_stats":[{"Bottled Flame":8,"Regal Pillow":10,"Lantern":12,"Pen Nib":9,"PureWater":0},{"Bottled Flame":4,"Regal Pillow":5,"Lantern":6,"Pen Nib":4,"PureWater":0},{"Bottled Flame":12,"Regal Pillow":15,"Lantern":19,"Pen Nib":12,"PureWater":0}]},"card_choices":[{"not_picked":["SashWhip","Swivel"],"picked":"ReachHeaven","floor":1.0},{"not_picked":["Crescendo","FlyingSleeves"],"picked":"Consecrate","floor":5.0},{"not_picked":["Evaluate","Halt"],"picked":"Protect","floor":7.0},{"not_picked":["Nirvana","FlyingSleeves"],"picked":"BowlingBash","floor":8},{"not_picked":["Evaluate","Pray"],"picked":"Meditate","floor":10},{"not_picked":["JustLucky","Prostrate"],"picked":"SpiritShield","floor":12},{"not_picked":["ClearTheMind","FlurryOfBlows"],"picked":"FearNoEvil","floor":14}],"player_experience":931073,"relics_obtained":[{"floor":8,"key":"Bottled Flame"},{"floor":9,"key":"Pen Nib"},{"floor":10,"key":"Regal Pillow"},{"floor":12,"key":"Lantern"}],"event_choices":[{"cards_removed":["Strike_P"],"damage_healed":0.0,"max_hp_gain":0.0,"max_hp_loss":0.0,"gold_gain":0.0,"event_name":"The Cleric","player_choice":"Card Removal","floor":2.0,"gold_loss":75.0,"damage_taken":0.0},{"damage_healed":0.0,"max_hp_gain":0.0,"max_hp_loss":0.0,"gold_gain":0.0,"event_name":"Living Wall","player_choice":"Grow","floor":3.0,"gold_loss":0.0,"damage_taken":0.0,"cards_upgraded":["Eruption"]}],"is_beta":false,"boss_relics":[],"items_purged_floors":[],"is_endless":false,"potions_floor_spawned":[5,8,12],"killed_by":"Hexaghost","ascension_level":19}}