{"host":"0cslkn5bfsoztbfs","time":1614362808,"event":{"mods":["Act Like it!","BaseMod","Clockwork Mod","Colored Map","Colored Powertips","DeckTracker","Downfall","Friendly Minions","Hubris","Infinite Spire","Library of Ruina","MarisaÅiñ∂âJÅ@ñÇóùçπÅj","Minty Spire (QoL Compilation)","Quick Restart","Rare Cards Sparkle","Replay The Spire","StSLib","SuperFastMode","The Runesmith","Trackpad"],"gold_per_floor":[116,129,15,15,25,25,25,75,126,146,165,184,200,227,227,323,323,340,360,360,360,380,413,413,338,338,358,358,358,458,458,458,553,553,567,567,9,27,27,27,39,39,39,0,0,10,20,34,34,34,34,34],"floor_reached":53,"language":"ENG","playtime":5264,"items_purged":["LightAttack","Amnesia","LightAttack","Unlock1"],"score":754,"play_id":"26f4df87-daa0-4c3d-bfc7-f7a5d02e3916","local_time":"20210227030648","is_ascension_mode":false,"campfire_choices":[{"data":"FeatherShield","floor":6,"key":"SMITH"},{"data":"InhaleSmoke","floor":15,"key":"SMITH"},{"data":"ChargeUp","floor":24,"key":"SMITH"},{"data":"ChargeAndCover","floor":29,"key":"SMITH"},{"data":"BiAn","floor":32,"key":"SMITH"},{"data":"Guardian_lor","floor":40,"key":"SMITH"},{"data":"MultiBlock","floor":42,"key":"SMITH"},{"data":"LightDefense","floor":45,"key":"SMITH"},{"data":"BindingArms","floor":51,"key":"SMITH"}],"circlet_count":0,"master_deck":["LightDefense+1","LightDefense","LightDefense","LightDefense","NightInTheBackstreets","BiAn+1","BlindFaith+1","FeatherShield+1","ChargeUp+1","VenomousFangs","TheRedNotes","GoinFirst","InhaleSmoke+1","Transpierce","DaringDecision","Guardian_lor+1","BindingArms+1","Unlock1+1","RhinoRam","GroundSmash+1","DimensionalRift+1","Tttonst+1","QuickSuppression+1","MultiBlock+1","AbsorbImpact+1","HiddenBlade+1","AbsorbImpact","PreparedMind+1","Faith+1","DefenseOrder+1"],"relics":["PageOfLibrarian","hubris:Towel","ReplayTheSpireMod:CursedCoin","Whetstone","PageOfForsakenMurderer","trackpad:WritersBlock","Strawberry","Shuriken","trackpad:ToughGloves","Golden Egg","trackpad:StolenKidneys","PageOfPorccubus","HandDrill","Prayer Wheel","Quantum Egg","Red Mask"],"acts_visited":["Exordium","TheCity","TheBeyond"],"potions_floor_usage":[27,33],"damage_taken":[{"damage":4,"enemies":"Jaw Worm","floor":1,"turns":6},{"damage":0,"enemies":"2 Louse","floor":2,"turns":2},{"damage":0,"enemies":"Small Slimes","floor":5,"turns":3},{"damage":0,"enemies":"Looter","floor":10,"turns":3},{"damage":0,"enemies":"Lots of Slimes","floor":11,"turns":5},{"damage":9,"enemies":"Large Slime","floor":12,"turns":6},{"damage":1,"enemies":"2 Fungi Beasts","floor":13,"turns":4},{"damage":3,"enemies":"Lagavulin","floor":14,"turns":4},{"damage":13,"enemies":"Slime Boss","floor":16,"turns":10},{"damage":2,"enemies":"Spheric Guardian","floor":18,"turns":4},{"damage":0,"enemies":"3 Byrds","floor":19,"turns":4},{"damage":7,"enemies":"Centurion and Healer","floor":22,"turns":4},{"damage":0,"enemies":"Replay:Snechameleon","floor":23,"turns":5},{"damage":17,"enemies":"Snake Plant","floor":27,"turns":4},{"damage":2,"enemies":"Colosseum Slavers","floor":30,"turns":4},{"damage":0,"enemies":"Colosseum Nobs","floor":30,"turns":4},{"damage":0,"enemies":"Champ","floor":33,"turns":7},{"damage":0,"enemies":"Orb Walker","floor":35,"turns":3},{"damage":7,"enemies":"3 Shapes","floor":38,"turns":3},{"damage":20,"enemies":"3 Darklings","floor":41,"turns":4},{"damage":16,"enemies":"Spire Growth","floor":46,"turns":4},{"damage":0,"enemies":"Maw","floor":47,"turns":5},{"damage":14,"enemies":"Sphere and 2 Shapes","floor":48,"turns":6},{"damage":34,"enemies":"Donu and Deca","floor":52,"turns":9}],"seed_played":"-3772132283239005744","potions_obtained":[{"floor":1,"key":"Elixir"},{"floor":11,"key":"Reflective Coating"},{"floor":14,"key":"AttackPotion"},{"floor":27,"key":"Adrenaline Potion"},{"floor":30,"key":"DistilledChaos"},{"floor":35,"key":"Strength Potion"},{"floor":48,"key":"FearPotion"}],"is_trial":false,"path_per_floor":["M","M","$","?","M","R","?","$","T","M","M","M","M","E","R","B",null,"M","M","?","AVR","M","E","R","?","T","M","?","R","?","?","R","B",null,"M","?","$","M","?","R","M","R","T","?","R","M","M","M","R_BF","PTL","R","B",null],"character_chosen":"Librarian","items_purchased":["BlindFaith+1","ReplayTheSpireMod:CursedCoin","Tttonst","PageOfPorccubus","HandDrill"],"campfire_rested":0,"item_purchase_floors":[3,8,37,37,37],"current_hp_per_floor":[62,62,62,62,62,62,62,62,62,62,62,53,52,49,49,36,85,83,83,83,83,76,83,83,83,83,66,66,66,64,64,64,64,92,92,92,92,90,90,90,85,85,85,85,85,83,83,73,73,73,73,62],"gold":34,"neow_bonus":"TEN_PERCENT_HP_BONUS","is_daily":false,"chose_seed":false,"campfire_upgraded":9,"win_rate":0.0,"timestamp":1614362808,"path_taken":["M","M","$","?","M","R","?","$","T","M","M","M","M","E","R","BOSS","M","M","?","AVR","M","E","R","?","T","M","?","R","?","?","R","BOSS","M","?","$","M","?","R","?","R","T","?","R","M","M","M","R_BF","PTL","R","BOSS"],"items_purchased_type":["Card","Relic","Card","Relic","Relic"],"build_version":"2020-12-22","purchased_purges":4,"victory":true,"max_hp_per_floor":[76,76,76,76,76,85,85,85,85,85,74,74,74,74,74,85,85,85,85,85,85,85,92,92,92,92,92,92,92,92,92,92,92,92,92,92,92,92,92,92,92,92,92,92,92,92,92,92,92,92,92,92],"card_choices":[{"not_picked":["Multislash","SnakesPrey","EnergyStrike","Suppress","FlowOfTheSword","Parry2","SharpSwipe","DevastatingThrash"],"picked":"NightInTheBackstreets","floor":1},{"not_picked":["EnergyCycle","Pound","CoordinatedAssault","CombatPreparation","Thirst","TheWillOfTheCity","LawAndOrder","Standoff"],"picked":"BiAn","floor":2},{"not_picked":["Parry","TrimTheIngredients","SinglePointStab","WillProduceFineSilk","EndlessBattle","MultiBlock","FlashOfSunup","StructuralAnalysis"],"picked":"FeatherShield","floor":5},{"not_picked":["FleetFootsteps","Faith","FrontalAssault","GuardingStance","FlyingSword","TheArtOfRapidSteps","ShockRound","StructuralAnalysis"],"picked":"ChargeUp","floor":10},{"not_picked":["NightInTheBackstreets","WillOfThePrescript","LossOfSenses","SinglePointStab","FrontalAssault","FleetEdge","EnergyShield","Ripple"],"picked":"VenomousFangs","floor":11},{"not_picked":["MultiBlock","Fence","ShockingBlow","GuardingStance","SilentMist","GuidanceOfTheGears","FormingStorm","Standoff"],"picked":"TheRedNotes","floor":12},{"not_picked":["QuickAttack","InnerArdor","Quickness","EnergyStrike","EndlessBattle","Parry","FrontalAssault","HighKick"],"picked":"GoinFirst","floor":13},{"not_picked":["Wallop_lor","Tailoring","ScratchThat","SturdyDefense","Rewind","EnergyShield","ToWhereThePrescriptPoints","QuickSuppression"],"picked":"InhaleSmoke","floor":14},{"not_picked":["GroundSmash","RagingStormLove"],"picked":"Transpierce","floor":16},{"not_picked":["BiAn","FeatherShield","SparkingSpear","StayCalm","Quickness+1","Outburst","SmokingPipe","StrongStrike+1"],"picked":"DaringDecision","floor":18},{"not_picked":["PinpointShot","QuickSuppression+1","AsThePrescriptOrders","BackAttack","Duel_lor","MindWhip","TasteMyFlamingBat","SharpSwipe+1"],"picked":"Unlock1","floor":19},{"not_picked":["QuickSuppression","Multislash","FendThisOffIfYouCan","Thrust","SunsetBlade","Tailoring","FrontalAssault","TendonChords"],"picked":"Guardian_lor","floor":22},{"not_picked":["SerpentSwordTechnique","AssaultOrder","FrontalAssault","UnforgettableMelody","EnergyStrike","TheWillOfTheCity","BlowItUp","EnergyShield"],"picked":"BindingArms","floor":23},{"not_picked":["FeelinGood","SerpentSwordTechnique","SunsetBlade","ViolentFlame","Wallop_lor","StrongStrike","Quickness","Faith"],"picked":"Unlock1+1","floor":27},{"not_picked":["StrikeDown","ButterflySlash","DefenseOrder+1","ViolentFlame","ShockRound+1","MultiBlock+1","FlamingDragonFist","SinglePointStab+1"],"picked":"RhinoRam","floor":30},{"not_picked":["Deflect_lor","GutHarvesting"],"picked":"GroundSmash","floor":33},{"not_picked":["Outburst","PinpointShot","HeavyPeaks","EndlessBattle+1","UncannyStrike+1","BackstreetsDash+1","FieryDragonSlash","SuppressingShot"],"picked":"DimensionalRift+1","floor":35},{"not_picked":["Faith","Leap_lor+1","SpearedSweep","DarkCloud","YouOnlyLiveOnce+1","BiXi","TrimTheIngredients+1","CoordinatedAssault"],"picked":"QuickSuppression+1","floor":38},{"not_picked":["StrongStrike+1","Disposal","DarkCloud+1","Rewind","QuickAttack","GuidanceOfTheGears","Multislash+1","FeelinGood+1"],"picked":"MultiBlock","floor":41},{"not_picked":["InnerArdor","OpportunitySpotted","RhinoRam+1","Rewind+1","Overpower+1","CoordinatedAssault","EnergyBeam","ForcefulGesture+1"],"picked":"AbsorbImpact+1","floor":41},{"not_picked":["VioletBlade+1","PreemptiveStrike","Multislash","NightInTheBackstreets+1","FleetFootsteps","WillOfThePrescript","BlowItUp","SmokingPipe"],"picked":"HiddenBlade+1","floor":46},{"not_picked":["ShockRound","Retaliate+1","Marionette+1","FlowOfTheSword+1","SummaryJudgment+1","FervidEmotions+1","EndlessBattle","QuickSuppression+1"],"picked":"AbsorbImpact","floor":46},{"not_picked":["HardRehearsal+1","DesperateStruggle+1","SetFire+1","BiAn","BulkyImpact+1","CumulusWall","FierceCharge","PinpointShot"],"picked":"PreparedMind+1","floor":47},{"not_picked":["Brawl+1","GreatSerpentsImpact+1","StrongStrike","SwordOfVolition+1","UnavoidableGaze+1","NonstopAssault","SpearedSweep","DarkCloud","TimeForALittleTest"],"picked":"SKIP","floor":47},{"not_picked":["SpearedSweep","Reload+1","SunsetBlade","SharpSwipe","Parry","EnergyShield","TieShanKao","StrikeDown"],"picked":"Faith+1","floor":48},{"not_picked":["Leap_lor","FrontalAssault","Bvapour+1","Rampage_lor","EndlessBattle+1","BlowItUp+1","TrimTheIngredients+1","Multislash+1"],"picked":"DefenseOrder+1","floor":48}],"player_experience":434439,"relics_obtained":[{"floor":9,"key":"Whetstone"},{"floor":14,"key":"PageOfForsakenMurderer"},{"floor":23,"key":"Strawberry"},{"floor":26,"key":"Shuriken"},{"floor":30,"key":"trackpad:ToughGloves"},{"floor":30,"key":"Golden Egg"},{"floor":43,"key":"Quantum Egg"}],"event_choices":[{"damage_healed":0,"gold_gain":0,"player_choice":"Ignored","damage_taken":0,"max_hp_gain":0,"max_hp_loss":0,"event_name":"Golden Idol","floor":7,"gold_loss":0},{"cards_removed":["Dodge"],"damage_healed":0,"gold_gain":0,"player_choice":"Gave Gold","damage_taken":0,"max_hp_gain":0,"max_hp_loss":0,"event_name":"Beggar","floor":25,"gold_loss":75},{"damage_healed":0,"gold_gain":0,"player_choice":"Fight","damage_taken":0,"max_hp_gain":0,"max_hp_loss":0,"event_name":"Colosseum","floor":30,"gold_loss":0},{"damage_healed":0,"gold_gain":0,"player_choice":"Fought Nobs","damage_taken":0,"max_hp_gain":0,"max_hp_loss":0,"event_name":"Colosseum","floor":30,"gold_loss":0},{"damage_healed":0,"gold_gain":0,"player_choice":"Ignored","damage_taken":0,"max_hp_gain":0,"max_hp_loss":0,"event_name":"Vampires","floor":31,"gold_loss":0},{"damage_healed":0,"gold_gain":0,"player_choice":"Gave Potion","damage_taken":0,"relics_obtained":["Prayer Wheel"],"max_hp_gain":0,"max_hp_loss":0,"event_name":"WeMeetAgain","floor":39,"gold_loss":0},{"damage_healed":0,"gold_gain":0,"player_choice":"Paid","damage_taken":0,"relics_obtained":["Red Mask"],"max_hp_gain":0,"max_hp_loss":0,"event_name":"Tomb of Lord Red Mask","floor":44,"gold_loss":39}],"is_beta":false,"boss_relics":[{"not_picked":["infinitespire:Cupcake","hubris:VirtuousBlindfold","Runic Dome"]},{"not_picked":["Replay:Ancient Bell","SacredBark"],"picked":"trackpad:StolenKidneys"}],"items_purged_floors":[3,8,21,37],"is_endless":false,"potions_floor_spawned":[1,11,14,16,18,23,27,30,35,38,48],"ascension_level":0}}