{"host":"dyzdf8svqmiivg97","time":1614336773,"event":{"mods":["AchievementEnabler","BaseMod","Colored Map","DeckTracker","Minty Spire (QoL Compilation)","Quick Restart","Rare Cards Sparkle","SuperFastMode"],"gold_per_floor":[113,188,113,113,38,38,54,80,105,119,219,219,246,264,264,264,264],"floor_reached":16,"language":"KOR","playtime":294,"items_purged":["Strike_P"],"score":246,"play_id":"a7682b56-c303-4153-9a8c-fedafa3e158f","local_time":"20210226195253","is_ascension_mode":true,"campfire_choices":[{"data":"Eruption","floor":6,"key":"SMITH"},{"data":"BowlingBash","floor":12,"key":"SMITH"},{"data":"Halt","floor":15,"key":"SMITH"}],"circlet_count":0,"master_deck":["AscendersBane","Strike_P","Strike_P+1","Strike_P","Defend_P+1","Defend_P","Defend_P","Eruption+1","Vigilance","FollowUp","BowlingBash+1","EmptyFist","Halt+1"],"relics":["PureWater","NeowsBlessing","Damaru","MealTicket","TeardropLocket"],"acts_visited":["Exordium"],"potions_floor_usage":[16],"damage_taken":[{"damage":0,"enemies":"Jaw Worm","floor":1,"turns":1},{"damage":0,"enemies":"2 Louse","floor":7,"turns":1},{"damage":0,"enemies":"Lagavulin","floor":8,"turns":1},{"damage":0,"enemies":"Cultist","floor":10,"turns":3},{"damage":4,"enemies":"Gremlin Nob","floor":13,"turns":3},{"damage":0,"enemies":"Looter","floor":14,"turns":3},{"damage":25,"enemies":"The Guardian","floor":16,"turns":15}],"seed_played":"7552137038190146451","potions_obtained":[{"floor":8,"key":"Fire Potion"}],"is_trial":false,"path_per_floor":["M","?","$","?","?","R","M","E","T","M","?","R","E","M","R","B"],"character_chosen":"WATCHER","items_purchased":[],"campfire_rested":0,"item_purchase_floors":[],"current_hp_per_floor":[61,50,50,30,30,30,30,30,30,30,30,30,26,26,26,1,1],"gold":264,"neow_bonus":"THREE_ENEMY_KILL","is_daily":false,"chose_seed":false,"campfire_upgraded":3,"win_rate":0.0,"timestamp":1614336773,"path_taken":["M","?","$","?","?","R","M","E","T","M","?","R","E","M","R","BOSS"],"items_purchased_type":[],"build_version":"2020-12-22","purchased_purges":1,"victory":false,"max_hp_per_floor":[68,68,68,68,68,68,68,68,68,68,68,68,68,68,68,68,68],"card_choices":[{"not_picked":["EmptyBody","EmptyMind"],"picked":"FollowUp","floor":1},{"not_picked":["Swivel","CutThroughFate"],"picked":"BowlingBash","floor":7},{"not_picked":["CarveReality","Wireheading"],"picked":"EmptyFist","floor":8},{"not_picked":["CrushJoints","Protect"],"picked":"Halt","floor":10},{"not_picked":["PathToVictory","Wallop","SashWhip"],"picked":"SKIP","floor":13},{"not_picked":["Consecrate","SashWhip","BowlingBash"],"picked":"SKIP","floor":14}],"player_experience":613896,"relics_obtained":[{"floor":8,"key":"Damaru"},{"floor":9,"key":"MealTicket"},{"floor":13,"key":"TeardropLocket"}],"event_choices":[{"damage_healed":0,"gold_gain":75,"player_choice":"Gather Gold","damage_taken":11,"max_hp_gain":0,"max_hp_loss":0,"event_name":"World of Goop","floor":2,"gold_loss":0},{"damage_healed":0,"gold_gain":0,"player_choice":"Entered Light","damage_taken":20,"max_hp_gain":0,"max_hp_loss":0,"event_name":"Shining Light","floor":4,"gold_loss":0,"cards_upgraded":["Strike_P","Defend_P"]},{"cards_removed":["Defend_P"],"damage_healed":0,"gold_gain":0,"player_choice":"Card Removal","damage_taken":0,"max_hp_gain":0,"max_hp_loss":0,"event_name":"The Cleric","floor":5,"gold_loss":75},{"damage_healed":0,"gold_gain":100,"player_choice":"Gold","damage_taken":0,"max_hp_gain":0,"max_hp_loss":0,"event_name":"Wheel of Change","floor":11,"gold_loss":0}],"is_beta":false,"boss_relics":[],"items_purged_floors":[3],"is_endless":false,"potions_floor_spawned":[8],"killed_by":"The Guardian","ascension_level":17}}