{"host":"onfdonezo2qmaex3","time":1614352281,"event":{"mods":["2.2 Compatiblity","AchievementEnabler","Act Like it!","Aspiration","Bard","BaseMod","Colored Powertips","Downfall","Elementarium","Friendly Minions","Gensokyo","Hallownest","Hermit","Highlight Path","Jorbs\u0027s Wanderer Trilogy","Marisa????????","Marked Mod","Menagerie","Minty Spire (QoL Compilation)","Pale of the Ancients","Permanent Neow","Quick Restart","Reliquary","Ruina","Shop Mod","StSLib","The Bug Knight","The Disciple","The Hayseed","The Hierophant","The Marked","The Runesmith"],"gold_per_floor":[112,42,42,42,59,59,90,105,105,105,105,134,151,136,136,247,247,247,247],"floor_reached":18,"language":"ENG","playtime":721,"items_purged":[],"score":183,"play_id":"1bd11254-26b4-4381-8cdf-6db2deca2764","local_time":"20210226161121","is_ascension_mode":true,"campfire_choices":[{"data":"Menagerie:MirarisWake","floor":6,"key":"SMITH"},{"data":"Bullet Time","floor":11,"key":"SMITH"},{"data":"Menagerie:BeastSpirit","floor":15,"key":"SMITH"}],"circlet_count":0,"master_deck":["hermit:Strike_Hermit","hermit:Strike_Hermit","hermit:Defend_Hermit","hermit:Defend_Hermit","hermit:Defend_Hermit","hermit:Snapshot","hermit:Covet","Menagerie:MirarisWake+1","Menagerie:QuirionDryad","Finisher","Poisoned Stab","Bullet Time+1","hermit:FlashPowder","Menagerie:BeastSpirit+1","hermit:Roughhouse"],"relics":["Black Star","Darkstone Periapt","CeramicFish","reliquary:RedPaperclip"],"acts_visited":["Menagerie:Menagerie","Elementarium:Elementarium"],"potions_floor_usage":[16,18],"damage_taken":[{"damage":0,"enemies":"Menagerie:StygianBoar","floor":1,"turns":2},{"damage":0,"enemies":"Menagerie:2_RABBITS","floor":5,"turns":4},{"damage":21,"enemies":"Menagerie:MaskedSummoner","floor":7,"turns":6},{"damage":7,"enemies":"Menagerie:MonstrousExperiment","floor":8,"turns":3},{"damage":8,"enemies":"Menagerie:Hydra","floor":12,"turns":4},{"damage":10,"enemies":"Menagerie:RedMage","floor":13,"turns":4},{"damage":16,"enemies":"Menagerie:Suneater","floor":16,"turns":7},{"damage":3,"enemies":"Elementarium:2_ELEMENTALS","floor":18,"turns":2}],"seed_played":"-5313466281534909429","potions_obtained":[{"floor":1,"key":"Fire Potion"},{"floor":7,"key":"FairyPotion"},{"floor":12,"key":"EssenceOfSteel"}],"is_trial":false,"path_per_floor":["M","?","?","$","M","R","E","M","T","?","R","E","M","?","R","B",null,"M"],"character_chosen":"HERMIT","items_purchased":[],"campfire_rested":0,"item_purchase_floors":[],"current_hp_per_floor":[75,75,75,75,75,75,54,47,47,47,47,39,29,29,29,13,72,69,69],"gold":247,"neow_bonus":"BOSS_RELIC","is_daily":false,"chose_seed":false,"campfire_upgraded":3,"win_rate":0.0,"timestamp":1614352281,"path_taken":["M","?","?","$","?","R","E","M","T","?","R","E","?","?","R","BOSS","M"],"items_purchased_type":[],"build_version":"2020-12-22","purchased_purges":0,"victory":false,"max_hp_per_floor":[75,75,75,75,75,75,75,75,75,72,72,72,72,72,72,72,72,72,72],"card_choices":[{"not_picked":["hermit:Scavenge","hermit:EyeOfTheStorm","hermit:DeadMansHand"],"picked":"SKIP","floor":1},{"not_picked":["Menagerie:Tinker","Menagerie:LightningBolt"],"picked":"Menagerie:MirarisWake","floor":2},{"not_picked":["Menagerie:Languish","Menagerie:CrumblingSanctuary"],"picked":"Menagerie:QuirionDryad","floor":2},{"not_picked":["hermit:Gestalt","hermit:SprayPray"],"picked":"hermit:FlashPowder","floor":5},{"not_picked":["hermit:Quickdraw","hermit:Desperado","hermit:CursedWeapon"],"picked":"SKIP","floor":7},{"not_picked":["hermit:Cheat","hermit:WideOpen","hermit:Glare"],"picked":"SKIP","floor":8},{"not_picked":["hermit:Dive","hermit:BodyArmor","hermit:Coalescence"],"picked":"SKIP","floor":12},{"not_picked":["hermit:Desperado","hermit:Misfire","hermit:FullyLoaded"],"picked":"SKIP","floor":13},{"not_picked":["hermit:Reprieve","hermit:Purgatory"],"picked":"hermit:Roughhouse","floor":16}],"player_experience":249549,"relics_obtained":[{"floor":7,"key":"Darkstone Periapt"},{"floor":7,"key":"Kunai"},{"floor":12,"key":"CeramicFish"},{"floor":12,"key":"reliquary:RoseTintedGlasses"}],"event_choices":[{"damage_healed":0,"gold_gain":0,"player_choice":"Spells","damage_taken":0,"max_hp_gain":0,"max_hp_loss":0,"event_name":"Menagerie:MagicPeddler","floor":2,"gold_loss":70},{"damage_healed":0,"gold_gain":0,"player_choice":"Knelt","damage_taken":0,"max_hp_gain":0,"max_hp_loss":3,"event_name":"Menagerie:BeastSpiritShrine","floor":10,"gold_loss":0,"cards_obtained":["Menagerie:BeastSpirit"]},{"damage_healed":0,"gold_gain":0,"player_choice":"Avoid the battle","damage_taken":0,"max_hp_gain":0,"max_hp_loss":0,"event_name":"Menagerie:MageAndMonster","floor":14,"gold_loss":15}],"is_beta":false,"boss_relics":[{"not_picked":["reliquary:Craggleroot","SlaversCollar"],"picked":"reliquary:RedPaperclip"}],"items_purged_floors":[],"is_endless":false,"potions_floor_spawned":[1,7,12],"killed_by":"Elementarium:2_ELEMENTALS","ascension_level":2}}