{"host":"d7qmn60fs48wu5y6","time":1614377652,"event":{"mods":["BaseMod","Downfall","Marisa????????","Minty Spire (QoL Compilation)","Shade Mod","StSLib","The Bug Knight","The Cursed","The Necromancer","The Servant 0.9.4"],"gold_per_floor":[109,124,12,12,12,47,47,47,47,72,91,110,136,146,146,246,246,256,268,284,284,284,284,284,311,311,311,164,174,188,206,206,304,304,318,318,337,50,67,67,80,80,80,99,99,149,166,181,181,181,181,181,30,57,57,57],"floor_reached":55,"language":"ENG","playtime":3607,"items_purged":["TheCursedMod:Strike_TheCursed","TheCursedMod:Strike_TheCursed+1","TheCursedMod:Defend_TheCursed+1"],"score":719,"play_id":"dd3c5c11-4ba3-486c-acbd-fcae8a19f20a","local_time":"20210226141412","is_ascension_mode":true,"campfire_choices":[{"floor":8,"key":"REST"},{"data":"TheCursedMod:HellfireBreathing","floor":15,"key":"SMITH"},{"floor":23,"key":"RECALL"},{"floor":27,"key":"REST"},{"data":"TheCursedMod:CollectTribute","floor":32,"key":"SMITH"},{"data":"TheCursedMod:CollectTribute","floor":40,"key":"SMITH"},{"data":"TheCursedMod:SpitefulPlan","floor":42,"key":"SMITH"},{"data":"TheCursedMod:ManaBullet","floor":45,"key":"SMITH"},{"data":"TheCursedMod:CleanUpWorkshop","floor":49,"key":"SMITH"},{"floor":52,"key":"DIG"}],"circlet_count":0,"master_deck":["TheCursedMod:Strike_TheCursed+1","TheCursedMod:Defend_TheCursed+1","TheCursedMod:Defend_TheCursed+1","TheCursedMod:Defend_TheCursed+1","TheCursedMod:CursedWand+1","TheCursedMod:CleanUpWorkshop+1","TheCursedMod:Dregs","TheCursedMod:DoubleShield","TheCursedMod:CursedMace","TheCursedMod:HellfireBreathing+1","TheCursedMod:HellfireBreathing+1","TheCursedMod:VoidForm+1","TheCursedMod:SurpriseAttack","TheCursedMod:PrepareRite","TheCursedMod:CursedAmulet","TheCursedMod:ManaBullet+1","TheCursedMod:CollectTribute+1","TheCursedMod:RapidMovement+1","TheCursedMod:FleshFromBone","TheCursedMod:SoulReap+1","TheCursedMod:SurpriseAttack+1","TheCursedMod:CursedAmulet","TheCursedMod:Wield+1","TheCursedMod:CollectTribute+1","TheCursedMod:HellfireBreathing+1","TheCursedMod:SpitefulPlan+1","TheCursedMod:BlessingInDisguise","TheCursedMod:HellfireBreathing+1","TheCursedMod:LuckyCharm+1","TheCursedMod:SoulReap+1"],"relics":["TheCursedMod:BlackMagic101","Bag of Marbles","Bird Faced Urn","Question Card","TheCursedMod:FourLeafCloverCharm","Molten Egg 2","Shovel","Akabeko","Gambling Chip","HollowMod:StagPassRelic","Orrery","Bottled Tornado"],"acts_visited":["Exordium","TheCity","TheBeyond","TheEnding"],"potions_floor_usage":[13,20,25,25,55,55],"damage_taken":[{"damage":0,"enemies":"Small Slimes","floor":1,"turns":4},{"damage":0,"enemies":"Jaw Worm","floor":2,"turns":5},{"damage":17,"enemies":"3 Sentries","floor":6,"turns":9},{"damage":7,"enemies":"Lagavulin","floor":10,"turns":7},{"damage":1,"enemies":"2 Louse","floor":11,"turns":2},{"damage":0,"enemies":"Large Slime","floor":12,"turns":4},{"damage":17,"enemies":"Gremlin Nob","floor":13,"turns":4},{"damage":0,"enemies":"Looter","floor":14,"turns":2},{"damage":28,"enemies":"Hexaghost","floor":16,"turns":8},{"damage":10,"enemies":"Shell Parasite","floor":18,"turns":3},{"damage":9,"enemies":"Spheric Guardian","floor":19,"turns":5},{"damage":14,"enemies":"Centurion and Healer","floor":20,"turns":5},{"damage":33,"enemies":"Slavers","floor":25,"turns":7},{"damage":3,"enemies":"Snake Plant","floor":29,"turns":5},{"damage":29,"enemies":"Chosen and Byrds","floor":30,"turns":6},{"damage":3,"enemies":"Centurion and Healer","floor":31,"turns":5},{"damage":18,"enemies":"Champ","floor":33,"turns":8},{"damage":15,"enemies":"Orb Walker","floor":35,"turns":4},{"damage":39,"enemies":"3 Darklings","floor":37,"turns":5},{"damage":3,"enemies":"Spire Growth","floor":39,"turns":5},{"damage":19,"enemies":"Writhing Mass","floor":41,"turns":5},{"damage":14,"enemies":"4 Shapes","floor":44,"turns":5},{"damage":0,"enemies":"Mind Bloom Boss Battle","floor":46,"turns":6},{"damage":28,"enemies":"Jaw Worm Horde","floor":47,"turns":4},{"damage":0,"enemies":"Transient","floor":48,"turns":5},{"damage":71,"enemies":"Time Eater","floor":50,"turns":8},{"damage":39,"enemies":"Shield and Spear","floor":54,"turns":5},{"damage":84,"enemies":"The Heart","floor":55,"turns":5}],"seed_played":"-2701499942350581515","potions_obtained":[{"floor":10,"key":"Weak Potion"},{"floor":11,"key":"BlessingOfTheForge"},{"floor":12,"key":"LiquidMemories"},{"floor":14,"key":"hexamod:SoulburnPotion"},{"floor":25,"key":"SteroidPotion"},{"floor":31,"key":"Explosive Potion"},{"floor":35,"key":"SkillPotion"}],"is_trial":false,"path_per_floor":["M","M","$","?","?","E","$","R","T","E","M","M","E","M","R","B",null,"M","M","M","?","?","R","?","E","T","R","$","M","M","M","R","B",null,"M","?","M","$","M","R","M","R","T","M","R","?","M","M","R","B",null,"R","$","E","B"],"character_chosen":"THE_CURSED","items_purchased":["TheCursedMod:HellfireBreathing","TheCursedMod:SurpriseAttack+1","TheCursedMod:SpitefulPlan","TheCursedMod:BlessingInDisguise","Orrery"],"campfire_rested":2,"item_purchase_floors":[3,28,38,38,53],"current_hp_per_floor":[75,75,75,60,60,43,43,65,65,58,59,65,52,56,56,34,75,69,66,58,58,58,58,58,33,33,55,55,66,45,65,65,55,75,64,64,44,44,55,55,68,68,68,65,65,75,66,75,75,62,75,75,75,54,0,0],"gold":57,"neow_bonus":"TRANSFORM_CARD","is_daily":false,"chose_seed":false,"campfire_upgraded":6,"win_rate":0.0,"timestamp":1614377652,"path_taken":["M","M","$","?","?","E","?","R","T","E","M","M","E","?","R","BOSS","M","M","M","?","?","R","?","E","T","R","$","M","?","M","R","BOSS","M","?","M","$","M","R","?","R","T","M","R","?","M","M","R","BOSS","R","$","E","BOSS"],"items_purchased_type":["Card","Card","Card","Card","Relic"],"build_version":"2020-12-22","purchased_purges":3,"victory":false,"max_hp_per_floor":[75,75,75,75,75,75,75,75,75,75,75,75,75,75,75,75,75,75,75,75,75,75,75,75,75,75,75,75,75,75,75,75,75,75,75,75,75,75,75,75,75,75,75,75,75,75,75,75,75,75,75,75,75,75,75,75],"card_choices":[{"not_picked":["TheCursedMod:SpitefulStrike","TheCursedMod:TroublousMinions"],"picked":"TheCursedMod:CursedMace","floor":1},{"not_picked":["TheCursedMod:ManaBullet","TheCursedMod:Obscuration"],"picked":"TheCursedMod:HellfireBreathing","floor":2},{"not_picked":["TheCursedMod:SpitefulStrike","TheCursedMod:LuckyCharm"],"picked":"TheCursedMod:VoidForm","floor":6},{"not_picked":["TheCursedMod:Stigma","TheCursedMod:SpreadPlague"],"picked":"TheCursedMod:SurpriseAttack","floor":10},{"not_picked":["TheCursedMod:StingEye","TheCursedMod:Torture"],"picked":"TheCursedMod:PrepareRite","floor":11},{"not_picked":["TheCursedMod:SmokeScreen","TheCursedMod:SoulCrush"],"picked":"TheCursedMod:CursedAmulet","floor":12},{"not_picked":["TheCursedMod:Torture","TheCursedMod:TacticalStrike"],"picked":"TheCursedMod:ManaBullet","floor":13},{"not_picked":["TheCursedMod:Stretching","TheCursedMod:ManaBullet","TheCursedMod:SmokeScreen","TheCursedMod:SpitefulStrike"],"picked":"SKIP","floor":14},{"not_picked":["TheCursedMod:ShockAndAwe","TheCursedMod:DarkBarrier","TheCursedMod:DemonicPact"],"picked":"TheCursedMod:CollectTribute","floor":16},{"not_picked":["TheCursedMod:CursedStaff+1","TheCursedMod:VitalStrike+1","TheCursedMod:Mangle","TheCursedMod:CircleOfCorruption"],"picked":"SKIP","floor":18},{"not_picked":["TheCursedMod:ReleasedKnowledge","TheCursedMod:CursedMace","TheCursedMod:AbyssShockwave+1","TheCursedMod:Torture"],"picked":"SKIP","floor":19},{"not_picked":["TheCursedMod:SurpriseAttack","TheCursedMod:HellfireBreathing","TheCursedMod:RavingStaff+1"],"picked":"TheCursedMod:RapidMovement+1","floor":20},{"not_picked":["TheCursedMod:DemonSword+1","TheCursedMod:FuryStrike+1","TheCursedMod:CollectTribute"],"picked":"TheCursedMod:SoulReap+1","floor":25},{"not_picked":["TheCursedMod:SpitefulStrike+1","TheCursedMod:Torture","TheCursedMod:CursedBoomerang+1"],"picked":"TheCursedMod:CursedAmulet","floor":29},{"not_picked":["TheCursedMod:FuryStrike+1","TheCursedMod:CircleOfCorruption","TheCursedMod:SpitefulStrike+1","TheCursedMod:SmokeScreen"],"picked":"SKIP","floor":30},{"not_picked":["TheCursedMod:CursedAmulet+1","TheCursedMod:SmokeScreen+1","TheCursedMod:AshesToAshes"],"picked":"TheCursedMod:Wield+1","floor":31},{"not_picked":["TheCursedMod:UltimatePain","TheCursedMod:DemonSword+1","TheCursedMod:CircleOfAbyss"],"picked":"TheCursedMod:CollectTribute","floor":33},{"not_picked":["TheCursedMod:CursedMace+1","TheCursedMod:SpreadPlague","TheCursedMod:Grudge","TheCursedMod:WearCloak+1"],"picked":"SKIP","floor":35},{"not_picked":["TheCursedMod:Torture","TheCursedMod:Wield+1","TheCursedMod:CursedBlade+1"],"picked":"TheCursedMod:HellfireBreathing+1","floor":37},{"not_picked":["TheCursedMod:Hemoplague+1","TheCursedMod:Wield+1","TheCursedMod:Evocation+1","TheCursedMod:Torture+1"],"picked":"SKIP","floor":39},{"not_picked":["TheCursedMod:RapidMovement+1","TheCursedMod:VitalStrike+1","TheCursedMod:CursedBlade+1","TheCursedMod:CircleOfBlood"],"picked":"SKIP","floor":41},{"not_picked":["TheCursedMod:CircleOfFlame","TheCursedMod:RapidMovement","TheCursedMod:CursedAmulet+1","TheCursedMod:SmokeScreen"],"picked":"SKIP","floor":44},{"not_picked":["TheCursedMod:CursedBoomerang+1","TheCursedMod:CursedBlade+1","TheCursedMod:CircleOfFlame+1","TheCursedMod:ShockAndAwe+1"],"picked":"SKIP","floor":47},{"not_picked":["TheCursedMod:CursedAmulet+1","TheCursedMod:EmpowerCircles+1","TheCursedMod:ManaBullet+1"],"picked":"TheCursedMod:HellfireBreathing+1","floor":48},{"not_picked":["TheCursedMod:SpitefulPray+1","TheCursedMod:Torture+1","TheCursedMod:AntiAging"],"picked":"TheCursedMod:LuckyCharm","floor":53},{"not_picked":["TheCursedMod:SpitefulStrike+1","TheCursedMod:SurpriseAttack+1","TheCursedMod:SmokeScreen"],"picked":"TheCursedMod:SoulReap+1","floor":53},{"not_picked":["TheCursedMod:WearCloak+1","TheCursedMod:ShockAndAwe+1","TheCursedMod:TroublousMinions+1","TheCursedMod:BlessingInDisguise"],"picked":"SKIP","floor":54}],"player_experience":980220,"relics_obtained":[{"floor":6,"key":"Bag of Marbles"},{"floor":10,"key":"Bird Faced Urn"},{"floor":13,"key":"Question Card"},{"floor":25,"key":"Molten Egg 2"},{"floor":26,"key":"Shovel"},{"floor":43,"key":"Akabeko"},{"floor":46,"key":"Gambling Chip"},{"floor":52,"key":"HollowMod:StagPassRelic"},{"floor":54,"key":"Bottled Tornado"}],"event_choices":[{"damage_healed":0,"gold_gain":0,"player_choice":"Entered Light","damage_taken":15,"max_hp_gain":0,"max_hp_loss":0,"event_name":"Shining Light","floor":4,"gold_loss":0,"cards_upgraded":["TheCursedMod:Defend_TheCursed","TheCursedMod:HellfireBreathing"]},{"damage_healed":0,"gold_gain":0,"player_choice":"Grow","damage_taken":0,"max_hp_gain":0,"max_hp_loss":0,"event_name":"Living Wall","floor":5,"gold_loss":0,"cards_upgraded":["TheCursedMod:CursedWand"]},{"damage_healed":0,"gold_gain":0,"player_choice":"Read","damage_taken":0,"max_hp_gain":0,"max_hp_loss":0,"event_name":"The Library","floor":22,"gold_loss":0,"cards_obtained":["TheCursedMod:FleshFromBone"]},{"damage_healed":0,"gold_gain":0,"player_choice":"Simplicity","damage_taken":0,"max_hp_gain":0,"max_hp_loss":0,"event_name":"Back to Basics","floor":24,"gold_loss":0,"cards_upgraded":["TheCursedMod:Strike_TheCursed","TheCursedMod:Strike_TheCursed","TheCursedMod:Defend_TheCursed","TheCursedMod:Defend_TheCursed","TheCursedMod:Defend_TheCursed"]},{"damage_healed":0,"gold_gain":0,"player_choice":"Forge","damage_taken":0,"max_hp_gain":0,"max_hp_loss":0,"event_name":"Accursed Blacksmith","floor":36,"gold_loss":0,"cards_upgraded":["TheCursedMod:VoidForm"]},{"damage_healed":0,"gold_gain":0,"player_choice":"Fight","damage_taken":0,"max_hp_gain":0,"max_hp_loss":0,"event_name":"MindBloom","floor":46,"gold_loss":0}],"is_beta":false,"boss_relics":[{"not_picked":["bronze:MakeshiftBattery","TheCursedMod:OminousMark"],"picked":"TheCursedMod:FourLeafCloverCharm"},{"not_picked":["Coffee Dripper","Pandora\u0027s Box","Runic Dome"]}],"items_purged_floors":[3,28,38],"is_endless":false,"potions_floor_spawned":[10,11,12,14,18,19,25,31,35,39,48],"killed_by":"The Heart","ascension_level":1}}