{"host":"91blwi3hgehj6ch9","time":1614303228,"event":{"mods":["2.2 Compatiblity","AchievementEnabler","BaseMod","Colored Map","DeckTracker","Keyboard Shortcuts","Minty Spire (QoL Compilation)","Permanent Neow","Relic Stats","StSLib","SuperFastMode","everything is the same but u backflip on backflip"],"gold_per_floor":[110,128,144,194,119,119,137,137,186,197,226,226,46,58,58,137,137,151,168,10,10,10,10,10,23,23,23,38,48,63,82,82,82,82],"floor_reached":33,"language":"KOR","playtime":1015,"items_purged":["Strike_G","Strike_G"],"score":502,"play_id":"c4a9d122-fc0c-4bac-91b2-6fcc4efb9ab7","local_time":"20210226103348","is_ascension_mode":true,"campfire_choices":[{"data":"Masterful Stab","floor":6.0,"key":"SMITH"},{"data":"Blade Dance","floor":8.0,"key":"SMITH"},{"data":"Glass Knife","floor":12.0,"key":"SMITH"},{"data":"Backflip","floor":15.0,"key":"SMITH"},{"data":"Adrenaline","floor":23.0,"key":"SMITH"},{"floor":32,"key":"REST"}],"circlet_count":0,"master_deck":["AscendersBane","Strike_G","Strike_G","Defend_G","Defend_G","Defend_G","Defend_G","Survivor","Neutralize","Backflip+1","Blade Dance+1","Masterful Stab+1","Dagger Throw","Glass Knife+1","Eviscerate","Die Die Die","Reflex","Adrenaline+1","Clumsy","Blur","Backflip","Escape Plan+1"],"relics":["Ring of the Snake","Nunchaku","Snake Skull","Cursed Key","Membership Card","Turnip"],"acts_visited":["Exordium","TheCity"],"potions_floor_usage":[31,31],"damage_taken":[{"damage":4.0,"enemies":"Small Slimes","floor":1.0,"turns":4.0},{"damage":4.0,"enemies":"Cultist","floor":2.0,"turns":4.0},{"damage":1.0,"enemies":"2 Louse","floor":3.0,"turns":3.0},{"damage":0.0,"enemies":"2 Fungi Beasts","floor":7.0,"turns":3.0},{"damage":0.0,"enemies":"Looter","floor":10.0,"turns":2.0},{"damage":8.0,"enemies":"Gremlin Nob","floor":11.0,"turns":3.0},{"damage":0.0,"enemies":"Blue Slaver","floor":14.0,"turns":1.0},{"damage":15.0,"enemies":"Slime Boss","floor":16.0,"turns":8.0},{"damage":2.0,"enemies":"Shell Parasite","floor":18.0,"turns":3.0},{"damage":0.0,"enemies":"Chosen","floor":19.0,"turns":2.0},{"damage":0.0,"enemies":"Shelled Parasite and Fungi","floor":25.0,"turns":2.0},{"damage":18.0,"enemies":"Cultist and Chosen","floor":28.0,"turns":5.0},{"damage":0.0,"enemies":"Centurion and Healer","floor":29.0,"turns":5.0},{"damage":25.0,"enemies":"Chosen and Byrds","floor":30.0,"turns":7.0},{"damage":2,"enemies":"Cultist and Chosen","floor":31,"turns":4},{"damage":50,"enemies":"Automaton","floor":33,"turns":6}],"seed_played":"-6377595500464871470","potions_obtained":[{"floor":1.0,"key":"EssenceOfSteel"},{"floor":2.0,"key":"LiquidMemories"},{"floor":10.0,"key":"SkillPotion"},{"floor":16.0,"key":"EntropicBrew"},{"floor":18.0,"key":"Block Potion"},{"floor":30.0,"key":"Swift Potion"}],"is_trial":false,"path_per_floor":["M","M","M","?","$","R","M","R","T","M","E","R","$","M","R","B",null,"M","M","$","?","?","R","?","M","T","$","M","M","M","M","R","B"],"character_chosen":"THE_SILENT","items_purchased":["Die Die Die","Membership Card"],"campfire_rested":1,"item_purchase_floors":[13,20],"current_hp_per_floor":[55,51,50,44,44,44,44,44,44,44,36,36,36,36,36,21,55,53,53,53,53,53,53,53,53,53,53,35,35,10,8,27,0,0],"gold":82,"neow_bonus":"REMOVE_CARD","is_daily":false,"chose_seed":false,"campfire_upgraded":5,"win_rate":0.0,"timestamp":1614303228,"path_taken":["M","M","M","?","$","R","M","R","T","M","E","R","?","M","R","BOSS","M","M","$","?","?","R","?","M","T","$","M","M","M","M","R","BOSS"],"items_purchased_type":["Card","Relic"],"build_version":"2020-12-22","purchased_purges":2,"victory":false,"max_hp_per_floor":[66,66,66,66,66,66,66,66,66,66,66,66,66,66,66,66,66,66,66,66,66,66,66,66,66,66,66,66,66,66,66,66,66,66],"relic_stats":{"Nunchaku":[18],"counters":[16,62],"Snake Skull":[0],"Turnip":[2],"Cursed Key":1,"obtain_stats":[{"Nunchaku":9,"Snake Skull":11,"Turnip":26,"Membership Card":20,"Cursed Key":17,"Ring of the Snake":0},{"Nunchaku":4,"Snake Skull":6,"Turnip":11,"Membership Card":10,"Cursed Key":8,"Ring of the Snake":0},{"Nunchaku":14,"Snake Skull":19,"Turnip":35,"Membership Card":33,"Cursed Key":28,"Ring of the Snake":0}],"Ring of the Snake":[32]},"card_choices":[{"not_picked":["Infinite Blades","Acrobatics"],"picked":"Backflip","floor":1.0},{"not_picked":["Acrobatics","Prepared"],"picked":"Blade Dance","floor":2.0},{"not_picked":["Infinite Blades","Catalyst"],"picked":"Masterful Stab","floor":3.0},{"not_picked":["Crippling Poison","Noxious Fumes"],"picked":"Dagger Throw","floor":7.0},{"not_picked":["Cloak And Dagger","Sucker Punch"],"picked":"Glass Knife","floor":10.0},{"not_picked":["Cloak And Dagger","Accuracy"],"picked":"Eviscerate","floor":11.0},{"not_picked":["Deflect","Predator"],"picked":"Reflex","floor":14.0},{"not_picked":["Venomology","Tools of the Trade"],"picked":"Adrenaline","floor":16.0},{"not_picked":["Backflip","Quick Slash","Crippling Poison"],"picked":"SKIP","floor":18.0},{"not_picked":["Catalyst","Bane","Expertise"],"picked":"SKIP","floor":19.0},{"not_picked":["All Out Attack","Deadly Poison","Flechettes"],"picked":"SKIP","floor":25.0},{"not_picked":["All Out Attack","Bane"],"picked":"Blur","floor":28.0},{"not_picked":["Slice","Underhanded Strike+1"],"picked":"Backflip","floor":29.0},{"not_picked":["Poisoned Stab","Underhanded Strike","Unload"],"picked":"SKIP","floor":30.0},{"not_picked":["PiercingWail","Bouncing Flask"],"picked":"Escape Plan+1","floor":31}],"player_experience":303157,"relics_obtained":[{"floor":9.0,"key":"Nunchaku"},{"floor":11.0,"key":"Snake Skull"},{"floor":26.0,"key":"Turnip"}],"event_choices":[{"damage_healed":0.0,"max_hp_gain":0.0,"max_hp_loss":0.0,"gold_gain":50.0,"event_name":"FaceTrader","player_choice":"Touch","floor":4.0,"gold_loss":0.0,"damage_taken":6.0},{"cards_removed":["Strike_G"],"damage_healed":0.0,"max_hp_gain":0.0,"max_hp_loss":0.0,"gold_gain":0.0,"event_name":"Back to Basics","player_choice":"Elegance","floor":21.0,"gold_loss":0.0,"damage_taken":0.0},{"damage_healed":0.0,"max_hp_gain":0.0,"max_hp_loss":0.0,"gold_gain":0.0,"event_name":"The Mausoleum","player_choice":"Ignored","floor":24.0,"gold_loss":0.0,"damage_taken":0.0}],"is_beta":false,"boss_relics":[{"not_picked":["Coffee Dripper","Snecko Eye"],"picked":"Cursed Key"}],"items_purged_floors":[5,13],"is_endless":false,"potions_floor_spawned":[1,2,7,10,16,18,19,30],"killed_by":"Automaton","ascension_level":20}}