{"host":"qfmqsclrfy207o1q","time":1614316094,"event":{"mods":["2.2 Compatiblity","AchievementEnabler","BaseMod","BetterRewards","Colored Map","Colored Powertips","Curses Come First","Dark Map","Downfall","Infinite Spire","Minty Spire (QoL Compilation)","Quick Restart","Rare Cards Sparkle","Relic Stats","Shop Mod","StSLib"],"gold_per_floor":[109,124,124,143,143,143,162,182,182,182,182,2,18,28,28,125,125,144,144,144,93,113,113,128,128,128,142,142,241,255,255,255,255,255],"floor_reached":33,"language":"ENG","playtime":1073,"items_purged":[],"score":239,"play_id":"8a775f46-de67-4911-943b-634b175920a8","local_time":"20210225220814","is_ascension_mode":false,"campfire_choices":[{"data":"Conserve Battery","floor":6,"key":"SMITH"},{"floor":10,"key":"RECALL"},{"floor":15,"key":"REST"},{"floor":23,"key":"REST"},{"floor":25,"key":"REST"},{"floor":28,"key":"REST"},{"floor":32,"key":"REST"}],"circlet_count":0,"master_deck":["Strike_B","Strike_B","Strike_B","Strike_B+1","Defend_B","Defend_B","Defend_B","Defend_B","Zap+1","Dualcast+1","Conserve Battery+1","Beam Cell","Beam Cell+1","Ball Lightning","Coolheaded","Capacitor","Seek","Capacitor","Redo","Chill","Aggregate","Turbo","Gash","Echo Form","White Noise","Stack","Streamline","Tempest","Chill","Auto Shields","infinitespire:SevenWalls"],"relics":["Cracked Core","NeowsBlessing","Orrery","bronze:MakeshiftBattery","Regal Pillow","Smiling Mask"],"acts_visited":["Exordium","TheCity"],"potions_floor_usage":[13,16,27,30],"damage_taken":[{"damage":0,"enemies":"Cultist","floor":1,"turns":1},{"damage":0,"enemies":"2 Louse","floor":2,"turns":1},{"damage":0,"enemies":"Small Slimes","floor":4,"turns":1},{"damage":0,"enemies":"Red Slaver","floor":7,"turns":3},{"damage":5,"enemies":"Looter","floor":8,"turns":2},{"damage":0,"enemies":"Lots of Slimes","floor":13,"turns":2},{"damage":0,"enemies":"Large Slime","floor":14,"turns":5},{"damage":60,"enemies":"Slime Boss","floor":16,"turns":11},{"damage":10,"enemies":"Chosen","floor":18,"turns":5},{"damage":26,"enemies":"3 Byrds","floor":22,"turns":9},{"damage":48,"enemies":"Shelled Parasite and Fungi","floor":24,"turns":6},{"damage":10,"enemies":"Sentry and Sphere","floor":27,"turns":3},{"damage":25,"enemies":"Centurion and Healer","floor":30,"turns":4},{"damage":81,"enemies":"Collector","floor":33,"turns":9}],"seed_played":"6903591565578221431","potions_obtained":[{"floor":1,"key":"Explosive Potion"},{"floor":2,"key":"Strength Potion"},{"floor":16,"key":"Strength Potion"},{"floor":22,"key":"bronze:BurnAndBuffPotion"}],"is_trial":false,"path_per_floor":["M","M","?","M","?","R","M","M","T","R","?","$","M","M","R","B",null,"M","$","?","$","M","R","M","R","T","M","R","?","M","AVR","R","B"],"character_chosen":"DEFECT","items_purchased":["Capacitor","Orrery","Stack"],"campfire_rested":5,"item_purchase_floors":[12,12,21],"current_hp_per_floor":[75,75,75,75,75,75,75,70,70,70,55,55,55,55,75,15,75,65,65,75,75,49,71,23,45,45,35,72,72,47,47,75,0,0],"gold":255,"neow_bonus":"THREE_ENEMY_KILL","is_daily":false,"chose_seed":false,"campfire_upgraded":1,"win_rate":0.0,"timestamp":1614316094,"path_taken":["M","?","?","M","?","R","?","M","T","R","?","$","M","M","R","BOSS","M","$","?","$","?","R","M","R","T","M","R","?","M","AVR","R","BOSS"],"items_purchased_type":["Card","Relic","Card"],"build_version":"2020-12-22","purchased_purges":0,"victory":false,"max_hp_per_floor":[75,75,75,75,75,75,75,75,75,75,75,75,75,75,75,75,75,75,75,75,75,75,75,75,75,75,75,75,75,75,75,75,75,75],"relic_stats":{"Regal Pillow":21,"counters":[14,61],"Smiling Mask":0,"obtain_stats":[{"Regal Pillow":26,"NeowsBlessing":0,"Orrery":12,"Cracked Core":0,"Smiling Mask":31,"bronze:MakeshiftBattery":17},{"Regal Pillow":11,"NeowsBlessing":0,"Orrery":5,"Cracked Core":0,"Smiling Mask":13,"bronze:MakeshiftBattery":8},{"Regal Pillow":45,"NeowsBlessing":0,"Orrery":8,"Cracked Core":0,"Smiling Mask":52,"bronze:MakeshiftBattery":26}]},"card_choices":[{"not_picked":["Rebound","Tempest"],"picked":"Conserve Battery","floor":1},{"not_picked":["Rebound","Barrage"],"picked":"Beam Cell","floor":2},{"not_picked":["Gash","Consume"],"picked":"Beam Cell","floor":4},{"not_picked":["Conserve Battery","Steam"],"picked":"Ball Lightning","floor":7},{"not_picked":["Machine Learning","Barrage"],"picked":"Coolheaded","floor":8},{"not_picked":["Barrage","Storm"],"picked":"Seek","floor":12},{"not_picked":["Fusion","Cold Snap"],"picked":"Capacitor","floor":12},{"not_picked":["Rebound","Conserve Battery"],"picked":"Redo","floor":12},{"not_picked":["Aggregate","Turbo"],"picked":"Chill","floor":12},{"not_picked":["Gash","Streamline"],"picked":"Aggregate","floor":12},{"not_picked":["FTL","Aggregate"],"picked":"Turbo","floor":13},{"not_picked":["Barrage","Sweeping Beam"],"picked":"Gash","floor":14},{"not_picked":["Creative AI","Reboot"],"picked":"Echo Form","floor":16},{"not_picked":["Go for the Eyes","Cold Snap+1"],"picked":"White Noise","floor":18},{"not_picked":["Sweeping Beam","Capacitor"],"picked":"Streamline","floor":22},{"not_picked":["Cold Snap+1","Leap"],"picked":"Tempest","floor":24},{"not_picked":["Steam","Beam Cell"],"picked":"Chill","floor":27},{"not_picked":["Machine Learning","Hello World"],"picked":"Auto Shields","floor":30}],"player_experience":36655,"relics_obtained":[{"floor":26,"key":"Regal Pillow"}],"event_choices":[{"damage_healed":0,"gold_gain":0,"player_choice":"Upgraded","damage_taken":0,"max_hp_gain":0,"max_hp_loss":0,"event_name":"Upgrade Shrine","floor":5,"gold_loss":0,"cards_upgraded":["Dualcast"]},{"damage_healed":0,"gold_gain":0,"player_choice":"Entered Light","damage_taken":15,"max_hp_gain":0,"max_hp_loss":0,"event_name":"Shining Light","floor":11,"gold_loss":0,"cards_upgraded":["Beam Cell","Strike_B"]},{"damage_healed":10,"gold_gain":0,"player_choice":"Full Heal","damage_taken":0,"max_hp_gain":0,"max_hp_loss":0,"event_name":"Wheel of Change","floor":20,"gold_loss":0},{"damage_healed":0,"gold_gain":99,"player_choice":"Stole From Cult","damage_taken":0,"max_hp_gain":0,"max_hp_loss":0,"event_name":"Nest","floor":29,"gold_loss":0}],"is_beta":false,"boss_relics":[{"not_picked":["Snecko Eye","Velvet Choker"],"picked":"bronze:MakeshiftBattery"}],"items_purged_floors":[],"is_endless":false,"potions_floor_spawned":[1,2,16,22],"killed_by":"Collector","ascension_level":0}}