{"host":"tdq5vwehmzjlkkx3","time":1614329884,"event":{"mods":["2.2 Compatiblity","Act Like it!","Aspiration","Astrologer","BaseMod","Beaked The Cultist","Better Altar","Better Match","Better Note","Better Sensory Stone","Better Skull","Better Third Choice","BetterRewards","Clockwork Mod","Colored Map","Colorless Booster Pack","Conjunction","Conspire","Defuse TimeMaze Blight","Displayed Cursed Tome","Downfall","Elementarium","Energized Spire","FetchMod","Friendly Minions","FruityMod","GifTheSpireLib","Glutton Mod","Gremlin Mod","Halation","Hallownest","Hermit","Highlight Path","Hubris","Infinite Spire","Key Reminder","Menagerie","Mimic Mod","Minty Spire (QoL Compilation)","Pale of the Ancients","Permanent Neow","Quick Restart","Random Character Button","Reliquary","Reorder Act Four","Reworked Bosses","Ruina","SCP261 Mod","Small Relic Pack","Spire Arcade","StSLib","Strawberry Spire","Stuff the Spire","The Blue Laboratory","The Clintock","The Construct","The Disciple","The Marked","The Mystic","The Runesmith","TheVacant","Trackpad","Unceasing Turn Reminder","UnlockEverythingMod","Wandering Minibosses"],"gold_per_floor":[118,118,118,136,61,96,96,112,148,148,177,209,239,239,239,344,344,364,380,530,543,543,543,570,570,593,593,625,22,22,41,41,143,143,160,85,34,34,46,46,58,58,58,69,69,69,80,80,80,80,80,80,80],"floor_reached":52,"language":"ENG","playtime":3357,"items_purged":["theVacant:VacantStarterStrike"],"score":774,"play_id":"7b0634e2-7a60-400a-a1e6-ad362949feda","local_time":"20210226005804","is_ascension_mode":false,"campfire_choices":[{"data":"theVacant:Jab","floor":7,"key":"SMITH"},{"data":"theVacant:Release","floor":10,"key":"SMITH"},{"data":"theVacant:BurdenBreak","floor":15,"key":"SMITH"},{"data":"theVacant:Expand","floor":23,"key":"SMITH"},{"floor":25,"key":"REST"},{"floor":27,"key":"RECALL"},{"floor":30,"key":"REST"},{"floor":32,"key":"REST"},{"floor":40,"key":"REST"},{"floor":46,"key":"REST"},{"data":"theVacant:TimeSkip","floor":49,"key":"SMITH"}],"circlet_count":0,"master_deck":["theVacant:VacantStarterStrike","theVacant:VacantStarterStrike","theVacant:VacantStarterDefend","theVacant:VacantStarterDefend","theVacant:VacantStarterDefend+1","theVacant:VacantStarterDefend","theVacant:Release+1","theVacant:Crunch+1","theVacant:FiendFrost","theVacant:HolyWater+1","theVacant:Fling","theVacant:Jab+1","theVacant:CursedBlast","theVacant:BurdenBreak+1","theVacant:SurpriseAttack","theVacant:Expand+1","theVacant:VoidForm+1","theVacant:TimeSkip+1","theVacant:VoidEmbrace","theVacant:TheAnvil","theVacant:ShutAway+1"],"relics":["theVacant:BrassGoblet","Blue Candle","reliquary:TuningFork","trackpad:PetRock","reliquary:TuningFork","War Paint","Strawberry","halation:EternalFortune","Black Star","halation:PrussianBluePaint","reliquary:RoseTintedGlasses","keyreminder:keyreminder","Vajra","hubris:DeckOfHolding","relicPack:SpireResearchBook","reliquary:Spinner","hubris:TenFootPole","hubris:Backtick","trackpad:SneckoScepter","hubris:Icosahedron","wanderingMiniBosses:CarrionFlame","halation:PapillonHeart","StuffTheSpire:CocoNut","paleoftheancients:Timepiece","paleoftheancients:KeyRelic","Oddly Smooth Stone","Bronze Scales"],"acts_visited":["Exordium","Menagerie:Menagerie","TheBeyond","TheBeyond"],"potions_floor_usage":[16,16,19,31,33,39,50,50,50],"damage_taken":[{"damage":2,"enemies":"Menagerie:WhisperingWraith","floor":1,"turns":4},{"damage":0,"enemies":"Menagerie:StygianBoar","floor":4,"turns":3},{"damage":19,"enemies":"Menagerie:VoidReaper","floor":6,"turns":7},{"damage":0,"enemies":"Menagerie:MonstrousExperiment","floor":8,"turns":3},{"damage":0,"enemies":"Menagerie:MeltingSalamander","floor":9,"turns":7},{"damage":8,"enemies":"Menagerie:Hydra","floor":11,"turns":4},{"damage":0,"enemies":"Menagerie:MeltingSalamander","floor":12,"turns":4},{"damage":6,"enemies":"Menagerie:VoidReaper","floor":13,"turns":4},{"damage":17,"enemies":"Menagerie:Suneater","floor":16,"turns":6},{"damage":16,"enemies":"Hallownest:2_Mistakes","floor":18,"turns":6},{"damage":6,"enemies":"Hallownest:3_Youths","floor":19,"turns":4},{"damage":17,"enemies":"Hallownest:Warrior_and_Youth","floor":21,"turns":5},{"damage":35,"enemies":"Hallownest:eliteWatcherKnight","floor":24,"turns":10},{"damage":12,"enemies":"Hallownest:3_Mistakes","floor":28,"turns":4},{"damage":33,"enemies":"Hallownest:3_Mistakes","floor":31,"turns":4},{"damage":69,"enemies":"Hallownest:BossMantisLord","floor":33,"turns":9},{"damage":48,"enemies":"3 Shapes","floor":35,"turns":5},{"damage":23,"enemies":"3 Darklings","floor":39,"turns":6},{"damage":22,"enemies":"Spire Growth","floor":41,"turns":4},{"damage":8,"enemies":"Transient","floor":44,"turns":5},{"damage":0,"enemies":"Writhing Mass","floor":47,"turns":1},{"damage":27,"enemies":"Time Eater","floor":50,"turns":6},{"damage":134,"enemies":"Time Eater","floor":51,"turns":7},{"damage":118,"enemies":"Time Eater","floor":52,"turns":5}],"seed_played":"-2867135953083501564","potions_obtained":[{"floor":11,"key":"Fire Potion"},{"floor":13,"key":"BlessingOfTheForge"},{"floor":16,"key":"Block Potion"},{"floor":31,"key":"Weak Potion"},{"floor":39,"key":"blueLaboratory:BottleOfVodka"},{"floor":41,"key":"blueLaboratory:FrostheartPotion"},{"floor":44,"key":"ColorlessPotion"}],"is_trial":false,"path_per_floor":["M","?","?","M","$","E","R","M","MIM","R","E","MIM","E","?","R","B",null,"M","M","?","M","?","R","E","R","T","R","MIM","$","R","M","R","B",null,"M","?","$","?","M","R","M","?","T","M","AVR","R","M","?","R","B","M","M"],"character_chosen":"THE_VACANT","items_purchased":["relicPack:SpireResearchBook","reliquary:Spinner","theVacant:TimeSkip","hubris:TenFootPole","EssenceOfSteel","ColorlessPotion"],"campfire_rested":5,"item_purchase_floors":[29,29,29,29,29,37],"current_hp_per_floor":[78,73,73,73,73,54,54,54,54,54,46,46,47,50,50,35,92,78,74,74,59,59,59,27,57,57,57,48,48,79,49,81,12,107,62,62,62,62,42,75,53,53,60,52,52,86,86,86,86,114,114,0,0],"gold":80,"neow_bonus":"ONE_RANDOM_RARE_CARD","is_daily":false,"chose_seed":false,"campfire_upgraded":5,"win_rate":0.0,"timestamp":1614329884,"path_taken":["M","?","?","M","$","E","R","?","MIM","R","E","?","E","?","R","BOSS","M","?","?","M","?","R","E","R","T","R","?","$","R","M","R","BOSS","M","?","$","?","M","R","M","?","T","M","AVR","R","M","?","R","BOSS","M","M"],"items_purchased_type":["Relic","Relic","Card","Relic","Potion","Potion"],"build_version":"2020-12-22","purchased_purges":1,"victory":false,"max_hp_per_floor":[80,80,80,80,80,80,80,80,80,80,80,80,87,90,90,92,92,94,96,96,98,98,98,101,101,101,101,104,104,104,107,107,107,107,110,110,110,110,113,113,113,107,114,114,114,114,114,114,114,114,114,114,114],"card_choices":[{"not_picked":["theVacant:IntoTheAbyss","theVacant:LashOut"],"picked":"theVacant:HolyWater","floor":1},{"not_picked":["theVacant:Reconnect","theVacant:Cower"],"picked":"theVacant:Fling","floor":4},{"not_picked":["theVacant:Sneeze","theVacant:EmbraceDarkness"],"picked":"theVacant:Jab","floor":6},{"not_picked":["theVacant:Soothe","theVacant:Cower","theVacant:EmptyShield"],"picked":"SKIP","floor":8},{"not_picked":["theVacant:GraveWave","theVacant:Soothe"],"picked":"theVacant:CursedBlast","floor":9},{"not_picked":["theVacant:Hex","theVacant:Voidstone"],"picked":"theVacant:BurdenBreak","floor":11},{"not_picked":["theVacant:Thoughtseize","theVacant:Fling"],"picked":"theVacant:SurpriseAttack","floor":12},{"not_picked":["theVacant:ReaperStrike","theVacant:Throttle"],"picked":"theVacant:Expand","floor":13},{"not_picked":["theVacant:TheAnvil","theVacant:Rejection"],"picked":"theVacant:VoidForm","floor":16},{"not_picked":["theVacant:EmptyShield","theVacant:Spinshield","theVacant:OnSecondThought"],"picked":"SKIP","floor":18},{"not_picked":["theVacant:EmptyShield","theVacant:Barrage+1","theVacant:Cower"],"picked":"SKIP","floor":19},{"not_picked":["theVacant:ShriekingBlast+1","theVacant:Enrage+1","theVacant:Thoughtseize+1"],"picked":"SKIP","floor":21},{"not_picked":["theVacant:Reconnect","theVacant:ShriekingBlast","theVacant:Necromancy"],"picked":"SKIP","floor":24},{"not_picked":["theVacant:CursedBlast+1","theVacant:Husk"],"picked":"theVacant:VoidEmbrace","floor":31},{"not_picked":["theVacant:FiendFrost","theVacant:Prevent"],"picked":"theVacant:TheAnvil","floor":33},{"not_picked":["theVacant:Enrage","theVacant:Soothe+1","theVacant:Cower"],"picked":"SKIP","floor":35},{"not_picked":["theVacant:Enrage","theVacant:Soothe+1","theVacant:Cower"],"picked":"SKIP","floor":35},{"not_picked":["theVacant:LashOut+1","theVacant:Return+1"],"picked":"theVacant:ShutAway+1","floor":39},{"not_picked":["theVacant:Whip+1","theVacant:Fortify","theVacant:ShutAway"],"picked":"SKIP","floor":41},{"not_picked":["theVacant:OnSecondThought+1","theVacant:Cower","theVacant:GraveDigger"],"picked":"SKIP","floor":44},{"not_picked":["theVacant:Spinshield","theVacant:Yeet","theVacant:Jab+1"],"picked":"SKIP","floor":47}],"player_experience":422869,"relics_obtained":[{"floor":6,"key":"reliquary:TuningFork"},{"floor":9,"key":"trackpad:PetRock"},{"floor":11,"key":"reliquary:SculptingSteel"},{"floor":12,"key":"War Paint"},{"floor":13,"key":"Strawberry"},{"floor":24,"key":"halation:PrussianBluePaint"},{"floor":24,"key":"reliquary:RoseTintedGlasses"},{"floor":28,"key":"Vajra"},{"floor":28,"key":"hubris:DeckOfHolding"},{"floor":39,"key":"wanderingMiniBosses:CarrionFlame"},{"floor":39,"key":"halation:EternalFortune"},{"floor":43,"key":"StuffTheSpire:CocoNut"}],"event_choices":[{"damage_healed":0,"gold_gain":0,"player_choice":"Forge","damage_taken":0,"max_hp_gain":0,"max_hp_loss":0,"event_name":"Accursed Blacksmith","floor":3,"gold_loss":0,"cards_upgraded":["theVacant:Crunch"]},{"damage_healed":0,"gold_gain":0,"player_choice":"3","damage_taken":0,"max_hp_gain":0,"max_hp_loss":0,"event_name":"betterMatch:BetterMatch","floor":36,"gold_loss":0,"cards_obtained":[]},{"cards_removed":["theVacant:VacantStarterStrike"],"damage_healed":0,"gold_gain":0,"player_choice":"Purged","damage_taken":0,"max_hp_gain":0,"max_hp_loss":0,"event_name":"Purifier","floor":48,"gold_loss":0}],"is_beta":false,"boss_relics":[{"not_picked":["trackpad:Coffee","reliquary:Ember"],"picked":"Black Star"},{"not_picked":["construct:WeddingRing","reliquary:RedCape"],"picked":"hubris:Backtick"}],"items_purged_floors":[5],"is_endless":false,"potions_floor_spawned":[11,13,16,24,31,39,41,44],"killed_by":"Time Eater","ascension_level":0}}