{"host":"p9fmk1zxjhqthrxg","time":1614371845,"event":{"mods":["BaseMod","Bestiary","Colored Map","Colored Powertips","Highlight Path","Minty Spire (QoL Compilation)","Random Character Button","Rare Cards Sparkle","StSLib"],"gold_per_floor":[119,134,144,144,319,352,9,28,28,28,103,77,77,77,77,179,179,198,198,225,225,29,29,29],"floor_reached":23,"language":"ENG","playtime":1301,"items_purged":[],"score":210,"play_id":"d8d7a551-d2ec-4086-8239-59931b533f90","local_time":"20210226143725","is_ascension_mode":false,"campfire_choices":[{"data":"Infinite Blades","floor":10.0,"key":"SMITH"},{"data":"Choke","floor":13.0,"key":"SMITH"},{"data":"Neutralize","floor":15.0,"key":"SMITH"}],"circlet_count":0,"master_deck":["Strike_G","Strike_G","Strike_G","Strike_G","Strike_G","Defend_G","Defend_G","Defend_G","Defend_G","Defend_G","Survivor","Neutralize+1","Masterful Stab","Cloak And Dagger","Masterful Stab","Doubt","Corpse Explosion","Infinite Blades+1","Choke+1","Setup","PiercingWail","Dagger Spray","Parasite","Burst","Backflip+1","Ghostly","Ghostly","Ghostly","Ghostly","Ghostly","Flechettes","Bouncing Flask","Apotheosis"],"relics":["Ring of the Serpent","WingedGreaves","Lantern","The Specimen","Red Mask"],"acts_visited":["Exordium","TheCity"],"potions_floor_usage":[18,23,23],"damage_taken":[{"damage":0.0,"enemies":"2 Louse","floor":1.0,"turns":4.0},{"damage":0.0,"enemies":"Small Slimes","floor":2.0,"turns":4.0},{"damage":1.0,"enemies":"Jaw Worm","floor":3.0,"turns":4.0},{"damage":23.0,"enemies":"3 Sentries","floor":6.0,"turns":12.0},{"damage":0.0,"enemies":"Blue Slaver","floor":8.0,"turns":2.0},{"damage":54.0,"enemies":"The Guardian","floor":16.0,"turns":13.0},{"damage":35,"enemies":"Spheric Guardian","floor":18,"turns":6},{"damage":12,"enemies":"Masked Bandits","floor":20,"turns":6},{"damage":30,"enemies":"Book of Stabbing","floor":23,"turns":7}],"seed_played":"7337750651771370845","potions_obtained":[{"floor":1.0,"key":"Swift Potion"},{"floor":3.0,"key":"BlessingOfTheForge"},{"floor":8.0,"key":"EntropicBrew"},{"floor":18,"key":"SmokeBomb"},{"floor":20,"key":"LiquidMemories"}],"is_trial":false,"path_per_floor":["M","M","M","?","?","E","$","M","T","R","?","$","R","?","R","B",null,"M","?","?","?","$","E"],"character_chosen":"THE_SILENT","items_purchased":["Lantern","Infinite Blades","Choke","Setup","Dagger Spray","Apotheosis"],"campfire_rested":0,"item_purchase_floors":[7,7,7,7,12,22],"current_hp_per_floor":[77,77,76,76,76,53,53,53,53,53,42,42,42,61,61,7,77,42,38,26,26,26,0,0],"gold":29,"neow_bonus":"TEN_PERCENT_HP_BONUS","is_daily":false,"chose_seed":false,"campfire_upgraded":3,"win_rate":0.0,"timestamp":1614371845,"path_taken":["M","M","M","?","?","E","$","M","T","R","?","?","R","?","R","BOSS","M","?","?","?","$","E"],"items_purchased_type":["Relic","Card","Card","Card","Card","Card"],"build_version":"2020-12-22","purchased_purges":0,"victory":false,"max_hp_per_floor":[77,77,77,77,77,77,77,77,77,77,77,77,77,77,77,77,77,77,38,38,38,38,38,38],"card_choices":[{"not_picked":["Cloak And Dagger","PiercingWail"],"picked":"Masterful Stab","floor":1.0},{"not_picked":["All Out Attack","PiercingWail"],"picked":"Cloak And Dagger","floor":2.0},{"not_picked":["Poisoned Stab","Concentrate"],"picked":"Masterful Stab","floor":3.0},{"not_picked":["Dodge and Roll","Doppelganger"],"picked":"Corpse Explosion","floor":6.0},{"not_picked":["Dagger Throw","Reflex"],"picked":"PiercingWail","floor":8.0},{"not_picked":["A Thousand Cuts","Venomology"],"picked":"Burst","floor":16.0},{"not_picked":["Quick Slash","Bane"],"picked":"Backflip+1","floor":18},{"not_picked":["Underhanded Strike","Catalyst"],"picked":"Flechettes","floor":20}],"player_experience":166727,"relics_obtained":[{"floor":6.0,"key":"WingedGreaves"},{"floor":9.0,"key":"The Specimen"},{"floor":20,"key":"Red Mask"}],"event_choices":[{"damage_healed":0.0,"max_hp_gain":0.0,"max_hp_loss":0.0,"gold_gain":0.0,"event_name":"The Cleric","player_choice":"Leave","floor":4.0,"gold_loss":0.0,"damage_taken":0.0},{"damage_healed":0.0,"max_hp_gain":0.0,"max_hp_loss":0.0,"gold_gain":175.0,"event_name":"Liars Game","player_choice":"AGREE","floor":5.0,"gold_loss":0.0,"damage_taken":0.0,"cards_obtained":["Doubt"]},{"damage_healed":0.0,"max_hp_gain":0.0,"max_hp_loss":0.0,"gold_gain":75.0,"event_name":"World of Goop","player_choice":"Gather Gold","floor":11.0,"gold_loss":0.0,"damage_taken":11.0},{"damage_healed":19.0,"max_hp_gain":0.0,"max_hp_loss":0.0,"gold_gain":0.0,"event_name":"Mushrooms","player_choice":"Healed and dodged fight","floor":14.0,"gold_loss":0.0,"damage_taken":0.0,"cards_obtained":["Parasite"]},{"damage_healed":0,"gold_gain":0,"player_choice":"Became a Ghost","damage_taken":0,"max_hp_gain":0,"max_hp_loss":39,"event_name":"Ghosts","floor":19,"gold_loss":0,"cards_obtained":["Ghostly","Ghostly","Ghostly","Ghostly","Ghostly"]},{"damage_healed":0,"gold_gain":0,"player_choice":"Fought Bandits","damage_taken":0,"max_hp_gain":0,"max_hp_loss":0,"event_name":"Masked Bandits","floor":20,"gold_loss":0},{"damage_healed":0,"gold_gain":0,"player_choice":"Read","damage_taken":0,"max_hp_gain":0,"max_hp_loss":0,"event_name":"The Library","floor":21,"gold_loss":0,"cards_obtained":["Bouncing Flask"]}],"is_beta":false,"boss_relics":[{"not_picked":["Empty Cage","Fusion Hammer"],"picked":"Ring of the Serpent"}],"items_purged_floors":[],"is_endless":false,"potions_floor_spawned":[1,3,8,18,20],"killed_by":"Book of Stabbing","ascension_level":0}}