{"host":"uonldg9uriwfhjjx","time":1614317408,"event":{"mods":["AchievementEnabler","BaseMod","Colored Map","Colored Powertips","Curses Come First","Highlight Path","Minty Spire (QoL Compilation)","Rare Cards Sparkle","Relic Stats","StSLib","The Cursed","The Marked"],"gold_per_floor":[118,43,62,78,228,255,255,255,331,331,347,347,375,387,387,387,387],"floor_reached":16,"language":"ENG","playtime":640,"items_purged":["Strike_G"],"score":208,"play_id":"d3c350dc-00b7-474b-bf66-ecc6d428097e","local_time":"20210226003008","is_ascension_mode":true,"campfire_choices":[{"data":"Deadly Poison","floor":8,"key":"SMITH"},{"data":"Blur","floor":12,"key":"SMITH"},{"floor":15,"key":"REST"}],"circlet_count":0,"master_deck":["AscendersBane","Strike_G","Strike_G","Strike_G","Strike_G","Defend_G","Defend_G","Defend_G","Defend_G","Defend_G","Survivor","Neutralize+1","Blur+1","PiercingWail","Deadly Poison+1","Escape Plan"],"relics":["Ring of the Snake","Singing Bowl","Eternal Feather","Pantograph","Spirit Poop","Thread and Needle"],"acts_visited":["Exordium"],"potions_floor_usage":[5,6],"damage_taken":[{"damage":0,"enemies":"2 Louse","floor":1,"turns":3},{"damage":2,"enemies":"Jaw Worm","floor":3,"turns":5},{"damage":0,"enemies":"Small Slimes","floor":4,"turns":6},{"damage":9,"enemies":"3 Sentries","floor":6,"turns":5},{"damage":29,"enemies":"Gremlin Gang","floor":11,"turns":8},{"damage":21,"enemies":"Lagavulin","floor":13,"turns":8},{"damage":1,"enemies":"Lots of Slimes","floor":14,"turns":7},{"damage":78,"enemies":"Slime Boss","floor":16,"turns":14}],"seed_played":"-258638998090211454","potions_obtained":[{"floor":3,"key":"SkillPotion"},{"floor":4,"key":"Fruit Juice"}],"is_trial":false,"path_per_floor":["M","$","M","M","?","E","T","R","T","?","M","R","E","M","R","B"],"character_chosen":"THE_SILENT","items_purchased":[],"campfire_rested":1,"item_purchase_floors":[],"current_hp_per_floor":[59,59,57,57,62,53,53,62,62,62,33,42,23,24,55,0,0],"gold":387,"neow_bonus":"UPGRADE_CARD","is_daily":false,"chose_seed":false,"campfire_upgraded":2,"win_rate":0.0,"timestamp":1614317408,"path_taken":["M","$","M","M","?","E","?","R","T","?","M","R","E","M","R","BOSS"],"items_purchased_type":[],"build_version":"2020-12-22","purchased_purges":1,"victory":false,"max_hp_per_floor":[66,66,66,66,71,71,71,71,71,71,71,71,73,75,75,75,75],"relic_stats":{"Singing Bowl":4,"counters":[8,56],"Pantograph":20,"Eternal Feather":27,"obtain_stats":[{"Singing Bowl":6,"Pantograph":9,"Spirit Poop":10,"Eternal Feather":7,"Thread and Needle":13,"Ring of the Snake":0},{"Singing Bowl":4,"Pantograph":4,"Spirit Poop":4,"Eternal Feather":4,"Thread and Needle":6,"Ring of the Snake":0},{"Singing Bowl":19,"Pantograph":19,"Spirit Poop":19,"Eternal Feather":19,"Thread and Needle":35,"Ring of the Snake":0}],"Ring of the Snake":[16]},"card_choices":[{"not_picked":["Backflip","Escape Plan"],"picked":"Blur","floor":1},{"not_picked":["Bane","Acrobatics"],"picked":"PiercingWail","floor":3},{"not_picked":["Masterful Stab","Quick Slash","Eviscerate"],"picked":"SKIP","floor":4},{"not_picked":["Glass Knife","Deflect"],"picked":"Deadly Poison","floor":6},{"not_picked":["Backstab","Backflip"],"picked":"Escape Plan","floor":11},{"not_picked":["Flying Knee","Slice","Blur"],"picked":"Singing Bowl","floor":13},{"not_picked":["Blade Dance","Caltrops","Slice"],"picked":"Singing Bowl","floor":14}],"player_experience":835899,"relics_obtained":[{"floor":6,"key":"Singing Bowl"},{"floor":7,"key":"Eternal Feather"},{"floor":9,"key":"Pantograph"},{"floor":13,"key":"Thread and Needle"}],"event_choices":[{"damage_healed":0,"gold_gain":150,"player_choice":"AGREE","damage_taken":0,"max_hp_gain":0,"max_hp_loss":0,"event_name":"Liars Game","floor":5,"gold_loss":0,"cards_obtained":["Doubt"]},{"cards_removed":["Doubt"],"damage_healed":0,"gold_gain":0,"player_choice":"Offered Curse","damage_taken":0,"relics_obtained":["Spirit Poop"],"max_hp_gain":0,"max_hp_loss":0,"event_name":"Bonfire Elementals","floor":10,"gold_loss":0}],"is_beta":false,"boss_relics":[],"items_purged_floors":[2],"is_endless":false,"potions_floor_spawned":[3,4],"killed_by":"Slime Boss","ascension_level":18}}