{"host":"dapjhzz8gxmkyyt6","time":1614319825,"event":{"mods":["BaseMod","BetterRewards","Hubris","Infinite Spire","Minty Spire (QoL Compilation)","Replay The Spire","Somnambulant","StSLib","The Blackbeard","The Jungle","The Necromancer"],"gold_per_floor":[110,124,0,0,14,14,44,57,57,68,102,102,52,72,72,177,177,191,391,5,5,16,16,27,57,81,81,81,81],"floor_reached":27,"language":"ENG","playtime":1174,"items_purged":["blackbeard:BlackbeardStrike","Normality"],"score":285,"play_id":"3e341ed7-1479-4dd1-9eea-b7e24512500f","local_time":"20210226011025","is_ascension_mode":false,"campfire_choices":[{"floor":6,"key":"RECALL"},{"floor":12,"key":"REST"},{"data":"blackbeard:Halberd","floor":15,"key":"SMITH"},{"floor":23,"key":"REST"}],"circlet_count":0,"master_deck":["blackbeard:BlackbeardStrike+1","blackbeard:BlackbeardStrike+1","blackbeard:BlackbeardStrike","blackbeard:IntimidatingStrike","blackbeard:BlackbeardDefend","blackbeard:BlackbeardDefend","blackbeard:BlackbeardDefend","blackbeard:Cutlass","blackbeard:Spear","blackbeard:GoldenCannonball+1","Electrodynamics+1","blackbeard:Halberd+1","blackbeard:Sword","blackbeard:FieryDefense","blackbeard:BlindAttacks","blackbeard:Rum","blackbeard:GoldenDefense","blackbeard:BlindAttacks","blackbeard:CaptainsHat","CurseOfTheBell","blackbeard:RearmingStrike","blackbeard:Shrapnel+1","blackbeard:RearmingStrike","blackbeard:PowderKeg","blackbeard:RearmingStrike+1","blackbeard:BrownPants"],"relics":["blackbeard:LoadTheCannons","NeowsBlessing","infinitespire:WardingShard","Toy Ornithopter","Calling Bell","infinitespire:Eraser","hubris:64BitClover","Whetstone","blackbeard:HipFlask","Oddly Smooth Stone"],"acts_visited":["Exordium","Exordium"],"potions_floor_usage":[10,11,18,18,25,25],"damage_taken":[{"damage":0,"enemies":"Cultist","floor":1,"turns":1},{"damage":0,"enemies":"Jaw Worm","floor":2,"turns":1},{"damage":0,"enemies":"2 Louse","floor":5,"turns":1},{"damage":50,"enemies":"Lagavulin","floor":7,"turns":9},{"damage":13,"enemies":"Exordium Wildlife","floor":8,"turns":3},{"damage":3,"enemies":"2 Fungi Beasts","floor":10,"turns":3},{"damage":0,"enemies":"Blue Slaver","floor":11,"turns":1},{"damage":0,"enemies":"Exordium Thugs","floor":14,"turns":2},{"damage":0,"enemies":"Slime Boss","floor":16,"turns":5},{"damage":5,"enemies":"theJungle:Flameango_and_Byrd","floor":18,"turns":7},{"damage":21,"enemies":"theJungle:5_Spyders","floor":22,"turns":6},{"damage":19,"enemies":"theJungle:SlimyTreeVines","floor":24,"turns":5},{"damage":14,"enemies":"theJungle:Cassacara","floor":25,"turns":5},{"damage":47,"enemies":"Nightmare","floor":27,"turns":5}],"seed_played":"6111075936090023685","potions_obtained":[{"floor":1,"key":"Milkshake"},{"floor":2,"key":"SpeedPotion"},{"floor":10,"key":"ColorlessPotion"},{"floor":11,"key":"Weak Potion"},{"floor":16,"key":"Ancient Potion"},{"floor":22,"key":"DuplicationPotion"},{"floor":24,"key":"EssenceOfSteel"},{"floor":25,"key":"CultistPotion"}],"is_trial":false,"path_per_floor":["M","M","$","?","M","R","E","M","T","M","M","R","?","M","R","B",null,"M","?","$","?","M","R","M","E","T","NM"],"character_chosen":"BLACKBEARD_CLASS","items_purchased":["blackbeard:GoldenCannonball+1","Whetstone","blackbeard:Shrapnel+1","blackbeard:RearmingStrike","BlessingOfTheForge"],"campfire_rested":2,"item_purchase_floors":[3,20,20,20,20],"current_hp_per_floor":[75,75,75,75,75,75,25,12,12,14,19,41,41,41,41,41,75,70,70,70,62,41,63,50,46,46,0,0,0],"gold":81,"neow_bonus":"THREE_ENEMY_KILL","is_daily":false,"chose_seed":false,"campfire_upgraded":1,"win_rate":0.0,"timestamp":1614319825,"path_taken":["M","M","?","?","M","R","E","M","T","?","M","R","?","M","R","BOSS","M","?","$","?","M","R","M","E","T","NM"],"items_purchased_type":["Card","Relic","Card","Card","Potion"],"build_version":"2020-12-22","purchased_purges":2,"victory":false,"max_hp_per_floor":[75,75,75,75,75,75,75,75,75,75,75,75,75,75,75,75,75,75,75,75,75,75,75,75,75,75,75,75,75],"card_choices":[{"not_picked":["blackbeard:Fencing","blackbeard:CloakAndCannonball"],"picked":"blackbeard:Spear","floor":1},{"not_picked":["blackbeard:PowderKeg","blackbeard:DoubleCannonball"],"picked":"blackbeard:FieryDefense","floor":2},{"not_picked":["blackbeard:TacticalRetreat","blackbeard:SwordDance"],"picked":"blackbeard:Halberd","floor":5},{"not_picked":["blackbeard:BrownPants","blackbeard:Rum"],"picked":"blackbeard:Sword","floor":7},{"not_picked":["blackbeard:Dagger","blackbeard:Eyepatch"],"picked":"blackbeard:FieryDefense","floor":8},{"not_picked":["blackbeard:WeaponMastery","blackbeard:BrownPants"],"picked":"blackbeard:BlindAttacks","floor":10},{"not_picked":["blackbeard:DeadlyArsenal","blackbeard:Dagger"],"picked":"blackbeard:Rum","floor":11},{"not_picked":["blackbeard:VengefulSpirit","blackbeard:DelayedPain"],"picked":"blackbeard:BlindAttacks","floor":14},{"not_picked":["blackbeard:GoldenGuillotine","blackbeard:WeaponMastery"],"picked":"blackbeard:CaptainsHat","floor":16},{"not_picked":["blackbeard:AgileStrike+1","blackbeard:GhostInTheRum"],"picked":"blackbeard:RearmingStrike","floor":18},{"not_picked":["blackbeard:WeaponProficiency+1","blackbeard:PiratesWill"],"picked":"blackbeard:PowderKeg","floor":22},{"not_picked":["blackbeard:Spear","blackbeard:GoldenDefense"],"picked":"blackbeard:RearmingStrike+1","floor":24},{"not_picked":["blackbeard:GhostInTheRum","blackbeard:Recklessness"],"picked":"blackbeard:BrownPants","floor":25}],"player_experience":7353880,"relics_obtained":[{"floor":7,"key":"infinitespire:WardingShard"},{"floor":9,"key":"Toy Ornithopter"},{"floor":17,"key":"infinitespire:Eraser"},{"floor":17,"key":"hubris:64BitClover"},{"floor":25,"key":"blackbeard:HipFlask"},{"floor":26,"key":"Oddly Smooth Stone"}],"event_choices":[{"cards_removed":["blackbeard:FieryDefense"],"damage_healed":0,"gold_gain":0,"player_choice":"Took Card","damage_taken":0,"max_hp_gain":0,"max_hp_loss":0,"event_name":"NoteForYourself","floor":4,"gold_loss":0,"cards_obtained":["Electrodynamics"]},{"damage_healed":0,"gold_gain":0,"player_choice":"blackbeard:GoldenDefense","damage_taken":0,"max_hp_gain":0,"max_hp_loss":0,"event_name":"blackbeard:GoldsmithEvent","floor":13,"gold_loss":0,"cards_obtained":["blackbeard:GoldenDefense"]}],"is_beta":false,"boss_relics":[{"not_picked":["Philosopher\u0027s Stone","Snecko Eye"],"picked":"Calling Bell"}],"items_purged_floors":[3,20],"is_endless":false,"potions_floor_spawned":[1,2,10,11,16,22,24,25],"killed_by":"Nightmare","ascension_level":0}}