{"host":"0cm5wy4nhuju7tij","time":1614346935,"event":{"mods":["2.2 Compatiblity","AchievementEnabler","BaseMod","Better Third Choice","BetterRewards","Colored Powertips","Curses Come First","Custom Start","Displayed Cursed Tome","Downfall","Energized Spire","Evolution","Filter the Spire","Fireblade Mod","Highlight Path","Jess\u0027s Bottle","KinomotoSakuraMod(????)","Minty Spire (QoL Compilation)","Permanent Neow","Poor People Problems","Relic Filter Mod","Relic Stats","Shop Mod","Spicy Shops","StSLib","The Cursed","The Servant 0.9.4","TheSwordswoman","TheVacant","Weighted Paths"],"gold_per_floor":[118,135,154,169,180,180,214,214,514,524,543,571,571,5,5,103,103,87,98,114,127,145,145,171,131,131,147,147,147],"floor_reached":28,"language":"ENG","playtime":1921,"items_purged":["FireBladeMod:DefendFireBlade"],"score":281,"play_id":"0c1c94df-6820-426e-96aa-666478de7905","local_time":"20210226084215","is_ascension_mode":false,"campfire_choices":[{"data":"FireBladeMod:ThirdDegree","floor":6,"key":"SMITH"},{"data":"FireBladeMod:RapidDodges","floor":8,"key":"SMITH"},{"floor":15,"key":"REST"},{"data":"FireBladeMod:ThirstForBlood","floor":23,"key":"SMITH"}],"circlet_count":0,"master_deck":["FireBladeMod:ComboCleave","FireBladeMod:ComboCleave","FireBladeMod:ComboCleave","FireBladeMod:ComboCleave","FireBladeMod:Turtle","FireBladeMod:Turtle","FireBladeMod:DefendFireBlade","FireBladeMod:FlamingSword","FireBladeMod:FireBarrier","FireBladeMod:ThirdDegree+1","FireBladeMod:ComplexDefense","FireBladeMod:SmashingEndurance","FireBladeMod:Robust","FireBladeMod:ComboSlashes","FireBladeMod:RapidDodges+1","FireBladeMod:ThirstForBlood+1","FireBladeMod:BasicSmash","FireBladeMod:ThirdDegree","FireBladeMod:ScorchingStrike+1","FireBladeMod:Ignition","FireBladeMod:QuickJabs+1","FireBladeMod:Turtle","FireBladeMod:Blitzkreig","FireBladeMod:HealthyEndurance","FireBladeMod:SmokeScreen","FireBladeMod:ComboCleave+1","FireBladeMod:ThirdDegree+1","FireBladeMod:ScorchingCleave+1"],"relics":["FireBladeMod:DuelistLocket","EVO:Axolotl","Thread and Needle","Old Coin","Singing Bowl","Molten Egg 2","Orrery","bronze:MakeshiftBattery","Bird Faced Urn","Kunai"],"acts_visited":["Exordium","TheCity"],"potions_floor_usage":[16,24],"damage_taken":[{"damage":0,"enemies":"Jaw Worm","floor":1,"turns":3},{"damage":6,"enemies":"Cultist","floor":2,"turns":4},{"damage":1,"enemies":"2 Louse","floor":3,"turns":3},{"damage":5,"enemies":"Blue Slaver","floor":4,"turns":5},{"damage":0,"enemies":"Large Slime","floor":5,"turns":5},{"damage":9,"enemies":"3 Sentries","floor":7,"turns":7},{"damage":5,"enemies":"2 Fungi Beasts","floor":10,"turns":3},{"damage":2,"enemies":"Gremlin Gang","floor":11,"turns":4},{"damage":23,"enemies":"Lagavulin","floor":12,"turns":10},{"damage":10,"enemies":"The Guardian","floor":16,"turns":10},{"damage":1,"enemies":"2 Thieves","floor":18,"turns":4},{"damage":0,"enemies":"3 Byrds","floor":19,"turns":3},{"damage":1,"enemies":"Snecko","floor":20,"turns":6},{"damage":7,"enemies":"Shelled Parasite and Fungi","floor":21,"turns":7},{"damage":7,"enemies":"Snake Plant","floor":22,"turns":3},{"damage":38,"enemies":"Slavers","floor":24,"turns":5},{"damage":26,"enemies":"Sentry and Sphere","floor":27,"turns":5},{"damage":34,"enemies":"Gremlin Leader","floor":28,"turns":3}],"seed_played":"3637279152759993645","potions_obtained":[{"floor":1,"key":"FireBladeMod:FervorPotion"},{"floor":7,"key":"Guardian:BlockOnCardUsePotion"},{"floor":10,"key":"Block Potion"},{"floor":18,"key":"Explosive Potion"}],"is_trial":false,"path_per_floor":["M","M","M","M","M","R","E","R","T","M","M","E","?","$","R","B",null,"M","M","M","M","M","R","E","?","T","M","E"],"character_chosen":"THE_FIREBLADE","items_purchased":["FireBladeMod:ThirdDegree","Molten Egg 2","Orrery","FireBladeMod:Turtle"],"campfire_rested":1,"item_purchase_floors":[14,14,14,14],"current_hp_per_floor":[70,64,63,58,58,58,49,49,49,44,42,21,21,25,47,37,76,75,75,74,73,66,66,36,36,36,26,0,0],"gold":147,"neow_bonus":"ONE_RANDOM_RARE_CARD","is_daily":false,"chose_seed":false,"campfire_upgraded":3,"win_rate":0.0,"timestamp":1614346935,"path_taken":["M","M","M","M","M","R","E","R","T","M","M","E","?","$","R","BOSS","M","?","M","M","M","R","E","?","T","M","E"],"items_purchased_type":["Card","Relic","Relic","Card"],"build_version":"2020-12-22","purchased_purges":1,"victory":false,"max_hp_per_floor":[70,70,70,70,70,70,70,70,70,70,70,72,72,76,76,76,76,76,76,76,76,76,76,78,78,78,80,80,80],"relic_stats":{"Singing Bowl":10,"counters":[18,89],"Bird Faced Urn":[10],"Kunai":[1],"obtain_stats":[{"Singing Bowl":12,"FireBladeMod:DuelistLocket":0,"Bird Faced Urn":24,"Orrery":14,"Thread and Needle":7,"Molten Egg 2":14,"EVO:Axolotl":0,"Kunai":26,"bronze:MakeshiftBattery":17,"Old Coin":9},{"Singing Bowl":9,"FireBladeMod:DuelistLocket":0,"Bird Faced Urn":16,"Orrery":9,"Thread and Needle":6,"Molten Egg 2":9,"EVO:Axolotl":0,"Kunai":16,"bronze:MakeshiftBattery":10,"Old Coin":6},{"Singing Bowl":43,"FireBladeMod:DuelistLocket":0,"Bird Faced Urn":81,"Orrery":43,"Thread and Needle":26,"Molten Egg 2":43,"EVO:Axolotl":0,"Kunai":81,"bronze:MakeshiftBattery":53,"Old Coin":26}]},"card_choices":[{"not_picked":["FireBladeMod:Speed","FireBladeMod:ComboSlashes"],"picked":"FireBladeMod:ThirdDegree","floor":1},{"not_picked":["FireBladeMod:ComboSlashes","FireBladeMod:RollWithTheBlow"],"picked":"FireBladeMod:ComplexDefense","floor":2},{"not_picked":["FireBladeMod:SteadyEndurance","FireBladeMod:Reposition"],"picked":"FireBladeMod:SmashingEndurance","floor":3},{"not_picked":["FireBladeMod:Shove","FireBladeMod:Wildfire"],"picked":"FireBladeMod:Robust","floor":4},{"not_picked":["FireBladeMod:TorsoSmash","FireBladeMod:FerventSlash"],"picked":"FireBladeMod:ComboSlashes","floor":5},{"not_picked":["FireBladeMod:Refreshment","FireBladeMod:SpiritEndurance"],"picked":"FireBladeMod:RapidDodges","floor":7},{"not_picked":["FireBladeMod:SoulStrike","FireBladeMod:WellPrepared"],"picked":"FireBladeMod:ThirstForBlood","floor":10},{"not_picked":["FireBladeMod:MomentumStrikes","FireBladeMod:BackhandSwing"],"picked":"FireBladeMod:BasicSmash","floor":11},{"not_picked":["FireBladeMod:WellPrepared","FireBladeMod:Tempo","FireBladeMod:DoubleDash"],"picked":"Singing Bowl","floor":12},{"not_picked":["FireBladeMod:SpinningSmash+1","FireBladeMod:FerventSlash+1"],"picked":"FireBladeMod:ScorchingStrike+1","floor":14},{"not_picked":["FireBladeMod:IronEndurance","FireBladeMod:SmokeInTheEyes"],"picked":"FireBladeMod:Ignition","floor":14},{"not_picked":["FireBladeMod:Feint","FireBladeMod:TorsoSmash+1","FireBladeMod:SmokySwing+1"],"picked":"Singing Bowl","floor":14},{"not_picked":["FireBladeMod:ComplexAttack+1","FireBladeMod:SteadyEndurance"],"picked":"FireBladeMod:QuickJabs+1","floor":14},{"not_picked":["FireBladeMod:Shove+1","FireBladeMod:ComplexAttack+1","FireBladeMod:TorsoSmash+1"],"picked":"Singing Bowl","floor":14},{"not_picked":["FireBladeMod:RapidHits","FireBladeMod:BodyAsFuel"],"picked":"FireBladeMod:Blitzkreig","floor":16},{"not_picked":["FireBladeMod:FinishingBarrage+1","FireBladeMod:ComplexDefense"],"picked":"FireBladeMod:HealthyEndurance","floor":18},{"not_picked":["FireBladeMod:ComplexDefense","FireBladeMod:EruptionSlash+1"],"picked":"FireBladeMod:SmokeScreen","floor":19},{"not_picked":["FireBladeMod:LayeredDefense","FireBladeMod:SpiritEndurance"],"picked":"FireBladeMod:ComboCleave+1","floor":20},{"not_picked":["FireBladeMod:ComboSlashes+1","FireBladeMod:StingingSlash+1"],"picked":"FireBladeMod:ThirdDegree+1","floor":21},{"not_picked":["FireBladeMod:ScorchingStrike+1","FireBladeMod:IronEndurance+1"],"picked":"FireBladeMod:ScorchingCleave+1","floor":22},{"not_picked":["FireBladeMod:EruptionSlash+1","FireBladeMod:BackhandSwing+1","FireBladeMod:QuickJabs+1"],"picked":"Singing Bowl","floor":24},{"not_picked":["FireBladeMod:ScorchingStrike+1","FireBladeMod:Shove+1","FireBladeMod:SteadyEndurance+1"],"picked":"Singing Bowl","floor":27}],"player_experience":466101,"relics_obtained":[{"floor":7,"key":"Thread and Needle"},{"floor":9,"key":"Old Coin"},{"floor":12,"key":"Singing Bowl"},{"floor":24,"key":"Bird Faced Urn"},{"floor":26,"key":"Kunai"}],"event_choices":[{"cards_removed":["FireBladeMod:BodyAsFuel"],"damage_healed":0,"gold_gain":0,"player_choice":"Card Removal","damage_taken":0,"max_hp_gain":0,"max_hp_loss":0,"event_name":"Wheel of Change","floor":13,"gold_loss":0}],"is_beta":false,"boss_relics":[{"not_picked":["Busted Crown","energizedSpire:EnergizedDie"],"picked":"bronze:MakeshiftBattery"}],"items_purged_floors":[14],"is_endless":false,"potions_floor_spawned":[1,7,10,11,12,18,19,22],"killed_by":"Gremlin Leader","ascension_level":0}}