{"host":"vhu12qr9yy4p5pn7","time":1614353257,"event":{"mods":["BaseMod","Challenge The Spire","Minty Spire (QoL Compilation)","Permanent Neow","Quick Restart","Reliquary","Spicy Shops","StSLib","óô»ðÖ¸ÄÏ"],"gold_per_floor":[114,127,144,144,158,158,169,244,244,258,270,282,282,302,302,406,406,420,358,358],"floor_reached":19,"language":"ZHS","playtime":920,"items_purged":[],"score":190,"play_id":"882d829f-8e30-45d8-9ae7-472a26b783be","local_time":"20210226232737","daily_mods":["Chimera","Vintage","Diverse","Heirloom"],"is_ascension_mode":false,"campfire_choices":[{"data":"Eruption","floor":6.0,"key":"SMITH"},{"floor":15.0,"key":"REST"}],"circlet_count":0,"master_deck":["Bash","Survivor","Zap","Eruption+1","Strike_R","Strike_G","Strike_B","Defend_R","Defend_G","Defend_P","Impervious","Double Energy"],"relics":["PureWater","FossilizedHelix","Yang","reliquary:Aerogel","InkBottle","Art of War","CeramicFish","reliquary:QuartzCube","StrikeDummy","Pear","MealTicket","Kunai","PreservedInsect","Velvet Choker","reliquary:TatteredRug"],"acts_visited":["Exordium","TheCity"],"potions_floor_usage":[16,16,16],"damage_taken":[{"damage":0.0,"enemies":"Small Slimes","floor":1.0,"turns":2.0},{"damage":6.0,"enemies":"2 Louse","floor":2.0,"turns":3.0},{"damage":0.0,"enemies":"Jaw Worm","floor":3.0,"turns":3.0},{"damage":28.0,"enemies":"Exordium Thugs","floor":5.0,"turns":4.0},{"damage":8.0,"enemies":"Exordium Wildlife","floor":7.0,"turns":3.0},{"damage":0.0,"enemies":"Looter","floor":10.0,"turns":2.0},{"damage":0.0,"enemies":"3 Louse","floor":11.0,"turns":3.0},{"damage":22.0,"enemies":"Large Slime","floor":12.0,"turns":4.0},{"damage":0.0,"enemies":"Blue Slaver","floor":14.0,"turns":3.0},{"damage":41,"enemies":"The Guardian","floor":16,"turns":4},{"damage":5,"enemies":"Chosen","floor":18,"turns":4}],"seed_played":"-1639157050936519709","potions_obtained":[{"floor":2.0,"key":"Dexterity Potion"},{"floor":7.0,"key":"Regen Potion"},{"floor":10.0,"key":"PowerPotion"},{"floor":14.0,"key":"PowerPotion"},{"floor":16,"key":"LiquidBronze"}],"is_trial":true,"path_per_floor":["M","M","M","?","M","R","M","?","T","M","M","M","T","M","R","B",null,"M","$"],"character_chosen":"WATCHER","items_purchased":["Double Energy"],"campfire_rested":1,"item_purchase_floors":[19],"current_hp_per_floor":[72,66,66,71,43,43,35,24,24,29,39,17,17,17,43,2,87,82,87,87],"gold":358,"neow_bonus":"","is_daily":false,"chose_seed":false,"campfire_upgraded":1,"win_rate":0.0,"timestamp":1614353257,"path_taken":["M","M","M","?","M","R","M","?","T","?","M","M","?","M","R","BOSS","M","$"],"items_purchased_type":["Card"],"build_version":"2020-11-29","purchased_purges":0,"victory":false,"max_hp_per_floor":[72,72,72,77,77,77,77,77,77,77,87,87,87,87,87,87,87,87,87,87],"card_choices":[{"not_picked":["Die Die Die","Limit Break"],"picked":"Impervious","floor":16}],"player_experience":95183,"relics_obtained":[{"floor":1.0,"key":"Yang"},{"floor":2.0,"key":"reliquary:Aerogel"},{"floor":3.0,"key":"InkBottle"},{"floor":5.0,"key":"Art of War"},{"floor":7.0,"key":"CeramicFish"},{"floor":9.0,"key":"reliquary:QuartzCube"},{"floor":10.0,"key":"StrikeDummy"},{"floor":11.0,"key":"Pear"},{"floor":12.0,"key":"MealTicket"},{"floor":13.0,"key":"Kunai"},{"floor":14.0,"key":"PreservedInsect"},{"floor":18,"key":"reliquary:TatteredRug"}],"event_choices":[{"damage_healed":0.0,"max_hp_gain":5.0,"max_hp_loss":0.0,"gold_gain":0.0,"event_name":"Big Fish","player_choice":"Donut","floor":4.0,"gold_loss":0.0,"damage_taken":0.0},{"damage_healed":0.0,"max_hp_gain":0.0,"max_hp_loss":0.0,"gold_gain":75.0,"event_name":"World of Goop","player_choice":"Gather Gold","floor":8.0,"gold_loss":0.0,"damage_taken":11.0}],"is_beta":false,"boss_relics":[{"not_picked":["Tiny House","Runic Pyramid"],"picked":"Velvet Choker"}],"items_purged_floors":[],"is_endless":true,"potions_floor_spawned":[2,7,10,14,16],"ascension_level":0}}