{"host":"99tfb11iqiu41jyj","time":1614332494,"event":{"mods":["2.2 Compatiblity","AchievementEnabler","BaseMod","Colored Powertips","Downfall","Infinite Spire","Minty Spire (QoL Compilation)","Quick Restart","Replay The Spire","StSLib"],"gold_per_floor":[118,135,149,114,7,36,36,96,148,163,193,213,213,226,226,329,329,343,393,410,475,525,525,525,525],"floor_reached":23,"language":"ENG","playtime":1432,"items_purged":[],"score":230,"play_id":"4d2e9c81-0e56-4008-919c-813e1d43e379","local_time":"20210226094134","is_ascension_mode":false,"campfire_choices":[{"data":"sneckomod:RainOfDice","floor":13,"key":"SMITH"},{"floor":15,"key":"REST"}],"circlet_count":0,"master_deck":["sneckomod:Strike","sneckomod:Strike","sneckomod:Strike","sneckomod:Defend","sneckomod:Defend","sneckomod:Defend","sneckomod:TailWhip","sneckomod:SnekBite","sneckomod:Unknown","sneckomod:Unknown","sneckomod:UnknownCommonSkill","sneckomod:QuickBite","sneckomod:WideSting","sneckomod:IronFang","sneckomod:WideSting","sneckomod:UnknownRarePower","sneckomod:QuickMove","sneckomod:UnknownVulnerable","sneckomod:SoulRoll","sneckomod:UnlimitedRolls","sneckomod:RainOfDice+1","sneckomod:Unknown2Cost","sneckomod:Cheat","sneckomod:SoulDraw","Pain","sneckomod:UnknownClassHEXA_GHOST_PURPLE","sneckomod:ImprovisedGuard"],"relics":["sneckomod:SneckoSoul","ReplayTheSpireMod:Ninjato","SsserpentHead","Lantern","infinitespire:Beetle Shell","Sozu","WarpedTongs"],"acts_visited":["Exordium","TheCity"],"potions_floor_usage":[11,11,20,20,20],"damage_taken":[{"damage":0,"enemies":"Cultist","floor":1,"turns":2},{"damage":1,"enemies":"Jaw Worm","floor":2,"turns":3},{"damage":20,"enemies":"Small Slimes","floor":3,"turns":3},{"damage":8,"enemies":"Lagavulin","floor":6,"turns":5},{"damage":1,"enemies":"2 Fungi Beasts","floor":8,"turns":3},{"damage":6,"enemies":"Red Slaver","floor":10,"turns":3},{"damage":0,"enemies":"Gremlin Nob","floor":11,"turns":3},{"damage":12,"enemies":"Large Slime","floor":12,"turns":2},{"damage":3,"enemies":"3 Louse","floor":14,"turns":2},{"damage":30,"enemies":"The Guardian","floor":16,"turns":8},{"damage":15,"enemies":"Spheric Guardian","floor":18,"turns":4},{"damage":21,"enemies":"2 Thieves","floor":20,"turns":4},{"damage":22,"enemies":"Centurion and Healer","floor":21,"turns":7},{"damage":41,"enemies":"Slavers","floor":23,"turns":4}],"seed_played":"989526226798976480","potions_obtained":[{"floor":1,"key":"ColorlessPotion"},{"floor":3,"key":"hexamod:SoulburnPotion"},{"floor":6,"key":"Block Potion"},{"floor":11,"key":"Swift Potion"},{"floor":16,"key":"BlessingOfTheForge"}],"is_trial":false,"path_per_floor":["M","M","M","?","$","E","?","M","T","M","E","M","R","M","R","B",null,"M","?","M","M","?","E"],"character_chosen":"THE_SNECKO","items_purchased":["sneckomod:IronFang","sneckomod:WideSting"],"campfire_rested":1,"item_purchase_floors":[5,5],"current_hp_per_floor":[99,98,78,99,99,91,91,90,90,84,84,72,72,69,98,68,99,84,84,63,41,41,0,0,0],"gold":525,"neow_bonus":"TEN_PERCENT_HP_BONUS","is_daily":false,"chose_seed":false,"campfire_upgraded":1,"win_rate":0.0,"timestamp":1614332494,"path_taken":["M","M","?","?","$","E","?","?","T","M","E","M","R","M","R","BOSS","M","?","M","?","?","E"],"items_purchased_type":["Card","Card"],"build_version":"2020-12-22","purchased_purges":0,"victory":false,"max_hp_per_floor":[99,99,99,99,99,99,99,99,99,99,99,99,99,99,99,99,99,99,99,99,99,99,99,99,99],"card_choices":[{"not_picked":["sneckomod:SoulCleanse","sneckomod:DiceCrush"],"picked":"sneckomod:UnknownCommonSkill","floor":1},{"not_picked":["sneckomod:Unknown1Cost","sneckomod:DefensiveFlair"],"picked":"sneckomod:QuickBite","floor":2},{"not_picked":["sneckomod:SlitherStrike","sneckomod:UnknownExhaust"],"picked":"sneckomod:WideSting","floor":3},{"not_picked":["sneckomod:SnakeSap","sneckomod:QuickBite"],"picked":"sneckomod:UnknownRarePower","floor":6},{"not_picked":["sneckomod:UnknownUncommonPower","sneckomod:UnknownBlock"],"picked":"sneckomod:QuickMove","floor":6},{"not_picked":["sneckomod:UnknownUncommonPower","sneckomod:UnknownExhaust"],"picked":"sneckomod:UnknownVulnerable","floor":8},{"not_picked":["sneckomod:SoulCleanse","sneckomod:DiceBlock"],"picked":"sneckomod:SoulRoll","floor":10},{"not_picked":["sneckomod:UnknownWeak","sneckomod:DiceCrush"],"picked":"sneckomod:UnlimitedRolls","floor":11},{"not_picked":["sneckomod:UnknownBlock","sneckomod:SlitherStrike"],"picked":"sneckomod:RainOfDice","floor":12},{"not_picked":["sneckomod:SerpentIdol","sneckomod:QuickBite"],"picked":"sneckomod:Unknown2Cost","floor":14},{"not_picked":["sneckomod:Restock","sneckomod:SoulExchange"],"picked":"sneckomod:Cheat","floor":16},{"not_picked":["sneckomod:Unknown0Cost","sneckomod:UnknownBlock"],"picked":"sneckomod:SoulDraw","floor":18},{"not_picked":["sneckomod:DiceBlock","sneckomod:MasterEye"],"picked":"sneckomod:UnknownClassHEXA_GHOST_PURPLE","floor":20},{"not_picked":["sneckomod:UnknownClassINFINITE_BLACK","sneckomod:SoulDraw"],"picked":"sneckomod:ImprovisedGuard","floor":21}],"player_experience":45315,"relics_obtained":[{"floor":6,"key":"ReplayTheSpireMod:Ninjato"},{"floor":9,"key":"Lantern"},{"floor":11,"key":"infinitespire:Beetle Shell"}],"event_choices":[{"damage_healed":24,"gold_gain":0,"player_choice":"Healed","damage_taken":0,"max_hp_gain":0,"max_hp_loss":0,"event_name":"The Cleric","floor":4,"gold_loss":35},{"damage_healed":0,"gold_gain":0,"player_choice":"Trade","damage_taken":0,"relics_obtained":["SsserpentHead"],"max_hp_gain":0,"max_hp_loss":0,"event_name":"FaceTrader","floor":7,"gold_loss":0},{"damage_healed":0,"gold_gain":0,"player_choice":"Rummage","damage_taken":0,"relics_obtained":["WarpedTongs"],"max_hp_gain":0,"max_hp_loss":0,"event_name":"Accursed Blacksmith","floor":19,"gold_loss":0,"cards_obtained":["Pain"]}],"is_beta":false,"boss_relics":[{"not_picked":["infinitespire:Cupcake","Philosopher\u0027s Stone"],"picked":"Sozu"}],"items_purged_floors":[],"is_endless":false,"potions_floor_spawned":[1,3,6,11,16,18],"killed_by":"Slavers","ascension_level":0}}