{"host":"sp1f3sybb350mzsh","time":1614315430,"event":{"mods":["AchievementEnabler","BaseMod","Bestiary","Colored Map","Colored Powertips","Filter the Spire","Highlight Path","Minty Spire (QoL Compilation)","Permanent Neow","Puzzle Mod","RNG Fix","Relic Stats","StSLib","everything is the same but u backflip on backflip"],"gold_per_floor":[116,127,4,4,21,21,21,21,44,77,90,123,123,142,142,244,244,257,257,270,288,304,304,335,335,335,335,210,237,254,267,267,367,367,379,397,397,423,23,52,52,52,52,52,52,52,62,72,72,72],"floor_reached":51,"language":"ENG","playtime":3645,"items_purged":["Clumsy","Strike_G"],"score":770,"play_id":"4c0f8835-082c-421a-81f9-153fe8d4b838","local_time":"20210225225710","is_ascension_mode":true,"campfire_choices":[{"data":"Dagger Spray","floor":6.0,"key":"SMITH"},{"data":"Bouncing Flask","floor":13,"key":"SMITH"},{"data":"Malaise","floor":15,"key":"SMITH"},{"data":"Crippling Poison","floor":23,"key":"SMITH"},{"data":"Acrobatics","floor":25,"key":"SMITH"},{"data":"Strike_G","floor":27,"key":"PURGE"},{"floor":32,"key":"REST"},{"data":"Adrenaline","floor":41,"key":"SMITH"},{"floor":44,"key":"REST"},{"data":"Strike_G","floor":49,"key":"PURGE"}],"circlet_count":0,"master_deck":["Strike_G","Strike_G","Defend_G","Defend_G","Defend_G","Defend_G","Defend_G+1","Survivor","Backflip+1","Dagger Spray+1","Sucker Punch","Bouncing Flask+1","Deadly Poison","Malaise+1","Corpse Explosion","Poisoned Stab+1","Crippling Poison+1","Prepared+1","Acrobatics+1","Blade Dance+1","Dagger Spray+1","Underhanded Strike+1","Adrenaline+1","Catalyst+1","Dash+1","Well Laid Plans","Calculated Gamble","Leg Sweep","Catalyst+1","Blur"],"relics":["Ring of the Snake","Lizard Tail","Ancient Tea Set","Oddly Smooth Stone","Art of War","MealTicket","Sozu","Akabeko","Peace Pipe","Omamori","Cursed Key","Regal Pillow","The Specimen","War Paint","Bronze Scales"],"acts_visited":["Exordium","TheCity","TheBeyond"],"potions_floor_usage":[10,10,24,50],"damage_taken":[{"damage":4.0,"enemies":"Small Slimes","floor":1.0,"turns":7.0},{"damage":0.0,"enemies":"2 Louse","floor":2.0,"turns":3.0},{"damage":2.0,"enemies":"Jaw Worm","floor":5.0,"turns":4.0},{"damage":10,"enemies":"Lagavulin","floor":10,"turns":4},{"damage":5,"enemies":"Exordium Thugs","floor":11,"turns":4},{"damage":9,"enemies":"3 Sentries","floor":12,"turns":9},{"damage":0,"enemies":"Blue Slaver","floor":14,"turns":3},{"damage":4,"enemies":"The Guardian","floor":16,"turns":8},{"damage":11,"enemies":"2 Thieves","floor":18,"turns":4},{"damage":0,"enemies":"Spheric Guardian","floor":20,"turns":3},{"damage":13,"enemies":"Snecko","floor":21,"turns":5},{"damage":8,"enemies":"Shelled Parasite and Fungi","floor":22,"turns":5},{"damage":1,"enemies":"Slavers","floor":24,"turns":2},{"damage":1,"enemies":"Gremlin Leader","floor":29,"turns":7},{"damage":19,"enemies":"Centurion and Healer","floor":30,"turns":4},{"damage":6,"enemies":"Snake Plant","floor":31,"turns":3},{"damage":36,"enemies":"Collector","floor":33,"turns":10},{"damage":0,"enemies":"3 Darklings","floor":35,"turns":1},{"damage":0,"enemies":"3 Shapes","floor":36,"turns":2},{"damage":28,"enemies":"Giant Head","floor":40,"turns":8},{"damage":0,"enemies":"Sphere and 2 Shapes","floor":47,"turns":2},{"damage":17,"enemies":"Spire Growth","floor":48,"turns":4},{"damage":7,"enemies":"Awakened One","floor":50,"turns":13}],"seed_played":"8184920360931437416","potions_obtained":[{"floor":5.0,"key":"FearPotion"},{"floor":8.0,"key":"SteroidPotion"},{"floor":8.0,"key":"SkillPotion"},{"floor":10,"key":"Dexterity Potion"},{"floor":16,"key":"LiquidMemories"}],"is_trial":false,"path_per_floor":["M","M","$","?","M","R","$","?","T","E","M","E","R","M","R","B",null,"M","?","M","M","M","R","E","R","T","R","$","E","M","M","R","B",null,"M","M","?","T","$","E","R","?","T","R","?","?","M","M","R","B",null],"character_chosen":"THE_SILENT","items_purchased":["PowerPotion","Blade Dance","The Specimen","Well Laid Plans","Calculated Gamble"],"campfire_rested":2,"item_purchase_floors":[3,28,39,39,39],"current_hp_per_floor":[66,66,66,66,64,64,64,64,64,54,49,40,40,40,40,36,70,59,59,59,46,38,38,37,37,37,37,52,51,32,26,47,11,70,70,70,70,70,70,42,42,42,42,70,70,70,70,53,53,46],"gold":72,"neow_bonus":"ONE_RARE_RELIC","is_daily":false,"chose_seed":false,"campfire_upgraded":6,"win_rate":0.0,"timestamp":1614315430,"path_taken":["M","M","$","?","?","R","$","?","T","E","M","E","R","?","R","BOSS","M","?","M","M","M","R","E","R","T","R","$","E","M","?","R","BOSS","M","?","?","?","?","E","R","?","T","R","?","?","?","M","R","BOSS"],"items_purchased_type":["Potion","Card","Relic","Card","Card"],"build_version":"2020-12-22","purchased_purges":2,"victory":true,"max_hp_per_floor":[70,70,70,70,70,70,70,70,70,70,70,70,70,70,70,70,70,70,70,70,70,70,70,70,70,70,70,70,70,70,70,70,70,70,70,70,70,70,70,70,70,70,70,70,70,70,70,70,70,70],"relic_stats":{"Sozu":5,"Peace Pipe":2,"Lizard Tail":0,"Regal Pillow":7,"counters":[23,115],"Bronze Scales":[56],"MealTicket":15,"Art of War":[19],"War Paint":["Blade Dance","Defend_G"],"Cursed Key":2,"obtain_stats":[{"Regal Pillow":38,"The Specimen":39,"Oddly Smooth Stone":9,"Omamori":29,"War Paint":40,"Ancient Tea Set":4,"Cursed Key":34,"Akabeko":24,"Sozu":17,"Peace Pipe":26,"Lizard Tail":0,"Bronze Scales":43,"MealTicket":12,"Art of War":10,"Ring of the Snake":0},{"Regal Pillow":19,"The Specimen":19,"Oddly Smooth Stone":3,"Omamori":14,"War Paint":20,"Ancient Tea Set":2,"Cursed Key":17,"Akabeko":13,"Sozu":8,"Peace Pipe":13,"Lizard Tail":0,"Bronze Scales":20,"MealTicket":6,"Art of War":4,"Ring of the Snake":0},{"Regal Pillow":88,"The Specimen":88,"Oddly Smooth Stone":14,"Omamori":68,"War Paint":96,"Ancient Tea Set":10,"Cursed Key":85,"Akabeko":61,"Sozu":42,"Peace Pipe":61,"Lizard Tail":0,"Bronze Scales":96,"MealTicket":31,"Art of War":18,"Ring of the Snake":0}],"Ring of the Snake":[46]},"card_choices":[{"not_picked":["Sucker Punch","Quick Slash"],"picked":"Dash","floor":1.0},{"not_picked":["Bane","Underhanded Strike"],"picked":"Backflip","floor":2.0},{"not_picked":["Deadly Poison","Endless Agony"],"picked":"Dagger Spray","floor":5.0},{"not_picked":["Tactician","Underhanded Strike"],"picked":"Sucker Punch","floor":10},{"not_picked":["Finisher","Poisoned Stab"],"picked":"Bouncing Flask","floor":11},{"not_picked":["Cloak And Dagger","Dagger Throw"],"picked":"Deadly Poison","floor":12},{"not_picked":["Dagger Throw","Blur"],"picked":"Malaise","floor":14},{"not_picked":["A Thousand Cuts","Night Terror"],"picked":"Corpse Explosion","floor":16},{"not_picked":["Distraction","Backstab"],"picked":"Poisoned Stab+1","floor":18},{"not_picked":["Deadly Poison","Dagger Throw+1"],"picked":"Crippling Poison","floor":20},{"not_picked":["Quick Slash","Expertise","Dagger Throw"],"picked":"SKIP","floor":21},{"not_picked":["Caltrops","Finisher"],"picked":"Prepared+1","floor":22},{"not_picked":["All Out Attack","Eviscerate"],"picked":"Acrobatics","floor":24},{"not_picked":["Slice","Terror+1"],"picked":"Dagger Spray+1","floor":29},{"not_picked":["Leg Sweep","Skewer"],"picked":"Underhanded Strike+1","floor":30},{"not_picked":["Choke","Dagger Spray+1","Crippling Poison"],"picked":"SKIP","floor":31},{"not_picked":["Corpse Explosion","Burst"],"picked":"Adrenaline","floor":33},{"not_picked":["Dagger Throw","Poisoned Stab"],"picked":"Catalyst+1","floor":35},{"not_picked":["Poisoned Stab","Terror"],"picked":"Dash+1","floor":36},{"not_picked":["Grand Finale","Eviscerate"],"picked":"Leg Sweep","floor":40},{"not_picked":["Quick Slash","Blade Dance+1","Prepared"],"picked":"SKIP","floor":47},{"not_picked":["Backflip","Expertise"],"picked":"Blur","floor":48}],"player_experience":190353,"relics_obtained":[{"floor":9.0,"key":"Oddly Smooth Stone"},{"floor":10,"key":"Art of War"},{"floor":12,"key":"MealTicket"},{"floor":24,"key":"Akabeko"},{"floor":26,"key":"Peace Pipe"},{"floor":29,"key":"Omamori"},{"floor":38,"key":"Regal Pillow"},{"floor":40,"key":"War Paint"},{"floor":43,"key":"Bronze Scales"}],"event_choices":[{"damage_healed":0.0,"max_hp_gain":0.0,"max_hp_loss":0.0,"gold_gain":0.0,"event_name":"WeMeetAgain","player_choice":"Gave Potion","floor":4.0,"gold_loss":0.0,"damage_taken":0.0,"relics_obtained":["Ancient Tea Set"]},{"damage_healed":0.0,"max_hp_gain":0.0,"max_hp_loss":0.0,"gold_gain":0.0,"event_name":"Lab","player_choice":"Got Potions","floor":8.0,"gold_loss":0.0,"damage_taken":0.0},{"damage_healed":0,"gold_gain":0,"player_choice":"Upgraded","damage_taken":0,"max_hp_gain":0,"max_hp_loss":0,"event_name":"Upgrade Shrine","floor":19,"gold_loss":0,"cards_upgraded":["Backflip"]},{"cards_removed":["Dash"],"damage_healed":0,"gold_gain":0,"player_choice":"Offered Uncommon","damage_taken":0,"max_hp_gain":0,"max_hp_loss":0,"event_name":"Bonfire Elementals","floor":37,"gold_loss":0},{"damage_healed":0,"gold_gain":0,"player_choice":"Copied","damage_taken":0,"max_hp_gain":0,"max_hp_loss":0,"event_name":"Duplicator","floor":42,"gold_loss":0,"cards_obtained":["Catalyst"]},{"damage_healed":0,"gold_gain":0,"player_choice":"Bought 0 Potions","damage_taken":0,"max_hp_gain":0,"max_hp_loss":0,"event_name":"The Woman in Blue","floor":45,"gold_loss":0},{"cards_removed":["Neutralize"],"damage_healed":0,"gold_gain":0,"player_choice":"Removed Attack","damage_taken":0,"max_hp_gain":0,"max_hp_loss":0,"event_name":"Falling","floor":46,"gold_loss":0}],"is_beta":false,"boss_relics":[{"not_picked":["HoveringKite","Fusion Hammer"],"picked":"Sozu"},{"not_picked":["Black Star","Empty Cage"],"picked":"Cursed Key"}],"items_purged_floors":[3,28],"is_endless":false,"potions_floor_spawned":[5,10,16,18,21,24,33,47],"ascension_level":2}}