{"host":"y13mj1mxwnd5xx1x","time":1614306557,"event":{"mods":["AchievementEnabler","BaseMod","Minty Spire (QoL Compilation)"],"gold_per_floor":[118,131,143,163,16,27,53,53,53,116,146,146,171,18,18,115,115,135,125,125,144,178,178,178,178],"floor_reached":24,"language":"ENG","playtime":1127,"items_purged":[],"score":248,"play_id":"6fb6aae9-c5e3-4802-bc4f-b05a3dcca51c","local_time":"20210225202917","is_ascension_mode":true,"campfire_choices":[{"floor":8,"key":"REST"},{"floor":12,"key":"REST"},{"data":"Genetic Algorithm","floor":15,"key":"SMITH"},{"floor":23,"key":"REST"}],"circlet_count":0,"master_deck":["Strike_B","Strike_B","Strike_B","Strike_B","Defend_B","Defend_B","Defend_B","Defend_B","Zap+1","Dualcast","Conserve Battery","Double Energy","Darkness","FTL","Genetic Algorithm+1","Skim","Redo","Core Surge+1","Streamline+1","Amplify","Beam Cell+1","Leap","Genetic Algorithm+1","Doom and Gloom+1","Cold Snap+1"],"relics":["Cracked Core","PreservedInsect","Blue Candle","Strawberry","Boot","Molten Egg 2","DataDisk","Lee\u0027s Waffle","Inserter","Red Mask"],"acts_visited":["Exordium","TheCity"],"potions_floor_usage":[],"damage_taken":[{"damage":6,"enemies":"2 Louse","floor":1,"turns":3},{"damage":5,"enemies":"Jaw Worm","floor":2,"turns":3},{"damage":0,"enemies":"Cultist","floor":3,"turns":4},{"damage":15,"enemies":"2 Fungi Beasts","floor":4,"turns":5},{"damage":6,"enemies":"3 Louse","floor":6,"turns":5},{"damage":26,"enemies":"Gremlin Nob","floor":7,"turns":4},{"damage":12,"enemies":"3 Sentries","floor":10,"turns":5},{"damage":22,"enemies":"Lagavulin","floor":11,"turns":5},{"damage":24,"enemies":"Gremlin Nob","floor":13,"turns":4},{"damage":50,"enemies":"Slime Boss","floor":16,"turns":7},{"damage":0,"enemies":"Chosen","floor":18,"turns":4},{"damage":29,"enemies":"2 Thieves","floor":19,"turns":4},{"damage":27,"enemies":"Chosen and Byrds","floor":21,"turns":7},{"damage":19,"enemies":"Masked Bandits","floor":22,"turns":3},{"damage":45,"enemies":"Gremlin Leader","floor":24,"turns":5}],"seed_played":"-8071965550396981185","potions_obtained":[{"floor":3,"key":"AttackPotion"},{"floor":7,"key":"EssenceOfSteel"},{"floor":11,"key":"SteroidPotion"},{"floor":18,"key":"FocusPotion"}],"is_trial":false,"path_per_floor":["M","M","M","M","$","M","E","R","T","?","E","R","E","$","R","B",null,"M","M","?","M","?","R","E"],"character_chosen":"DEFECT","items_purchased":["PreservedInsect","Lee\u0027s Waffle"],"campfire_rested":3,"item_purchase_floors":[5,14],"current_hp_per_floor":[69,64,64,49,49,43,17,39,46,34,12,36,12,89,89,39,89,89,60,60,33,14,40,0,0],"gold":178,"neow_bonus":"UPGRADE_CARD","is_daily":false,"chose_seed":false,"campfire_upgraded":1,"win_rate":0.0,"timestamp":1614306557,"path_taken":["M","M","M","M","$","M","E","R","T","?","E","R","E","$","R","BOSS","M","M","?","?","?","R","E"],"items_purchased_type":["Relic","Relic"],"build_version":"2020-12-22","purchased_purges":0,"victory":false,"max_hp_per_floor":[75,75,75,75,75,75,75,75,82,82,82,82,82,89,89,89,89,89,89,89,89,89,89,89,89],"card_choices":[{"not_picked":["Coolheaded","Hologram"],"picked":"Conserve Battery","floor":1},{"not_picked":["Static Discharge","Heatsinks"],"picked":"Double Energy","floor":2},{"not_picked":["Coolheaded","Hologram"],"picked":"Darkness","floor":3},{"not_picked":["Rebound","Beam Cell"],"picked":"FTL","floor":4},{"not_picked":["Ball Lightning","Sweeping Beam"],"picked":"Genetic Algorithm","floor":6},{"not_picked":["Steam","Melter"],"picked":"Skim","floor":7},{"not_picked":["Rebound","Conserve Battery"],"picked":"Redo","floor":10},{"not_picked":["Compile Driver+1","Sweeping Beam+1"],"picked":"Core Surge+1","floor":11},{"not_picked":["Compile Driver+1","Fusion"],"picked":"Streamline+1","floor":13},{"not_picked":["Reboot","Rainbow"],"picked":"Amplify","floor":16},{"not_picked":["Coolheaded","Loop"],"picked":"Beam Cell+1","floor":18},{"not_picked":["Ball Lightning+1","Streamline+1"],"picked":"Leap","floor":19},{"not_picked":["Beam Cell+1","Streamline+1"],"picked":"Doom and Gloom+1","floor":21},{"not_picked":["Coolheaded+1","Hologram"],"picked":"Cold Snap+1","floor":22}],"player_experience":227509,"relics_obtained":[{"floor":7,"key":"Blue Candle"},{"floor":9,"key":"Strawberry"},{"floor":11,"key":"Molten Egg 2"},{"floor":13,"key":"DataDisk"},{"floor":22,"key":"Red Mask"}],"event_choices":[{"damage_healed":0,"gold_gain":30,"player_choice":"Searched \u00273\u0027 times","damage_taken":0,"relics_obtained":["Boot"],"max_hp_gain":0,"max_hp_loss":0,"event_name":"Dead Adventurer","floor":10,"gold_loss":0},{"damage_healed":0,"gold_gain":0,"player_choice":"Copied","damage_taken":0,"max_hp_gain":0,"max_hp_loss":0,"event_name":"Duplicator","floor":20,"gold_loss":0,"cards_obtained":["Genetic Algorithm"]},{"damage_healed":0,"gold_gain":0,"player_choice":"Fought Bandits","damage_taken":0,"max_hp_gain":0,"max_hp_loss":0,"event_name":"Masked Bandits","floor":22,"gold_loss":0}],"is_beta":false,"boss_relics":[{"not_picked":["Philosopher\u0027s Stone","Empty Cage"],"picked":"Inserter"}],"items_purged_floors":[],"is_endless":false,"potions_floor_spawned":[3,7,11,18,21],"killed_by":"Gremlin Leader","ascension_level":3}}