{"host":"wshey5htrz8rni6u","time":1614334244,"event":{"mods":["2.2 Compatiblity","BaseMod","Block Reminder","Colored Map","Colored Powertips","Current Relic Mod","Curses Come First","Dark Map","Key Reminder","Keyboard Shortcuts","Minty Spire (QoL Compilation)","Potion Indicator Mod","Quick Restart","Random Character Button","Relic Sorter","Relic Stats","StSLib","SuperFastMode","Unceasing Turn Reminder","UnlockEverythingMod","Weighted Paths"],"gold_per_floor":[115,115,115,40,50,50,85,85,85,100,127,127,44,44,44,44,44],"floor_reached":16,"language":"ENG","playtime":456,"items_purged":["Strike_G"],"score":249,"play_id":"d1c7657c-30ad-4a8e-a534-d6200775fddf","local_time":"20210226021044","is_ascension_mode":true,"campfire_choices":[{"data":"Calculated Gamble","floor":6.0,"key":"SMITH"},{"data":"Neutralize","floor":8,"key":"SMITH"},{"floor":15,"key":"REST"}],"circlet_count":0,"master_deck":["AscendersBane","Strike_G","Strike_G","Defend_G","Defend_G","Defend_G","Defend_G","Defend_G","Survivor+1","Neutralize+1","Leg Sweep+1","Cloak And Dagger","Calculated Gamble+1","Poisoned Stab","Dagger Throw","Burst","Flechettes"],"relics":["Ring of the Snake","NeowsBlessing","CaptainsWheel","Question Card","FossilizedHelix","Shovel","keyreminder:keyreminder"],"acts_visited":["Exordium"],"potions_floor_usage":[11,11],"damage_taken":[{"damage":0.0,"enemies":"Jaw Worm","floor":1.0,"turns":1.0},{"damage":0.0,"enemies":"Small Slimes","floor":5.0,"turns":1.0},{"damage":0.0,"enemies":"3 Sentries","floor":7.0,"turns":1.0},{"damage":0,"enemies":"2 Louse","floor":10,"turns":3},{"damage":6,"enemies":"Gremlin Nob","floor":11,"turns":4},{"damage":47,"enemies":"The Guardian","floor":16,"turns":20}],"seed_played":"7111545851057081129","potions_obtained":[{"floor":1.0,"key":"AttackPotion"},{"floor":10,"key":"LiquidMemories"}],"is_trial":false,"path_per_floor":["M","?","T","$","M","R","E","R","T","M","E","?","$","?","R","B"],"character_chosen":"THE_SILENT","items_purchased":["Flechettes"],"campfire_rested":1,"item_purchase_floors":[13],"current_hp_per_floor":[59,59,59,59,59,59,59,59,59,59,53,33,33,26,45,0,0],"gold":44,"neow_bonus":"THREE_ENEMY_KILL","is_daily":false,"chose_seed":false,"campfire_upgraded":2,"win_rate":0.0,"timestamp":1614334244,"path_taken":["M","?","?","$","M","R","E","R","T","M","E","?","$","?","R","BOSS"],"items_purchased_type":["Card"],"build_version":"2020-12-13","purchased_purges":1,"victory":false,"max_hp_per_floor":[66,66,66,66,66,66,66,66,66,66,66,66,66,66,66,66,66],"relic_stats":{"Shovel":0,"counters":[6,30],"Question Card":2,"obtain_stats":[{"keyreminder:keyreminder":11,"CaptainsWheel":3,"Shovel":11,"NeowsBlessing":0,"Question Card":7,"FossilizedHelix":9,"Ring of the Snake":0},{"keyreminder:keyreminder":5,"CaptainsWheel":1,"Shovel":5,"NeowsBlessing":0,"Question Card":3,"FossilizedHelix":3,"Ring of the Snake":0},{"keyreminder:keyreminder":10,"CaptainsWheel":1,"Shovel":10,"NeowsBlessing":0,"Question Card":3,"FossilizedHelix":3,"Ring of the Snake":0}],"Ring of the Snake":[12]},"card_choices":[{"not_picked":["PiercingWail","Dodge and Roll"],"picked":"Leg Sweep","floor":1.0},{"not_picked":["Tactician","Prepared"],"picked":"Calculated Gamble","floor":5.0},{"not_picked":["Dagger Spray","Sucker Punch"],"picked":"Poisoned Stab","floor":7},{"not_picked":["Blade Dance","Quick Slash","Tactician"],"picked":"Dagger Throw","floor":10},{"not_picked":["Riddle With Holes","Setup","Terror"],"picked":"Burst","floor":11}],"player_experience":221415,"relics_obtained":[{"floor":3.0,"key":"CaptainsWheel"},{"floor":7,"key":"Question Card"},{"floor":9,"key":"FossilizedHelix"},{"floor":11,"key":"Shovel"}],"event_choices":[{"damage_healed":0.0,"max_hp_gain":0.0,"max_hp_loss":0.0,"gold_gain":0.0,"cards_transformed":["Strike_G"],"event_name":"Living Wall","player_choice":"Change","floor":2.0,"gold_loss":0.0,"damage_taken":0.0,"cards_obtained":["Cloak And Dagger"]},{"damage_healed":0,"gold_gain":0,"player_choice":"Entered Light","damage_taken":20,"max_hp_gain":0,"max_hp_loss":0,"event_name":"Shining Light","floor":12,"gold_loss":0,"cards_upgraded":["Leg Sweep","Survivor"]},{"cards_removed":["Strike_G"],"damage_healed":0,"gold_gain":0,"player_choice":"Card Removal","damage_taken":7,"max_hp_gain":0,"max_hp_loss":0,"event_name":"Golden Wing","floor":14,"gold_loss":0}],"is_beta":false,"boss_relics":[],"items_purged_floors":[4],"is_endless":false,"potions_floor_spawned":[1,10],"killed_by":"The Guardian","ascension_level":18}}