{"host":"dtczkyto5vz790wa","time":1614340047,"event":{"mods":["BaseMod","Downfall","LagranYue(¿≠∏Ò¿ °§‘¬)","Minty Spire (QoL Compilation)","Replay The Spire","Shop Mod","StSLib"],"gold_per_floor":[99,114,114,289,302,27,74,74,93,126,144,179,179,189,204,304,304,104,123,142,158,172,186,237,2,19,19,49,49,49,65,79,180,180,80,94,106,55,71,71,71,71,71,90,179,242,274,294,306,306,306,340,21,21,21,21],"floor_reached":57,"language":"ZHS","playtime":5124,"items_purged":["Doubt","Rupture"],"score":1295,"play_id":"a6db65e8-9e02-4a8c-a597-9ce8914f22c4","local_time":"20210226194727","is_ascension_mode":false,"campfire_choices":[{"data":"Slimebound:Split","floor":1.0,"key":"SMITH"},{"data":"Slimebound:Replication","floor":8.0,"key":"SMITH"},{"data":"Slimebound:LeadByExample","floor":13.0,"key":"SMITH"},{"floor":18.0,"key":"RECALL"},{"data":"Slimebound:SelfFormingGoo","floor":27.0,"key":"SMITH"},{"data":"Slimebound:Equalize","floor":30.0,"key":"SMITH"},{"data":"Slimebound:MinionMaster","floor":35.0,"key":"SMITH"},{"data":"Slimebound:Overexert","floor":40.0,"key":"SMITH"},{"data":"expansioncontent:QuickStudy","floor":42.0,"key":"SMITH"},{"data":"Slimebound:DuplicatedForm","floor":54.0,"key":"SMITH"}],"circlet_count":0,"master_deck":["Slimebound:Tackle","Slimebound:Split+1","Slimebound:CorrosiveSpit","Slimebound:SplitBruiser","Slimebound:SplitBruiser","Slimebound:ServeAndProtect","Slimebound:Replication","Slimebound:Replication+1","Sword Boomerang","Slimebound:ComboTackle","Slimebound:RollThrough","Slimebound:GoopSpray","Slimebound:LeadByExample+1","Slimebound:SlimeSpikes","Slimebound:Overexert+1","Slimebound:SplitLeeching","Slimebound:DivideAndConquer","Slimebound:LeechEnergy","Slimebound:SplitBruiser+1","Slimebound:Equalize+1","Slimebound:SelfFormingGoo+1","Slimebound:SplitMire","expansioncontent:QuickStudy+1","Slimebound:SamplingLick","Slimebound:Nibble+1","Slimebound:SpikyOuterGoop+1","Slimebound:SplitLeeching","Slimebound:MinionMaster+1","Slimebound:LeechLife","Slimebound:FlameTackle","Slimebound:LeadByExample","Slimebound:BestDefense","Slimebound:Prepare","Slimebound:HauntingLick","Slimebound:LeechingTouch","Slimebound:SpikyOuterGoop","Slimebound:RejuvenatingLick","Pummel","Slimebound:SplitLeeching+1","Slimebound:Schlurp+1","Slimebound:Darklings","Slimebound:SamplingLick","Slimebound:DuplicatedForm+1","Slimebound:ViciousTackle+1","Slimebound:SplitBruiser","Slimebound:Gluttony+1","Slimebound:Schlurp+1","Slimebound:PressTheAttack","Slimebound:HauntingLick+1","Pot Of Greed","Pot Of Greed","Pot Of Greed","Pot Of Greed","Pot Of Greed","Slimebound:SlimeSlap","Slimebound:GoopSpray","Slimebound:GoopSpray","Slimebound:SpikyOuterGoop"],"relics":["LagranYue:RandomDrawCardRelic","m_BurningSludge","Ice Cream","bronze:MakeshiftBattery","downfall:HeartBlessingGreen","downfall:HeartBlessingBlue","Pantograph","downfall:HeartBlessingRed","ReplayTheSpireMod:Shallot","Grinning Jar","MerchantsRug"],"acts_visited":["Exordium","TheCity","TheBeyond","TheEnding"],"potions_floor_usage":[56],"damage_taken":[{"damage":1.0,"enemies":"Jaw Worm","floor":2.0,"turns":3.0},{"damage":9.0,"enemies":"Small Slimes","floor":5.0,"turns":3.0},{"damage":0.0,"enemies":"downfall:FleeingMerchant","floor":6.0,"turns":4.0},{"damage":0.0,"enemies":"2 Louse","floor":9.0,"turns":2.0},{"damage":17.0,"enemies":"Lagavulin","floor":10.0,"turns":7.0},{"damage":16.0,"enemies":"Red Slaver","floor":11.0,"turns":2.0},{"damage":29.0,"enemies":"Gremlin Nob","floor":12.0,"turns":4.0},{"damage":0.0,"enemies":"Large Slime","floor":14.0,"turns":4.0},{"damage":0.0,"enemies":"downfall:LooterAlt","floor":15.0,"turns":4.0},{"damage":4.0,"enemies":"SI_SHIV_ARCHETYPE","floor":16.0,"turns":7.0},{"damage":10.0,"enemies":"downfall:LooterAlt2","floor":19.0,"turns":3.0},{"damage":4.0,"enemies":"3 Byrds","floor":20.0,"turns":4.0},{"damage":20.0,"enemies":"Snake Plant","floor":21.0,"turns":4.0},{"damage":5.0,"enemies":"Snecko","floor":22.0,"turns":4.0},{"damage":20.0,"enemies":"Centurion and Healer","floor":23.0,"turns":4.0},{"damage":0.0,"enemies":"downfall:FleeingMerchant","floor":25.0,"turns":4.0},{"damage":27.0,"enemies":"Snake Plant","floor":26.0,"turns":3.0},{"damage":3.0,"enemies":"Gremlin Leader","floor":28.0,"turns":6.0},{"damage":12.0,"enemies":"3 Cultists","floor":31.0,"turns":4.0},{"damage":6.0,"enemies":"Centurion and Healer","floor":32.0,"turns":6.0},{"damage":7.0,"enemies":"WA_ARCHETYPE_CALM","floor":33.0,"turns":8.0},{"damage":13.0,"enemies":"Orb Walker","floor":36.0,"turns":3.0},{"damage":29.0,"enemies":"3 Darklings","floor":37.0,"turns":5.0},{"damage":0.0,"enemies":"downfall:FleeingMerchant","floor":38.0,"turns":4.0},{"damage":25.0,"enemies":"Sphere and 2 Shapes","floor":39.0,"turns":5.0},{"damage":20.0,"enemies":"Maw","floor":44.0,"turns":6.0},{"damage":11.0,"enemies":"downfall:FleeingMerchant","floor":45.0,"turns":3.0},{"damage":19.0,"enemies":"Nemesis","floor":47.0,"turns":7.0},{"damage":26.0,"enemies":"3 Darklings","floor":48.0,"turns":3.0},{"damage":18.0,"enemies":"Writhing Mass","floor":49.0,"turns":5.0},{"damage":45.0,"enemies":"IC_BLOCK_ARCHETYPE","floor":50.0,"turns":7.0},{"damage":138.0,"enemies":"downfall:CharBossMerchant","floor":52.0,"turns":7.0},{"damage":24.0,"enemies":"downfall:NeowBoss","floor":55.0,"turns":12.0},{"damage":32,"enemies":"downfall:NeowBossFinal","floor":56,"turns":9}],"seed_played":"-2716693341302462468","potions_obtained":[{"floor":5.0,"key":"GamblersBrew"},{"floor":11.0,"key":"Swift Potion"},{"floor":16.0,"key":"BlessingOfTheForge"},{"floor":19.0,"key":"BlessingOfTheForge"},{"floor":22.0,"key":"Fire Potion"},{"floor":31.0,"key":"Adrenaline Potion"},{"floor":32.0,"key":"Guardian:BlockOnCardUsePotion"},{"floor":33.0,"key":"Dexterity Potion"},{"floor":36.0,"key":"Swift Potion"},{"floor":39.0,"key":"Fire Potion"},{"floor":46.0,"key":"Milkshake"},{"floor":46.0,"key":"DuplicationPotion"},{"floor":47.0,"key":"Venom Potion"}],"is_trial":false,"path_per_floor":["R","M","?","?","M","$","T","R","M","E","M","E","R","M","M","B",null,"R","M","M","M","M","M","T","$","M","R","E","?","R","M","M","B",null,"R","M","M","$","M","R","T","R","?","M","$","?","E","M","M","B",null,"E","$","R","B","B",null],"character_chosen":"SLIMEBOUND","items_purchased":["Slimebound:Replication","Rupture","Sword Boomerang","Slimebound:SplitMire","expansioncontent:QuickStudy","Slimebound:SplitLeeching+1","Slimebound:DuplicatedForm","Slimebound:ViciousTackle+1","Slimebound:SplitBruiser","MerchantsRug","Slimebound:SpawnSlimePotion","LiquidMemories","Adrenaline Potion","Slimebound:GoopSpray","Slimebound:SpikyOuterGoop"],"campfire_rested":0,"item_purchase_floors":[6,6,6,25,25,38,45,45,45,53,53,53,53,53,53],"current_hp_per_floor":[71,71,71,71,68,71,71,71,71,60,50,27,27,33,35,33,71,81,71,69,53,54,40,40,73,52,52,63,63,63,53,59,81,81,81,74,63,81,62,62,62,62,62,54,66,66,81,63,71,56,83,51,66,66,80,82],"gold":21,"neow_bonus":"TEN_PERCENT_HP_BONUS","is_daily":false,"chose_seed":false,"campfire_upgraded":9,"win_rate":0.0,"timestamp":1614340047,"path_taken":["R","M","?","?","?","$","T","R","M","E","M","E","R","M","M","BOSS","R","M","M","M","M","M","T","$","M","R","E","?","R","?","M","BOSS","R","M","M","$","M","R","T","R","?","M","$","?","E","M","M","BOSS","E","$","R","BOSS","BOSS"],"items_purchased_type":["Card","Card","Card","Card","Card","Card","Card","Card","Card","Relic","Potion","Potion","Potion","Card","Card"],"build_version":"2020-12-22","purchased_purges":2,"victory":true,"max_hp_per_floor":[71,71,71,71,71,71,71,71,71,71,71,71,71,71,71,71,71,81,81,81,81,81,81,81,81,81,81,81,81,81,81,81,81,81,81,81,81,81,81,81,81,81,81,81,83,83,83,83,83,83,83,83,83,83,83,83],"card_choices":[{"not_picked":["Slimebound:GoopTackle","Slimebound:GrowthPunch"],"picked":"Slimebound:SplitBruiser","floor":2.0},{"not_picked":["Life Link","Slimebound:ComboTackle"],"picked":"Slimebound:SplitBruiser","floor":5.0},{"not_picked":["Life Link","Evolve"],"picked":"Slimebound:ServeAndProtect","floor":6.0},{"not_picked":["Slimebound:LeechingTouch","Slimebound:SplitMire"],"picked":"Slimebound:ComboTackle","floor":9.0},{"not_picked":["Slimebound:Schlurp","Slimebound:DouseInSlime"],"picked":"Slimebound:RollThrough","floor":10.0},{"not_picked":["Slimebound:LivingWall","Slimebound:SamplingLick"],"picked":"Slimebound:GoopSpray","floor":11.0},{"not_picked":["Slimebound:LeechEnergy","Slimebound:FlameTackle"],"picked":"Slimebound:LeadByExample","floor":12.0},{"not_picked":["Slimebound:FinishingTackle","Slimebound:ItLooksTasty"],"picked":"Slimebound:SlimeSpikes","floor":14.0},{"not_picked":["Slimebound:SplitMire","Slimebound:SplitBruiser"],"picked":"Slimebound:Teamwork","floor":15.0},{"not_picked":["Offering","Slimebound:LeechLife"],"picked":"Slimebound:Overexert","floor":16.0},{"not_picked":["Slimebound:ComboTackle","Slimebound:LivingWall"],"picked":"Slimebound:SplitLeeching","floor":19.0},{"not_picked":["Slimebound:GrowthPunch","Slimebound:Dissolve"],"picked":"Slimebound:DivideAndConquer","floor":20.0},{"not_picked":["Slimebound:Nibble","Slimebound:FinishingTackle"],"picked":"Slimebound:LeechEnergy","floor":21.0},{"not_picked":["Slimebound:SplitAcid","Slimebound:FlameTackle"],"picked":"Slimebound:SplitBruiser+1","floor":22.0},{"not_picked":["Slimebound:GoopTackle+1","Slimebound:ProtectTheBoss"],"picked":"Slimebound:Equalize","floor":23.0},{"not_picked":["Slimebound:RollThrough","Slimebound:ItLooksTasty"],"picked":"Slimebound:SelfFormingGoo","floor":25.0},{"not_picked":["Slimebound:LivingWall","Slimebound:GrowthPunch"],"picked":"Slimebound:SamplingLick","floor":26.0},{"not_picked":["Slimebound:FinishingTackle","Slimebound:SlimeSlap"],"picked":"Slimebound:Nibble+1","floor":28.0},{"not_picked":["Slimebound:LivingWall","Slimebound:ViciousTackle+1"],"picked":"Slimebound:SpikyOuterGoop+1","floor":31.0},{"not_picked":["Slimebound:ComboTackle","Slimebound:Replication+1"],"picked":"Slimebound:SplitLeeching","floor":32.0},{"not_picked":["Slimebound:DuplicatedForm","Slimebound:WasteNot"],"picked":"Slimebound:MinionMaster","floor":33.0},{"not_picked":["Slimebound:GrowthPunch","Slimebound:LeechingTouch+1"],"picked":"Slimebound:SpikyOuterGoop","floor":36.0},{"not_picked":["Twin Strike+1","Slimebound:SplitAcid"],"picked":"Slimebound:RejuvenatingLick","floor":37.0},{"not_picked":["Slimebound:GrowthPunch","Slimebound:FinishingTackle+1"],"picked":"Pummel","floor":38.0},{"not_picked":["Slimebound:FinishingTackle+1","Slimebound:FormOfPuddle"],"picked":"Slimebound:Schlurp+1","floor":39.0},{"not_picked":["Slimebound:GrowthPunch","Reaper"],"picked":"Slimebound:SamplingLick","floor":44.0},{"not_picked":["Slimebound:LeechingTouch","Twin Strike","Slimebound:Dissolve"],"picked":"Singing Bowl","floor":45.0},{"not_picked":["Life Link+1","Slimebound:SplitLeeching"],"picked":"Slimebound:Gluttony+1","floor":46.0},{"not_picked":["Twin Strike","Slimebound:SplitLeeching"],"picked":"Slimebound:Schlurp+1","floor":47.0},{"not_picked":["Slimebound:GoopTackle+1","Slimebound:Prepare"],"picked":"Slimebound:PressTheAttack","floor":48.0},{"not_picked":["Slimebound:ServeAndProtect","Reaper"],"picked":"Slimebound:HauntingLick+1","floor":49.0},{"not_picked":["Slimebound:GoopTackle","Sword Boomerang+1"],"picked":"Slimebound:SlimeSlap","floor":52.0}],"player_experience":234525,"relics_obtained":[{"floor":10.0,"key":"Ice Cream"},{"floor":12.0,"key":"Replay:Baseball"},{"floor":24.0,"key":"MealTicket"},{"floor":28.0,"key":"Pantograph"},{"floor":41.0,"key":"Singing Bowl"},{"floor":47.0,"key":"ReplayTheSpireMod:Shallot"},{"floor":52.0,"key":"Grinning Jar"}],"event_choices":[{"damage_healed":0.0,"max_hp_gain":0.0,"max_hp_loss":0.0,"gold_gain":0.0,"event_name":"NoteForYourself","player_choice":"Ignored","floor":29.0,"gold_loss":0.0,"damage_taken":0.0}],"is_beta":false,"boss_relics":[{"not_picked":["SlaversCollar","Calling Bell"],"picked":"bronze:MakeshiftBattery"},{"not_picked":["Runic Dome","Tiny House"],"picked":"Pandora\u0027s Box"}],"items_purged_floors":[6,53],"is_endless":false,"potions_floor_spawned":[5,11,16,19,22,31,32,33,36,39,47,48],"ascension_level":0}}