{"host":"ul3z8ex5o8l5j7mh","time":1614363415,"event":{"mods":["2.2 Compatiblity","AchievementEnabler","BaseMod","Bestiary","Colored Map","Colored Powertips","Curses Come First","DeckTracker","Highlight Path","Keyboard Shortcuts","Minty Spire (QoL Compilation)","Relic Sorter","Relic Stats","StSLib","SuperFastMode"],"gold_per_floor":[119,119,146,146,321,351,351,363,363,377,9,9,9,9,9,109,109,124,39,39,58,58,58,83,83,109,129,129,89,109,144,144,144,144],"floor_reached":33,"language":"ENG","playtime":1315,"items_purged":["Doubt"],"score":363,"play_id":"f4763601-1576-4aa2-b187-c9ab49364f85","local_time":"20210226191655","is_ascension_mode":true,"campfire_choices":[{"data":"Metallicize","floor":7,"key":"SMITH"},{"data":"Shrug It Off","floor":12,"key":"SMITH"},{"floor":15,"key":"REST"},{"data":"1","floor":23,"key":"LIFT"},{"data":"Iron Wave","floor":25,"key":"SMITH"},{"floor":28,"key":"REST"},{"floor":32,"key":"REST"}],"circlet_count":0,"master_deck":["Strike_R","Strike_R+1","Strike_R","Strike_R","Defend_R","Defend_R","Defend_R+1","Defend_R","Bash","Metallicize+1","Shrug It Off+1","Flex","Cleave","Impervious","Uppercut","Sentinel","Iron Wave+1"],"relics":["Burning Blood","Pen Nib","Dead Branch","Paper Frog","Ginger","SlaversCollar","Mummified Hand","Girya","Omamori","Orichalcum","Bottled Tornado"],"acts_visited":["Exordium","TheCity"],"potions_floor_usage":[18,18,21,24,27,30,31,31,33],"damage_taken":[{"damage":11,"enemies":"Jaw Worm","floor":1,"turns":4},{"damage":42,"enemies":"3 Sentries","floor":6,"turns":13},{"damage":1,"enemies":"2 Louse","floor":8,"turns":2},{"damage":0,"enemies":"Small Slimes","floor":10,"turns":4},{"damage":59,"enemies":"Slime Boss","floor":16,"turns":11},{"damage":12,"enemies":"Spheric Guardian","floor":18,"turns":7},{"damage":2,"enemies":"2 Thieves","floor":21,"turns":3},{"damage":17,"enemies":"Book of Stabbing","floor":24,"turns":5},{"damage":22,"enemies":"Centurion and Healer","floor":27,"turns":7},{"damage":9,"enemies":"Shelled Parasite and Fungi","floor":30,"turns":6},{"damage":25,"enemies":"Slavers","floor":31,"turns":6},{"damage":115,"enemies":"Automaton","floor":33,"turns":12}],"seed_played":"-3314345007596848068","potions_obtained":[{"floor":6,"key":"Strength Potion"},{"floor":8,"key":"Ancient Potion"},{"floor":16,"key":"SpeedPotion"},{"floor":18,"key":"ColorlessPotion"},{"floor":21,"key":"ColorlessPotion"},{"floor":29,"key":"Regen Potion"},{"floor":29,"key":"Swift Potion"},{"floor":29,"key":"Dexterity Potion"},{"floor":31,"key":"SteroidPotion"}],"is_trial":false,"path_per_floor":["M","?","T","?","?","E","R","M","T","M","$","R","?","$","R","B",null,"M","?","T","M","$","R","E","R","T","M","R","?","M","E","R","B"],"character_chosen":"IRONCLAD","items_purchased":["Ginger"],"campfire_rested":3,"item_purchase_floors":[11],"current_hp_per_floor":[67,51,51,77,77,41,41,46,46,52,52,52,52,52,76,23,66,60,60,60,64,64,64,53,53,53,37,61,61,73,54,78,0,0],"gold":144,"neow_bonus":"TRANSFORM_CARD","is_daily":false,"chose_seed":false,"campfire_upgraded":3,"win_rate":0.0,"timestamp":1614363415,"path_taken":["M","?","?","?","?","E","R","M","T","M","$","R","?","$","R","BOSS","M","?","?","M","$","R","E","R","T","M","R","?","M","E","R","BOSS"],"items_purchased_type":["Relic"],"build_version":"2020-12-22","purchased_purges":1,"victory":false,"max_hp_per_floor":[80,80,80,80,80,80,80,80,80,80,80,80,80,80,80,80,80,80,80,80,80,80,80,80,80,80,80,80,80,80,80,80,80,80],"relic_stats":{"counters":[12,80],"Mummified Hand":[11],"Dead Branch":[14],"Pen Nib":[13],"Ginger":[2],"Orichalcum":[18],"obtain_stats":[{"SlaversCollar":17,"Girya":20,"Mummified Hand":19,"Dead Branch":6,"Pen Nib":3,"Omamori":24,"Ginger":11,"Orichalcum":26,"Bottled Tornado":31,"Burning Blood":0,"Paper Frog":9},{"SlaversCollar":5,"Girya":6,"Mummified Hand":6,"Dead Branch":2,"Pen Nib":1,"Omamori":8,"Ginger":4,"Orichalcum":8,"Bottled Tornado":11,"Burning Blood":0,"Paper Frog":3},{"SlaversCollar":34,"Girya":41,"Mummified Hand":41,"Dead Branch":17,"Pen Nib":4,"Omamori":49,"Ginger":23,"Orichalcum":49,"Bottled Tornado":68,"Burning Blood":0,"Paper Frog":19}],"Burning Blood":66},"card_choices":[{"not_picked":["Thunderclap","Fire Breathing"],"picked":"Shrug It Off","floor":1},{"not_picked":["Corruption","True Grit"],"picked":"Flex","floor":6},{"not_picked":["Anger","Twin Strike"],"picked":"Cleave","floor":8},{"not_picked":["True Grit","Spot Weakness","Clash"],"picked":"SKIP","floor":10},{"not_picked":["Bludgeon","Berserk"],"picked":"Impervious","floor":16},{"not_picked":["Headbutt","Anger"],"picked":"Uppercut","floor":18},{"not_picked":["Warcry","Sword Boomerang"],"picked":"Sentinel","floor":21},{"not_picked":["Exhume","Clash"],"picked":"Iron Wave","floor":24},{"not_picked":["Thunderclap","Flex+1","Pommel Strike"],"picked":"SKIP","floor":27},{"not_picked":["Body Slam+1","Clash","True Grit"],"picked":"SKIP","floor":30},{"not_picked":["Heavy Blade+1","Spot Weakness+1","Perfected Strike"],"picked":"SKIP","floor":31}],"player_experience":445095,"relics_obtained":[{"floor":3,"key":"Pen Nib"},{"floor":6,"key":"Dead Branch"},{"floor":9,"key":"Paper Frog"},{"floor":20,"key":"Girya"},{"floor":24,"key":"Omamori"},{"floor":26,"key":"Orichalcum"},{"floor":31,"key":"Bottled Tornado"}],"event_choices":[{"damage_healed":0,"gold_gain":0,"player_choice":"Entered Light","damage_taken":16,"max_hp_gain":0,"max_hp_loss":0,"event_name":"Shining Light","floor":2,"gold_loss":0,"cards_upgraded":["Strike_R","Defend_R"]},{"damage_healed":26,"gold_gain":0,"player_choice":"Banana","damage_taken":0,"max_hp_gain":0,"max_hp_loss":0,"event_name":"Big Fish","floor":4,"gold_loss":0},{"damage_healed":0,"gold_gain":175,"player_choice":"AGREE","damage_taken":0,"max_hp_gain":0,"max_hp_loss":0,"event_name":"Liars Game","floor":5,"gold_loss":0,"cards_obtained":["Doubt"]},{"damage_healed":0,"gold_gain":0,"player_choice":"Ignored","damage_taken":0,"max_hp_gain":0,"max_hp_loss":0,"event_name":"Golden Wing","floor":13,"gold_loss":0},{"damage_healed":0,"gold_gain":0,"player_choice":"Obtained Relic","damage_taken":0,"relics_obtained":["Mummified Hand"],"max_hp_gain":0,"max_hp_loss":0,"event_name":"Addict","floor":19,"gold_loss":85},{"damage_healed":0,"gold_gain":0,"player_choice":"Bought 3 Potions","damage_taken":0,"max_hp_gain":0,"max_hp_loss":0,"event_name":"The Woman in Blue","floor":29,"gold_loss":0}],"is_beta":false,"boss_relics":[{"not_picked":["Philosopher\u0027s Stone","Runic Cube"],"picked":"SlaversCollar"}],"items_purged_floors":[11],"is_endless":false,"potions_floor_spawned":[6,8,16,18,21,31],"killed_by":"Automaton","ascension_level":6}}