{"host":"ix07nhfx4o3nf6kx","time":1614339241,"event":{"mods":["BaseMod","Hermit","Minty Spire (QoL Compilation)","StSLib","The Bug Knight","The Cursed","The Dragon Tamer","The Hierophant","The Jungle","The Runesmith"],"gold_per_floor":[111,111,125,125,125,125,125,155,229,229,229,245,271,144,144,144,144],"floor_reached":16,"language":"KOR","playtime":895,"items_purged":[],"score":121,"play_id":"9de7d3a3-4aae-44ae-9750-4fafb470701e","local_time":"20210226203401","is_ascension_mode":false,"campfire_choices":[{"data":"HollowMod:BrokenVessel","floor":6,"key":"SMITH"},{"data":"HollowMod:NewGlowingWomb","floor":15,"key":"SMITH"}],"circlet_count":0,"master_deck":["HollowMod:NailStrikeStart","HollowMod:NailStrikeStart","HollowMod:NailStrikeStart","HollowMod:NailStrikeStart","HollowMod:QuickDashStart","HollowMod:QuickDashStart","HollowMod:QuickDashStart","HollowMod:QuickDashStart","HollowMod:FocusHealStart","HollowMod:PogoStrike","HollowMod:BrokenVessel+1","HollowMod:CycloneSlash","HollowMod:RecoilStrike","HollowMod:InfectionAssault+1","HollowMod:CloakDash","HollowMod:FastStrike","HollowMod:InfectedAttack","HollowMod:NewGlowingWomb+1"],"relics":["HollowMod:VesselMask","HollowMod:KingsBrand","HollowMod:LumaflyLanternRelic","Smiling Mask"],"acts_visited":["Exordium"],"potions_floor_usage":[16,16],"damage_taken":[{"damage":1,"enemies":"Cultist","floor":1,"turns":4},{"damage":8,"enemies":"2 Louse","floor":3,"turns":3},{"damage":59,"enemies":"Lagavulin","floor":8,"turns":8},{"damage":7,"enemies":"Small Slimes","floor":12,"turns":3},{"damage":53,"enemies":"The Guardian","floor":16,"turns":8}],"seed_played":"1520255945254484753","potions_obtained":[{"floor":1,"key":"LiquidBronze"},{"floor":3,"key":"SkillPotion"}],"is_trial":false,"path_per_floor":["M","?","M","?","?","R","$","E","T","?","$","M","T","$","R","B"],"character_chosen":"THE_BUGKNIGHT","items_purchased":["HollowMod:InfectedAttack","HollowMod:NewGlowingWomb"],"campfire_rested":0,"item_purchase_floors":[14,14],"current_hp_per_floor":[88,88,86,91,91,91,91,42,42,42,42,41,41,41,41,0,0],"gold":144,"neow_bonus":"TWENTY_PERCENT_HP_BONUS","is_daily":false,"chose_seed":false,"campfire_upgraded":2,"win_rate":0.0,"timestamp":1614339241,"path_taken":["M","?","?","?","?","R","$","E","T","?","?","?","?","$","R","BOSS"],"items_purchased_type":["Card","Card"],"build_version":"2020-12-22","purchased_purges":0,"victory":false,"max_hp_per_floor":[89,89,89,94,94,94,94,94,94,94,94,94,94,94,94,94,94],"card_choices":[{"not_picked":["HollowMod:SoulSplash","HollowMod:SoulStrike"],"picked":"HollowMod:BrokenVessel","floor":1},{"not_picked":["HollowMod:FallenFury","HollowMod:Grubsong"],"picked":"HollowMod:InfectionAssault","floor":3},{"not_picked":["HollowMod:SoulStrike","HollowMod:GoodIntentions"],"picked":"HollowMod:CloakDash","floor":8},{"not_picked":["HollowMod:SoulVessel","HollowMod:ShapeofUnn"],"picked":"HollowMod:FastStrike","floor":12}],"player_experience":324075,"relics_obtained":[{"floor":8,"key":"HollowMod:KingsBrand"},{"floor":9,"key":"HollowMod:LumaflyLanternRelic"},{"floor":13,"key":"Smiling Mask"}],"event_choices":[{"damage_healed":0,"gold_gain":0,"player_choice":"2 cards matched","damage_taken":0,"max_hp_gain":0,"max_hp_loss":0,"event_name":"Match and Keep!","floor":2,"gold_loss":0,"cards_obtained":["HollowMod:CycloneSlash","HollowMod:RecoilStrike"]},{"damage_healed":0,"gold_gain":0,"player_choice":"Donut","damage_taken":0,"max_hp_gain":5,"max_hp_loss":0,"event_name":"Big Fish","floor":4,"gold_loss":0},{"damage_healed":0,"gold_gain":0,"player_choice":"Grow","damage_taken":0,"max_hp_gain":0,"max_hp_loss":0,"event_name":"Living Wall","floor":10,"gold_loss":0,"cards_upgraded":["HollowMod:InfectionAssault"]}],"is_beta":false,"boss_relics":[],"items_purged_floors":[],"is_endless":false,"potions_floor_spawned":[1,3],"killed_by":"The Guardian","ascension_level":0}}