{"host":"70zhvo5nwrhp1mbg","time":1614369568,"event":{"mods":["AchievementEnabler","BaseMod","Bestiary","Colored Map","Colored Powertips","Minty Spire (QoL Compilation)","Rare Cards Sparkle","Relic Stats","StSLib","ojb\u0027s Better Paths Mod","ojb\u0027s Info Mod: The sequel"],"gold_per_floor":[115,134,134,134,13,44,44,55,55,80,80,80,80,119,119,119,119],"floor_reached":16,"language":"ENG","playtime":1275,"items_purged":[],"score":151,"play_id":"457101d0-088f-4b3f-81be-3a16c1473ccb","local_time":"20210226145928","is_ascension_mode":true,"campfire_choices":[{"data":"Well Laid Plans","floor":7,"key":"SMITH"},{"data":"Flechettes","floor":11,"key":"SMITH"},{"floor":13,"key":"REST"},{"data":"Adrenaline","floor":15,"key":"SMITH"}],"circlet_count":0,"master_deck":["Strike_G","Strike_G","Strike_G","Strike_G","Strike_G+1","Defend_G","Defend_G","Defend_G","Defend_G","Defend_G","Survivor+1","Neutralize","Adrenaline+1","Outmaneuver","Backflip","Well Laid Plans+1","Adrenaline","Flechettes+1","Dagger Spray"],"relics":["Ring of the Snake","Mercury Hourglass","Smiling Mask","CeramicFish","Juzu Bracelet"],"acts_visited":["Exordium"],"potions_floor_usage":[6,6],"damage_taken":[{"damage":0,"enemies":"2 Louse","floor":1,"turns":3},{"damage":0,"enemies":"Small Slimes","floor":2,"turns":5},{"damage":17,"enemies":"Gremlin Nob","floor":6,"turns":4},{"damage":0,"enemies":"Jaw Worm","floor":8,"turns":3},{"damage":0,"enemies":"3 Sentries","floor":14,"turns":9},{"damage":59,"enemies":"Hexaghost","floor":16,"turns":12}],"seed_played":"7519024008536904458","potions_obtained":[{"floor":2,"key":"Explosive Potion"}],"is_trial":false,"path_per_floor":["M","M","?","?","$","E","R","M","T","T","R","?","R","E","R","B"],"character_chosen":"THE_SILENT","items_purchased":["Well Laid Plans","Strength Potion"],"campfire_rested":1,"item_purchase_floors":[5,5],"current_hp_per_floor":[70,70,70,63,63,46,46,46,46,46,46,32,53,53,53,0,0],"gold":119,"neow_bonus":"ONE_RANDOM_RARE_CARD","is_daily":false,"chose_seed":false,"campfire_upgraded":3,"win_rate":0.0,"timestamp":1614369568,"path_taken":["M","M","?","?","$","E","R","M","T","?","R","?","R","E","R","BOSS"],"items_purchased_type":["Card","Potion"],"build_version":"2020-12-22","purchased_purges":0,"victory":false,"max_hp_per_floor":[70,70,70,70,70,70,70,70,70,70,70,70,70,70,70,70,70],"relic_stats":{"counters":[6,36],"CeramicFish":9,"Juzu Bracelet":0,"Smiling Mask":0,"obtain_stats":[{"CeramicFish":10,"Juzu Bracelet":14,"Smiling Mask":6,"Ring of the Snake":0,"Mercury Hourglass":4},{"CeramicFish":4,"Juzu Bracelet":5,"Smiling Mask":3,"Ring of the Snake":0,"Mercury Hourglass":2},{"CeramicFish":15,"Juzu Bracelet":24,"Smiling Mask":12,"Ring of the Snake":0,"Mercury Hourglass":8}],"Ring of the Snake":[12],"Mercury Hourglass":[99]},"card_choices":[{"not_picked":["Deflect","Deadly Poison"],"picked":"Outmaneuver","floor":1},{"not_picked":["Leg Sweep","Outmaneuver"],"picked":"Backflip","floor":2},{"not_picked":["Calculated Gamble","Escape Plan"],"picked":"Adrenaline","floor":6},{"not_picked":["Backflip","Dash"],"picked":"Flechettes","floor":8},{"not_picked":["Outmaneuver","PiercingWail"],"picked":"Dagger Spray","floor":14}],"player_experience":742158,"relics_obtained":[{"floor":6,"key":"Smiling Mask"},{"floor":10,"key":"CeramicFish"},{"floor":14,"key":"Juzu Bracelet"}],"event_choices":[{"damage_healed":0,"gold_gain":0,"player_choice":"Ignored","damage_taken":0,"max_hp_gain":0,"max_hp_loss":0,"event_name":"Liars Game","floor":3,"gold_loss":0},{"damage_healed":0,"gold_gain":0,"player_choice":"Success","damage_taken":7,"relics_obtained":["Mercury Hourglass"],"max_hp_gain":0,"max_hp_loss":0,"event_name":"Scrap Ooze","floor":4,"gold_loss":0},{"damage_healed":0,"gold_gain":0,"player_choice":"Entered Light","damage_taken":14,"max_hp_gain":0,"max_hp_loss":0,"event_name":"Shining Light","floor":12,"gold_loss":0,"cards_upgraded":["Survivor","Strike_G"]}],"is_beta":false,"boss_relics":[],"items_purged_floors":[],"is_endless":false,"potions_floor_spawned":[2],"killed_by":"Hexaghost","ascension_level":3}}