{"host":"ormi09wwzv7sq47a","time":1614373341,"event":{"mods":["2.2 Compatiblity","AchievementEnabler","Act Like it!","BaseMod","Bestiary","Better Altar","Better Note","Better Sensory Stone","Better Silent Start","Better Skull","Better Third Choice","Better Vampires","BetterRewards","Block Reminder","Card Forge","Colored Map","Colored Powertips","Curses Come First","Downfall","Highlight Path","Minty Spire (QoL Compilation)","Permanent Neow","Quick Restart","Rare Cards Sparkle","Relic Stats","Shop Mod","StSLib","The Jungle"],"gold_per_floor":[117,117,192,207,222,222,248,248,248,261,261,286,297,297,297],"floor_reached":14,"language":"ENG","playtime":431,"items_purged":["Strike_P"],"score":180,"play_id":"913ca108-3705-4c93-8bf7-f4748f71c61d","local_time":"20210226180221","is_ascension_mode":true,"campfire_choices":[{"floor":6.0,"key":"REST"},{"floor":8,"key":"REST"}],"circlet_count":0,"master_deck":["AscendersBane","Strike_P","Strike_P","Strike_P","Defend_P+1","Defend_P","Defend_P","Defend_P","Eruption","Vigilance","PathToVictory+1","Nirvana","Consecrate","Weave","BowlingBash","Ragnarok","Wireheading","DeusExMachina","EmptyBody"],"relics":["PureWater","Hammer of Thor","Seething Fire","Anvil of the Gods","Ginger","War Paint","Slimebound:PreparedRelic","Guardian:GemstoneGun","Lizard Tail","Happy Flower","Potion Belt"],"acts_visited":["Exordium"],"potions_floor_usage":[7,12,12],"damage_taken":[{"damage":0.0,"enemies":"Small Slimes","floor":1.0,"turns":2.0},{"damage":0.0,"enemies":"2 Louse","floor":4.0,"turns":2.0},{"damage":5.0,"enemies":"Jaw Worm","floor":5.0,"turns":3.0},{"damage":42,"enemies":"Lagavulin","floor":7,"turns":8},{"damage":0,"enemies":"Looter","floor":10,"turns":2},{"damage":12,"enemies":"3 Sentries","floor":12,"turns":3},{"damage":10,"enemies":"Large Slime","floor":13,"turns":3},{"damage":0,"enemies":"Gremlin Nob","floor":14,"turns":2}],"seed_played":"8335008654821223824","potions_obtained":[{"floor":1.0,"key":"Strength Potion"},{"floor":5.0,"key":"Regen Potion"},{"floor":7,"key":"Dexterity Potion"}],"is_trial":false,"path_per_floor":["M","?","?","M","M","R","E","R","T","M","T","E","M","E"],"character_chosen":"WATCHER","items_purchased":["PathToVictory","Nirvana","War Paint","Slimebound:PreparedRelic"],"campfire_rested":2,"item_purchase_floors":[0,0,0,0],"current_hp_per_floor":[30,30,19,19,14,34,7,27,27,27,27,15,5,5,5],"gold":297,"neow_bonus":"","is_daily":false,"chose_seed":false,"campfire_upgraded":0,"win_rate":0.0,"timestamp":1614373341,"path_taken":["M","?","?","M","M","R","E","R","T","M","?","E","M","E"],"items_purchased_type":["Card","Card","Relic","Relic"],"build_version":"2020-12-22","purchased_purges":1,"victory":false,"max_hp_per_floor":[68,68,68,68,68,68,68,68,68,68,68,68,68,68,68],"relic_stats":{"Lizard Tail":0,"Happy Flower":[2],"counters":[100,462],"Ginger":[0],"War Paint":["Defend_P","PathToVictory"],"obtain_stats":[{"Ice Cream":36,"Hammer of Thor":0,"Whetstone":43,"Ginger":0,"Sozu":17,"Centennial Puzzle":0,"Lizard Tail":9,"HornCleat":21,"DollysMirror":29,"MealTicket":12,"Kunai":31,"Toxic Egg 2":0,"Girya":0,"Happy Flower":41,"Blue Candle":19,"Astrolabe":17,"Oddly Smooth Stone":24,"Velvet Choker":17,"Pen Nib":30,"Letter Opener":46,"War Paint":0,"Question Card":14,"Akabeko":0,"Du-Vu Doll":0,"Shuriken":11,"Anvil of the Gods":0,"Slimebound:PreparedRelic":0,"Meat on the Bone":11,"Darkstone Periapt":23,"Regal Pillow":45,"Lantern":54,"Singing Bowl":30,"Melange":8,"Yang":6,"Mango":0,"CloakClasp":0,"Bag of Preparation":29,"expansioncontent:StudyCardRelic":34,"Juzu Bracelet":0,"Ancient Tea Set":44,"Smiling Mask":31,"Nunchaku":14,"Mummified Hand":9,"Potion Belt":12,"bronze:DonusWashers":0,"Golden Idol":12,"Guardian:GemstoneGun":7,"Damaru":24,"Thread and Needle":0,"champ:DeflectingBracers":0,"PreservedInsect":29,"theJungle:SpiritDisease":30,"Seething Fire":0,"Orichalcum":26,"MawBank":6,"Mercury Hourglass":13,"CaptainsWheel":29,"Anchor":7,"HolyWater":34,"Bottled Lightning":54,"PureWater":0,"TungstenRod":38,"Toy Ornithopter":24},{"Ice Cream":52,"Hammer of Thor":0,"Whetstone":54,"Ginger":92,"Sozu":16,"Centennial Puzzle":32,"Lizard Tail":96,"HornCleat":17,"DollysMirror":47,"MealTicket":65,"Kunai":49,"Toxic Egg 2":87,"Girya":59,"Happy Flower":54,"Blue Candle":17,"Astrolabe":41,"Oddly Smooth Stone":18,"Velvet Choker":79,"Pen Nib":86,"Letter Opener":55,"War Paint":32,"Question Card":15,"Akabeko":32,"Du-Vu Doll":32,"Shuriken":4,"Anvil of the Gods":0,"Slimebound:PreparedRelic":92,"Meat on the Bone":13,"Darkstone Periapt":46,"Regal Pillow":28,"Lantern":58,"Singing Bowl":72,"Melange":12,"Yang":11,"Mango":59,"CloakClasp":7,"Bag of Preparation":47,"expansioncontent:StudyCardRelic":50,"Juzu Bracelet":59,"Ancient Tea Set":27,"Smiling Mask":86,"Nunchaku":40,"Mummified Hand":12,"Potion Belt":98,"bronze:DonusWashers":32,"Golden Idol":78,"Guardian:GemstoneGun":96,"Damaru":84,"Thread and Needle":32,"champ:DeflectingBracers":7,"PreservedInsect":47,"theJungle:SpiritDisease":20,"Seething Fire":0,"Orichalcum":46,"MawBank":63,"Mercury Hourglass":40,"CaptainsWheel":20,"Anchor":37,"HolyWater":22,"Bottled Lightning":31,"PureWater":0,"TungstenRod":25,"Toy Ornithopter":70},{"Ice Cream":254,"Hammer of Thor":0,"Whetstone":260,"Ginger":437,"Sozu":71,"Centennial Puzzle":171,"Lizard Tail":452,"HornCleat":75,"DollysMirror":225,"MealTicket":306,"Kunai":231,"Toxic Egg 2":421,"Girya":288,"Happy Flower":260,"Blue Candle":75,"Astrolabe":207,"Oddly Smooth Stone":81,"Velvet Choker":366,"Pen Nib":411,"Letter Opener":263,"War Paint":171,"Question Card":63,"Akabeko":171,"Du-Vu Doll":171,"Shuriken":14,"Anvil of the Gods":0,"Slimebound:PreparedRelic":437,"Meat on the Bone":54,"Darkstone Periapt":223,"Regal Pillow":141,"Lantern":282,"Singing Bowl":337,"Melange":49,"Yang":44,"Mango":288,"CloakClasp":30,"Bag of Preparation":225,"expansioncontent:StudyCardRelic":244,"Juzu Bracelet":288,"Ancient Tea Set":134,"Smiling Mask":411,"Nunchaku":197,"Mummified Hand":49,"Potion Belt":457,"bronze:DonusWashers":171,"Golden Idol":358,"Guardian:GemstoneGun":452,"Damaru":397,"Thread and Needle":171,"champ:DeflectingBracers":30,"PreservedInsect":225,"theJungle:SpiritDisease":93,"Seething Fire":0,"Orichalcum":223,"MawBank":302,"Mercury Hourglass":197,"CaptainsWheel":93,"Anchor":184,"HolyWater":107,"Bottled Lightning":159,"PureWater":0,"TungstenRod":123,"Toy Ornithopter":330}]},"card_choices":[{"not_picked":["EmptyMind","CrushJoints"],"picked":"Consecrate","floor":1.0},{"not_picked":["WheelKick","Indignation"],"picked":"Weave","floor":4.0},{"not_picked":["EmptyMind","Consecrate"],"picked":"BowlingBash","floor":5.0},{"not_picked":["Sanctity","Crescendo"],"picked":"Ragnarok","floor":7},{"not_picked":["EmptyBody","BowlingBash"],"picked":"Wireheading","floor":10},{"not_picked":["SashWhip","Evaluate"],"picked":"DeusExMachina","floor":12},{"not_picked":["Crescendo","SashWhip"],"picked":"EmptyBody","floor":13}],"player_experience":1187927,"relics_obtained":[{"floor":7,"key":"Guardian:GemstoneGun"},{"floor":9,"key":"Lizard Tail"},{"floor":11,"key":"Happy Flower"},{"floor":12,"key":"Potion Belt"}],"event_choices":[{"damage_healed":0.0,"max_hp_gain":0.0,"max_hp_loss":0.0,"gold_gain":0.0,"event_name":"betterThird:BetterSerpent","player_choice":"Ignored","floor":2.0,"gold_loss":0.0,"damage_taken":117.0},{"damage_healed":0.0,"max_hp_gain":0.0,"max_hp_loss":0.0,"gold_gain":75.0,"event_name":"betterThird:BetterGoop","player_choice":"Gold","floor":3.0,"gold_loss":0.0,"damage_taken":11.0}],"is_beta":false,"boss_relics":[],"items_purged_floors":[0],"is_endless":false,"potions_floor_spawned":[1,5,7],"killed_by":"Gremlin Nob","ascension_level":16}}