{"host":"xnjcin1g6gswdgtt","time":1614310746,"event":{"mods":["2.2 Compatiblity","Act Like it!","Arknights","Aspiration","Astrologer","BaseMod","Beaked The Cultist","Better Altar","Better Match","Better Note","Better Sensory Stone","Better Skull","Better Third Choice","Better Vampires","BetterRewards","Bossed Relics","Card Forge","CatGirl Mod","ChefMod","Colored Map","Colored Powertips","Conspire","Dota2Spire","Downfall","Duelist Mod","Elementarium","Energized Spire","Friendly Minions","Gold Saver","Gremlin Mod","GungeonMod","Hero for Fun","Highlight Path","Hubris","Jedi Mod","JesterMod","Marisa????????","Marked Mod","Menagerie","Minty Spire (QoL Compilation)","Pale of the Ancients","QueenMod","Quick Restart","Rare Cards Sparkle","Relic Stats","Reliquary","Replay The Spire","Robot Space Explorer","Ruina","Shade Mod","Shapeshifter Mod","Shop Mod","Small Relic Pack","Smile Girya","Spicy Shops","StSLib","The Alterego","The Animator","The Blue Laboratory","The Clintock","The Construct","The Cursed","The Death Knight","The Disciple","The Dragon Tamer","The Forsaken","The Hierophant","The Marked","The Mystic","The Necromancer","The Poker Player","The Runesmith","The Saiyan","The Servant 0.9.4","The Showman","The Wild Card","TheBandit","TheSwordswoman","TheVacant","Trackpad","Yuri Mod","??????REMEMod"],"gold_per_floor":[672,672,683,683,90,90,115,131,157,157,157,169,57,67,97,43,43,138,138,152,168,188,188,188,188,216,216,216,251,274,274,312,336,336,447,447,484,484,484,508,527,574,598,468,468,491,430,452,242,275,350,370,370,370,125,172,192],"floor_reached":58,"language":"ENG","playtime":18686,"items_purged":[],"score":1634,"play_id":"b06d277d-c5ea-414d-beea-c2e11fc0d86e","local_time":"20210225213906","is_ascension_mode":false,"campfire_choices":[{"floor":6.0,"key":"RECALL"},{"floor":17,"key":"REST"},{"floor":25,"key":"REST"},{"floor":27,"key":"REST"},{"floor":34,"key":"REST"},{"floor":54,"key":"REST"}],"circlet_count":0,"master_deck":["theDuelist:BeaverWarrior+1","theDuelist:GiantSoldier+1","theDuelist:ScrapFactory+1","theDuelist:LeviaDragon+1","theDuelist:SolarWindJammer+1","theDuelist:Tuningware+1","theDuelist:ElectromagneticShield+1","theDuelist:GraniteLoyalist+1","theDuelist:RainbowNeos+1","theDuelist:BlueBloodedOni+1","theDuelist:SpiritHarp+1","theDuelist:Eva+1","theDuelist:ImperialOrder+1","theDuelist:DoubleTool+6","theDuelist:GridRod+1","theDuelist:AmuletAmbition+5","theDuelist:PowerKaishin+1","theDuelist:StrayLambs+1","theDuelist:FusionWeapon+1","theDuelist:FrontierWiseman+1","theDuelist:FeatherPho+1","theDuelist:Raigeki+1","theDuelist:HappyLover+1","theDuelist:HappyLover+1","DevaForm+1","theDuelist:LegendarySword+4","theDuelist:Electrowhip+1","theDuelist:CombinationAttack+6","theDuelist:Invigoration+1","theDuelist:MeteorDestruction+4","theDuelist:CircleFireKings+1","theDuelist:VenomShot+4"],"relics":["theDuelist:MillenniumPuzzle","theDuelist:CardPoolRelic","theDuelist:CardPoolBasicRelic","theDuelist:BoosterPackPoolRelic","theDuelist:CardPoolAddRelic","theDuelist:CardPoolMinusRelic","theDuelist:CardPoolSaveRelic","theDuelist:CardPoolOptionsRelic","Hammer of Thor","Seething Fire","Anvil of the Gods","REME_ComplimentaryCards","Membership Card","aspiration:EmptySkull","reliquary:SilkGlove","Replay:Byrd Feeder","MerchantsRug","Replay:Mystery Machine","DeathKnight:PutricidesVial","DemoMod:WhiteGuonStone","REME_CardOfGreed","reliquary:SharkskinSheath","Replay:Towering Pillar of Hats","construct:WeddingRing","DemoMod:GlassGuonStoneRelic","Replay:Bandana","Toxic Egg 2","ReplayTheSpireMod:Shallot","Astrolabe","theDuelist:CardRewardRelicI","conspire:TopHat","reliquary:FingerTrap","DemoMod:MonsterBlood","trackpad:BottledTsunami","White Beast Statue"],"acts_visited":["Exordium","TheCity","TheBeyond","TheEnding"],"potions_floor_usage":[52,56,57],"damage_taken":[{"damage":0.0,"enemies":"Small Slimes","floor":1.0,"turns":3.0},{"damage":0.0,"enemies":"2 Louse","floor":3.0,"turns":1.0},{"damage":2,"enemies":"3 Sentries","floor":7,"turns":5},{"damage":5,"enemies":"Jaw Worm","floor":8,"turns":2},{"damage":6,"enemies":"Red Slaver","floor":12,"turns":2},{"damage":0,"enemies":"Lots of Slimes","floor":14,"turns":3},{"damage":0,"enemies":"Lagavulin","floor":15,"turns":4},{"damage":0,"enemies":"Slime Boss","floor":18,"turns":3},{"damage":5,"enemies":"2 Thieves","floor":20,"turns":4},{"damage":0,"enemies":"3 Byrds","floor":21,"turns":3},{"damage":0,"enemies":"Snake Plant","floor":22,"turns":3},{"damage":0,"enemies":"theDuelist:KaibaA2","floor":26,"turns":4},{"damage":0,"enemies":"conspire:SneckoGhost","floor":29,"turns":5},{"damage":0,"enemies":"3 Cultists","floor":30,"turns":3},{"damage":0,"enemies":"Slavers","floor":32,"turns":4},{"damage":0,"enemies":"conspire:HollyBat","floor":33,"turns":4},{"damage":0,"enemies":"Automaton","floor":35,"turns":6},{"damage":0,"enemies":"3 Darklings","floor":37,"turns":3},{"damage":0,"enemies":"Orb Walker","floor":40,"turns":3},{"damage":7,"enemies":"4 Shapes","floor":41,"turns":4},{"damage":0,"enemies":"Nemesis","floor":42,"turns":7},{"damage":0,"enemies":"Maw","floor":43,"turns":5},{"damage":0,"enemies":"Transient","floor":46,"turns":5},{"damage":0,"enemies":"Jaw Worm Horde","floor":48,"turns":3},{"damage":0,"enemies":"Spire Growth","floor":50,"turns":3},{"damage":0,"enemies":"conspire:OrnateMirror","floor":52,"turns":6},{"damage":0,"enemies":"Shield and Spear","floor":56,"turns":3},{"damage":0,"enemies":"The Heart","floor":57,"turns":8}],"seed_played":"-3795037005464302544","potions_obtained":[{"floor":1.0,"key":"ColorlessPotion"},{"floor":8,"key":"blueLaboratory:TrueEctoplasm"}],"is_trial":false,"path_per_floor":["M","?","M","?","$","R","E","M","T","PTL","PTL","M","$","M","E","?","R","B",null,"M","M","M","?","?","R","E","R","T","E","M","T","E","M","R","B",null,"M","?","?","M","M","E","M","$","T","M","$","M","$","M","R_BF","B",null,"R","$","E","B",null],"character_chosen":"THE_DUELIST","items_purchased":["Membership Card","theDuelist:ElectromagneticShield+1","aspiration:EmptySkull","reliquary:SilkGlove","Replay:Byrd Feeder","theDuelist:GraniteLoyalist","theDuelist:RainbowNeos","theDuelist:LegendHeart","MerchantsRug","DemoMod:WhiteGuonStone","REME_CardOfGreed","theDuelist:CardRewardRelicI","theDuelist:Electrowhip","theDuelist:CombinationAttack","reliquary:FingerTrap","theDuelist:MeteorDestruction","theDuelist:CircleFireKings+1","theDuelist:VenomShot","DemoMod:MonsterBlood","trackpad:BottledTsunami"],"campfire_rested":5,"item_purchase_floors":[5,5,5,5,5,5,5,5,5,13,13,44,47,47,49,49,49,55,55,55],"current_hp_per_floor":[88,88,88,88,88,88,86,81,81,81,81,75,75,75,75,75,88,88,88,83,83,83,83,83,88,88,88,88,88,88,88,88,88,88,88,88,88,88,88,88,81,81,81,81,81,81,81,81,81,81,81,81,88,88,95,95,95],"gold":192,"neow_bonus":"TEN_PERCENT_HP_BONUS","is_daily":false,"chose_seed":false,"campfire_upgraded":0,"win_rate":0.0,"timestamp":1614310746,"path_taken":["M","?","M","?","?","R","E","M","T","PTL","PTL","?","$","M","E","?","R","BOSS","M","M","?","?","?","R","E","R","T","E","M","?","E","?","R","BOSS","M","?","?","M","M","E","M","?","T","M","$","?","$","M","R_BF","BOSS","R","$","E","BOSS"],"items_purchased_type":["Relic","Card","Relic","Relic","Relic","Card","Card","Card","Relic","Relic","Relic","Relic","Card","Card","Relic","Card","Card","Card","Relic","Relic"],"build_version":"2020-12-22","purchased_purges":0,"victory":true,"max_hp_per_floor":[88,88,88,88,88,88,88,88,88,88,88,88,88,88,88,88,88,88,88,88,88,88,88,88,88,88,88,88,88,88,88,88,88,88,88,88,88,88,88,88,88,88,88,88,88,88,88,88,88,88,88,88,88,88,95,95,95],"relic_stats":{"counters":[28,107],"Astrolabe":[],"obtain_stats":[{"theDuelist:CardRewardRelicI":44,"reliquary:SilkGlove":5,"Hammer of Thor":0,"DemoMod:GlassGuonStoneRelic":1,"theDuelist:MillenniumPuzzle":0,"Replay:Mystery Machine":7,"DemoMod:WhiteGuonStone":13,"conspire:TopHat":45,"theDuelist:BoosterPackPoolRelic":0,"Replay:Bandana":29,"DemoMod:MonsterBlood":55,"theDuelist:CardPoolAddRelic":0,"theDuelist:CardPoolOptionsRelic":0,"reliquary:FingerTrap":49,"Toxic Egg 2":31,"theDuelist:CardPoolRelic":0,"reliquary:SharkskinSheath":15,"MerchantsRug":5,"Replay:Byrd Feeder":5,"construct:WeddingRing":19,"Replay:Towering Pillar of Hats":16,"Astrolabe":36,"theDuelist:CardPoolSaveRelic":0,"Seething Fire":0,"White Beast Statue":56,"theDuelist:CardPoolMinusRelic":0,"aspiration:EmptySkull":5,"ReplayTheSpireMod:Shallot":32,"Anvil of the Gods":0,"theDuelist:CardPoolBasicRelic":0,"DeathKnight:PutricidesVial":9,"Membership Card":5,"REME_CardOfGreed":13,"trackpad:BottledTsunami":55,"REME_ComplimentaryCards":0},{"theDuelist:CardRewardRelicI":22,"reliquary:SilkGlove":2,"Hammer of Thor":0,"DemoMod:GlassGuonStoneRelic":1,"theDuelist:MillenniumPuzzle":0,"Replay:Mystery Machine":3,"DemoMod:WhiteGuonStone":5,"conspire:TopHat":22,"theDuelist:BoosterPackPoolRelic":0,"Replay:Bandana":13,"DemoMod:MonsterBlood":26,"theDuelist:CardPoolAddRelic":0,"theDuelist:CardPoolOptionsRelic":0,"reliquary:FingerTrap":24,"Toxic Egg 2":14,"theDuelist:CardPoolRelic":0,"reliquary:SharkskinSheath":7,"MerchantsRug":2,"Replay:Byrd Feeder":2,"construct:WeddingRing":8,"Replay:Towering Pillar of Hats":7,"Astrolabe":17,"theDuelist:CardPoolSaveRelic":0,"Seething Fire":0,"White Beast Statue":27,"theDuelist:CardPoolMinusRelic":0,"aspiration:EmptySkull":2,"ReplayTheSpireMod:Shallot":15,"Anvil of the Gods":0,"theDuelist:CardPoolBasicRelic":0,"DeathKnight:PutricidesVial":4,"Membership Card":2,"REME_CardOfGreed":5,"trackpad:BottledTsunami":26,"REME_ComplimentaryCards":0},{"theDuelist:CardRewardRelicI":79,"reliquary:SilkGlove":4,"Hammer of Thor":0,"DemoMod:GlassGuonStoneRelic":3,"theDuelist:MillenniumPuzzle":0,"Replay:Mystery Machine":9,"DemoMod:WhiteGuonStone":13,"conspire:TopHat":79,"theDuelist:BoosterPackPoolRelic":0,"Replay:Bandana":42,"DemoMod:MonsterBlood":96,"theDuelist:CardPoolAddRelic":0,"theDuelist:CardPoolOptionsRelic":0,"reliquary:FingerTrap":87,"Toxic Egg 2":45,"theDuelist:CardPoolRelic":0,"reliquary:SharkskinSheath":20,"MerchantsRug":4,"Replay:Byrd Feeder":4,"construct:WeddingRing":23,"Replay:Towering Pillar of Hats":20,"Astrolabe":58,"theDuelist:CardPoolSaveRelic":0,"Seething Fire":0,"White Beast Statue":99,"theDuelist:CardPoolMinusRelic":0,"aspiration:EmptySkull":4,"ReplayTheSpireMod:Shallot":49,"Anvil of the Gods":0,"theDuelist:CardPoolBasicRelic":0,"DeathKnight:PutricidesVial":11,"Membership Card":4,"REME_CardOfGreed":13,"trackpad:BottledTsunami":96,"REME_ComplimentaryCards":0}]},"card_choices":[{"not_picked":["theDuelist:BigFire","theDuelist:PowerKaishin","theDuelist:WhiteMagicalHat","theDuelist:SpiritHarp"],"picked":"theDuelist:SolarWindJammer","floor":1.0},{"not_picked":["theDuelist:SpellShatteringArrow","theDuelist:MeteorDestruction","theDuelist:OnslaughtFireKings","theDuelist:Downbeat"],"picked":"theDuelist:EgoBoost","floor":3.0},{"not_picked":["theDuelist:BattleguardKing","theDuelist:BigFire","theDuelist:HarpieFeather","theDuelist:BattleFootballer"],"picked":"theDuelist:BlueBloodedOni","floor":7},{"not_picked":["theDuelist:SpellShatteringArrow","theDuelist:DarkBurningAttack","theDuelist:WormApocalypse","theDuelist:MeteorDestruction"],"picked":"theDuelist:SpiritHarp","floor":8},{"not_picked":["theDuelist:CoreBlaster","theDuelist:ScrapFactory","theDuelist:BigFire","theDuelist:BlackPendant"],"picked":"theDuelist:Eva","floor":12},{"not_picked":["theDuelist:WhiteHowling","theDuelist:ElectromagneticShield","theDuelist:MiraculousDescent","theDuelist:SwordsConcealing"],"picked":"theDuelist:ImperialOrder","floor":14},{"not_picked":["theDuelist:OnslaughtFireKings","theDuelist:Tuningware","theDuelist:BigFire","theDuelist:FusionFire"],"picked":"theDuelist:DoubleTool","floor":15},{"not_picked":["theDuelist:Wildfire","theDuelist:SwordsRevealing","theDuelist:Raigeki","theDuelist:KamionTimelord"],"picked":"theDuelist:GridRod","floor":18},{"not_picked":["theDuelist:Wildfire+1","theDuelist:FeatherShot"],"picked":"theDuelist:AmuletAmbition","floor":20},{"not_picked":["theDuelist:CoreBlaster","theDuelist:SilverApples","theDuelist:WormApocalypse","theDuelist:CrystalRaigeki"],"picked":"theDuelist:PowerKaishin","floor":21},{"not_picked":["theDuelist:DoubleTool","theDuelist:PowerWall","theDuelist:Eva","theDuelist:SpiritHarp","theDuelist:Electrowhip"],"picked":"SKIP","floor":22},{"not_picked":["theDuelist:GauntletWarrior","theDuelist:MirrorForce+1","theDuelist:PowerGiant","theDuelist:UltimateOffering"],"picked":"theDuelist:StrayLambs","floor":26},{"not_picked":["theDuelist:BigFire","theDuelist:BerserkerCrush","theDuelist:EgoBoost","theDuelist:DarkBurningMagic","theDuelist:GravityBlaster"],"picked":"SKIP","floor":29},{"not_picked":["theDuelist:SpellShatteringArrow","theDuelist:CoreBlaster","theDuelist:SangaEarth+1","theDuelist:CrossAttack"],"picked":"theDuelist:FusionWeapon","floor":30},{"not_picked":["theDuelist:BlackPendant+1","theDuelist:Tuningware+1","theDuelist:PreventRat+1","theDuelist:GilfordLegend"],"picked":"theDuelist:FrontierWiseman+1","floor":32},{"not_picked":["theDuelist:BattleguardKing+1","theDuelist:RainbowJar","theDuelist:SolemnStrike+1","theDuelist:WingedKuribohLv10+1"],"picked":"theDuelist:FeatherPho+1","floor":33},{"not_picked":["theDuelist:SevenCompleted+1","theDuelist:GravityLash","theDuelist:AmuletAmbition+1","theDuelist:MillenniumShield+1"],"picked":"theDuelist:Raigeki","floor":35},{"not_picked":["theDuelist:RainbowNeos+1","theDuelist:KamionTimelord","theDuelist:Eva+1","theDuelist:RainbowKuriboh+1"],"picked":"theDuelist:HappyLover+1","floor":37},{"not_picked":["theDuelist:SpiralSpearStrike","theDuelist:Eva+1","theDuelist:WhiteNinja+1","theDuelist:SparkBlaster","theDuelist:FusionWeapon+1"],"picked":"SKIP","floor":40},{"not_picked":["theDuelist:Hinotama","theDuelist:WormApocalypse+1","theDuelist:Tuningware+1","theDuelist:SpellShatteringArrow","theDuelist:SpiritHarp+1"],"picked":"SKIP","floor":41},{"not_picked":["theDuelist:RainbowNeos+1","theDuelist:Eva+1","theDuelist:RainbowKuriboh+1","theDuelist:RainbowOverdragon+1"],"picked":"theDuelist:HappyLover+1","floor":42},{"not_picked":["theDuelist:Wildfire","theDuelist:InstantFusion+1","theDuelist:HappyLover+1","theDuelist:AfterGenocide+1","theDuelist:GridRod+1"],"picked":"SKIP","floor":43},{"not_picked":["theDuelist:BigKoala+1","theDuelist:Sangan","theDuelist:Predaponics+1","theDuelist:Raigeki+1"],"picked":"theDuelist:LegendarySword+1","floor":46},{"not_picked":["theDuelist:CombinationAttack+2","theDuelist:RainbowNeos+1","theDuelist:Hinotama","theDuelist:LegendarySword"],"picked":"theDuelist:Invigoration+1","floor":48},{"not_picked":["theDuelist:MeteorDestruction","theDuelist:InfernoFireBlast+1","theDuelist:LegendHeart+1","theDuelist:DeltaAttacker+1","theDuelist:BlackPendant+1"],"picked":"SKIP","floor":50},{"not_picked":["theDuelist:FuryFire+4","theDuelist:PowerGiant+1","theDuelist:WormKing+1","theDuelist:ForbiddenLance+6","theDuelist:SolemnStrike+1"],"picked":"SKIP","floor":56}],"player_experience":274841,"relics_obtained":[{"floor":7,"key":"Replay:Mystery Machine"},{"floor":9,"key":"DeathKnight:PutricidesVial"},{"floor":15,"key":"reliquary:SharkskinSheath"},{"floor":29,"key":"Replay:Bandana"},{"floor":31,"key":"Toxic Egg 2"},{"floor":32,"key":"ReplayTheSpireMod:Shallot"},{"floor":45,"key":"conspire:TopHat"},{"floor":56,"key":"White Beast Statue"}],"event_choices":[{"damage_healed":0.0,"max_hp_gain":0.0,"max_hp_loss":0.0,"gold_gain":0.0,"cards_transformed":["theDuelist:CastleWalls"],"event_name":"Living Wall","player_choice":"Change","floor":2.0,"gold_loss":0.0,"damage_taken":0.0,"cards_obtained":["theDuelist:Tuningware"]},{"damage_healed":88.0,"max_hp_gain":0.0,"max_hp_loss":88.0,"gold_gain":0.0,"event_name":"betterThird:BetterShining","player_choice":"Leave","floor":4.0,"gold_loss":0.0,"damage_taken":0.0},{"damage_healed":0,"gold_gain":0,"player_choice":"Paid Gold","damage_taken":0,"relics_obtained":["Replay:Towering Pillar of Hats"],"max_hp_gain":0,"max_hp_loss":0,"event_name":"WeMeetAgain","floor":16,"gold_loss":54},{"damage_healed":0,"gold_gain":0,"player_choice":"Ignored","damage_taken":0,"max_hp_gain":0,"max_hp_loss":0,"event_name":"betterNote:BetterNote","floor":23,"gold_loss":0,"cards_obtained":["theMarked:Defend"]},{"damage_healed":0,"gold_gain":0,"player_choice":"Ignored","damage_taken":0,"max_hp_gain":0,"max_hp_loss":0,"event_name":"Beggar","floor":24,"gold_loss":0},{"damage_healed":0,"gold_gain":0,"player_choice":"Ignored","damage_taken":0,"max_hp_gain":0,"max_hp_loss":0,"event_name":"Tomb of Lord Red Mask","floor":38,"gold_loss":0}],"is_beta":false,"boss_relics":[{"not_picked":["conspire:SeveredTorchhead","energizedSpire:OgreHead"],"picked":"construct:WeddingRing"},{"not_picked":["beaked:SacredDeck","hubris:CrackedHourglass"],"picked":"Astrolabe"}],"items_purged_floors":[],"is_endless":false,"potions_floor_spawned":[1,8,18,20,22,32,35,40,42,48],"ascension_level":0}}