{"host":"n9djqtt305zq066c","time":1614336460,"event":{"mods":["Act Like it!","BaseMod","Colored Map","Library of Ruina","Library of Ruina Extra","Minty Spire (QoL Compilation)","Rare Cards Sparkle","StSLib"],"gold_per_floor":[115,129,142,160,179,206,218,230,230,230,256,256,256,281,281,381,381,399,414,414,414,427,438,292,309,309,324,359,378,403,422,422,525,525,539,539,555,605,617,643,643,669,681,705,717,477,0,13,13,13,13],"floor_reached":52,"language":"ZHS","playtime":2860,"items_purged":["LightAttack","LightAttack"],"score":1220,"play_id":"9cb0a254-fe06-4803-9b9c-e432b31d441e","local_time":"20210226184740","is_ascension_mode":false,"campfire_choices":[{"data":"DesperateStruggle","floor":10,"key":"SMITH"},{"data":"Duel_lor","floor":15,"key":"SMITH"},{"data":"UnforgettableMelody","floor":32,"key":"SMITH"},{"data":"Observe","floor":41,"key":"SMITH"},{"data":"RepressedFlesh","floor":45,"key":"SMITH"},{"data":"BalefulBrand","floor":49,"key":"SMITH"}],"circlet_count":0,"master_deck":["Dodge","LightDefense","LightAttack","LightDefense","LightDefense","ChargeAndCover","FocusedStrikes","GoinFirst","WillOfThePrescript","DesperateStruggle+1","RulesOfTheBackstreets","BiAn","SwordOfVolition","Duel_lor+1","FormingStorm","SuanNi","StructuralAnalysis","VioletBlade","Punishment","BattleCommand","Observe+1","ExtractFuel+1","MirageStorm","SenseQuarry","UnforgettableMelody+1","Commandeering","Concentration+1","Multislash+1","BalefulBrand+1","RepressedFlesh+1","OminousPower+1","ToWhereThePrescriptPoints","RhinoRam+1","Rampage_lor+1","RapidGashes"],"relics":["PageOfLibrarian","Ancient Tea Set","PageOfLittleHelper","Pen Nib","Mummified Hand","PageOfBlackSwan","Nloth\u0027s Gift","Blue Candle","PageOfMercenary","PageOfRedShoes","Snecko Eye","Peace Pipe","White Beast Statue","MawBank","Toxic Egg 2","PageOfSnowWhitesApple","Red Mask"],"acts_visited":["Exordium","TheCity","TheBeyond"],"potions_floor_usage":[30,33],"damage_taken":[{"damage":0,"enemies":"Cultist","floor":1,"turns":4},{"damage":0,"enemies":"Jaw Worm","floor":2,"turns":3},{"damage":0,"enemies":"2 Louse","floor":3,"turns":3},{"damage":2,"enemies":"Blue Slaver","floor":4,"turns":3},{"damage":2,"enemies":"Exordium Thugs","floor":5,"turns":2},{"damage":4,"enemies":"Lagavulin","floor":6,"turns":4},{"damage":2,"enemies":"Looter","floor":7,"turns":2},{"damage":6,"enemies":"Gremlin Gang","floor":8,"turns":2},{"damage":0,"enemies":"The Mushroom Lair","floor":11,"turns":2},{"damage":16,"enemies":"3 Sentries","floor":14,"turns":4},{"damage":4,"enemies":"Slime Boss","floor":16,"turns":4},{"damage":8,"enemies":"3 Byrds","floor":18,"turns":3},{"damage":0,"enemies":"Shell Parasite","floor":19,"turns":2},{"damage":7,"enemies":"Snake Plant","floor":22,"turns":2},{"damage":0,"enemies":"Shelled Parasite and Fungi","floor":23,"turns":3},{"damage":0,"enemies":"Centurion and Healer","floor":25,"turns":3},{"damage":0,"enemies":"Snake Plant","floor":27,"turns":1},{"damage":1,"enemies":"Gremlin Leader","floor":28,"turns":5},{"damage":0,"enemies":"Snecko","floor":29,"turns":3},{"damage":2,"enemies":"Slavers","floor":30,"turns":2},{"damage":0,"enemies":"Cultist and Chosen","floor":31,"turns":3},{"damage":0,"enemies":"KingOfGreed","floor":33,"turns":5},{"damage":0,"enemies":"Orb Walker","floor":35,"turns":2},{"damage":0,"enemies":"3 Shapes","floor":37,"turns":2},{"damage":0,"enemies":"2 Orb Walkers","floor":38,"turns":2},{"damage":2,"enemies":"Maw","floor":39,"turns":1},{"damage":0,"enemies":"Reptomancer","floor":40,"turns":1},{"damage":0,"enemies":"Nemesis","floor":42,"turns":1},{"damage":0,"enemies":"Spire Growth","floor":44,"turns":1},{"damage":0,"enemies":"Transient","floor":48,"turns":3},{"damage":0,"enemies":"Donu and Deca","floor":50,"turns":2},{"damage":0,"enemies":"Donu and Deca","floor":51,"turns":4}],"seed_played":"-5418945927160408969","potions_obtained":[{"floor":2,"key":"GamblersBrew"},{"floor":6,"key":"Swift Potion"},{"floor":8,"key":"AttackPotion"},{"floor":30,"key":"Weak Potion"},{"floor":35,"key":"Dexterity Potion"}],"is_trial":false,"path_per_floor":["M","M","M","M","M","E","M","M","T","R","?","?","T","E","R","B",null,"M","M","?","?","M","M","$","M","T","M","E","M","E","M","R","B",null,"M","?","M","?","M","E","R","E","T","M","R","$","?","M","R","B",null,null],"character_chosen":"Librarian","items_purchased":["MirageStorm","PageOfSnowWhitesApple"],"campfire_rested":0,"item_purchase_floors":[24,46],"current_hp_per_floor":[60,60,60,58,56,52,50,44,44,44,44,37,37,21,21,17,86,78,78,61,61,54,54,54,54,54,56,57,57,57,57,57,59,91,91,91,91,91,89,89,89,89,89,89,89,89,89,89,89,89,91],"gold":13,"neow_bonus":"ONE_RANDOM_RARE_CARD","is_daily":false,"chose_seed":false,"campfire_upgraded":6,"win_rate":0.0,"timestamp":1614336460,"path_taken":["M","M","M","?","M","E","M","M","T","R","?","?","?","E","R","BOSS","M","M","?","?","?","M","$","M","T","M","E","M","E","M","R","BOSS","M","?","M","?","M","E","R","E","T","M","R","?","?","M","R","BOSS"],"items_purchased_type":["Card","Relic"],"build_version":"2020-12-22","purchased_purges":2,"victory":true,"max_hp_per_floor":[86,86,86,86,86,86,86,86,86,86,86,86,86,86,86,86,86,86,86,91,91,91,91,91,91,91,91,91,91,91,91,91,91,91,91,91,91,91,91,91,91,91,91,91,91,91,91,91,91,91,91],"card_choices":[{"not_picked":["TraceOfFumes","StrikeDown","Faith","DistortedBlade","RatsGuideToSurvival","TasteMyFlamingBat","GreatSerpentsImpact","FlyingSword"],"picked":"WillOfThePrescript","floor":1},{"not_picked":["SkyClearingCut","ICanCookAnything","NightInTheBackstreets","Preparation","ExtremeEdge","GroundSmash","BayonetCombat","FendThisOffIfYouCan"],"picked":"DesperateStruggle","floor":2},{"not_picked":["FocusFire","StrikeDown","RepressedFlesh","CutIn","CoordinatedAssault","SummaryJudgment","SharpNails","BulkyImpact"],"picked":"RulesOfTheBackstreets","floor":3},{"not_picked":["SpearedSweep","Crush","EndlessBattle","Leap_lor","PinpointShot","QuickSuppression","Rewind","SearingSword"],"picked":"BiAn","floor":4},{"not_picked":["Rewind","MultiHit","FrontalAssault","Multislash","SpearedSweep","Wallop_lor","TendonChords","Parry"],"picked":"SwordOfVolition","floor":5},{"not_picked":["YoureTooSlow","FleetEdge","StrikeDown","Ripple","SinglePointStab","AsThePrescriptOrders","GrazeTheGrass","HighKick"],"picked":"Duel_lor","floor":6},{"not_picked":["ClassAndRespect","SharpSwipe","DarkCloud","MultiHit","Standoff","EnergyStrike","PreparedMind","PreemptiveStrike"],"picked":"FormingStorm","floor":7},{"not_picked":["Rewind","Wallop_lor","GuardingStance","MultiHit","EndlessBattle","StructuralAnalysis","SunsetBlade","CoordinatedAssault"],"picked":"SuanNi","floor":8},{"not_picked":["StayCalm","UpbeatPerformance","CoordinatedAssault","FierceCharge","SunsetBlade","TendonChords","Leap_lor","EnergyCycle"],"picked":"StructuralAnalysis","floor":11},{"not_picked":["GuardingStance","SweepTheBackstreets","StructuralAnalysis","FaintMemories","GutHarvesting","FeelinGood","ConcentratedFire","BackAttack"],"picked":"VioletBlade","floor":14},{"not_picked":["SuanNi","Transpierce"],"picked":"Punishment","floor":16},{"not_picked":["YoureAHindrance","WaitUp","Tailoring","FleetFootsteps","Wallop_lor","ClassAndRespect+1","AutomatedMovement+1","JiaoTu+1"],"picked":"BattleCommand","floor":18},{"not_picked":["BackAttack+1","StrongStrike","Rewind","DefenseOrder","CumulusWall+1","YoureAHindrance","Unlock1","EnergyCycle"],"picked":"Observe","floor":19},{"not_picked":["CumulusWall","GreatSerpentsImpact","FrontalAssault","Track","MultiHit","WillOfThePrescript","Wallop_lor+1","Overpower+1","EnergyCycle+1"],"picked":"SKIP","floor":22},{"not_picked":["FierceCharge+1","GaleKick","HandleRequest","StrikeDown","Gamble+1","Leap_lor","StartinOutLightly","EnergyStrike"],"picked":"ExtractFuel+1","floor":23},{"not_picked":["BladeWhirl","Track","DarkCloud+1","DesperateStruggle","MindPrepared+1","HandleRequest","ClassAndRespect","SerpentSwordTechnique"],"picked":"SenseQuarry","floor":25},{"not_picked":["ShockRound","WillOfThePrescript","Pound","DarkCloud+1","VioletBlade+1","Reload","CookingPrep","FieryWaltz"],"picked":"UnforgettableMelody","floor":27},{"not_picked":["Wallop_lor+1","ExtremeEdge+1","LossOfSenses+1","HighKick","Rewind","GreatSerpentsImpact","FleetFootsteps+1","UnforgettableMelody"],"picked":"Commandeering","floor":28},{"not_picked":["UndertakePrescript","Thrust","GuardingStance","EnergyStrike+1","Leap_lor","ICanCookAnything","StrikeDown+1","SummaryJudgment"],"picked":"Parry2","floor":29},{"not_picked":["FormingStorm","HighKick","TieShanKao","MindWhip","StrikeDown","EndlessBattle","FlashingStrike","AGoldenOpportunity"],"picked":"Concentration+1","floor":30},{"not_picked":["EnergyShield","Creak","HandlingWork","Unlock1","FocusFire","AsThePrescriptOrders","DirtyBlow","SwordOfVolition"],"picked":"Multislash+1","floor":31},{"not_picked":["RipSpace","BoundaryOfDeath"],"picked":"BalefulBrand","floor":33},{"not_picked":["AutomatedMovement+1","BurningFlash","FervidEmotions+1","BlindFaith+1","BattleCommand","Mutilate","SuppressingShot+1","QuickAttack"],"picked":"RepressedFlesh","floor":35},{"not_picked":["ShockRound","ViolentFlame+1","DefenseOrder+1","Diversion","SmokingPipe","FlashingStrike+1","ConcentratedFire","Unlock1"],"picked":"OminousPower+1","floor":37},{"not_picked":["PreemptiveStrike+1","FierceCharge","FocusFire","SharpSwipe","SenseQuarry","ScatteringSlash","HiddenBlade","EnergyShield"],"picked":"ToWhereThePrescriptPoints","floor":38},{"not_picked":["Rewind+1","BackAttack","JiaoTu+1","Diversion+1","FieryDragonSlash+1","AsThePrescriptOrders+1","PreemptiveStrike","SpearedSweep"],"picked":"RhinoRam+1","floor":39},{"not_picked":["ConcentratedFire+1","DevastatingThrash","TrashDisposal","PreparedMind+1","NightInTheBackstreets","SpearedSweep","Unlock1","InhaleSmoke+1"],"picked":"Rampage_lor+1","floor":40},{"not_picked":["RipSpace","Reload","SilentNight","AutomatedMovement+1","RushDown+1","StrikeDown","FieryWaltz+1","Deflect_lor"],"picked":"RapidGashes","floor":42},{"not_picked":["GatherIntel+1","Faith+1","LossOfSenses+1","FieryWaltz+1","SpearedSweep+1","BackstreetsDash","WillOfThePrescript+1","Brawl","BackAttack+1"],"picked":"SKIP","floor":44},{"not_picked":["ClassAndRespect","IronWall+1","NightInTheBackstreets+1","ShrineToMusic+1","SinglePointStab+1","GuardingStance+1","Parry2+1","CumulusWall+1","SweepTheBackstreets+1"],"picked":"SKIP","floor":48}],"player_experience":228043,"relics_obtained":[{"floor":6,"key":"Ancient Tea Set"},{"floor":9,"key":"PageOfLittleHelper"},{"floor":11,"key":"Odd Mushroom"},{"floor":13,"key":"Pen Nib"},{"floor":14,"key":"Mummified Hand"},{"floor":26,"key":"Blue Candle"},{"floor":28,"key":"PageOfMercenary"},{"floor":30,"key":"PageOfRedShoes"},{"floor":38,"key":"Peace Pipe"},{"floor":40,"key":"White Beast Statue"},{"floor":42,"key":"MawBank"},{"floor":43,"key":"Toxic Egg 2"}],"event_choices":[{"damage_healed":0,"gold_gain":0,"player_choice":"Fought Mushrooms","damage_taken":0,"max_hp_gain":0,"max_hp_loss":0,"event_name":"Mushrooms","floor":11,"gold_loss":0},{"cards_removed":["LightDefense"],"damage_healed":0,"gold_gain":0,"player_choice":"Card Removal","damage_taken":7,"max_hp_gain":0,"max_hp_loss":0,"event_name":"Golden Wing","floor":12,"gold_loss":0},{"damage_healed":0,"gold_gain":0,"player_choice":"Shed Blood","damage_taken":22,"max_hp_gain":5,"max_hp_loss":0,"event_name":"Forgotten Altar","floor":20,"gold_loss":0},{"damage_healed":0,"gold_gain":0,"player_choice":"Traded Relic","damage_taken":0,"relics_obtained":["Nloth\u0027s Gift"],"max_hp_gain":0,"max_hp_loss":0,"event_name":"N\u0027loth","floor":21,"relics_lost":["Odd Mushroom"],"gold_loss":0},{"cards_removed":["Parry2"],"damage_healed":0,"gold_gain":0,"player_choice":"Removed Power","damage_taken":0,"max_hp_gain":0,"max_hp_loss":0,"event_name":"Falling","floor":36,"gold_loss":0},{"damage_healed":0,"gold_gain":0,"player_choice":"Fight","damage_taken":0,"max_hp_gain":0,"max_hp_loss":0,"event_name":"Mysterious Sphere","floor":38,"gold_loss":0},{"damage_healed":0,"gold_gain":0,"player_choice":"Paid","damage_taken":0,"relics_obtained":["Red Mask"],"max_hp_gain":0,"max_hp_loss":0,"event_name":"Tomb of Lord Red Mask","floor":47,"gold_loss":477}],"is_beta":false,"boss_relics":[{"not_picked":["Runic Dome","Velvet Choker"],"picked":"PageOfBlackSwan"},{"not_picked":["Calling Bell","Philosopher\u0027s Stone"],"picked":"Snecko Eye"}],"items_purged_floors":[24,46],"is_endless":false,"potions_floor_spawned":[2,6,8,11,14,18,22,29,30,31,35,38,40,42,44,48,51],"ascension_level":0}}