{"host":"1xo5g347e5o4auts","time":1614361227,"event":{"mods":["BaseMod","Minty Spire (QoL Compilation)","Permanent Neow","StSLib"],"gold_per_floor":[114,114,132,182,196,196,207,207,287,318,318,348,348,1,1,1,1],"floor_reached":16,"language":"ENG","playtime":414,"items_purged":[],"score":216,"play_id":"f02529b0-7419-45ab-bd82-642ec7a548b2","local_time":"20210226194027","is_ascension_mode":true,"campfire_choices":[{"data":"Dagger Spray","floor":6.0,"key":"SMITH"},{"data":"Crippling Poison","floor":8.0,"key":"SMITH"},{"data":"Well Laid Plans","floor":11,"key":"SMITH"},{"data":"Bane","floor":13,"key":"SMITH"},{"data":"Footwork","floor":15,"key":"SMITH"}],"circlet_count":0,"master_deck":["AscendersBane","Strike_G","Strike_G","Strike_G","Strike_G","Strike_G","Defend_G","Defend_G","Defend_G","Defend_G","Defend_G","Survivor","Neutralize","Die Die Die+1","Leg Sweep","Crippling Poison+1","Dagger Spray+1","Well Laid Plans+1","Bane+1","Footwork+1"],"relics":["Ring of the Snake","Ornamental Fan","Toy Ornithopter","Omamori","Membership Card","Kunai"],"acts_visited":["Exordium"],"potions_floor_usage":[16],"damage_taken":[{"damage":3.0,"enemies":"Jaw Worm","floor":1.0,"turns":4.0},{"damage":0.0,"enemies":"Cultist","floor":3.0,"turns":3.0},{"damage":1.0,"enemies":"Small Slimes","floor":5.0,"turns":3.0},{"damage":0.0,"enemies":"Looter","floor":7.0,"turns":4.0},{"damage":7,"enemies":"3 Sentries","floor":10,"turns":4},{"damage":19,"enemies":"Lagavulin","floor":12,"turns":10},{"damage":46,"enemies":"Slime Boss","floor":16,"turns":12}],"seed_played":"-6355406699625291654","potions_obtained":[{"floor":5.0,"key":"Regen Potion"}],"is_trial":false,"path_per_floor":["M","?","M","?","M","R","M","R","T","E","R","E","R","$","R","B"],"character_chosen":"THE_SILENT","items_purchased":["Membership Card","Footwork","Kunai"],"campfire_rested":0,"item_purchase_floors":[14,14,14],"current_hp_per_floor":[56,56,56,56,55,55,55,55,55,48,48,29,29,29,29,3,3],"gold":1,"neow_bonus":"ONE_RANDOM_RARE_CARD","is_daily":false,"chose_seed":false,"campfire_upgraded":5,"win_rate":0.0,"timestamp":1614361227,"path_taken":["M","?","M","?","M","R","M","R","T","E","R","E","R","$","R","BOSS"],"items_purchased_type":["Relic","Card","Relic"],"build_version":"2020-12-22","purchased_purges":0,"victory":false,"max_hp_per_floor":[66,66,66,66,66,66,66,66,66,66,66,66,66,66,66,66,66],"card_choices":[{"not_picked":["Backflip","Prepared"],"picked":"Leg Sweep","floor":1.0},{"not_picked":["All Out Attack","Choke"],"picked":"Crippling Poison","floor":3.0},{"not_picked":["PiercingWail","Eviscerate"],"picked":"Dagger Spray","floor":5.0},{"not_picked":["Doppelganger","Deflect","Slice"],"picked":"SKIP","floor":7.0},{"not_picked":["Riddle With Holes","Outmaneuver"],"picked":"Well Laid Plans","floor":10},{"not_picked":["Tools of the Trade","Choke"],"picked":"Bane","floor":12}],"player_experience":1519732,"relics_obtained":[{"floor":9.0,"key":"Ornamental Fan"},{"floor":10,"key":"Toy Ornithopter"},{"floor":12,"key":"Omamori"}],"event_choices":[{"damage_healed":0.0,"max_hp_gain":0.0,"max_hp_loss":0.0,"gold_gain":0.0,"event_name":"Living Wall","player_choice":"Grow","floor":2.0,"gold_loss":0.0,"damage_taken":0.0,"cards_upgraded":["Die Die Die"]},{"damage_healed":0.0,"max_hp_gain":0.0,"max_hp_loss":0.0,"gold_gain":50.0,"event_name":"Golden Shrine","player_choice":"Pray","floor":4.0,"gold_loss":0.0,"damage_taken":0.0}],"is_beta":false,"boss_relics":[],"items_purged_floors":[],"is_endless":false,"potions_floor_spawned":[5],"killed_by":"Slime Boss","ascension_level":20}}