{"host":"kaame4qwxxqnygv7","time":1614302732,"event":{"mods":["AchievementEnabler","BaseMod","Better Match","Better Skull","Better Third Choice","BetterRewards","Block Reminder","Bossed Relics","DeckTracker","Energized Spire","GungeonMod","Minty Spire (QoL Compilation)","Quick Restart","Red Circlet Mod","StSLib","SuperFastMode","The Blue Laboratory"],"gold_per_floor":[114,64,64,64,82,108,108,124,169,200,200,219,219,254,254,351,351,366,281,312,324,324,359,359,369,446,462,462,481,507,507,507,607,607,623,634,634,634,652,685,685,685,685,696,714,714,714,0,0,0,0,0,0,34,34],"floor_reached":56,"language":"KOR","playtime":1757,"items_purged":[],"score":1700,"play_id":"3d668acb-95da-46a5-9318-694ad452a4ba","local_time":"20210226102532","is_ascension_mode":true,"campfire_choices":[{"data":"Body Slam","floor":7.0,"key":"SMITH"},{"data":"Flame Barrier","floor":15.0,"key":"SMITH"},{"data":"Barricade","floor":28,"key":"SMITH"},{"data":"Seeing Red","floor":32,"key":"SMITH"},{"data":"Impervious","floor":41,"key":"SMITH"},{"data":"Exhume","floor":46,"key":"SMITH"},{"floor":49,"key":"RECALL"},{"data":"Body Slam","floor":52,"key":"SMITH"}],"circlet_count":0,"master_deck":["Strike_R","Defend_R","Defend_R","Defend_R","Bash","Cleave","Body Slam+1","Flame Barrier+1","Barricade+1","Impervious+1","Warcry","Body Slam+1","Burning Pact+1","Seeing Red+1","Warcry","Exhume+1","Body Slam+1","Entrench+1","Finesse","Exhume"],"relics":["Burning Blood","DemoMod:VorpalBullet","DemoMod:AgedBell","DemoMod:SerJunkan","Akabeko","DemoMod:Relodestone","Bag of Marbles","DemoMod:Junk","Empty Cage","Kunai","Tiny House","Pear","Red Mask","Mummified Hand"],"acts_visited":["Exordium","TheCity","TheBeyond","TheEnding"],"potions_floor_usage":[55],"damage_taken":[{"damage":1.0,"enemies":"Cultist","floor":1.0,"turns":3.0},{"damage":0.0,"enemies":"2 Louse","floor":5.0,"turns":2.0},{"damage":8.0,"enemies":"3 Sentries","floor":6.0,"turns":6.0},{"damage":0.0,"enemies":"Jaw Worm","floor":8.0,"turns":1.0},{"damage":9.0,"enemies":"Lagavulin","floor":10.0,"turns":5.0},{"damage":0.0,"enemies":"2 Fungi Beasts","floor":12.0,"turns":1.0},{"damage":24.0,"enemies":"Gremlin Nob","floor":14.0,"turns":4.0},{"damage":10.0,"enemies":"Hexaghost","floor":16.0,"turns":9.0},{"damage":0.0,"enemies":"3 Byrds","floor":18.0,"turns":2.0},{"damage":6.0,"enemies":"Masked Bandits","floor":20.0,"turns":3.0},{"damage":13.0,"enemies":"2 Thieves","floor":21.0,"turns":3.0},{"damage":6.0,"enemies":"Gremlin Leader","floor":23.0,"turns":5.0},{"damage":13.0,"enemies":"Sentry and Sphere","floor":25.0,"turns":6.0},{"damage":0,"enemies":"Chosen and Byrds","floor":27,"turns":3},{"damage":7,"enemies":"Centurion and Healer","floor":29,"turns":4},{"damage":0,"enemies":"Slavers","floor":30,"turns":2},{"damage":0,"enemies":"Champ","floor":33,"turns":7},{"damage":0,"enemies":"Orb Walker","floor":35,"turns":1},{"damage":9,"enemies":"3 Darklings","floor":36,"turns":3},{"damage":0,"enemies":"4 Shapes","floor":39,"turns":2},{"damage":0,"enemies":"Giant Head","floor":40,"turns":5},{"damage":0,"enemies":"Jaw Worm Horde","floor":44,"turns":2},{"damage":0,"enemies":"Transient","floor":45,"turns":3},{"damage":29,"enemies":"Time Eater","floor":50,"turns":7},{"damage":0,"enemies":"Shield and Spear","floor":54,"turns":3},{"damage":60,"enemies":"The Heart","floor":55,"turns":7}],"seed_played":"-3511188419897100330","potions_obtained":[{"floor":6.0,"key":"Weak Potion"},{"floor":10.0,"key":"Weak Potion"},{"floor":14.0,"key":"Energy Potion"},{"floor":18.0,"key":"blueLaboratory:LouseDecoction"},{"floor":20.0,"key":"BloodPotion"},{"floor":33,"key":"FearPotion"},{"floor":35,"key":"blueLaboratory:HorrorPotion"}],"is_trial":false,"path_per_floor":["M","?","?","?","M","E","R","M","T","E","$","M","$","E","R","B",null,"M","?","?","M","$","E","?","M","T","M","R","M","E","T","R","B",null,"M","M","?","?","M","E","R","?","T","M","M","R","$","?","R","B",null,"R","$","E","B",null],"character_chosen":"IRONCLAD","items_purchased":["DemoMod:SerJunkan","Akabeko"],"campfire_rested":0,"item_purchase_floors":[0,0],"current_hp_per_floor":[41,41,34,60,66,64,64,70,70,67,67,73,73,55,55,51,73,79,79,79,72,72,72,57,50,50,56,56,55,61,61,61,67,81,85,82,82,82,85,85,85,85,95,95,95,95,95,95,95,72,89,89,89,95,60],"gold":34,"neow_bonus":"","is_daily":false,"chose_seed":false,"campfire_upgraded":7,"win_rate":0.0,"timestamp":1614302732,"path_taken":["M","?","?","?","M","E","R","M","T","E","?","M","$","E","R","BOSS","M","?","?","?","$","E","?","M","T","M","R","M","E","?","R","BOSS","M","M","?","?","M","E","R","?","T","?","M","R","$","?","R","BOSS","R","$","E","BOSS"],"items_purchased_type":["Relic","Relic"],"build_version":"2020-12-22","purchased_purges":0,"victory":true,"max_hp_per_floor":[80,80,80,80,80,80,80,80,80,80,80,80,80,80,80,80,80,80,80,80,80,80,80,85,85,85,85,85,85,85,85,85,85,85,85,85,85,85,85,85,85,85,95,95,95,95,95,95,95,95,95,95,95,95,95],"card_choices":[{"not_picked":["Hemokinesis","Flex"],"picked":"Cleave","floor":1.0},{"not_picked":["Burning Pact","Cleave"],"picked":"Body Slam","floor":5.0},{"not_picked":["Pommel Strike","Cleave","Rupture"],"picked":"SKIP","floor":6.0},{"not_picked":["Anger","Shockwave","Pommel Strike"],"picked":"SKIP","floor":8.0},{"not_picked":["Havoc","Thunderclap"],"picked":"Flame Barrier","floor":10.0},{"not_picked":["Dual Wield","Dark Embrace","Sword Boomerang"],"picked":"SKIP","floor":12.0},{"not_picked":["Clash","Clothesline"],"picked":"Barricade","floor":14.0},{"not_picked":["Exhume","Immolate"],"picked":"Impervious","floor":16.0},{"not_picked":["Shrug It Off","Uppercut+1","Headbutt"],"picked":"SKIP","floor":18.0},{"not_picked":["Wild Strike","Heavy Blade+1"],"picked":"Warcry","floor":20.0},{"not_picked":["Carnage","Entrench"],"picked":"Body Slam","floor":21.0},{"not_picked":["Shockwave","True Grit+1"],"picked":"Burning Pact+1","floor":23.0},{"not_picked":["Iron Wave","Burning Pact","Dropkick"],"picked":"SKIP","floor":25.0},{"not_picked":["Dark Embrace","Wild Strike+1","Perfected Strike"],"picked":"SKIP","floor":27},{"not_picked":["Demon Form","Uppercut"],"picked":"Seeing Red","floor":29},{"not_picked":["Cleave+1","Blood for Blood"],"picked":"Warcry","floor":30},{"not_picked":["Bludgeon","Limit Break"],"picked":"Exhume","floor":33},{"not_picked":["Perfected Strike","Anger","Pommel Strike+1"],"picked":"SKIP","floor":35},{"not_picked":["Sword Boomerang","Perfected Strike","Twin Strike+1"],"picked":"SKIP","floor":36},{"not_picked":["Evolve","Clash"],"picked":"Body Slam+1","floor":39},{"not_picked":["Havoc+1","Intimidate"],"picked":"Entrench+1","floor":40},{"not_picked":["Deep Breath","Dramatic Entrance"],"picked":"Finesse","floor":42},{"not_picked":["Anger","Flame Barrier+1","Armaments"],"picked":"SKIP","floor":44},{"not_picked":["Inflame","Havoc","Anger+1"],"picked":"SKIP","floor":45},{"not_picked":["Seeing Red+1","Wild Strike"],"picked":"Exhume","floor":54}],"player_experience":352166,"relics_obtained":[{"floor":6.0,"key":"DemoMod:Relodestone"},{"floor":9.0,"key":"Bag of Marbles"},{"floor":10.0,"key":"DemoMod:Junk"},{"floor":14.0,"key":"DemoMod:Junk"},{"floor":20.0,"key":"DemoMod:Junk"},{"floor":23.0,"key":"DemoMod:Junk"},{"floor":30,"key":"DemoMod:Junk"},{"floor":31,"key":"DemoMod:Junk"},{"floor":40,"key":"DemoMod:Junk"},{"floor":43,"key":"Pear"},{"floor":54,"key":"Mummified Hand"}],"event_choices":[{"cards_removed":["Strike_R"],"damage_healed":0.0,"max_hp_gain":0.0,"max_hp_loss":0.0,"gold_gain":0.0,"event_name":"The Cleric","player_choice":"Card Removal","floor":2.0,"gold_loss":50.0,"damage_taken":0.0},{"cards_removed":["Defend_R"],"damage_healed":0.0,"max_hp_gain":0.0,"max_hp_loss":0.0,"gold_gain":0.0,"event_name":"Golden Wing","player_choice":"Card Removal","floor":3.0,"gold_loss":0.0,"damage_taken":7.0},{"damage_healed":26.0,"max_hp_gain":0.0,"max_hp_loss":0.0,"gold_gain":0.0,"event_name":"Big Fish","player_choice":"Banana","floor":4.0,"gold_loss":0.0,"damage_taken":0.0},{"damage_healed":0.0,"max_hp_gain":0.0,"max_hp_loss":0.0,"gold_gain":0.0,"event_name":"Addict","player_choice":"Obtained Relic","floor":19.0,"gold_loss":85.0,"damage_taken":0.0,"relics_obtained":["Kunai"]},{"damage_healed":0.0,"max_hp_gain":0.0,"max_hp_loss":0.0,"gold_gain":0.0,"event_name":"Masked Bandits","player_choice":"Fought Bandits","floor":20.0,"gold_loss":0.0,"damage_taken":0.0},{"damage_healed":0.0,"max_hp_gain":5.0,"max_hp_loss":0.0,"gold_gain":0.0,"event_name":"Forgotten Altar","player_choice":"Shed Blood","floor":24.0,"gold_loss":0.0,"damage_taken":20.0},{"damage_healed":0,"gold_gain":0,"player_choice":"1","damage_taken":0,"max_hp_gain":0,"max_hp_loss":0,"event_name":"betterMatch:BetterMatch","floor":37,"gold_loss":0,"cards_obtained":["betterMatch:CommonCard","betterMatch:RareCard","betterMatch:UncommonCard"]},{"cards_removed":["Strike_R"],"damage_healed":0,"gold_gain":0,"player_choice":"Removed Attack","damage_taken":0,"max_hp_gain":0,"max_hp_loss":0,"event_name":"Falling","floor":38,"gold_loss":0},{"damage_healed":0,"gold_gain":0,"player_choice":"Memory 1","damage_taken":0,"max_hp_gain":0,"max_hp_loss":0,"event_name":"SensoryStone","floor":42,"gold_loss":0},{"damage_healed":0,"gold_gain":0,"player_choice":"Paid","damage_taken":0,"relics_obtained":["Red Mask"],"max_hp_gain":0,"max_hp_loss":0,"event_name":"Tomb of Lord Red Mask","floor":48,"gold_loss":714}],"is_beta":false,"boss_relics":[{"not_picked":["Black Blood","Philosopher\u0027s Stone"],"picked":"Empty Cage"},{"not_picked":["energizedSpire:OgreHead","Runic Pyramid"],"picked":"Tiny House"}],"items_purged_floors":[],"is_endless":false,"potions_floor_spawned":[6,10,14,16,18,20,33,35,40],"ascension_level":6}}