{"host":"8g24zuco0epbjwbo","time":1614354548,"event":{"mods":["BaseMod","Library of Ruina","Library of Ruina Extra","Minty Spire (QoL Compilation)","Relic Stats","StSLib"],"gold_per_floor":[18,18,18,32,45,77,77,102,155,182,199,199,213,245,245,341,341,354,268,288,0,0,31,31,46,116,116,131,162,162,177,177,273,273,284,303,303,314,330,357,369,396,396,416,16,46,46,46,46,46,46],"floor_reached":52,"language":"ENG","playtime":2244,"items_purged":[],"score":1059,"play_id":"163b3cf0-03b2-4897-a688-6a19da9fe428","local_time":"20210226104908","is_ascension_mode":true,"campfire_choices":[{"data":"Reload","floor":12,"key":"SMITH"},{"data":"TendonChords","floor":15,"key":"SMITH"},{"data":"Enlightenment","floor":24,"key":"SMITH"},{"data":"UnavoidableGaze","floor":27,"key":"SMITH"},{"data":"UnforgettableMelody","floor":30,"key":"SMITH"},{"data":"BackAttack","floor":32,"key":"SMITH"},{"data":"FrontalAssault","floor":47,"key":"SMITH"},{"data":"Reload","floor":49,"key":"SMITH"}],"circlet_count":0,"master_deck":["LightDefense+1","LightAttack+1","LightAttack+1","LightDefense+1","LightDefense+1","ChargeAndCover+1","FocusedStrikes+1","SpearedSweep","TendonChords+1","Unlock1","UnforgettableMelody+1","Regret","Transpierce","Reload+1","Eject","GuardingStance","TrashDisposal","RatsGuideToSurvival","Enlightenment+1","FlowOfTheSword","Commandeering","PreparedMind","UnavoidableGaze+1","WillBeTasty","SilentNight","BackAttack+1","Reload+1","FrontalAssault+1","FrontalAssault+1","SunsetBlade","ForTheFamily+1","BayonetCombat","Reload+1","Flash of Steel"],"relics":["PageOfLibrarian","PageOfWayBackHome","Blood Vial","PageOfGreed","PageOfTheQueenOfHatred","PageOfTheKnightOfDespair","PageOfWrath","Coffee Dripper","PageOfNihil","PageOfPorccubus","Unceasing Top","PageOfJudgementBird","PageOfMercenary","Snecko Eye","Toy Ornithopter","Ancient Tea Set","PageOfSnowWhitesApple","PageOfScorchedGirl","Orrery","Ornamental Fan"],"acts_visited":["Exordium","TheCity","TheBeyond"],"potions_floor_usage":[18,18,18],"damage_taken":[{"damage":0,"enemies":"Small Slimes","floor":1,"turns":4},{"damage":0,"enemies":"Cultist","floor":4,"turns":3},{"damage":2,"enemies":"2 Louse","floor":5,"turns":2},{"damage":6,"enemies":"Gremlin Nob","floor":6,"turns":3},{"damage":29,"enemies":"3 Sentries","floor":8,"turns":6},{"damage":13,"enemies":"Gremlin Nob","floor":10,"turns":4},{"damage":14,"enemies":"Large Slime","floor":11,"turns":4},{"damage":6,"enemies":"Looter","floor":13,"turns":3},{"damage":13,"enemies":"3 Sentries","floor":14,"turns":6},{"damage":8,"enemies":"Slime Boss","floor":16,"turns":6},{"damage":81,"enemies":"2 Thieves","floor":18,"turns":10},{"damage":10,"enemies":"3 Byrds","floor":20,"turns":5},{"damage":0,"enemies":"Book of Stabbing","floor":23,"turns":2},{"damage":3,"enemies":"3 Cultists","floor":25,"turns":4},{"damage":4,"enemies":"Cultist and Chosen","floor":28,"turns":3},{"damage":4,"enemies":"Gremlin Leader","floor":29,"turns":4},{"damage":2,"enemies":"Snake Plant","floor":31,"turns":2},{"damage":15,"enemies":"RedHoodMercenary","floor":33,"turns":4},{"damage":0,"enemies":"3 Darklings","floor":35,"turns":3},{"damage":0,"enemies":"Orb Walker","floor":36,"turns":1},{"damage":5,"enemies":"Maw","floor":38,"turns":4},{"damage":2,"enemies":"Spire Growth","floor":39,"turns":2},{"damage":3,"enemies":"Nemesis","floor":40,"turns":3},{"damage":31,"enemies":"4 Shapes","floor":41,"turns":3},{"damage":2,"enemies":"Giant Head","floor":42,"turns":3},{"damage":11,"enemies":"Jaw Worm Horde","floor":44,"turns":3},{"damage":0,"enemies":"Reptomancer","floor":46,"turns":3},{"damage":29,"enemies":"Time Eater","floor":50,"turns":5},{"damage":1,"enemies":"Time Eater","floor":51,"turns":5}],"seed_played":"-4132998272096738973","potions_obtained":[{"floor":4,"key":"BlessingOfTheForge"},{"floor":5,"key":"SteroidPotion"},{"floor":8,"key":"LiquidMemories"},{"floor":20,"key":"EntropicBrew"},{"floor":29,"key":"GamblersBrew"},{"floor":31,"key":"FairyPotion"}],"is_trial":false,"path_per_floor":["M","?","$","M","M","E","?","E","T","E","M","R","M","E","R","B",null,"M","$","M","$","?","E","R","M","T","R","M","E","R","M","R","B",null,"M","M","?","M","M","E","M","E","T","M","$","E","R","?","R","B",null,null],"character_chosen":"Librarian","items_purchased":["Enlightenment","PageOfPorccubus","Commandeering","PageOfScorchedGirl","Orrery"],"campfire_rested":0,"item_purchase_floors":[19,21,21,45,45],"current_hp_per_floor":[60,60,60,60,58,55,55,34,34,31,26,26,28,30,30,44,70,28,28,32,32,32,55,55,69,69,69,74,74,74,73,73,74,74,74,77,77,77,81,81,81,81,81,73,73,81,81,81,81,79,81],"gold":46,"neow_bonus":"REMOVE_TWO","is_daily":false,"chose_seed":false,"campfire_upgraded":8,"win_rate":0.0,"timestamp":1614354548,"path_taken":["M","?","$","?","M","E","?","E","T","E","M","R","M","E","R","BOSS","M","$","M","$","?","E","R","M","T","R","M","E","R","M","R","BOSS","M","M","?","M","M","E","M","E","T","M","$","E","R","?","R","BOSS"],"items_purchased_type":["Card","Relic","Card","Relic","Relic"],"build_version":"2020-12-22","purchased_purges":0,"victory":true,"max_hp_per_floor":[62,62,62,74,74,74,74,74,74,74,74,74,70,70,70,70,70,70,70,74,74,74,74,74,74,74,74,74,74,74,74,74,74,74,85,85,81,81,81,81,81,81,81,81,81,81,81,81,81,81,81],"relic_stats":{"Blood Vial":31,"counters":[30,110],"Ornamental Fan":[52],"Snecko Eye":[67,71,58,66],"obtain_stats":[{"PageOfTheQueenOfHatred":9,"PageOfNihil":18,"Ancient Tea Set":42,"PageOfLibrarian":0,"Blood Vial":7,"PageOfGreed":8,"PageOfWrath":14,"PageOfWayBackHome":6,"PageOfMercenary":29,"PageOfJudgementBird":26,"Ornamental Fan":46,"PageOfTheKnightOfDespair":10,"Snecko Eye":34,"PageOfScorchedGirl":45,"Orrery":45,"Coffee Dripper":17,"PageOfPorccubus":21,"PageOfSnowWhitesApple":43,"Unceasing Top":23,"Toy Ornithopter":40},{"PageOfTheQueenOfHatred":5,"PageOfNihil":12,"Ancient Tea Set":26,"PageOfLibrarian":0,"Blood Vial":4,"PageOfGreed":5,"PageOfWrath":9,"PageOfWayBackHome":4,"PageOfMercenary":17,"PageOfJudgementBird":15,"Ornamental Fan":28,"PageOfTheKnightOfDespair":6,"Snecko Eye":19,"PageOfScorchedGirl":27,"Orrery":27,"Coffee Dripper":10,"PageOfPorccubus":13,"PageOfSnowWhitesApple":26,"Unceasing Top":14,"Toy Ornithopter":24},{"PageOfTheQueenOfHatred":18,"PageOfNihil":51,"Ancient Tea Set":94,"PageOfLibrarian":0,"Blood Vial":12,"PageOfGreed":18,"PageOfWrath":35,"PageOfWayBackHome":12,"PageOfMercenary":69,"PageOfJudgementBird":62,"Ornamental Fan":100,"PageOfTheKnightOfDespair":22,"Snecko Eye":75,"PageOfScorchedGirl":97,"Orrery":97,"Coffee Dripper":41,"PageOfPorccubus":56,"PageOfSnowWhitesApple":94,"Unceasing Top":58,"Toy Ornithopter":88}],"Unceasing Top":[2],"Toy Ornithopter":0},"card_choices":[{"not_picked":["WillBeTasty","Standoff","StructuralAnalysis","BindingChains","Parry","Execute_lor","SharpSwipe","DefenseOrder"],"picked":"SpearedSweep","floor":1},{"not_picked":["Eliminate","MultiHit","CutIn","BattleCommand","HiddenBlade","ExtremeEdge","EnergyStrike","Zzzzzap"],"picked":"TendonChords","floor":4},{"not_picked":["NightInTheBackstreets","Faith","QuickAttack","Rewind","GreatSerpentsImpact","Eliminate","DefenseOrder","ClassAndRespect"],"picked":"Unlock1","floor":5},{"not_picked":["PreemptiveStrike","ToOvercomeCrisis","ClassAndRespect","GuidanceOfTheGears","NightInTheBackstreets","ForTheFamily","Wallop_lor","FlyingSword"],"picked":"UnforgettableMelody","floor":6},{"not_picked":["Collision","SpearedSweep","SetFire","Outburst","SerpentSwordTechnique","HighKick","MindCrush","HandlingWork"],"picked":"Transpierce","floor":8},{"not_picked":["EnergyConversion","SinglePointStab","SmokingPipe","ViolentFlame","FlashingStrike","Multislash","SerpentSwordTechnique","SnakesPrey"],"picked":"Reload","floor":10},{"not_picked":["ShockingBlow","Struggle","AGoldenOpportunity","PinpointShot","SharpSwipe","Rewind","StructuralAnalysis","Guardian_lor"],"picked":"Eject","floor":11},{"not_picked":["UnforgettableMelody","GrazeTheGrass","SinglePointStab","GreatSerpentsImpact","SmokingPipe","QuickSuppression","SharpSwipe","ChargeUp","Multislash"],"picked":"SKIP","floor":13},{"not_picked":["HandlingWork","DeepDrag","FeelinGood","MindPrepared","Concentration","Suppress","Riposte","BackAttack"],"picked":"GuardingStance","floor":14},{"not_picked":["Disposal","Cruelty"],"picked":"TrashDisposal","floor":16},{"not_picked":["EnergyCycle","UpbeatPerformance","Brawl","StructuralAnalysis","MultiBlock","ViolentFlame+1","Parry","FlyingSword"],"picked":"RatsGuideToSurvival","floor":18},{"not_picked":["SunsetBlade","JiaoTu+1","HandleRequest","WaitUp","SharpenedBlade","GrazeTheGrass","MultiBlock","FleetEdge"],"picked":"FlowOfTheSword","floor":20},{"not_picked":["SerpentineBarrier+1","ChopItOff","TasteMyFlamingBat+1","FeelinGood","FierceCharge","Unlock1","EndlessBattle","WaitUp"],"picked":"PreparedMind","floor":23},{"not_picked":["LeRegole","StrikeDown","Rewind","UndertakePrescript+1","FleetEdge+1","ShrineToMusic","FlyingSword","Leap_lor"],"picked":"UnavoidableGaze","floor":25},{"not_picked":["BackAttack","HighKick","RushDown","ShockingBlow+1","Quickness","HandleRequest+1","SenseQuarry","StrongStrike"],"picked":"WillBeTasty","floor":28},{"not_picked":["PuppetBlockade","ForcefulGesture","InhaleSmoke","Outburst+1","Collision","Faith","HiddenBlade","FleshFillet"],"picked":"SilentNight","floor":29},{"not_picked":["DeepDrag+1","StrongStrike+1","CutIn","TrashDisposal","LossOfSenses+1","Multislash","Thirst","FleetFootsteps"],"picked":"BackAttack","floor":31},{"not_picked":["QuickAttack","IdentifyWeakpoint+1","NonstopAssault","Transpierce","HighKick","Parry2","DesperateStruggle+1","EnergyCycle+1","RhinoRam"],"picked":"SKIP","floor":35},{"not_picked":["MultiBlock","IngredientHunt","PreemptiveStrike+1","SharpSwipe","SinglePointStab+1","HiddenBlade+1","ViolentFlame","SuppressingShot","Faith+1"],"picked":"SKIP","floor":36},{"not_picked":["BulkyImpact+1","FleetFootsteps","EnergyStrike+1","AutomatedMovement+1","SharpSwipe+1","MindCrush","StructuralAnalysis","EnergyShield","Tailoring"],"picked":"SKIP","floor":38},{"not_picked":["LossOfSenses+1","FleetFootsteps","Laceration+1","WillOfThePrescript","JiaoTu+1","Quickness","StrikeDown","GuardingStance"],"picked":"Reload+1","floor":39},{"not_picked":["BackAttack+1","EnergyCycle+1","FieryDragonSlash","Parry+1","AsThePrescriptOrders+1","FleetEdge","ForcefulGesture+1","YourShield","CrackOfDawn"],"picked":"SKIP","floor":40},{"not_picked":["QuickAttack","OpportunitySpotted","HeavyPeaks","GrazeTheGrass+1","DevastatingThrash","SearingSword","QuickSuppression+1","Outburst","FendThisOffIfYouCan+1"],"picked":"SKIP","floor":41},{"not_picked":["FierceOnslaught+1","DefenseOrder","WillOfThePrescript+1","Preparation+1","LawAndOrder+1","NightInTheBackstreets+1","SinglePointStab","QuickSuppression"],"picked":"FrontalAssault+1","floor":42},{"not_picked":["DefenseOrder+1","BindingChains+1","Outburst+1","PreemptiveStrike","Thrust+1","GuidanceOfTheGears","Standoff+1","Rampage_lor"],"picked":"FrontalAssault","floor":44},{"not_picked":["MultiBlock","StrongStrike+1","BackAttack+1","FendThisOffIfYouCan+1","SpearedSweep","NightInTheBackstreets","HighKick+1","CoordinatedAssault"],"picked":"SunsetBlade","floor":45},{"not_picked":["MultiHit+1","MindPrepared","MirageStorm","GaleKick","SteelKnuckles","GrazeTheGrass","EnergyCycle+1","Pound"],"picked":"ForTheFamily+1","floor":45},{"not_picked":["Diversion+1","AsThePrescriptOrders","EnergyConversion","FleetFootsteps","Thirst","AbsorbImpact","Duel_lor+1","PuppetBlockade+1"],"picked":"BayonetCombat","floor":45},{"not_picked":["FleetFootsteps","MindWhip+1","GuidanceOfTheGears+1","Leap_lor+1","DefenseOrder+1","SomberProcuration","QuickAttack+1","HighKick","SerpentSwordTechnique+1"],"picked":"SKIP","floor":46}],"player_experience":377942,"relics_obtained":[{"floor":6,"key":"PageOfWayBackHome"},{"floor":8,"key":"PageOfGreed"},{"floor":9,"key":"PageOfTheQueenOfHatred"},{"floor":10,"key":"PageOfTheKnightOfDespair"},{"floor":14,"key":"PageOfWrath"},{"floor":18,"key":"PageOfNihil"},{"floor":23,"key":"Unceasing Top"},{"floor":26,"key":"PageOfJudgementBird"},{"floor":29,"key":"PageOfMercenary"},{"floor":40,"key":"Toy Ornithopter"},{"floor":42,"key":"Ancient Tea Set"},{"floor":43,"key":"PageOfSnowWhitesApple"},{"floor":46,"key":"Ornamental Fan"}],"event_choices":[{"cards_removed":["Dodge"],"damage_healed":0,"gold_gain":0,"player_choice":"Card Removal","damage_taken":0,"max_hp_gain":0,"max_hp_loss":0,"event_name":"Wheel of Change","floor":2,"gold_loss":0},{"damage_healed":0,"gold_gain":0,"player_choice":"Box","damage_taken":0,"relics_obtained":["Blood Vial"],"max_hp_gain":0,"max_hp_loss":0,"event_name":"Big Fish","floor":7,"gold_loss":0,"cards_obtained":["Regret"]},{"damage_healed":0,"gold_gain":0,"player_choice":"Simplicity","damage_taken":0,"max_hp_gain":0,"max_hp_loss":0,"event_name":"Back to Basics","floor":22,"gold_loss":0,"cards_upgraded":["LightDefense","LightAttack","LightAttack","LightDefense","LightDefense","ChargeAndCover","FocusedStrikes"]},{"damage_healed":0,"gold_gain":0,"player_choice":"Max HP","damage_taken":0,"max_hp_gain":0,"max_hp_loss":4,"event_name":"Winding Halls","floor":37,"gold_loss":0},{"damage_healed":0,"gold_gain":0,"player_choice":"2 cards matched","damage_taken":0,"max_hp_gain":0,"max_hp_loss":0,"event_name":"Match and Keep!","floor":48,"gold_loss":0,"cards_obtained":["Reload","Flash of Steel"]}],"is_beta":false,"boss_relics":[{"not_picked":["Runic Pyramid","SacredBark"],"picked":"Coffee Dripper"},{"not_picked":["Empty Cage","Astrolabe"],"picked":"Snecko Eye"}],"items_purged_floors":[],"is_endless":false,"potions_floor_spawned":[4,5,8,13,16,20,29,31,36,39,42],"ascension_level":1}}