{"host":"359hz4210ybch7ku","time":1614338028,"event":{"mods":["BaseMod","Block Reminder","Colored Map","Colored Powertips","Highlight Path","Minty Spire (QoL Compilation)","Slay the Relics Exporter","StSLib"],"gold_per_floor":[20,38,50,50,125,158,177,177,202,202,202],"floor_reached":10,"language":"ENG","playtime":550,"items_purged":[],"score":71,"play_id":"6cf4718a-5087-4fb1-8946-0fa21cf92833","local_time":"20210226031348","is_ascension_mode":true,"campfire_choices":[{"data":"Genetic Algorithm","floor":8,"key":"SMITH"}],"circlet_count":0,"master_deck":["Strike_B","Strike_B","Strike_B","Defend_B","Defend_B","Defend_B","Zap","Dualcast","Gash","Go for the Eyes","Hologram","Genetic Algorithm+1","Streamline"],"relics":["Cracked Core","Omamori","Nunchaku"],"acts_visited":["Exordium"],"potions_floor_usage":[6,10],"damage_taken":[{"damage":1,"enemies":"Jaw Worm","floor":1,"turns":3},{"damage":0,"enemies":"Small Slimes","floor":2,"turns":3},{"damage":0,"enemies":"2 Louse","floor":3,"turns":2},{"damage":34,"enemies":"Gremlin Nob","floor":6,"turns":4},{"damage":15,"enemies":"2 Fungi Beasts","floor":7,"turns":4},{"damage":17,"enemies":"3 Sentries","floor":10,"turns":3}],"seed_played":"-7671687659394740666","potions_obtained":[{"floor":2,"key":"Strength Potion"},{"floor":3,"key":"LiquidMemories"}],"is_trial":false,"path_per_floor":["M","M","M","$","?","E","M","R","T","E"],"character_chosen":"DEFECT","items_purchased":[],"campfire_rested":0,"item_purchase_floors":[],"current_hp_per_floor":[74,74,74,74,63,29,14,14,14,0,0],"gold":202,"neow_bonus":"REMOVE_TWO","is_daily":false,"chose_seed":false,"campfire_upgraded":1,"win_rate":0.0,"timestamp":1614338028,"path_taken":["M","M","M","$","?","E","M","R","T","E"],"items_purchased_type":[],"build_version":"2020-12-22","purchased_purges":0,"victory":false,"max_hp_per_floor":[75,75,75,75,75,75,75,75,75,75,75],"card_choices":[{"not_picked":["Streamline","Skim"],"picked":"Gash","floor":1},{"not_picked":["Compile Driver","Ball Lightning"],"picked":"Go for the Eyes","floor":2},{"not_picked":["Stack","Cold Snap"],"picked":"Hologram","floor":3},{"not_picked":["Sweeping Beam","Tempest"],"picked":"Genetic Algorithm","floor":6},{"not_picked":["Barrage","Multi-Cast"],"picked":"Streamline","floor":7}],"player_experience":364974,"relics_obtained":[{"floor":6,"key":"Omamori"},{"floor":9,"key":"Nunchaku"}],"event_choices":[{"damage_healed":0,"gold_gain":75,"player_choice":"Gather Gold","damage_taken":11,"max_hp_gain":0,"max_hp_loss":0,"event_name":"World of Goop","floor":5,"gold_loss":0}],"is_beta":false,"boss_relics":[],"items_purged_floors":[],"is_endless":false,"potions_floor_spawned":[2,3],"killed_by":"3 Sentries","ascension_level":1}}