{"host":"dlqyscxstsnu98l1","time":1614381114,"event":{"mods":["AchievementEnabler","BaseMod","Colored Map","Colored Powertips","GifTheSpireLib","Highlight Path","Minty Spire (QoL Compilation)","Random Character Button","SacredBarkPlus","StSLib","everything is the same but u backflip on backflip"],"gold_per_floor":[213,232,2,77,95,130,130,142,142,152,152,152,102,102,102,233,233,254,274,274,122,135,168,168,209,209,308,268,292,292,292,292,395,395,410,85,85,85,100,100,116,159,159,177,177,216,244,214,214,214,214,214,14,48,48,48],"floor_reached":55,"language":"ENG","playtime":1918,"items_purged":[],"score":1013,"play_id":"77b4b5e0-f233-4236-821b-42b9ce27aca2","local_time":"20210226171154","is_ascension_mode":true,"campfire_choices":[{"data":"Glacier","floor":7,"key":"SMITH"},{"floor":11,"key":"REST"},{"floor":15,"key":"REST"},{"floor":30,"key":"REST"},{"floor":32,"key":"RECALL"},{"floor":40,"key":"REST"},{"floor":45,"key":"REST"},{"floor":49,"key":"REST"},{"floor":52,"key":"REST"}],"circlet_count":0,"master_deck":["Strike_B","Strike_B","Strike_B","Defend_B","Defend_B+1","Defend_B","Defend_B","Zap","Dualcast","Ball Lightning+1","Glacier+1","Redo","Sunder+1","Barrage+1","Ball Lightning","Electrodynamics","Compile Driver+1","Turbo+1","Leap+1","Genetic Algorithm+1","Multi-Cast+1","Leap+1","Biased Cognition","Coolheaded+1","Self Repair","Conserve Battery+1","Biased Cognition","Capacitor+1","Loop+1","Consume+1","Loop","Skim+1","Leap+1","Barrage","Defragment+1"],"relics":["Cracked Core","DataDisk","Torii","Toxic Egg 2","Bloody Idol","Fusion Hammer","PreservedInsect","Bottled Tornado","Anchor","Pear","Nuclear Battery","Vajra","CeramicFish","Toy Ornithopter","Runic Capacitor","Ornamental Fan"],"acts_visited":["Exordium","TheCity","TheBeyond","TheEnding"],"potions_floor_usage":[10,16,33,33,42],"damage_taken":[{"damage":0,"enemies":"Small Slimes","floor":1,"turns":4},{"damage":3,"enemies":"2 Louse","floor":2,"turns":2},{"damage":0,"enemies":"Jaw Worm","floor":5,"turns":3},{"damage":20,"enemies":"3 Sentries","floor":6,"turns":7},{"damage":1,"enemies":"Looter","floor":8,"turns":2},{"damage":3,"enemies":"Gremlin Gang","floor":10,"turns":4},{"damage":1,"enemies":"The Guardian","floor":16,"turns":12},{"damage":31,"enemies":"2 Thieves","floor":18,"turns":3},{"damage":1,"enemies":"Chosen","floor":19,"turns":3},{"damage":11,"enemies":"Snecko","floor":22,"turns":4},{"damage":17,"enemies":"Book of Stabbing","floor":23,"turns":5},{"damage":1,"enemies":"Slavers","floor":25,"turns":3},{"damage":0,"enemies":"Cultist and Chosen","floor":29,"turns":4},{"damage":60,"enemies":"Automaton","floor":33,"turns":10},{"damage":0,"enemies":"3 Shapes","floor":35,"turns":2},{"damage":0,"enemies":"Orb Walker","floor":39,"turns":3},{"damage":14,"enemies":"Jaw Worm Horde","floor":41,"turns":3},{"damage":42,"enemies":"Nemesis","floor":42,"turns":7},{"damage":0,"enemies":"Sphere and 2 Shapes","floor":44,"turns":3},{"damage":23,"enemies":"Giant Head","floor":46,"turns":6},{"damage":19,"enemies":"Spire Growth","floor":47,"turns":6},{"damage":114,"enemies":"Time Eater","floor":50,"turns":16},{"damage":52,"enemies":"Shield and Spear","floor":54,"turns":5},{"damage":54,"enemies":"The Heart","floor":55,"turns":3}],"seed_played":"-1039197667362511364","potions_obtained":[{"floor":1,"key":"Weak Potion"},{"floor":8,"key":"Ancient Potion"},{"floor":10,"key":"LiquidMemories"},{"floor":19,"key":"FairyPotion"},{"floor":25,"key":"AttackPotion"},{"floor":39,"key":"LiquidBronze"},{"floor":47,"key":"ColorlessPotion"},{"floor":48,"key":"Swift Potion"},{"floor":48,"key":"FairyPotion"}],"is_trial":false,"path_per_floor":["M","M","$","?","M","E","R","M","T","M","R","?","$","?","R","B",null,"M","M","?","$","M","E","$","E","T","?","?","M","R","?","R","B",null,"M","$","?","?","M","R","M","E","T","M","R","E","M","?","R","B",null,"R","$","E","B"],"character_chosen":"DEFECT","items_purchased":["DataDisk","Glacier","FocusPotion","PreservedInsect","Vajra","Block Potion","Self Repair","Conserve Battery+1","Runic Capacitor","Leap+1","Barrage"],"campfire_rested":7,"item_purchase_floors":[3,3,13,21,36,36,36,36,53,53,53],"current_hp_per_floor":[68,65,65,54,54,34,34,33,33,30,52,37,37,37,57,56,66,35,34,57,57,46,29,29,28,38,38,38,38,61,61,61,6,61,66,66,66,66,78,79,70,45,45,50,73,67,65,65,79,30,67,79,79,37,0,0],"gold":48,"neow_bonus":"HUNDRED_GOLD","is_daily":false,"chose_seed":false,"campfire_upgraded":1,"win_rate":0.0,"timestamp":1614381114,"path_taken":["M","M","$","?","M","E","R","M","T","M","R","?","$","?","R","BOSS","M","M","?","$","M","E","$","E","T","?","?","?","R","?","R","BOSS","M","$","?","?","M","R","M","E","T","?","R","E","M","?","R","BOSS","R","$","E","BOSS"],"items_purchased_type":["Relic","Card","Potion","Relic","Relic","Potion","Card","Card","Relic","Card","Card"],"build_version":"2020-12-22","purchased_purges":0,"victory":false,"max_hp_per_floor":[75,75,75,75,75,75,75,75,75,75,75,75,75,69,69,69,69,69,69,69,69,69,69,69,69,79,79,79,79,79,79,79,79,79,79,79,79,79,79,79,79,79,79,79,79,79,79,79,79,79,79,79,79,79,79,79],"card_choices":[{"not_picked":["Static Discharge","Redo"],"picked":"Ball Lightning","floor":1},{"not_picked":["Storm","Gash","Turbo"],"picked":"SKIP","floor":2},{"not_picked":["White Noise","Blizzard"],"picked":"Redo","floor":5},{"not_picked":["Chaos","Turbo"],"picked":"Sunder","floor":6},{"not_picked":["Darkness","Double Energy"],"picked":"Barrage","floor":8},{"not_picked":["Compile Driver","Redo+1"],"picked":"Ball Lightning","floor":10},{"not_picked":["Creative AI","Rainbow+1"],"picked":"Electrodynamics","floor":16},{"not_picked":["Ball Lightning","Gash+1"],"picked":"Compile Driver+1","floor":18},{"not_picked":["Barrage","Compile Driver+1"],"picked":"Turbo+1","floor":19},{"not_picked":["Hologram+1","Beam Cell"],"picked":"Leap+1","floor":22},{"not_picked":["Ball Lightning","Go for the Eyes"],"picked":"Genetic Algorithm+1","floor":23},{"not_picked":["Hello World+1","Storm"],"picked":"Multi-Cast+1","floor":25},{"not_picked":["Stack+1","Gash"],"picked":"Leap+1","floor":29},{"not_picked":["Machine Learning","Hyperbeam"],"picked":"Biased Cognition","floor":33},{"not_picked":["Go for the Eyes","Stack+1"],"picked":"Coolheaded+1","floor":35},{"not_picked":["Coolheaded+1","Reprogram+1"],"picked":"Capacitor+1","floor":39},{"not_picked":["Steam+1","Cold Snap+1"],"picked":"Loop+1","floor":41},{"not_picked":["Cold Snap","Barrage"],"picked":"Consume+1","floor":42},{"not_picked":["Steam Power+1","Go for the Eyes+1","Compile Driver"],"picked":"SKIP","floor":44},{"not_picked":["Melter","Rip and Tear"],"picked":"Loop","floor":46},{"not_picked":["Heatsinks","Auto Shields+1"],"picked":"Skim+1","floor":47},{"not_picked":["Ball Lightning+1","Cold Snap"],"picked":"Defragment+1","floor":54}],"player_experience":292180,"relics_obtained":[{"floor":6,"key":"Torii"},{"floor":9,"key":"Toxic Egg 2"},{"floor":23,"key":"Bottled Tornado"},{"floor":25,"key":"Anchor"},{"floor":26,"key":"Pear"},{"floor":42,"key":"CeramicFish"},{"floor":46,"key":"Toy Ornithopter"},{"floor":54,"key":"Ornamental Fan"}],"event_choices":[{"damage_healed":0,"gold_gain":75,"player_choice":"Gather Gold","damage_taken":11,"max_hp_gain":0,"max_hp_loss":0,"event_name":"World of Goop","floor":4,"gold_loss":0},{"damage_healed":0,"gold_gain":0,"player_choice":"Entered Light","damage_taken":15,"max_hp_gain":0,"max_hp_loss":0,"event_name":"Shining Light","floor":12,"gold_loss":0,"cards_upgraded":["Defend_B","Ball Lightning"]},{"damage_healed":0,"gold_gain":0,"player_choice":"Lose Max HP","damage_taken":0,"relics_obtained":["Golden Idol"],"max_hp_gain":0,"max_hp_loss":6,"event_name":"Golden Idol","floor":14,"gold_loss":0},{"damage_healed":23,"gold_gain":0,"player_choice":"Heal","damage_taken":0,"max_hp_gain":0,"max_hp_loss":0,"event_name":"The Library","floor":20,"gold_loss":0},{"damage_healed":0,"gold_gain":99,"player_choice":"Stole From Cult","damage_taken":0,"max_hp_gain":0,"max_hp_loss":0,"event_name":"Nest","floor":27,"gold_loss":0},{"damage_healed":0,"gold_gain":0,"player_choice":"Upgraded Two","damage_taken":0,"max_hp_gain":0,"max_hp_loss":0,"event_name":"Designer","floor":28,"gold_loss":40,"cards_upgraded":["Barrage","Sunder"]},{"damage_healed":0,"gold_gain":0,"player_choice":"Gave Idol","damage_taken":0,"relics_obtained":["Bloody Idol"],"max_hp_gain":0,"max_hp_loss":0,"event_name":"Forgotten Altar","floor":31,"relics_lost":["Golden Idol"],"gold_loss":0},{"cards_removed":["Strike_B"],"damage_healed":0,"gold_gain":0,"player_choice":"Removed Attack","damage_taken":0,"max_hp_gain":0,"max_hp_loss":0,"event_name":"Falling","floor":37,"gold_loss":0},{"damage_healed":0,"gold_gain":0,"player_choice":"Copied","damage_taken":0,"max_hp_gain":0,"max_hp_loss":0,"event_name":"Duplicator","floor":38,"gold_loss":0,"cards_obtained":["Biased Cognition"]},{"damage_healed":0,"gold_gain":0,"player_choice":"Bought 2 Potions","damage_taken":0,"max_hp_gain":0,"max_hp_loss":0,"event_name":"The Woman in Blue","floor":48,"gold_loss":0}],"is_beta":false,"boss_relics":[{"not_picked":["Velvet Choker","Runic Pyramid"],"picked":"Fusion Hammer"},{"not_picked":["Runic Dome","Busted Crown"],"picked":"Nuclear Battery"}],"items_purged_floors":[],"is_endless":false,"potions_floor_spawned":[1,8,10,19,23,25,39,41,47],"killed_by":"The Heart","ascension_level":7}}