{"host":"xh6mrg11ysmuk22w","time":1614352305,"event":{"mods":["AchievementEnabler","BaseMod","Minty Spire (QoL Compilation)","Replay The Spire","Shop Mod","StSLib"],"gold_per_floor":[110,126,126,142,142,175,190,190,190,225,242,254,254,204,204,307,307,327,327,133,144,162,188,113,113,140,32,32,32,32,32],"floor_reached":30,"language":"ZHS","playtime":1246,"items_purged":["Parasite","Normality","Hallucinations"],"score":258,"play_id":"78cb370e-d5e6-4c27-89d8-3155ad473669","local_time":"20210226231145","is_ascension_mode":false,"campfire_choices":[{"data":"ReplayTheSpireMod:Corrosion Curse","floor":8.0,"key":"SMITH"},{"data":"Bash","floor":15.0,"key":"SMITH"},{"data":"ReplayTheSpireMod:Corrosion Curse","floor":25,"key":"SMITH"}],"circlet_count":0,"master_deck":["Strike_R","Strike_R","Strike_R","Defend_R","Defend_R","Defend_R","Defend_R","Bash+1","ReplayTheSpireMod:Corrosion Curse+1","ReplayTheSpireMod:LeadingStrike+1","ReplayTheSpireMod:Limb From Limb","ReplayTheSpireMod:Stacked","ReplayTheSpireMod:Corrosion Curse+1","Cleave","ReplayTheSpireMod:Muscle Training"],"relics":["Burning Blood","Smiling Mask","Pantograph","CaptainsWheel","Coffee Dripper","Ring of Panic","Ring of Peace","MerchantsRug","PreservedInsect","Bag of Marbles","ReplayTheSpireMod:CursedCoin","Vajra"],"acts_visited":["Exordium","TheCity"],"potions_floor_usage":[23,23],"damage_taken":[{"damage":7.0,"enemies":"Small Slimes","floor":1.0,"turns":5.0},{"damage":2.0,"enemies":"2 Louse","floor":2.0,"turns":3.0},{"damage":5.0,"enemies":"Jaw Worm","floor":4.0,"turns":2.0},{"damage":17.0,"enemies":"Replay:BlueRogue","floor":6.0,"turns":4.0},{"damage":11.0,"enemies":"Exordium Thugs","floor":7.0,"turns":5.0},{"damage":23.0,"enemies":"3 Sentries","floor":10.0,"turns":8.0},{"damage":0.0,"enemies":"Blue Slaver","floor":11.0,"turns":4.0},{"damage":10.0,"enemies":"3 Louse","floor":12.0,"turns":4.0},{"damage":61.0,"enemies":"The Guardian","floor":16.0,"turns":13.0},{"damage":19.0,"enemies":"2 Thieves","floor":18.0,"turns":4.0},{"damage":15.0,"enemies":"3 Byrds","floor":21.0,"turns":7.0},{"damage":36,"enemies":"Sentry and Sphere","floor":22,"turns":8},{"damage":21,"enemies":"Book of Stabbing","floor":23,"turns":6},{"damage":0,"enemies":"3 Cultists","floor":30,"turns":1}],"seed_played":"-27883279738176193","potions_obtained":[{"floor":2.0,"key":"Elixir"},{"floor":6.0,"key":"Explosive Potion"},{"floor":11.0,"key":"Weak Potion"},{"floor":12.0,"key":"DistilledChaos"}],"is_trial":false,"path_per_floor":["M","M","?","M","?","E","M","R","T","E","M","M","?","$","R","B",null,"M","?","$","M","M","E","?","R","T","$","PTL","PTL","M"],"character_chosen":"IRONCLAD","items_purchased":["MerchantsRug","ReplayTheSpireMod:CursedCoin","Adrenaline Potion","Vajra"],"campfire_rested":0,"item_purchase_floors":[20,27,27,27],"current_hp_per_floor":[87,88,88,88,81,70,65,65,65,48,54,50,72,72,72,30,85,72,72,72,63,33,18,18,18,18,18,18,18,18,18],"gold":32,"neow_bonus":"TEN_PERCENT_HP_BONUS","is_daily":false,"chose_seed":false,"campfire_upgraded":3,"win_rate":0.0,"timestamp":1614352305,"path_taken":["M","M","?","M","?","E","M","R","T","E","M","M","?","$","R","BOSS","M","?","$","M","M","E","?","R","T","$","PTL","PTL","M"],"items_purchased_type":["Relic","Relic","Potion","Relic"],"build_version":"2020-12-22","purchased_purges":3,"victory":false,"max_hp_per_floor":[88,88,88,88,88,88,88,88,88,88,88,88,88,85,85,85,85,85,85,85,85,85,85,85,85,85,85,85,85,85,85],"card_choices":[{"not_picked":["Body Slam","Dual Wield"],"picked":"ReplayTheSpireMod:Corrosion Curse","floor":1.0},{"not_picked":["Warcry","Clash"],"picked":"ReplayTheSpireMod:LeadingStrike","floor":2.0},{"not_picked":["Ghostly Armor","Replay:Undeath\u0027s Touch"],"picked":"ReplayTheSpireMod:Limb From Limb","floor":4.0},{"not_picked":["Clothesline","Pommel Strike","Seeing Red"],"picked":"SKIP","floor":6.0},{"not_picked":["Thunderclap","Warcry"],"picked":"ReplayTheSpireMod:Stacked","floor":7.0},{"not_picked":["Anger","Sever Soul"],"picked":"ReplayTheSpireMod:Corrosion Curse","floor":10.0},{"not_picked":["Shrug It Off","Intimidate","Power Through"],"picked":"SKIP","floor":11.0},{"not_picked":["Anger","Carnage"],"picked":"Cleave","floor":12.0},{"not_picked":["Entrench","Body Slam","Anger"],"picked":"SKIP","floor":18.0},{"not_picked":["Hemokinesis","Cleave"],"picked":"ReplayTheSpireMod:Muscle Training","floor":21},{"not_picked":["Anger","Pommel Strike+1","Rage"],"picked":"SKIP","floor":22},{"not_picked":["Uppercut","Dark Embrace","Evolve+1"],"picked":"SKIP","floor":23}],"player_experience":290678,"relics_obtained":[{"floor":6.0,"key":"Smiling Mask"},{"floor":9.0,"key":"Pantograph"},{"floor":10.0,"key":"CaptainsWheel"},{"floor":19.0,"key":"Ring of Panic"},{"floor":19.0,"key":"Ring of Peace"},{"floor":23,"key":"PreservedInsect"},{"floor":26,"key":"Bag of Marbles"}],"event_choices":[{"damage_healed":0.0,"max_hp_gain":0.0,"max_hp_loss":0.0,"gold_gain":0.0,"event_name":"Living Wall","player_choice":"Grow","floor":3.0,"gold_loss":0.0,"damage_taken":0.0,"cards_upgraded":["ReplayTheSpireMod:LeadingStrike"]},{"cards_removed":["Strike_R"],"damage_healed":0.0,"max_hp_gain":0.0,"max_hp_loss":0.0,"gold_gain":0.0,"event_name":"Golden Wing","player_choice":"Card Removal","floor":5.0,"gold_loss":0.0,"damage_taken":7.0},{"damage_healed":22.0,"max_hp_gain":0.0,"max_hp_loss":0.0,"gold_gain":0.0,"event_name":"Mushrooms","player_choice":"Healed and dodged fight","floor":13.0,"gold_loss":0.0,"damage_taken":0.0,"cards_obtained":["Parasite"]},{"cards_removed":["Strike_R"],"damage_healed":0,"gold_gain":0,"player_choice":"Gave Gold","damage_taken":0,"max_hp_gain":0,"max_hp_loss":0,"event_name":"Beggar","floor":24,"gold_loss":75}],"is_beta":false,"boss_relics":[{"not_picked":["Fusion Hammer","Replay:Drink Me"],"picked":"Coffee Dripper"}],"items_purged_floors":[14,20,27],"is_endless":false,"potions_floor_spawned":[2,6,11,12,18,22],"killed_by":"3 Cultists","ascension_level":0}}