{"host":"r9n4bwsh0iioe8bo","time":1614343097,"event":{"mods":["2.2 Compatiblity","BaseMod","Bestiary","Colored Map","Colored Powertips","Curses Come First","Highlight Path","Minty Spire (QoL Compilation)","Relic Stats","StSLib","SuperFastMode"],"gold_per_floor":[111,111,121,133,150,150,169,180,260,260,270,270,283,283,283,378,378,359,379,390,409,226,226,255,255,255,274,284,299,317,232,232,334,334,345,345,360,371,391,391,391,391],"floor_reached":41,"language":"ENG","playtime":3462,"items_purged":[],"score":440,"play_id":"6381c34b-8caf-4d99-878f-359109f7cf6a","local_time":"20210226123817","is_ascension_mode":false,"campfire_choices":[{"data":"Poisoned Stab","floor":6.0,"key":"SMITH"},{"data":"Dash","floor":10.0,"key":"SMITH"},{"data":"All Out Attack","floor":12.0,"key":"SMITH"},{"data":"Deflect","floor":15.0,"key":"SMITH"},{"data":"Blade Dance","floor":23.0,"key":"SMITH"},{"floor":25.0,"key":"REST"},{"floor":32.0,"key":"REST"},{"data":"Bane","floor":40,"key":"SMITH"}],"circlet_count":0,"master_deck":["Strike_G","Strike_G","Strike_G","Strike_G","Defend_G","Defend_G","Defend_G","Defend_G","Defend_G","Survivor","Neutralize","Poisoned Stab+1","Deflect+1","All Out Attack+1","Dash+1","Footwork","Caltrops+1","After Image+1","Quick Slash","All Out Attack+1","Infinite Blades+1","Blade Dance+1","Outmaneuver","Noxious Fumes+1","Backstab","A Thousand Cuts+1","Bane+1","Dagger Throw","Deadly Poison","Backflip"],"relics":["Ring of the Snake","Frozen Egg 2","The Specimen","WristBlade","Anchor","Mango","MealTicket","Blood Vial","HoveringKite"],"acts_visited":["Exordium","TheCity","TheBeyond"],"potions_floor_usage":[38,41],"damage_taken":[{"damage":0.0,"enemies":"2 Louse","floor":1.0,"turns":4.0},{"damage":4.0,"enemies":"Cultist","floor":3.0,"turns":4.0},{"damage":0.0,"enemies":"Small Slimes","floor":4.0,"turns":3.0},{"damage":5.0,"enemies":"Looter","floor":5.0,"turns":3.0},{"damage":2.0,"enemies":"Blue Slaver","floor":7.0,"turns":3.0},{"damage":2.0,"enemies":"Lots of Slimes","floor":8.0,"turns":3.0},{"damage":0.0,"enemies":"3 Louse","floor":11.0,"turns":2.0},{"damage":2.0,"enemies":"2 Fungi Beasts","floor":13.0,"turns":3.0},{"damage":32.0,"enemies":"Hexaghost","floor":16.0,"turns":9.0},{"damage":17.0,"enemies":"2 Thieves","floor":18.0,"turns":4.0},{"damage":5.0,"enemies":"Spheric Guardian","floor":19.0,"turns":5.0},{"damage":13.0,"enemies":"Shelled Parasite and Fungi","floor":20.0,"turns":7.0},{"damage":16.0,"enemies":"Snecko","floor":21.0,"turns":6.0},{"damage":24.0,"enemies":"Gremlin Leader","floor":24.0,"turns":6.0},{"damage":11.0,"enemies":"Sentry and Sphere","floor":27.0,"turns":4.0},{"damage":0.0,"enemies":"Centurion and Healer","floor":28.0,"turns":5.0},{"damage":0.0,"enemies":"3 Cultists","floor":29.0,"turns":4.0},{"damage":13.0,"enemies":"Snake Plant","floor":30.0,"turns":3.0},{"damage":69.0,"enemies":"Automaton","floor":33.0,"turns":8.0},{"damage":7,"enemies":"Orb Walker","floor":35,"turns":4},{"damage":9,"enemies":"3 Darklings","floor":37,"turns":5},{"damage":30,"enemies":"4 Shapes","floor":38,"turns":4},{"damage":22,"enemies":"Jaw Worm Horde","floor":39,"turns":4},{"damage":35,"enemies":"3 Darklings","floor":41,"turns":4}],"seed_played":"-6217859198059009860","potions_obtained":[{"floor":1.0,"key":"FearPotion"},{"floor":2.0,"key":"FairyPotion"},{"floor":2.0,"key":"FearPotion"},{"floor":8.0,"key":"Energy Potion"},{"floor":11.0,"key":"SteroidPotion"},{"floor":16.0,"key":"Poison Potion"},{"floor":18.0,"key":"EssenceOfSteel"},{"floor":21.0,"key":"Explosive Potion"},{"floor":27.0,"key":"EssenceOfSteel"},{"floor":28.0,"key":"LiquidBronze"},{"floor":29.0,"key":"Weak Potion"},{"floor":35,"key":"PowerPotion"},{"floor":39,"key":"Strength Potion"}],"is_trial":false,"path_per_floor":["M","?","M","M","M","R","M","M","T","R","M","R","M","?","R","B",null,"M","M","M","M","$","R","E","R","T","M","M","M","M","?","R","B",null,"M","?","M","M","M","R","M"],"character_chosen":"THE_SILENT","items_purchased":["Anchor","Blade Dance"],"campfire_rested":2,"item_purchase_floors":[22,22],"current_hp_per_floor":[77,77,73,73,68,68,66,64,64,64,64,64,62,62,62,30,77,60,55,42,26,26,26,16,43,43,32,32,32,19,19,46,19,91,84,84,77,49,29,29,0,0],"gold":391,"neow_bonus":"TEN_PERCENT_HP_BONUS","is_daily":false,"chose_seed":false,"campfire_upgraded":6,"win_rate":0.0,"timestamp":1614343097,"path_taken":["M","?","M","M","M","R","M","?","T","R","?","R","M","?","R","BOSS","M","M","M","?","$","R","E","R","T","M","M","M","M","?","R","BOSS","M","?","M","M","M","R","?"],"items_purchased_type":["Relic","Card"],"build_version":"2020-12-22","purchased_purges":0,"victory":false,"max_hp_per_floor":[77,77,77,77,77,77,77,77,77,77,77,77,77,77,77,77,77,77,77,77,77,77,77,91,91,91,91,91,91,91,91,91,91,91,91,91,91,91,91,91,91,91],"relic_stats":{"Blood Vial":10,"counters":[24,107],"HoveringKite":[4],"MealTicket":0,"obtain_stats":[{"Blood Vial":31,"Anchor":22,"The Specimen":14,"WristBlade":17,"HoveringKite":34,"Mango":24,"MealTicket":26,"Frozen Egg 2":9,"Ring of the Snake":0},{"Blood Vial":18,"Anchor":13,"The Specimen":8,"WristBlade":9,"HoveringKite":19,"Mango":14,"MealTicket":14,"Frozen Egg 2":6,"Ring of the Snake":0},{"Blood Vial":78,"Anchor":56,"The Specimen":25,"WristBlade":34,"HoveringKite":86,"Mango":62,"MealTicket":62,"Frozen Egg 2":20,"Ring of the Snake":0}],"Ring of the Snake":[48]},"card_choices":[{"not_picked":["Endless Agony","Heel Hook"],"picked":"Poisoned Stab","floor":1.0},{"not_picked":["Tactician","Underhanded Strike"],"picked":"Deflect","floor":3.0},{"not_picked":["Poisoned Stab","Footwork"],"picked":"All Out Attack","floor":4.0},{"not_picked":["Well Laid Plans","Acrobatics"],"picked":"Dash","floor":5.0},{"not_picked":["Tactician","Reflex"],"picked":"Footwork","floor":7.0},{"not_picked":["Footwork","Prepared","Predator"],"picked":"SKIP","floor":8.0},{"not_picked":["Dagger Throw","Corpse Explosion"],"picked":"Caltrops+1","floor":11.0},{"not_picked":["PiercingWail","Expertise","Masterful Stab"],"picked":"SKIP","floor":13.0},{"not_picked":["Unload","Night Terror"],"picked":"After Image+1","floor":16.0},{"not_picked":["Underhanded Strike+1","Heel Hook+1"],"picked":"Quick Slash","floor":18.0},{"not_picked":["Dodge and Roll","Flying Knee"],"picked":"All Out Attack+1","floor":19.0},{"not_picked":["Slice+1","Deflect"],"picked":"Infinite Blades+1","floor":20.0},{"not_picked":["Leg Sweep","Distraction+1","Sucker Punch"],"picked":"SKIP","floor":21.0},{"not_picked":["Masterful Stab+1","Leg Sweep"],"picked":"Outmaneuver","floor":24.0},{"not_picked":["Deadly Poison","Slice"],"picked":"Noxious Fumes+1","floor":27.0},{"not_picked":["All Out Attack","Dash+1"],"picked":"Backstab","floor":28.0},{"not_picked":["Caltrops+1","Blade Dance","Quick Slash"],"picked":"SKIP","floor":29.0},{"not_picked":["Dagger Throw","Unload","Calculated Gamble"],"picked":"SKIP","floor":30.0},{"not_picked":["Burst","After Image+1"],"picked":"A Thousand Cuts+1","floor":33.0},{"not_picked":["Acrobatics","Sucker Punch+1"],"picked":"Bane","floor":35},{"not_picked":["Flying Knee","Blade Dance","Deflect"],"picked":"SKIP","floor":37},{"not_picked":["Tactician+1","Heel Hook+1"],"picked":"Deadly Poison","floor":38},{"not_picked":["Slice","Poisoned Stab"],"picked":"Backflip","floor":39}],"player_experience":59608,"relics_obtained":[{"floor":9.0,"key":"Frozen Egg 2"},{"floor":24.0,"key":"Mango"},{"floor":26.0,"key":"MealTicket"}],"event_choices":[{"damage_healed":0.0,"max_hp_gain":0.0,"max_hp_loss":0.0,"gold_gain":0.0,"event_name":"Lab","player_choice":"Got Potions","floor":2.0,"gold_loss":0.0,"damage_taken":0.0},{"damage_healed":0.0,"max_hp_gain":0.0,"max_hp_loss":0.0,"gold_gain":0.0,"event_name":"WeMeetAgain","player_choice":"Gave Potion","floor":14.0,"gold_loss":0.0,"damage_taken":0.0,"relics_obtained":["The Specimen"]},{"damage_healed":0.0,"max_hp_gain":0.0,"max_hp_loss":0.0,"gold_gain":0.0,"event_name":"Addict","player_choice":"Obtained Relic","floor":31.0,"gold_loss":85.0,"damage_taken":0.0,"relics_obtained":["Blood Vial"]},{"damage_healed":0,"gold_gain":0,"cards_transformed":["Strike_G"],"player_choice":"Transformed","damage_taken":0,"max_hp_gain":0,"max_hp_loss":0,"event_name":"Transmorgrifier","floor":36,"gold_loss":0,"cards_obtained":["Dagger Throw"]}],"is_beta":false,"boss_relics":[{"not_picked":["Calling Bell","Fusion Hammer"],"picked":"WristBlade"},{"not_picked":["Tiny House","Velvet Choker"],"picked":"HoveringKite"}],"items_purged_floors":[],"is_endless":false,"potions_floor_spawned":[1,4,8,11,16,18,21,27,28,29,35,39],"killed_by":"3 Darklings","ascension_level":0}}