{"host":"scy0o1xotfn36lpl","time":1614316451,"event":{"mods":["AchievementEnabler","Aspiration","BaseMod","Better Altar","Better Note","Better Sensory Stone","Better Skull","Better Third Choice","Colored Map","Curses Come First","Downfall","GifTheSpireLib","Googly Eyes","Highlight Path","Minty Spire (QoL Compilation)","Permanent Neow","Spicy Shops","StSLib","everything is the same but u backflip on backflip"],"gold_per_floor":[113,113,123,135,153,180,199,234,234,265,282,300,300,315,315,414,414,433,453,453,463,473,473,473,504,504,535,555,555,555,566,566,666,666,684,28,80,80,80,112,132,157,184,217,217,248,267,278,278,278,278,278,103,128,128,128],"floor_reached":55,"language":"ENG","playtime":3781,"items_purged":["downfall:Bewildered"],"score":1121,"play_id":"0fabea37-fea1-40c8-a368-4254dae3b3a3","local_time":"20210225211411","is_ascension_mode":true,"campfire_choices":[{"data":"Infernal Blade","floor":13.0,"key":"SMITH"},{"data":"Rage","floor":15.0,"key":"SMITH"},{"floor":24.0,"key":"REST"},{"data":"Flex","floor":29.0,"key":"SMITH"},{"data":"Anger","floor":32.0,"key":"SMITH"},{"floor":45,"key":"REST"},{"floor":49,"key":"RECALL"},{"data":"Seeing Red","floor":52,"key":"SMITH"}],"circlet_count":0,"master_deck":["Strike_R+1","Strike_R+1","Strike_R+1","Strike_R+1","Strike_R+1","Defend_R+1","Defend_R+1","Defend_R+1","Defend_R+1","Bash","Cleave","Anger+1","Warcry","Sword Boomerang","Infernal Blade+1","Cleave","Seeing Red+1","Rage+1","Flex+1","Cleave","Demon Form+1","Sword Boomerang","Perfected Strike","Bloodletting","Cleave","Headbutt","Reaper+1","Cleave+1","Perfected Strike+1","Limit Break+1","Dual Wield+1","Apotheosis+1","Clothesline+1","Dropkick+1","Carnage+1","Anger+1","Headbutt+1","Feed+1"],"relics":["Burning Blood","aspiration:Nostalgia","PureWater","Vajra","Oddly Smooth Stone","Matryoshka","Frozen Egg 2","aspiration:PoetsPen_weak","Bloody Idol","Champion Belt","Centennial Puzzle","Mummified Hand","Molten Egg 2","sneckomod:BabySnecko","Mark of Pain","Toxic Egg 2","Ancient Tea Set","Thread and Needle","MealTicket","aspiration:ChemicalBlood","Smiling Mask","Ice Cream","Kunai","Akabeko","Bag of Marbles"],"acts_visited":["Exordium","TheCity","TheBeyond","TheEnding"],"potions_floor_usage":[42,44,46,50,50,50,50,54,54,54,55,55,55],"damage_taken":[{"damage":9.0,"enemies":"Jaw Worm","floor":1.0,"turns":3.0},{"damage":1.0,"enemies":"Cultist","floor":3.0,"turns":3.0},{"damage":1.0,"enemies":"2 Louse","floor":4.0,"turns":2.0},{"damage":16.0,"enemies":"Exordium Wildlife","floor":5.0,"turns":4.0},{"damage":27.0,"enemies":"Gremlin Nob","floor":6.0,"turns":4.0},{"damage":4.0,"enemies":"2 Fungi Beasts","floor":7.0,"turns":2.0},{"damage":40.0,"enemies":"Lagavulin","floor":8.0,"turns":5.0},{"damage":20.0,"enemies":"Gremlin Nob","floor":10.0,"turns":3.0},{"damage":4.0,"enemies":"3 Louse","floor":11.0,"turns":2.0},{"damage":0.0,"enemies":"Exordium Thugs","floor":12.0,"turns":3.0},{"damage":0.0,"enemies":"Gremlin Gang","floor":14.0,"turns":2.0},{"damage":18.0,"enemies":"Slime Boss","floor":16.0,"turns":7.0},{"damage":8.0,"enemies":"Shell Parasite","floor":18.0,"turns":2.0},{"damage":0.0,"enemies":"3 Byrds","floor":19.0,"turns":2.0},{"damage":13.0,"enemies":"Snecko","floor":21.0,"turns":4.0},{"damage":11.0,"enemies":"Centurion and Healer","floor":22.0,"turns":3.0},{"damage":0.0,"enemies":"Gremlin Leader","floor":25.0,"turns":3.0},{"damage":13.0,"enemies":"Slavers","floor":27.0,"turns":2.0},{"damage":0.0,"enemies":"Sentry and Sphere","floor":28.0,"turns":2.0},{"damage":12.0,"enemies":"Shelled Parasite and Fungi","floor":31.0,"turns":2.0},{"damage":22.0,"enemies":"Collector","floor":33.0,"turns":4.0},{"damage":14.0,"enemies":"Orb Walker","floor":35.0,"turns":2.0},{"damage":30,"enemies":"2 Orb Walkers","floor":37,"turns":3},{"damage":0,"enemies":"Giant Head","floor":40,"turns":5},{"damage":26,"enemies":"3 Shapes","floor":41,"turns":2},{"damage":41,"enemies":"Nemesis","floor":42,"turns":3},{"damage":32,"enemies":"Giant Head","floor":44,"turns":6},{"damage":5,"enemies":"Reptomancer","floor":46,"turns":2},{"damage":0,"enemies":"Spire Growth","floor":47,"turns":2},{"damage":0,"enemies":"Sphere and 2 Shapes","floor":48,"turns":2},{"damage":86,"enemies":"Donu and Deca","floor":50,"turns":6},{"damage":21,"enemies":"Shield and Spear","floor":54,"turns":3},{"damage":88,"enemies":"The Heart","floor":55,"turns":3}],"seed_played":"6526715848667768032","potions_obtained":[{"floor":4.0,"key":"bronze:BurnAndBuffPotion"},{"floor":5.0,"key":"BloodPotion"},{"floor":7.0,"key":"BloodPotion"},{"floor":8.0,"key":"Fire Potion"},{"floor":12.0,"key":"ColorlessPotion"},{"floor":16.0,"key":"ColorlessPotion"},{"floor":40,"key":"EssenceOfSteel"},{"floor":41,"key":"Fire Potion"},{"floor":42,"key":"Dexterity Potion"},{"floor":44,"key":"Fire Potion"},{"floor":54,"key":"Energy Potion"}],"is_trial":false,"path_per_floor":["M","?","M","M","M","E","M","E","T","E","M","M","R","M","R","B",null,"M","M","?","M","M","?","R","E","T","E","M","R","?","M","R","B",null,"M","$","?","?","?","E","M","E","T","E","R","E","M","M","R","B",null,"R","$","E","B"],"character_chosen":"IRONCLAD","items_purchased":["Toxic Egg 2","Apotheosis+1","Ancient Tea Set","Akabeko","Headbutt+1"],"campfire_rested":2,"item_purchase_floors":[36,36,36,53,53],"current_hp_per_floor":[77,80,80,80,70,49,51,49,49,35,37,43,43,49,49,37,80,78,80,40,38,38,38,62,73,73,71,80,80,80,79,79,69,80,80,80,67,67,67,76,65,35,40,26,48,54,65,76,76,16,76,76,76,76,0,0],"gold":128,"neow_bonus":"NOSTALGIA","is_daily":false,"chose_seed":false,"campfire_upgraded":5,"win_rate":0.0,"timestamp":1614316451,"path_taken":["M","?","M","M","M","E","M","E","T","E","M","M","R","M","R","BOSS","M","M","?","M","M","?","R","E","T","E","M","R","?","M","R","BOSS","M","$","?","?","?","E","?","E","T","E","R","E","M","?","R","BOSS","R","$","E","BOSS"],"items_purchased_type":["Relic","Card","Relic","Relic","Card"],"build_version":"2020-12-22","purchased_purges":1,"victory":false,"max_hp_per_floor":[80,80,80,80,80,80,80,80,80,80,80,80,80,80,80,80,80,80,80,80,80,80,80,80,80,80,80,80,80,80,80,80,80,80,80,80,80,76,76,76,76,76,76,76,76,76,76,76,76,76,76,76,76,76,76,76],"card_choices":[{"not_picked":["Anger","Headbutt"],"picked":"Rage","floor":1.0},{"not_picked":["True Grit","Shrug It Off"],"picked":"Cleave","floor":3.0},{"not_picked":["Searing Blow","Cleave"],"picked":"Anger","floor":4.0},{"not_picked":["Havoc","Thunderclap"],"picked":"Warcry","floor":5.0},{"not_picked":["Power Through","Thunderclap"],"picked":"Sword Boomerang","floor":6.0},{"not_picked":["Flame Barrier","Heavy Blade"],"picked":"Infernal Blade","floor":7.0},{"not_picked":["Heavy Blade","Sword Boomerang"],"picked":"Cleave","floor":8.0},{"not_picked":["Bludgeon","Shrug It Off"],"picked":"Seeing Red","floor":10.0},{"not_picked":["Power Through","Shockwave"],"picked":"Rage","floor":11.0},{"not_picked":["Dark Embrace+1","Body Slam"],"picked":"Flex","floor":12.0},{"not_picked":["Ghostly Armor","Blood for Blood"],"picked":"Cleave","floor":14.0},{"not_picked":["Impervious","Feed"],"picked":"Demon Form+1","floor":16.0},{"not_picked":["Body Slam","Battle Trance+1"],"picked":"Sword Boomerang","floor":18.0},{"not_picked":["Sword Boomerang","Heavy Blade"],"picked":"Perfected Strike","floor":19.0},{"not_picked":["Uppercut","Berserk+1"],"picked":"Bloodletting","floor":21.0},{"not_picked":["Wild Strike","Headbutt"],"picked":"Cleave","floor":22.0},{"not_picked":["Entrench+1","Thunderclap"],"picked":"Headbutt","floor":25.0},{"not_picked":["Sentinel","Flex"],"picked":"Reaper+1","floor":27.0},{"not_picked":["Headbutt+1","Perfected Strike+1"],"picked":"Cleave+1","floor":28.0},{"not_picked":["Havoc+1","Disarm+1"],"picked":"Perfected Strike+1","floor":31.0},{"not_picked":["Demon Form+1","Impervious"],"picked":"Limit Break","floor":33.0},{"not_picked":["Sword Boomerang+1","Battle Trance+1"],"picked":"Dual Wield+1","floor":35.0},{"not_picked":["Havoc+1","Headbutt+1"],"picked":"Clothesline+1","floor":37},{"not_picked":["Shrug It Off+1","Burning Pact+1"],"picked":"Dropkick+1","floor":40},{"not_picked":["Dual Wield+1","Shockwave+1","Perfected Strike+1"],"picked":"SKIP","floor":41},{"not_picked":["Thunderclap+1","Iron Wave+1","Searing Blow+1"],"picked":"SKIP","floor":42},{"not_picked":["Wild Strike+1","Thunderclap+1"],"picked":"Carnage+1","floor":44},{"not_picked":["Warcry+1","Shrug It Off+1","Ghostly Armor+1"],"picked":"SKIP","floor":46},{"not_picked":["Cleave+1","Havoc+1"],"picked":"Anger+1","floor":47},{"not_picked":["Entrench+1","Clothesline+1","Shrug It Off+1"],"picked":"SKIP","floor":48},{"not_picked":["True Grit+1","Fiend Fire+1"],"picked":"Feed+1","floor":54}],"player_experience":101891,"relics_obtained":[{"floor":6.0,"key":"Vajra"},{"floor":8.0,"key":"Oddly Smooth Stone"},{"floor":9.0,"key":"Matryoshka"},{"floor":10.0,"key":"Frozen Egg 2"},{"floor":25.0,"key":"Champion Belt"},{"floor":26.0,"key":"Centennial Puzzle"},{"floor":26.0,"key":"Mummified Hand"},{"floor":27.0,"key":"Molten Egg 2"},{"floor":37,"key":"Thread and Needle"},{"floor":40,"key":"MealTicket"},{"floor":42,"key":"aspiration:ChemicalBlood"},{"floor":43,"key":"Smiling Mask"},{"floor":44,"key":"Ice Cream"},{"floor":46,"key":"Kunai"},{"floor":54,"key":"Bag of Marbles"}],"event_choices":[{"cards_removed":["Rage"],"damage_healed":3.0,"max_hp_gain":0.0,"max_hp_loss":0.0,"gold_gain":0.0,"event_name":"Bonfire Elementals","player_choice":"Offered Uncommon","floor":2.0,"gold_loss":0.0,"damage_taken":0.0},{"damage_healed":0.0,"max_hp_gain":80.0,"max_hp_loss":40.0,"gold_gain":0.0,"event_name":"betterAltar:BetterAltar","player_choice":" Idol ","floor":20.0,"potions_obtained":[],"relics_lost":[],"gold_loss":0.0,"damage_taken":40.0,"relics_obtained":["Bloody Idol"]},{"damage_healed":0.0,"max_hp_gain":0.0,"max_hp_loss":9.0,"gold_gain":0.0,"event_name":"betterThird:BetterWriting","player_choice":"Simplicity","floor":23.0,"gold_loss":0.0,"damage_taken":0.0},{"damage_healed":0,"gold_gain":0,"player_choice":"Fight","damage_taken":0,"max_hp_gain":0,"max_hp_loss":0,"event_name":"Mysterious Sphere","floor":37,"gold_loss":0},{"damage_healed":0,"gold_gain":0,"player_choice":"Max HP","damage_taken":0,"max_hp_gain":0,"max_hp_loss":4,"event_name":"Winding Halls","floor":38,"gold_loss":0},{"damage_healed":0,"gold_gain":0,"player_choice":"Upgraded","damage_taken":0,"max_hp_gain":0,"max_hp_loss":0,"event_name":"Upgrade Shrine","floor":39,"gold_loss":0,"cards_upgraded":["Limit Break"]}],"is_beta":false,"boss_relics":[{"not_picked":["Snecko Eye","aspiration:FutureDiary"],"picked":"aspiration:PoetsPen_weak"},{"not_picked":["bronze:MakeshiftBattery","aspiration:RunicSpoon"],"picked":"Mark of Pain"}],"items_purged_floors":[36],"is_endless":false,"potions_floor_spawned":[4,5,7,8,12,16,19,25,27,40,41,42,44,46,54],"killed_by":"The Heart","ascension_level":4}}