{"host":"pzi5ngddyemmtlbx","time":1614341572,"event":{"mods":["AchievementEnabler","BaseMod","Googly Eyes","Highlight Path","Minty Spire (QoL Compilation)","Permanent Neow"],"gold_per_floor":[115,390,407,424,442,442,460,460,460],"floor_reached":8,"language":"ENG","playtime":520,"items_purged":[],"score":78,"play_id":"73f59e86-21ba-4def-a5df-4deb5611d165","local_time":"20210226071252","is_ascension_mode":true,"campfire_choices":[{"floor":6,"key":"REST"}],"circlet_count":0,"master_deck":["AscendersBane","Strike_G","Strike_G","Strike_G","Strike_G","Strike_G","Defend_G","Defend_G","Defend_G","Defend_G","Defend_G","Survivor","Neutralize","Acrobatics","Regret","Flying Knee","Bouncing Flask","Bane","Sucker Punch"],"relics":["Snecko Eye"],"acts_visited":["Exordium"],"potions_floor_usage":[7],"damage_taken":[{"damage":11,"enemies":"Jaw Worm","floor":1,"turns":7},{"damage":27,"enemies":"Cultist","floor":3,"turns":7},{"damage":0,"enemies":"Small Slimes","floor":4,"turns":3},{"damage":10,"enemies":"Exordium Wildlife","floor":5,"turns":5},{"damage":13,"enemies":"3 Louse","floor":7,"turns":2},{"damage":29,"enemies":"Lagavulin","floor":8,"turns":3}],"seed_played":"4103462848474588260","potions_obtained":[{"floor":4,"key":"Strength Potion"},{"floor":5,"key":"Explosive Potion"}],"is_trial":false,"path_per_floor":["M","?","M","M","M","R","M","E"],"character_chosen":"THE_SILENT","items_purchased":[],"campfire_rested":1,"item_purchase_floors":[],"current_hp_per_floor":[52,52,25,25,15,36,23,0,0],"gold":460,"neow_bonus":"BOSS_RELIC","is_daily":false,"chose_seed":false,"campfire_upgraded":0,"win_rate":0.0,"timestamp":1614341572,"path_taken":["M","?","M","M","M","R","M","E"],"items_purchased_type":[],"build_version":"2020-12-22","purchased_purges":0,"victory":false,"max_hp_per_floor":[70,70,70,70,70,70,70,70,70],"card_choices":[{"not_picked":["Deflect","Quick Slash"],"picked":"Acrobatics","floor":1},{"not_picked":["Backflip","PiercingWail"],"picked":"Flying Knee","floor":3},{"not_picked":["Outmaneuver","Acrobatics"],"picked":"Bouncing Flask","floor":4},{"not_picked":["All Out Attack","Deadly Poison","Bane"],"picked":"SKIP","floor":5},{"not_picked":["All Out Attack","Deadly Poison"],"picked":"Bane","floor":5},{"not_picked":["Outmaneuver","Well Laid Plans"],"picked":"Sucker Punch","floor":7}],"player_experience":564280,"relics_obtained":[],"event_choices":[{"damage_healed":0,"gold_gain":275,"player_choice":"Desecrate","damage_taken":0,"max_hp_gain":0,"max_hp_loss":0,"event_name":"Golden Shrine","floor":2,"gold_loss":0,"cards_obtained":["Regret"]}],"is_beta":false,"boss_relics":[],"items_purged_floors":[],"is_endless":false,"potions_floor_spawned":[4,5],"killed_by":"Lagavulin","ascension_level":11}}