{"host":"xsyxumpp1kksrtww","time":1614376651,"event":{"mods":["Act Like it!","Ascension Unlocker","BaseMod","Colored Map","Colored Powertips","Conspire","Downfall","Gensokyo","Library of Ruina","Library of Ruina Extra","Minty Spire (QoL Compilation)","Pale of the Ancients","Permanent Neow","Quick Restart","Rare Cards Sparkle","Replay The Spire","Shop Mod","StSLib"],"gold_per_floor":[100,114,130,140,140,50,125,160,174,9,40,52,52,152,163,435,435,435,452,467,241,491,505,559,459,459,64,76,110,345,385,411,520,520,420,448,482,482,549,549,549,549,234,254,173,208,208,208,242,274],"floor_reached":51,"language":"ZHS","playtime":2166,"items_purged":["DegradedPillar","DegradedPillar","DegradedFairy","UnforgettableMelody"],"score":1688,"play_id":"9f1cf126-c4cf-4f9e-b39a-1a3d85eb54f3","local_time":"20210227055731","is_ascension_mode":true,"campfire_choices":[{"data":"DegradedShockwave","floor":1.0,"key":"SMITH"},{"data":"TheWillOfTheCity","floor":13,"key":"SMITH"},{"data":"SenseQuarry","floor":18,"key":"SMITH"},{"data":"DegradedLock","floor":25,"key":"SMITH"},{"data":"DriedUp","floor":35,"key":"SMITH"},{"data":"StartinOutLightly","floor":40,"key":"SMITH"},{"data":"Purity","floor":47,"key":"SMITH"}],"circlet_count":0,"master_deck":["AscendersBane","DegradedFairy","DegradedFairy","DegradedChain","DegradedChain","DegradedLock+1","DegradedShockwave+1","SenseQuarry+1","Commandeering","TheWillOfTheCity+1","Faith","AsThePrescriptOrders+1","TheWillOfTheCity+1","Gensokyo:Kunekune+1","DriedUp+1","OminousPower","StartinOutLightly+1","Purity+1","TheWillOfTheCity+1","Lock"],"relics":["PageOfLibrarian","Guardian:PocketSentry","conspire:Flyswatter","Orichalcum","Blue Doll","Coffee Dripper","PageOfBigBird","Bag of Marbles","DollysMirror","FossilizedHelix","conspire:InfiniteJournal","downfall:HeartBlessingBlue","conspire:Boomerang","Replay:Bandana","Smiling Mask","Omamori","PageOfFairyFestival","conspire:RoyalGoblet","downfall:HeartBlessingGreen","Pet Ghost","Mummified Hand","MerchantsRug"],"acts_visited":["Gensokyo:Gensokyo","Gensokyo:Gensokyoer","Gensokyo:Gensokyoest"],"potions_floor_usage":[],"damage_taken":[{"damage":0.0,"enemies":"Gensokyo:Gryphon","floor":2.0,"turns":2.0},{"damage":0.0,"enemies":"Gensokyo:Python","floor":3.0,"turns":1.0},{"damage":0.0,"enemies":"Gensokyo:3_Fairies","floor":4.0,"turns":2.0},{"damage":5,"enemies":"downfall:FleeingMerchant","floor":6,"turns":4},{"damage":8,"enemies":"Gensokyo:Cirno","floor":8,"turns":5},{"damage":0,"enemies":"Gensokyo:Python_and_Kodama","floor":9,"turns":2},{"damage":0,"enemies":"Gensokyo:Mamizou","floor":11,"turns":5},{"damage":18,"enemies":"Gensokyo:CorruptedTreant","floor":12,"turns":1},{"damage":0,"enemies":"Gensokyo:Kitsune","floor":15,"turns":2},{"damage":0,"enemies":"WA_ARCHETYPE_RETAIN","floor":16,"turns":4},{"damage":0,"enemies":"Gensokyo:CosmicMonolith","floor":19,"turns":1},{"damage":0,"enemies":"Gensokyo:Chomper","floor":20,"turns":2},{"damage":0,"enemies":"downfall:FleeingMerchant","floor":21,"turns":1},{"damage":0,"enemies":"Gensokyo:Wraith","floor":23,"turns":2},{"damage":0,"enemies":"Gensokyo:Monolith_and_Dog","floor":28,"turns":3},{"damage":0,"enemies":"Gensokyo:Reisen","floor":29,"turns":4},{"damage":0,"enemies":"Gensokyo:3_Gloops","floor":30,"turns":2},{"damage":0,"enemies":"Gensokyo:Tenshi","floor":31,"turns":3},{"damage":0,"enemies":"Gensokyo:Wraith","floor":32,"turns":2},{"damage":0,"enemies":"SI_MIRROR_ARCHETYPE","floor":33,"turns":5},{"damage":0,"enemies":"Gensokyo:3_Bats","floor":36,"turns":2},{"damage":0,"enemies":"Gensokyo:AncientGuardian","floor":37,"turns":2},{"damage":0,"enemies":"conspire:MimicChest","floor":39,"turns":4},{"damage":0,"enemies":"Gensokyo:Dusk_and_Dawn","floor":44,"turns":2},{"damage":0,"enemies":"Gensokyo:AtlasGolem","floor":46,"turns":2},{"damage":0,"enemies":"Gensokyo:SeedOfUnknown","floor":49,"turns":2},{"damage":4,"enemies":"DF_ARCHETYPE_ORBS","floor":50,"turns":4}],"seed_played":"-6022790580146715","potions_obtained":[{"floor":2.0,"key":"Strength Potion"},{"floor":8,"key":"Block Potion"}],"is_trial":false,"path_per_floor":["R","M","M","M","?","$","T","E","M","COS","E","M","R","?","M","B",null,"R","M","M","$","?","M","T","R","?","COS","M","E","M","E","M","B",null,"R","M","M","?","?","R","T","?","$","M","$","M","R","?","M","B",null],"character_chosen":"Librarian","items_purchased":["Bag of Marbles","DollysMirror","FairyPotion","MerchantsRug","Purity","TheWillOfTheCity+1"],"campfire_rested":0,"item_purchase_floors":[21,21,21,43,43,45],"current_hp_per_floor":[32,32,32,32,32,27,27,19,19,19,19,1,1,1,1,1,68,68,68,68,68,68,68,68,78,78,78,78,78,78,78,78,78,83,83,83,83,83,83,83,83,83,83,83,83,83,83,83,83,84],"gold":274,"neow_bonus":"RANDOM_EVENT","is_daily":false,"chose_seed":false,"campfire_upgraded":7,"win_rate":0.0,"timestamp":1614376651,"path_taken":["R","M","M","M","?","$","T","E","M","COS","E","M","R","?","M","BOSS","R","M","M","$","?","M","T","R","?","COS","M","E","M","E","M","BOSS","R","M","M","?","?","R","T","?","$","M","?","M","R","?","M","BOSS"],"items_purchased_type":["Relic","Relic","Potion","Relic","Card","Card"],"build_version":"2020-12-22","purchased_purges":4,"victory":true,"max_hp_per_floor":[90,90,90,90,90,90,90,90,90,90,90,90,90,90,90,90,90,90,90,90,90,83,83,83,93,84,84,84,84,84,84,84,84,84,84,84,84,84,84,84,84,84,84,84,84,84,84,84,84,84],"card_choices":[{"not_picked":["SturdyDefense","ProselytesBlade","FleetEdge","FlashingStrike","Reload","Standoff","Rewind","GuardingStance","Collision"],"picked":"SKIP","floor":2.0},{"not_picked":["DevastatingThrash","AsThePrescriptOrders","SinglePointStab","BizarreAttack","IdentifyWeakpoint","JiaoTu","WillOfThePrescript","SerpentSwordTechnique"],"picked":"SenseQuarry","floor":3.0},{"not_picked":["GrazeTheGrass","Tailoring","PreemptiveStrike","Rampage_lor","PinpointShot","SmokingPipe","UpbeatPerformance","GreatSerpentsImpact"],"picked":"UnforgettableMelody","floor":4.0},{"not_picked":["Creak","FierceCharge","Parry","CumulusWall","DesperateStruggle","TrashDisposal","CoordinatedAssault","RepressedFlesh"],"picked":"Commandeering","floor":6},{"not_picked":["Outburst","ToOvercomeCrisis","CookingPrep","InnerArdor","StructuralAnalysis","DevastatingThrash","Thrust","BattleCommand","DefenseOrder"],"picked":"SKIP","floor":8},{"not_picked":["Parry","Parry2","EndlessBattle","Multislash","GrazeTheGrass","BizarreAttack","HeavyPeaks","Gigigig"],"picked":"TheWillOfTheCity","floor":9},{"not_picked":["StructuralAnalysis","GreatSerpentsImpact","Parry2","BlindFaith","HandleRequest","DesperateStruggle","EmotionalTurbulence","Parry","HandlingWork"],"picked":"SKIP","floor":11},{"not_picked":["Unlock1","RapidGashes","EnergyStrike","Thrust","OminousPower","TheArtOfRapidSteps","SinglePointStab","ICanCookAnything"],"picked":"Faith","floor":12},{"not_picked":["NightInTheBackstreets","Concentration","UncannyStrike","ChiWen","Thrust","YoureAHindrance","BurningFlash","CoordinatedAssault","GreatSerpentsImpact"],"picked":"SKIP","floor":15},{"not_picked":["AbsorbImpact","QuickSuppression","BlindFaith","NightInTheBackstreets","DefenseOrder","BlazingStrike","PreemptiveStrike","FieryDragonSlash+1"],"picked":"AsThePrescriptOrders+1","floor":19},{"not_picked":["AsThePrescriptOrders","Pound","DefenseOrder","DistortedBlade","SpearedSweep","StrongStrike","Diversion+1","ElectricShock","TheArtOfRapidSteps"],"picked":"SKIP","floor":20},{"not_picked":["Reload","ViolentFlame","PinpointShot","QuickSuppression","SinglePointStab","StrikeDown","EndlessBattle","FeelinGood"],"picked":"TheWillOfTheCity+1","floor":21},{"not_picked":["DirtyBlow","GrazeTheGrass","Pound","CoordinatedAssault","Unlock1","SomberProcuration","SharpNails","Reload","GoinFirst"],"picked":"SKIP","floor":23},{"not_picked":["SummaryJudgment","BiXi","UpbeatPerformance","DesperateStruggle+1","AGoldenOpportunity+1","SuppressingShot","Eliminate","Quickness"],"picked":"AutomatedMovement","floor":28},{"not_picked":["SharpSwipe+1","SharpenedBlade+1","HeavyPeaks+1","WrathOfTorment+1","TheArtOfRapidSteps+1","PreemptiveStrike+1","FieryDragonSlash+1","CookingPrep+1","FleetEdge+1"],"picked":"SKIP","floor":29},{"not_picked":["BiAn","Multislash","Marionette","Creak","IdentifyWeakpoint","GuidanceOfTheGears","StructuralAnalysis","ToOvercomeCrisis","LossOfSenses"],"picked":"SKIP","floor":29},{"not_picked":["SinglePointStab+1","FlashOfSunup","HighSpeedStabbing+1","UpbeatPerformance","HandleRequest","Quickness","StayCalm","FlashingStrike"],"picked":"DriedUp","floor":30},{"not_picked":["PuppetBlockade+1","TrashDisposal","DriedUp+1","SilentMist","Unlock1","YoureTooSlow","MultiHit","BiAn"],"picked":"SwordOfVolition+1","floor":31},{"not_picked":["Eliminate","SnakeSlit","EnergyCycle+1","WillOfThePrescript+1","FleetFootsteps","BiAn","Parry","BlindFaith","Rewind"],"picked":"SKIP","floor":32},{"not_picked":["WaitUp","ICanCookAnything+1","FleetEdge","CombatPreparation+1","Leap_lor","Reload","FrontalAssault+1","Multislash"],"picked":"OminousPower","floor":36},{"not_picked":["BackstreetsDash","BiteOff","DarkCloud","Thrust","TrimTheIngredients+1","StructuralAnalysis","ToWhereThePrescriptPoints","GrazeTheGrass","Duel_lor"],"picked":"SKIP","floor":37},{"not_picked":["BladeWhirl","CutIn","PreemptiveStrike","Reload","ShrineToMusic","MirageStorm","AsThePrescriptOrders","GuardingStance"],"picked":"StartinOutLightly","floor":39},{"not_picked":["EnergyConversion+1","PreemptiveStrike","ScatteringSlash","FieryWaltz+1","FlowOfTheSword","HighKick","ClassAndRespect","Guardian_lor","BlowItUp"],"picked":"SKIP","floor":44},{"not_picked":["HighKick","RushDown","Faith","TheRedNotes","ElectricShock","CircusKnives","RapidGashes","SmokingPipe"],"picked":"Lock","floor":46},{"not_picked":["GuardingStance+1","SmokingPipe+1","GrazeTheGrass+1","Reload+1","GreatSerpentsImpact","NightInTheBackstreets","Commandeering","PreparedMind","Brawl"],"picked":"SKIP","floor":49}],"player_experience":1034747,"relics_obtained":[{"floor":7,"key":"conspire:Flyswatter"},{"floor":8,"key":"Orichalcum"},{"floor":11,"key":"Blue Doll"},{"floor":29,"key":"Smiling Mask"},{"floor":31,"key":"Omamori"},{"floor":39,"key":"Pet Ghost"},{"floor":41,"key":"Mummified Hand"}],"event_choices":[],"is_beta":false,"boss_relics":[{"not_picked":["Black Star","conspire:SlowCooker"],"picked":"Coffee Dripper"},{"not_picked":["Replay:Wanted Poster","Empty Cage"],"picked":"conspire:RoyalGoblet"}],"items_purged_floors":[6,21,43,45],"is_endless":false,"potions_floor_spawned":[2,8,11,15,19,29,30,32,36,46,49],"ascension_level":20}}