{"host":"nihqlga4zpmrcpl9","time":1614349596,"event":{"mods":["BaseMod","LagranYue(拉格朗・月)","Marisa（F雨　魔理沙）","Minty Spire (QoL Compilation)","Replay The Spire","Shop Mod","StSLib","The Bug Knight","The Cursed","The Hierophant","The Servant 0.9.4"],"gold_per_floor":[113,127,137,148,148,183,183,214,238,258,258,101,114,164,164,266,266,285,187,204,217,217,217],"floor_reached":22,"language":"ZHS","playtime":974,"items_purged":[],"score":257,"play_id":"711948fe-2d0c-40b2-964d-daaa850feaa2","local_time":"20210226222636","is_ascension_mode":true,"campfire_choices":[{"data":"Dualcast","floor":7,"key":"SMITH"},{"data":"ReplaySolidLightProjector","floor":11,"key":"SMITH"},{"data":"Defragment","floor":15,"key":"SMITH"}],"circlet_count":0,"master_deck":["Strike_B","Strike_B","Strike_B","Strike_B","Defend_B","Defend_B","Defend_B","Defend_B","Zap","Dualcast+1","Ball Lightning","ReplayTheSpireMod:Calculation Training+1","Streamline","Cold Snap","ReplaySolidLightProjector+1","BootSequence","Defragment+1","Skim","Machine Learning","Self Repair+1","Buffer+1","Conserve Battery","Capacitor"],"relics":["Cracked Core","LagranYue:RandomDrawCardRelic","Bag of Preparation","Omamori","Vajra","MerchantsRug","SlaversCollar"],"acts_visited":["Exordium","TheCity"],"potions_floor_usage":[6,8],"damage_taken":[{"damage":1,"enemies":"Cultist","floor":1,"turns":3},{"damage":0,"enemies":"Jaw Worm","floor":2,"turns":3},{"damage":4,"enemies":"2 Louse","floor":3,"turns":2},{"damage":28,"enemies":"Lots of Slimes","floor":4,"turns":5},{"damage":16,"enemies":"Gremlin Nob","floor":6,"turns":3},{"damage":12,"enemies":"Lagavulin","floor":8,"turns":4},{"damage":0,"enemies":"3 Louse","floor":10,"turns":3},{"damage":0,"enemies":"Large Slime","floor":13,"turns":5},{"damage":12,"enemies":"Hexaghost","floor":16,"turns":8},{"damage":7,"enemies":"Chosen","floor":18,"turns":5},{"damage":8,"enemies":"Shell Parasite","floor":20,"turns":7},{"damage":26,"enemies":"Snake Plant","floor":21,"turns":7},{"damage":41,"enemies":"Sentry and Sphere","floor":22,"turns":5}],"seed_played":"-8305105372133022217","potions_obtained":[{"floor":1,"key":"SpeedPotion"},{"floor":2,"key":"Explosive Potion"},{"floor":4,"key":"Adrenaline Potion"},{"floor":6,"key":"Block Potion"},{"floor":8,"key":"CultistPotion"},{"floor":18,"key":"Dexterity Potion"}],"is_trial":false,"path_per_floor":["M","M","M","M","?","E","R","E","T","M","R","$","M","?","R","B",null,"M","$","M","M","M"],"character_chosen":"DEFECT","items_purchased":["Defragment","MerchantsRug","Buffer+1"],"campfire_rested":0,"item_purchase_floors":[12,12,19],"current_hp_per_floor":[74,74,70,42,42,26,26,14,14,14,14,14,14,14,14,2,62,55,55,57,41,0,0],"gold":217,"neow_bonus":"TEN_PERCENT_HP_BONUS","is_daily":false,"chose_seed":false,"campfire_upgraded":3,"win_rate":0.0,"timestamp":1614349596,"path_taken":["M","M","M","M","?","E","R","E","T","M","R","$","M","?","R","BOSS","M","$","M","M","M"],"items_purchased_type":["Card","Relic","Card"],"build_version":"2020-12-22","purchased_purges":0,"victory":false,"max_hp_per_floor":[82,82,82,82,82,82,82,82,82,82,82,82,82,82,82,82,82,82,82,82,82,82,82],"card_choices":[{"not_picked":["Storm","Crystallizer"],"picked":"Ball Lightning","floor":1},{"not_picked":["FTL","Genetic Algorithm"],"picked":"ReplayTheSpireMod:Calculation Training","floor":2},{"not_picked":["ReplayTheSpireMod:GoodbyeWorld","ReplayTheSpireMod:Repulse","Turbo"],"picked":"SKIP","floor":3},{"not_picked":["Hello World","ReplaySort"],"picked":"Streamline","floor":4},{"not_picked":["Ball Lightning","Compile Driver"],"picked":"Cold Snap","floor":6},{"not_picked":["Biased Cognition","Chill"],"picked":"ReplaySolidLightProjector","floor":8},{"not_picked":["Consume","Cold Snap"],"picked":"BootSequence","floor":10},{"not_picked":["Gash","Crystallizer"],"picked":"Skim","floor":13},{"not_picked":["Core Surge","Rainbow"],"picked":"Machine Learning","floor":16},{"not_picked":["Cold Snap","Beam Cell"],"picked":"Self Repair+1","floor":18},{"not_picked":["Doom and Gloom+1","Sweeping Beam"],"picked":"Conserve Battery","floor":20},{"not_picked":["Coolheaded","Leap"],"picked":"Capacitor","floor":21}],"player_experience":848730,"relics_obtained":[{"floor":6,"key":"Bag of Preparation"},{"floor":8,"key":"Omamori"},{"floor":9,"key":"Vajra"}],"event_choices":[{"damage_healed":0,"gold_gain":0,"player_choice":"Grow","damage_taken":0,"max_hp_gain":0,"max_hp_loss":0,"event_name":"Living Wall","floor":5,"gold_loss":0,"cards_upgraded":["ReplayTheSpireMod:Calculation Training"]},{"damage_healed":0,"gold_gain":50,"player_choice":"Gained Gold","damage_taken":0,"max_hp_gain":0,"max_hp_loss":0,"event_name":"Golden Wing","floor":14,"gold_loss":0}],"is_beta":false,"boss_relics":[{"not_picked":["Kintsugi","Replay:Grab Bag"],"picked":"SlaversCollar"}],"items_purged_floors":[],"is_endless":false,"potions_floor_spawned":[1,2,4,6,8,18],"killed_by":"Sentry and Sphere","ascension_level":6}}