{"host":"jl15pmpb41l0mhji","time":1614375888,"event":{"mods":["2.2 Compatiblity","AchievementEnabler","BaseMod","Better Altar","Better Match","Better Note","Better Sensory Stone","Better Skull","Better Third Choice","Better Vampires","Colored Map","Displayed Cursed Tome","Emptier Cage","Hermit","Highlight Path","Minty Spire (QoL Compilation)","Permanent Neow","Random Character Button","Relic Stats","Shade Mod","Spicy Shops","StSLib","The Bug Knight","The Hierophant","The Marked","TheSurvivalist","TheVacant"],"gold_per_floor":[110,185,185,204,217,217,217],"floor_reached":6,"language":"ENG","playtime":506,"items_purged":[],"score":36,"play_id":"7c2d1c4e-29ba-43cf-856a-f605dbcb017f","local_time":"20210226154448","is_ascension_mode":false,"campfire_choices":[],"circlet_count":0,"master_deck":["survmod:Strike","survmod:Strike","survmod:Strike","survmod:Defend","survmod:Defend","survmod:Defend","survmod:Defend","survmod:VersatileOffense","survmod:Sprint","survmod:FlashbangTrap","survmod:Exploit+1","survmod:NockAnArrow","survmod:NockAnArrow"],"relics":["survmod:InnateMutation"],"acts_visited":["Exordium"],"potions_floor_usage":[6],"damage_taken":[{"damage":0,"enemies":"2 Louse","floor":1,"turns":2},{"damage":3,"enemies":"Cultist","floor":4,"turns":5},{"damage":1,"enemies":"Small Slimes","floor":5,"turns":6},{"damage":37,"enemies":"Lagavulin","floor":6,"turns":7}],"seed_played":"-1822974566987222754","potions_obtained":[{"floor":4,"key":"PowerPotion"}],"is_trial":false,"path_per_floor":["M","?","?","M","M","E"],"character_chosen":"THE_SURVIVOR","items_purchased":[],"campfire_rested":0,"item_purchase_floors":[],"current_hp_per_floor":[50,39,39,36,35,0,0],"gold":217,"neow_bonus":"REMOVE_CARD","is_daily":false,"chose_seed":false,"campfire_upgraded":0,"win_rate":0.0,"timestamp":1614375888,"path_taken":["M","?","?","M","M","E"],"items_purchased_type":[],"build_version":"2020-12-22","purchased_purges":0,"victory":false,"max_hp_per_floor":[50,50,50,50,50,50,50],"relic_stats":{"counters":[4,20],"obtain_stats":[{"survmod:InnateMutation":0},{"survmod:InnateMutation":0},{"survmod:InnateMutation":0}]},"card_choices":[{"not_picked":["survmod:SimpleMutation","survmod:LongShot"],"picked":"survmod:FlashbangTrap","floor":1},{"not_picked":["survmod:ConcussiveShot+1","survmod:MutantEnergy+1"],"picked":"survmod:Exploit+1","floor":3},{"not_picked":["survmod:GoForFace","survmod:LongShot"],"picked":"survmod:NockAnArrow","floor":4},{"not_picked":["survmod:Marksmanship","survmod:FlareBarrage"],"picked":"survmod:NockAnArrow","floor":5}],"player_experience":1792832,"relics_obtained":[],"event_choices":[{"damage_healed":0,"gold_gain":75,"player_choice":"Gold","damage_taken":11,"max_hp_gain":0,"max_hp_loss":0,"event_name":"betterThird:BetterGoop","floor":2,"gold_loss":0},{"damage_healed":0,"gold_gain":0,"player_choice":"2","damage_taken":0,"max_hp_gain":0,"max_hp_loss":0,"event_name":"betterMatch:BetterMatch","floor":3,"gold_loss":0,"cards_obtained":["betterMatch:RareCard"]}],"is_beta":false,"boss_relics":[],"items_purged_floors":[],"is_endless":false,"potions_floor_spawned":[4],"killed_by":"Lagavulin","ascension_level":0}}