{"host":"gzsdmyo07u314vug","time":1614344971,"event":{"mods":["2.2 Compatiblity","Astrologer","BaseMod","Colored Powertips","GifTheSpireLib","Gremlin Mod","Hermit","Jorbs\u0027s Wanderer Trilogy","Minty Spire (QoL Compilation)","Quick Restart","Rare Cards Sparkle","Relic Stats","Replay The Spire","Robot Space Explorer","Shop Mod","StSLib","The Bladedancer","The Bug Knight","The Construct","The Cursed","The Elementalist","The Hierophant","The IronCluck","The Marked","The Necromancer","The Runesmith","The Servant 0.9.4","Unceasing Turn Reminder","everything is the same but u backflip on backflip","slay the spire mod where everything is the same but ironclad has a cowboy hat"],"gold_per_floor":[15,34,34,46,70,82,94,106,142,186,208,220,10,62,62,138,138,152,170,170,170,170],"floor_reached":21,"language":"ENG","playtime":476,"items_purged":["Strike_B"],"score":310,"play_id":"9024cc8f-f6b7-473d-9e6a-46efe16fefee","local_time":"20210226100931","is_ascension_mode":true,"campfire_choices":[{"data":"Zap","floor":6.0,"key":"SMITH"},{"data":"Dualcast","floor":8.0,"key":"SMITH"},{"data":"Go for the Eyes","floor":15.0,"key":"SMITH"}],"circlet_count":0,"master_deck":["AscendersBane","Strike_B","Defend_B","Defend_B","Defend_B","Defend_B","Zap+1","Dualcast+1","All For One+1","ReplayGash+1","Gash","Go for the Eyes+1"],"relics":["Cracked Core","MawBank","Lantern","DataDisk","Guide Book","Replay:Baseball","construct:ClawGrip"],"acts_visited":["Exordium","TheCity"],"potions_floor_usage":[19],"damage_taken":[{"damage":2.0,"enemies":"Jaw Worm","floor":1.0,"turns":3.0},{"damage":1.0,"enemies":"2 Louse","floor":2.0,"turns":2.0},{"damage":1.0,"enemies":"Cultist","floor":5.0,"turns":3.0},{"damage":17.0,"enemies":"Lagavulin","floor":10.0,"turns":4.0},{"damage":8.0,"enemies":"3 Louse","floor":11.0,"turns":2.0},{"damage":52.0,"enemies":"The Guardian","floor":16.0,"turns":11.0},{"damage":25.0,"enemies":"3 Byrds","floor":18.0,"turns":4.0},{"damage":8,"enemies":"2 Thieves","floor":19,"turns":4},{"damage":22,"enemies":"Centurion and Healer","floor":21,"turns":2}],"seed_played":"-6811983057866198848","potions_obtained":[{"floor":1.0,"key":"Swift Potion"},{"floor":2.0,"key":"Swift Potion"},{"floor":18.0,"key":"BlessingOfTheForge"}],"is_trial":false,"path_per_floor":["M","M","?","?","M","R","$","R","T","E","M","?","$","T","R","B",null,"M","M","?","M"],"character_chosen":"DEFECT","items_purchased":["Guide Book"],"campfire_rested":0,"item_purchase_floors":[13],"current_hp_per_floor":[62,61,56,56,55,55,55,55,55,38,30,53,53,53,53,1,54,29,21,21,0,0],"gold":170,"neow_bonus":"THREE_RARE_CARDS","is_daily":false,"chose_seed":false,"campfire_upgraded":3,"win_rate":0.0,"timestamp":1614344971,"path_taken":["M","M","?","?","?","R","$","R","T","E","M","?","$","?","R","BOSS","M","M","?","M"],"items_purchased_type":["Relic"],"build_version":"2020-12-22","purchased_purges":1,"victory":false,"max_hp_per_floor":[71,71,71,71,71,71,71,71,71,71,71,71,71,71,71,71,71,71,71,71,71,71],"relic_stats":{"counters":[9,35],"MawBank":120,"obtain_stats":[{"Lantern":9,"DataDisk":10,"Replay:Baseball":14,"construct:ClawGrip":17,"Guide Book":13,"Cracked Core":0,"MawBank":3},{"Lantern":3,"DataDisk":4,"Replay:Baseball":5,"construct:ClawGrip":6,"Guide Book":5,"Cracked Core":0,"MawBank":2},{"Lantern":8,"DataDisk":12,"Replay:Baseball":14,"construct:ClawGrip":25,"Guide Book":14,"Cracked Core":0,"MawBank":5}]},"card_choices":[{"not_picked":["Reboot","Multi-Cast"],"picked":"All For One","floor":0.0},{"not_picked":["Barrage","Consume"],"picked":"ReplayGash","floor":1.0},{"not_picked":["Defragment","Fusion","Stack"],"picked":"SKIP","floor":2.0},{"not_picked":["Reprogram","Panic Button"],"picked":"Gash","floor":5.0},{"not_picked":["Steam","Lockon","Panic Button"],"picked":"SKIP","floor":10.0},{"not_picked":["Double Energy","Cold Snap"],"picked":"Go for the Eyes","floor":11.0},{"not_picked":["BasicCrystalCard","Genetic Algorithm","Redo"],"picked":"SKIP","floor":18.0},{"not_picked":["Crystallizer","Streamline","Compile Driver"],"picked":"SKIP","floor":19}],"player_experience":971853,"relics_obtained":[{"floor":9.0,"key":"Lantern"},{"floor":10.0,"key":"DataDisk"},{"floor":14.0,"key":"Replay:Baseball"}],"event_choices":[{"damage_healed":0.0,"max_hp_gain":0.0,"max_hp_loss":0.0,"gold_gain":0.0,"event_name":"Scrap Ooze","player_choice":"Success","floor":3.0,"gold_loss":0.0,"damage_taken":5.0,"relics_obtained":["MawBank"]},{"cards_removed":["Strike_B"],"damage_healed":0.0,"max_hp_gain":0.0,"max_hp_loss":0.0,"gold_gain":0.0,"event_name":"Bonfire Elementals","player_choice":"Offered Basic","floor":4.0,"gold_loss":0.0,"damage_taken":0.0},{"damage_healed":23.0,"max_hp_gain":0.0,"max_hp_loss":0.0,"gold_gain":0.0,"event_name":"Big Fish","player_choice":"Banana","floor":12.0,"gold_loss":0.0,"damage_taken":0.0},{"cards_removed":["Strike_B"],"damage_healed":0,"gold_gain":0,"player_choice":"Purged","damage_taken":0,"max_hp_gain":0,"max_hp_loss":0,"event_name":"Purifier","floor":20,"gold_loss":0}],"is_beta":false,"boss_relics":[{"not_picked":["Painkiller Herb","Inserter"],"picked":"construct:ClawGrip"}],"items_purged_floors":[13],"is_endless":false,"potions_floor_spawned":[1,2,5,18],"killed_by":"Centurion and Healer","ascension_level":15}}