{"host":"88sw61cmk1203zgj","time":1614311028,"event":{"mods":["BaseMod","Minty Spire (QoL Compilation)"],"gold_per_floor":[116,116,116,74,74,118,142,160,160,198,198,198,4,37,37,135,135,158,158,169,169,183,183,133,160,238,254,254,289,289,304,304,381,381,401,401,72,87,97,126,126,157,157,67,101,118,129,142,142,142,142,142,15,43,43],"floor_reached":56,"language":"ENG","playtime":3465,"items_purged":["Strike_G","Strike_G"],"score":2073,"play_id":"0993f568-aea8-4469-94da-0120636c61f1","local_time":"20210225224348","is_ascension_mode":true,"campfire_choices":[{"floor":12.0,"key":"REST"},{"data":"1","floor":15.0,"key":"LIFT"},{"data":"Envenom","floor":23.0,"key":"SMITH"},{"data":"Accuracy","floor":28,"key":"SMITH"},{"data":"Footwork","floor":30,"key":"SMITH"},{"data":"2","floor":32,"key":"LIFT"},{"floor":41,"key":"RECALL"},{"data":"3","floor":49,"key":"LIFT"},{"floor":52,"key":"REST"}],"circlet_count":0,"master_deck":["AscendersBane","Strike_G","Strike_G","Defend_G+1","Defend_G+1","Defend_G+1","Defend_G+1","Defend_G+1","Survivor","Neutralize","Predator","Deflect+1","Terror+1","Poisoned Stab","Riddle With Holes","Blade Dance+1","After Image","Calculated Gamble+1","Escape Plan+1","Well Laid Plans+1","Cloak And Dagger+1","Envenom+1","Cloak And Dagger+1","Bouncing Flask+1","Footwork+1","Accuracy+1","Blur+1","Leg Sweep+1","Night Terror+1","Blade Dance+1","Backflip+1","Dark Shackles+1","PiercingWail+1","PiercingWail+1","Escape Plan+1","Acrobatics+1","Backflip+1","Backflip+1"],"relics":["Ring of the Snake","NeowsBlessing","Bloody Idol","Toxic Egg 2","White Beast Statue","War Paint","Boot","Bottled Lightning","Orrery","Girya","Philosopher\u0027s Stone","InkBottle","Omamori","Letter Opener","Regal Pillow","Fusion Hammer","Membership Card","Strawberry","Gambling Chip","Pantograph","Art of War","Snake Skull","Torii"],"acts_visited":["Exordium","TheCity","TheBeyond","TheEnding"],"potions_floor_usage":[29,40,55,55],"damage_taken":[{"damage":0.0,"enemies":"2 Louse","floor":1.0,"turns":1.0},{"damage":0.0,"enemies":"Lagavulin","floor":6.0,"turns":1.0},{"damage":0.0,"enemies":"Jaw Worm","floor":7.0,"turns":1.0},{"damage":0.0,"enemies":"Small Slimes","floor":8.0,"turns":3.0},{"damage":18.0,"enemies":"Gremlin Nob","floor":10.0,"turns":4.0},{"damage":9.0,"enemies":"3 Sentries","floor":14.0,"turns":6.0},{"damage":1.0,"enemies":"The Guardian","floor":16.0,"turns":11.0},{"damage":10.0,"enemies":"3 Byrds","floor":18.0,"turns":4.0},{"damage":9.0,"enemies":"Spheric Guardian","floor":20.0,"turns":4.0},{"damage":13.0,"enemies":"Snake Plant","floor":22.0,"turns":4.0},{"damage":1,"enemies":"Gremlin Leader","floor":25,"turns":4},{"damage":4,"enemies":"Centurion and Healer","floor":27,"turns":4},{"damage":9,"enemies":"Slavers","floor":29,"turns":5},{"damage":0,"enemies":"Cultist and Chosen","floor":31,"turns":4},{"damage":27,"enemies":"Collector","floor":33,"turns":8},{"damage":2,"enemies":"3 Shapes","floor":35,"turns":3},{"damage":0,"enemies":"Orb Walker","floor":38,"turns":3},{"damage":0,"enemies":"Transient","floor":39,"turns":5},{"damage":0,"enemies":"Reptomancer","floor":40,"turns":5},{"damage":0,"enemies":"Nemesis","floor":42,"turns":5},{"damage":3,"enemies":"Reptomancer","floor":45,"turns":7},{"damage":0,"enemies":"Sphere and 2 Shapes","floor":46,"turns":2},{"damage":0,"enemies":"3 Darklings","floor":47,"turns":3},{"damage":13,"enemies":"Transient","floor":48,"turns":5},{"damage":17,"enemies":"Awakened One","floor":50,"turns":11},{"damage":4,"enemies":"Shield and Spear","floor":54,"turns":6},{"damage":23,"enemies":"The Heart","floor":55,"turns":10}],"seed_played":"3254685204554403749","potions_obtained":[{"floor":1.0,"key":"FearPotion"},{"floor":7.0,"key":"Block Potion"},{"floor":8.0,"key":"SmokeBomb"},{"floor":14.0,"key":"Fruit Juice"},{"floor":18.0,"key":"LiquidBronze"},{"floor":20.0,"key":"CultistPotion"},{"floor":27,"key":"ColorlessPotion"},{"floor":29,"key":"EssenceOfSteel"},{"floor":31,"key":"LiquidMemories"},{"floor":40,"key":"Ancient Potion"}],"is_trial":false,"path_per_floor":["M","?","?","?","?","E","M","M","T","E","T","R","$","E","R","B",null,"M","?","M","T","M","R","?","E","T","M","R","E","R","M","R","B",null,"M","?","$","M","M","E","R","E","T","?","E","M","M","M","R","B",null,"R","$","E","B",null],"character_chosen":"THE_SILENT","items_purchased":["Blade Dance+1","Orrery","Membership Card","Backflip+1","Strawberry","Dark Shackles+1","Snake Skull"],"campfire_rested":2,"item_purchase_floors":[13,13,37,37,37,37,53],"current_hp_per_floor":[59,46,46,46,34,34,34,34,34,16,16,34,34,25,25,24,52,47,47,43,43,35,35,35,39,44,45,45,41,41,46,46,24,56,59,59,66,71,73,73,73,73,73,73,73,73,73,65,65,56,69,73,73,73,50],"gold":43,"neow_bonus":"THREE_ENEMY_KILL","is_daily":false,"chose_seed":false,"campfire_upgraded":3,"win_rate":0.0,"timestamp":1614311028,"path_taken":["M","?","?","?","?","E","M","M","T","E","?","R","?","E","R","BOSS","M","?","M","?","M","R","?","E","T","M","R","E","R","M","R","BOSS","M","?","$","M","?","E","R","E","T","?","E","M","M","M","R","BOSS","R","$","E","BOSS"],"items_purchased_type":["Card","Relic","Relic","Card","Relic","Card","Relic"],"build_version":"2020-12-22","purchased_purges":2,"victory":true,"max_hp_per_floor":[66,66,61,61,61,61,61,61,61,61,61,61,61,61,61,61,61,66,66,66,66,66,66,66,66,66,66,66,66,66,66,66,66,66,66,66,73,73,73,73,73,73,73,73,73,73,73,73,73,73,73,73,73,73,73],"card_choices":[{"not_picked":["Outmaneuver","Flechettes"],"picked":"Predator","floor":1.0},{"not_picked":["Dagger Throw","Flechettes"],"picked":"Deflect+1","floor":6.0},{"not_picked":["Caltrops","Masterful Stab"],"picked":"Terror+1","floor":7.0},{"not_picked":["Dodge and Roll+1","Concentrate+1"],"picked":"Poisoned Stab","floor":8.0},{"not_picked":["Concentrate+1","Eviscerate"],"picked":"Riddle With Holes","floor":10.0},{"not_picked":["Slice","Footwork"],"picked":"After Image","floor":13.0},{"not_picked":["Blade Dance+1","Night Terror+1"],"picked":"Calculated Gamble+1","floor":13.0},{"not_picked":["Slice","Dagger Throw"],"picked":"Escape Plan+1","floor":13.0},{"not_picked":["Flying Knee","Underhanded Strike"],"picked":"Well Laid Plans","floor":13.0},{"not_picked":["Riddle With Holes","Poisoned Stab"],"picked":"Cloak And Dagger+1","floor":14.0},{"not_picked":["Night Terror+1","Unload"],"picked":"Envenom","floor":16.0},{"not_picked":["Masterful Stab","Quick Slash"],"picked":"Cloak And Dagger+1","floor":18.0},{"not_picked":["Finisher","Slice"],"picked":"Bouncing Flask+1","floor":20.0},{"not_picked":["Choke","Quick Slash","Riddle With Holes"],"picked":"SKIP","floor":22.0},{"not_picked":["Bane","Blur+1"],"picked":"Footwork","floor":25},{"not_picked":["Slice","Prepared+1"],"picked":"Accuracy","floor":27},{"not_picked":["Skewer","Bane"],"picked":"Blur+1","floor":29},{"not_picked":["Sucker Punch+1","Dodge and Roll+1"],"picked":"Leg Sweep+1","floor":31},{"not_picked":["Bullet Time+1","A Thousand Cuts"],"picked":"Night Terror+1","floor":33},{"not_picked":["Skewer+1","Flying Knee+1"],"picked":"Blade Dance+1","floor":35},{"not_picked":["Flechettes","Quick Slash","Underhanded Strike"],"picked":"SKIP","floor":38},{"not_picked":["Noxious Fumes","Flechettes","Eviscerate"],"picked":"SKIP","floor":39},{"not_picked":["Slice","Bane"],"picked":"PiercingWail+1","floor":40},{"not_picked":["Glass Knife","Calculated Gamble+1"],"picked":"PiercingWail+1","floor":42},{"not_picked":["Expertise+1","Dash"],"picked":"Escape Plan+1","floor":45},{"not_picked":["Cloak And Dagger+1","Flying Knee"],"picked":"Acrobatics+1","floor":46},{"not_picked":["Acrobatics+1","Setup+1"],"picked":"Backflip+1","floor":47},{"not_picked":["Quick Slash","Flying Knee+1"],"picked":"Backflip+1","floor":48},{"not_picked":["Deadly Poison+1","Riddle With Holes","Choke"],"picked":"SKIP","floor":54}],"player_experience":1623794,"relics_obtained":[{"floor":6.0,"key":"White Beast Statue"},{"floor":9.0,"key":"War Paint"},{"floor":10.0,"key":"Boot"},{"floor":11.0,"key":"Bottled Lightning"},{"floor":14.0,"key":"Girya"},{"floor":21.0,"key":"InkBottle"},{"floor":25,"key":"Omamori"},{"floor":26,"key":"Letter Opener"},{"floor":29,"key":"Regal Pillow"},{"floor":40,"key":"Gambling Chip"},{"floor":42,"key":"Pantograph"},{"floor":45,"key":"Art of War"},{"floor":54,"key":"Torii"}],"event_choices":[{"damage_healed":0.0,"max_hp_gain":0.0,"max_hp_loss":0.0,"gold_gain":0.0,"event_name":"Shining Light","player_choice":"Entered Light","floor":2.0,"gold_loss":0.0,"damage_taken":13.0,"cards_upgraded":["Defend_G","Defend_G"]},{"damage_healed":0.0,"max_hp_gain":0.0,"max_hp_loss":5.0,"gold_gain":0.0,"event_name":"Golden Idol","player_choice":"Lose Max HP","floor":3.0,"gold_loss":0.0,"damage_taken":0.0,"relics_obtained":["Golden Idol"]},{"damage_healed":0.0,"max_hp_gain":0.0,"max_hp_loss":0.0,"gold_gain":0.0,"event_name":"World of Goop","player_choice":"Left Gold","floor":4.0,"gold_loss":42.0,"damage_taken":0.0},{"damage_healed":0.0,"max_hp_gain":0.0,"max_hp_loss":0.0,"gold_gain":0.0,"event_name":"Scrap Ooze","player_choice":"Success","floor":5.0,"gold_loss":0.0,"damage_taken":12.0,"relics_obtained":["Toxic Egg 2"]},{"damage_healed":0.0,"max_hp_gain":0.0,"max_hp_loss":0.0,"gold_gain":0.0,"event_name":"Forgotten Altar","player_choice":"Gave Idol","floor":19.0,"relics_lost":["Golden Idol"],"gold_loss":0.0,"damage_taken":0.0,"relics_obtained":["Bloody Idol"]},{"damage_healed":0.0,"max_hp_gain":0.0,"max_hp_loss":0.0,"gold_gain":0.0,"event_name":"The Joust","player_choice":"Bet on Murderer","floor":24.0,"gold_loss":50.0,"damage_taken":0.0},{"damage_healed":0,"gold_gain":0,"player_choice":"Upgraded","damage_taken":0,"max_hp_gain":0,"max_hp_loss":0,"event_name":"Upgrade Shrine","floor":36,"gold_loss":0,"cards_upgraded":["Well Laid Plans"]},{"cards_removed":["Strike_G"],"damage_healed":0,"gold_gain":0,"player_choice":"Upgrade and Remove","damage_taken":0,"max_hp_gain":0,"max_hp_loss":0,"event_name":"Designer","floor":44,"gold_loss":90,"cards_upgraded":["Defend_G"]}],"is_beta":false,"boss_relics":[{"not_picked":["Coffee Dripper","Calling Bell"],"picked":"Philosopher\u0027s Stone"},{"not_picked":["Astrolabe","SlaversCollar"],"picked":"Fusion Hammer"}],"items_purged_floors":[37,53],"is_endless":false,"potions_floor_spawned":[1,7,8,10,14,16,18,20,22,25,27,29,31,33,35,38,39,40,42,45,46,47,48,54],"ascension_level":14}}