{"host":"d3bsw5ou8fswq5qc","time":1614362776,"event":{"mods":["Aspiration","BaseMod","Colored Map","Conspire","Downfall","GifTheSpireLib","Googly Eyes","Minty Spire (QoL Compilation)","Replay The Spire","StSLib","Stuff the Spire","The Jungle"],"gold_per_floor":[115,132,147,76,87,117,117,117,117],"floor_reached":8,"language":"FRA","playtime":654,"items_purged":[],"score":70,"play_id":"fd885280-309e-44b5-b116-6d392ba4d4ae","local_time":"20210226190616","is_ascension_mode":true,"campfire_choices":[],"circlet_count":0,"master_deck":["Strike_R","Strike_R","Strike_R","Strike_R","Strike_R","Defend_R","Defend_R","Defend_R","Defend_R","Bash","StuffTheSpire:Recharge","Body Slam","Pommel Strike","conspire:HitWhereItHurts","Barricade+1"],"relics":["Burning Blood","Meat on the Bone"],"acts_visited":["Exordium"],"potions_floor_usage":[3,6],"damage_taken":[{"damage":11,"enemies":"Jaw Worm","floor":1,"turns":6},{"damage":6,"enemies":"Cultist","floor":2,"turns":3},{"damage":0,"enemies":"2 Louse","floor":3,"turns":1},{"damage":39,"enemies":"Exordium Wildlife","floor":5,"turns":5},{"damage":33,"enemies":"3 Sentries","floor":6,"turns":9},{"damage":25,"enemies":"Lagavulin","floor":8,"turns":3}],"seed_played":"-6845065961563706286","potions_obtained":[{"floor":2,"key":"Fire Potion"},{"floor":5,"key":"Block Potion"},{"floor":6,"key":"ElixirPotion"}],"is_trial":false,"path_per_floor":["M","M","M","$","M","E","?","E"],"character_chosen":"IRONCLAD","items_purchased":["conspire:HitWhereItHurts"],"campfire_rested":0,"item_purchase_floors":[4],"current_hp_per_floor":[67,67,72,72,39,12,12,0,0],"gold":117,"neow_bonus":"RANDOM_COLORLESS_2","is_daily":false,"chose_seed":false,"campfire_upgraded":0,"win_rate":0.0,"timestamp":1614362776,"path_taken":["M","M","M","$","M","E","?","E"],"items_purchased_type":["Card"],"build_version":"2020-12-22","purchased_purges":0,"victory":false,"max_hp_per_floor":[72,72,72,72,72,72,72,72,72],"card_choices":[{"not_picked":["The Bomb","Secret Weapon"],"picked":"StuffTheSpire:Recharge","floor":0},{"not_picked":["Clothesline","Headbutt"],"picked":"Body Slam","floor":1},{"not_picked":["StuffTheSpire:RockThrow","Heavy Blade"],"picked":"Pommel Strike","floor":2},{"not_picked":["Clothesline","ReplayReversal","Clash"],"picked":"SKIP","floor":3},{"not_picked":["Pummel","Clothesline","Bludgeon"],"picked":"SKIP","floor":5},{"not_picked":["Entrench","Seeing Red"],"picked":"Barricade","floor":6}],"player_experience":322031,"relics_obtained":[{"floor":6,"key":"Meat on the Bone"}],"event_choices":[{"damage_healed":0,"gold_gain":0,"player_choice":"Forge","damage_taken":0,"max_hp_gain":0,"max_hp_loss":0,"event_name":"Accursed Blacksmith","floor":7,"gold_loss":0,"cards_upgraded":["Barricade"]}],"is_beta":false,"boss_relics":[],"items_purged_floors":[],"is_endless":false,"potions_floor_spawned":[2,5,6],"killed_by":"Lagavulin","ascension_level":4}}