{"host":"ssbj2e5691x5ub3h","time":1614383085,"event":{"mods":["BaseMod","Minty Spire (QoL Compilation)","Quick Restart","StSLib","SuperFastMode","The Dragon Tamer","The Gatherer","The Hierophant","The Marked"],"gold_per_floor":[222,92,109,109,109,119,119,95,95,95,95,86,81,79,94,94,150,150,160,160,162,142,147,147,150,150,195,195,195,195,211,241,241,320,320,349,122,150,150,180,180,180,211,235,235,265,265,265,111,111,101],"floor_reached":51,"language":"ENG","playtime":2925,"items_purged":["hierophant:Strike_Hierophant"],"score":1076,"play_id":"ffcae8a6-dc01-4a5a-804c-268206be5cb5","local_time":"20210226204445","is_ascension_mode":false,"campfire_choices":[{"data":"hierophant:MorningPrayer","floor":6,"key":"SMITH"},{"data":"hierophant:ChurchCoffers","floor":8,"key":"SMITH"},{"data":"hierophant:PristineSoul","floor":10,"key":"SMITH"},{"data":"hierophant:DeathKnell","floor":15,"key":"SMITH"},{"data":"hierophant:Determination","floor":23,"key":"SMITH"},{"data":"hierophant:Repentance","floor":29,"key":"SMITH"},{"data":"hierophant:Smite","floor":32,"key":"SMITH"},{"data":"hierophant:Invocation","floor":40,"key":"SMITH"},{"data":"hierophant:Flagellation","floor":44,"key":"SMITH"},{"data":"hierophant:PristineSoul","floor":49,"key":"SMITH"}],"circlet_count":0,"master_deck":["hierophant:Strike_Hierophant","hierophant:Punish","hierophant:Defend_Hierophant","hierophant:Defend_Hierophant","hierophant:ChurchCoffers+1","hierophant:MorningPrayer+1","hierophant:Flagellation+1","hierophant:PristineSoul+1","hierophant:Smite","hierophant:Repentance+1","hierophant:Smite+1","hierophant:DeathKnell+1","hierophant:Determination+1","hierophant:Shelter+1","hierophant:PassingBell+1","hierophant:Doubloon","hierophant:OrnateJavelin","hierophant:Doubloon","hierophant:ConvertCurrency+1","hierophant:Invocation+1","hierophant:Martyrdom+1","hierophant:PristineSoul+1","Blind"],"relics":["hierophant:PropheticMaskRelic","Centennial Puzzle","Prayer Wheel","FossilizedHelix","Velvet Choker","Vajra","Snecko Eye","Medical Kit","hierophant:DonationBoxRelic","Bag of Preparation","PreservedInsect"],"acts_visited":["Exordium","TheCity","TheBeyond"],"potions_floor_usage":[2,12,16,18,24,33,33,39,50,50],"damage_taken":[{"damage":1,"enemies":"Cultist","floor":1,"turns":3},{"damage":2,"enemies":"Small Slimes","floor":2,"turns":3},{"damage":0,"enemies":"2 Louse","floor":5,"turns":1},{"damage":6,"enemies":"Exordium Thugs","floor":7,"turns":3},{"damage":1,"enemies":"3 Louse","floor":11,"turns":2},{"damage":5,"enemies":"Lagavulin","floor":12,"turns":6},{"damage":0,"enemies":"Looter","floor":13,"turns":2},{"damage":0,"enemies":"Large Slime","floor":14,"turns":4},{"damage":6,"enemies":"The Guardian","floor":16,"turns":11},{"damage":5,"enemies":"Chosen","floor":18,"turns":4},{"damage":6,"enemies":"Shell Parasite","floor":20,"turns":5},{"damage":21,"enemies":"Cultist and Chosen","floor":22,"turns":8},{"damage":0,"enemies":"Snake Plant","floor":24,"turns":4},{"damage":8,"enemies":"Centurion and Healer","floor":30,"turns":3},{"damage":19,"enemies":"Cultist and Chosen","floor":31,"turns":7},{"damage":9,"enemies":"Collector","floor":33,"turns":7},{"damage":0,"enemies":"3 Darklings","floor":35,"turns":3},{"damage":0,"enemies":"Orb Walker","floor":37,"turns":3},{"damage":53,"enemies":"Maw","floor":39,"turns":11},{"damage":10,"enemies":"Writhing Mass","floor":42,"turns":5},{"damage":26,"enemies":"3 Darklings","floor":45,"turns":4},{"damage":29,"enemies":"Donu and Deca","floor":50,"turns":10}],"seed_played":"4406847512792516437","potions_obtained":[{"floor":1,"key":"Block Potion"},{"floor":11,"key":"AttackPotion"},{"floor":13,"key":"ColorlessPotion"},{"floor":14,"key":"LiquidBronze"},{"floor":16,"key":"Swift Potion"},{"floor":21,"key":"CultistPotion"},{"floor":24,"key":"Strength Potion"},{"floor":31,"key":"Strength Potion"},{"floor":33,"key":"Weak Potion"},{"floor":37,"key":"SteroidPotion"},{"floor":39,"key":"Strength Potion"}],"is_trial":false,"path_per_floor":["M","M","?","?","M","R","M","R","T","R","M","E","M","M","R","B",null,"M","?","M","?","M","R","M","?","T","?","?","R","M","M","R","B",null,"M","$","M","?","M","R","$","M","T","R","M","?","?","$","R","B",null],"character_chosen":"HIEROPHANT","items_purchased":["Medical Kit","PreservedInsect"],"campfire_rested":0,"item_purchase_floors":[36,48],"current_hp_per_floor":[12,74,72,77,77,77,77,71,71,71,71,70,65,65,65,65,59,80,80,80,80,80,65,65,80,80,80,80,80,80,80,70,70,80,80,80,80,80,80,51,51,51,78,78,78,80,80,80,80,80,80],"gold":101,"neow_bonus":"RANDOM_COMMON_RELIC","is_daily":false,"chose_seed":false,"campfire_upgraded":10,"win_rate":0.0,"timestamp":1614383085,"path_taken":["M","M","?","?","M","R","M","R","T","R","?","E","M","M","R","BOSS","M","?","M","?","M","R","?","?","T","?","?","R","M","M","R","BOSS","M","$","M","?","M","R","$","?","T","R","?","?","?","$","R","BOSS"],"items_purchased_type":["Relic","Relic"],"build_version":"2020-12-22","purchased_purges":1,"victory":true,"max_hp_per_floor":[82,75,75,80,80,80,80,80,80,80,80,80,80,80,80,80,80,80,80,80,80,80,80,80,80,80,80,80,80,80,80,80,80,80,80,80,80,80,80,80,80,80,80,80,80,80,80,80,80,80,80],"card_choices":[{"not_picked":["hierophant:ArchangelShield","hierophant:FieryStrike"],"picked":"hierophant:MorningPrayer","floor":1},{"not_picked":["hierophant:DisplayOfPower","hierophant:FlamingChariot","hierophant:ThreeLashes"],"picked":"SKIP","floor":2},{"not_picked":["hierophant:FlamingChariot","hierophant:Prophecy","hierophant:Generosity"],"picked":"SKIP","floor":5},{"not_picked":["hierophant:Zeal","hierophant:HammerAndAnvil"],"picked":"hierophant:PristineSoul","floor":7},{"not_picked":["hierophant:RustyCrate","hierophant:FieryStrike"],"picked":"hierophant:Smite","floor":11},{"not_picked":["hierophant:OrnateBuckler","hierophant:Martyrdom","hierophant:FlamingChariot"],"picked":"SKIP","floor":11},{"not_picked":["hierophant:Purify","hierophant:MintersHammer"],"picked":"hierophant:Repentance","floor":12},{"not_picked":["hierophant:FaithHealing","hierophant:Repentance"],"picked":"hierophant:Smite","floor":13},{"not_picked":["hierophant:CoinFling","hierophant:Glossolalia","hierophant:OrnateJavelin"],"picked":"SKIP","floor":13},{"not_picked":["hierophant:Zeal","hierophant:SealAway"],"picked":"hierophant:DeathKnell","floor":14},{"not_picked":["hierophant:Patience","hierophant:FlamingChariot","hierophant:HammerAndAnvil"],"picked":"SKIP","floor":14},{"not_picked":["hierophant:AuricForm","hierophant:Levitation"],"picked":"hierophant:Determination","floor":16},{"not_picked":["hierophant:DisplayOfPower","hierophant:EyeForCoin+1"],"picked":"hierophant:Shelter+1","floor":18},{"not_picked":["hierophant:Remorse","hierophant:DisplayOfPower","hierophant:SealAway"],"picked":"SKIP","floor":18},{"not_picked":["hierophant:Repentance","hierophant:Smite"],"picked":"hierophant:PassingBell+1","floor":20},{"not_picked":["hierophant:Zeal","hierophant:TollTheBells","hierophant:RepressedViolence"],"picked":"SKIP","floor":20},{"not_picked":["hierophant:Smite","hierophant:Glossolalia","hierophant:Levitation"],"picked":"SKIP","floor":22},{"not_picked":["hierophant:HammerAndAnvil","hierophant:Charity","hierophant:ArchangelShield+1"],"picked":"SKIP","floor":22},{"not_picked":["hierophant:Upheaval+1","hierophant:Smite","hierophant:HammerAndAnvil+1"],"picked":"SKIP","floor":24},{"not_picked":["hierophant:RustyCrate","hierophant:Smite","hierophant:OrnateJavelin"],"picked":"SKIP","floor":24},{"not_picked":["hierophant:RepressedViolence","hierophant:Charity"],"picked":"hierophant:ConvertCurrency+1","floor":30},{"not_picked":["hierophant:RepressedViolence","hierophant:DisplayOfPower","hierophant:RustyCrate"],"picked":"SKIP","floor":30},{"not_picked":["hierophant:Alms","hierophant:CoinFling","hierophant:Smite"],"picked":"SKIP","floor":31},{"not_picked":["hierophant:DisplayOfPower","hierophant:Alms","hierophant:Charity"],"picked":"SKIP","floor":31},{"not_picked":["hierophant:WrathOfGod","hierophant:AuricForm"],"picked":"hierophant:Invocation","floor":33},{"not_picked":["hierophant:SealAway+1","hierophant:Remorse+1","hierophant:Patience+1"],"picked":"SKIP","floor":35},{"not_picked":["hierophant:WrathOfGod","hierophant:Doomsaying+1","hierophant:Chorus+1"],"picked":"SKIP","floor":35},{"not_picked":["hierophant:HammerAndAnvil","hierophant:DisplayOfPower+1"],"picked":"hierophant:Martyrdom+1","floor":37},{"not_picked":["hierophant:MorningPrayer","hierophant:Doubloon","hierophant:Sermon+1"],"picked":"SKIP","floor":37},{"not_picked":["hierophant:SealAway+1","hierophant:Remorse","hierophant:ThreeLashes+1"],"picked":"SKIP","floor":39},{"not_picked":["hierophant:Batter","hierophant:SealAway+1","hierophant:DisplayOfPower"],"picked":"SKIP","floor":39},{"not_picked":["hierophant:Shelter+1","hierophant:RustyCrate+1","hierophant:Patience+1"],"picked":"SKIP","floor":42},{"not_picked":["hierophant:MorningPrayer+1","hierophant:Encroach","hierophant:Smite+1"],"picked":"SKIP","floor":42},{"not_picked":["hierophant:ThreeLashes+1","hierophant:TollTheBells"],"picked":"hierophant:PristineSoul","floor":45},{"not_picked":["hierophant:HammerAndAnvil","hierophant:Remorse+1","hierophant:Shelter"],"picked":"SKIP","floor":45},{"not_picked":["Transmutation","Discovery"],"picked":"Blind","floor":47}],"player_experience":149724,"relics_obtained":[{"floor":9,"key":"Prayer Wheel"},{"floor":12,"key":"FossilizedHelix"},{"floor":26,"key":"Vajra"},{"floor":43,"key":"Bag of Preparation"}],"event_choices":[{"damage_healed":0,"gold_gain":0,"player_choice":"Donut","damage_taken":0,"max_hp_gain":5,"max_hp_loss":0,"event_name":"Big Fish","floor":3,"gold_loss":0},{"damage_healed":0,"gold_gain":0,"cards_transformed":["hierophant:Defend_Hierophant"],"player_choice":"Transformed","damage_taken":0,"max_hp_gain":0,"max_hp_loss":0,"event_name":"Transmorgrifier","floor":4,"gold_loss":0,"cards_obtained":["hierophant:Flagellation"]},{"damage_healed":0,"gold_gain":0,"player_choice":"Ignored","damage_taken":0,"max_hp_gain":0,"max_hp_loss":0,"event_name":"Beggar","floor":19,"gold_loss":0},{"damage_healed":0,"gold_gain":0,"player_choice":"Bought 1 Potion","damage_taken":0,"max_hp_gain":0,"max_hp_loss":0,"event_name":"The Woman in Blue","floor":21,"gold_loss":0},{"damage_healed":0,"gold_gain":0,"cards_transformed":["hierophant:Strike_Hierophant","hierophant:Defend_Hierophant"],"player_choice":"Became Test Subject","damage_taken":0,"max_hp_gain":0,"max_hp_loss":0,"event_name":"Drug Dealer","floor":25,"gold_loss":0,"cards_obtained":["hierophant:Dazzle","hierophant:OrnateJavelin"]},{"damage_healed":0,"gold_gain":0,"player_choice":"Ignored","damage_taken":0,"max_hp_gain":0,"max_hp_loss":0,"event_name":"Ghosts","floor":27,"gold_loss":0},{"cards_removed":["hierophant:Dazzle"],"damage_healed":0,"gold_gain":0,"player_choice":"Elegance","damage_taken":0,"max_hp_gain":0,"max_hp_loss":0,"event_name":"Back to Basics","floor":28,"gold_loss":0},{"damage_healed":0,"gold_gain":0,"player_choice":"Gave Potion","damage_taken":0,"relics_obtained":["hierophant:DonationBoxRelic"],"max_hp_gain":0,"max_hp_loss":0,"event_name":"WeMeetAgain","floor":38,"gold_loss":0},{"cards_removed":["hierophant:Strike_Hierophant"],"damage_healed":0,"gold_gain":0,"player_choice":"Removed Attack","damage_taken":0,"max_hp_gain":0,"max_hp_loss":0,"event_name":"Falling","floor":46,"gold_loss":0},{"damage_healed":0,"gold_gain":0,"player_choice":"Memory 1","damage_taken":0,"max_hp_gain":0,"max_hp_loss":0,"event_name":"SensoryStone","floor":47,"gold_loss":0}],"is_beta":false,"boss_relics":[{"not_picked":["Cursed Key","SacredBark"],"picked":"Velvet Choker"},{"not_picked":["Runic Dome","Empty Cage"],"picked":"Snecko Eye"}],"items_purged_floors":[36],"is_endless":false,"potions_floor_spawned":[1,11,13,14,16,24,31,33,37,39],"ascension_level":0}}