{"host":"pszcj3piwl6eu8b1","time":1614371463,"event":{"mods":["2.2 Compatiblity","Act Like it!","Aspiration","BaseMod","Better Altar","Better Match","Better Note","Better Sensory Stone","Better Skull","Better Third Choice","Better Vampires","CCEM2","Downfall","Elementarium","Energized Spire","Gensokyo","GifTheSpireLib","Hallownest","Hubris","Marisa????????","Menagerie","Minty Spire (QoL Compilation)","Permanent Neow","Quarter Circle Forward PUNCH!","Quick Restart","Replay The Spire","Shop Mod","StSLib","Stuff the Spire","The Animator","The Blue Laboratory"],"gold_per_floor":[13,32,32,50,50,50,50],"floor_reached":6,"language":"ENG","playtime":460,"items_purged":[],"score":72,"play_id":"0139d778-8d3e-4d7a-8e64-4010560b03f0","local_time":"20210226123103","is_ascension_mode":true,"campfire_choices":[],"circlet_count":0,"master_deck":["AscendersBane","animator:Strike_TenSura","animator:Defend_TenSura","animator:Strike","animator:Benimaru","animator:Shuna","StuffTheSpire:Incursion","StuffTheSpire:Incursion","Poisoned Stab","animator:Benimaru","Guardian:ArmoredProtocol"],"relics":["animator:LivingPicture","animator:TheMissingPiece","animator:PurgingStone"],"acts_visited":["Menagerie:Menagerie"],"potions_floor_usage":[],"damage_taken":[{"damage":4.0,"enemies":"Menagerie:WhisperingWraith","floor":1.0,"turns":5.0},{"damage":2.0,"enemies":"Menagerie:MonstrousExperiment","floor":2.0,"turns":4.0},{"damage":14.0,"enemies":"Menagerie:StygianBoar","floor":4.0,"turns":3.0},{"damage":35,"enemies":"Menagerie:VoidReaper","floor":6,"turns":3}],"seed_played":"-1621038951239999076","potions_obtained":[{"floor":1.0,"key":"DuplicationPotion"},{"floor":2.0,"key":"blueLaboratory:PyrophylliteBrew"}],"is_trial":false,"path_per_floor":["M","M","?","M","?","E"],"character_chosen":"THE_ANIMATOR","items_purchased":[],"campfire_rested":0,"item_purchase_floors":[],"current_hp_per_floor":[50,48,48,34,34,0,0],"gold":50,"neow_bonus":"REMOVE_TWO","is_daily":false,"chose_seed":false,"campfire_upgraded":0,"win_rate":0.0,"timestamp":1614371463,"path_taken":["M","M","?","?","?","E"],"items_purchased_type":[],"build_version":"2020-12-22","purchased_purges":0,"victory":false,"max_hp_per_floor":[60,60,60,60,60,60,60],"card_choices":[{"not_picked":["animator:OrikoMikuni","animator:Shigure","animator:LeleiLaLalena"],"picked":"SKIP","floor":1.0},{"not_picked":["animator:MetalKnight","animator:AcuraAkari","animator:Gillette"],"picked":"SKIP","floor":2.0},{"not_picked":["animator:Lancer","animator:Tet"],"picked":"animator:Benimaru","floor":4.0},{"not_picked":["champ:BringItOn","champ:PerfectedStrike"],"picked":"Guardian:ArmoredProtocol","floor":5}],"player_experience":1450284,"relics_obtained":[],"event_choices":[{"damage_healed":0,"gold_gain":0,"player_choice":"Lion","damage_taken":0,"max_hp_gain":0,"max_hp_loss":0,"event_name":"Menagerie:ThreeAnimals","floor":5,"gold_loss":0}],"is_beta":false,"boss_relics":[],"items_purged_floors":[],"is_endless":false,"potions_floor_spawned":[1,2],"killed_by":"Menagerie:VoidReaper","ascension_level":20}}