{"host":"ul3z8ex5o8l5j7mh","time":1614347297,"event":{"mods":["2.2 Compatiblity","AchievementEnabler","BaseMod","Bestiary","Colored Map","Colored Powertips","Curses Come First","DeckTracker","Highlight Path","Keyboard Shortcuts","Minty Spire (QoL Compilation)","Relic Sorter","Relic Stats","StSLib","SuperFastMode"],"gold_per_floor":[111,123,123,123,123,123,148,168,246,271,271,37,37,52,52,52,52],"floor_reached":16,"language":"ENG","playtime":431,"items_purged":[],"score":173,"play_id":"50775051-483f-468e-a087-bf369e1c9b27","local_time":"20210226144817","is_ascension_mode":true,"campfire_choices":[{"data":"Cleave","floor":6,"key":"SMITH"},{"data":"Rupture","floor":11,"key":"SMITH"},{"data":"Burning Pact","floor":13,"key":"SMITH"},{"data":"Sentinel","floor":15,"key":"SMITH"}],"circlet_count":0,"master_deck":["Strike_R","Strike_R","Strike_R","Strike_R","Strike_R","Defend_R","Defend_R","Defend_R","Defend_R","Bash+1","Cleave+1","Blood for Blood+1","Burning Pact+1","Rupture+1","Sentinel+1"],"relics":["Burning Blood","NeowsBlessing","Anchor","The Courier","Vajra","Toolbox","Strawberry"],"acts_visited":["Exordium"],"potions_floor_usage":[16],"damage_taken":[{"damage":0,"enemies":"Jaw Worm","floor":1,"turns":1},{"damage":0,"enemies":"2 Louse","floor":2,"turns":1},{"damage":0,"enemies":"Lagavulin","floor":7,"turns":1},{"damage":0,"enemies":"Small Slimes","floor":8,"turns":3},{"damage":30,"enemies":"3 Sentries","floor":10,"turns":5},{"damage":9,"enemies":"Exordium Thugs","floor":14,"turns":4},{"damage":67,"enemies":"The Guardian","floor":16,"turns":8}],"seed_played":"9194152850958957683","potions_obtained":[{"floor":14,"key":"PowerPotion"}],"is_trial":false,"path_per_floor":["M","M","?","?","?","R","E","M","T","E","R","$","R","M","R","B"],"character_chosen":"IRONCLAD","items_purchased":["Toolbox","Strawberry"],"campfire_rested":0,"item_purchase_floors":[12,12],"current_hp_per_floor":[78,80,80,80,80,80,80,80,80,56,56,63,63,60,60,0,0],"gold":52,"neow_bonus":"THREE_ENEMY_KILL","is_daily":false,"chose_seed":false,"campfire_upgraded":4,"win_rate":0.0,"timestamp":1614347297,"path_taken":["M","M","?","?","?","R","E","?","T","E","R","?","R","M","R","BOSS"],"items_purchased_type":["Relic","Relic"],"build_version":"2020-12-22","purchased_purges":0,"victory":false,"max_hp_per_floor":[80,80,80,80,80,80,80,80,80,80,80,87,87,87,87,87,87],"relic_stats":{"counters":[7,23],"obtain_stats":[{"Anchor":7,"NeowsBlessing":0,"Strawberry":12,"Vajra":10,"Toolbox":12,"The Courier":9,"Burning Blood":0},{"Anchor":3,"NeowsBlessing":0,"Strawberry":5,"Vajra":5,"Toolbox":5,"The Courier":4,"Burning Blood":0},{"Anchor":3,"NeowsBlessing":0,"Strawberry":11,"Vajra":11,"Toolbox":11,"The Courier":6,"Burning Blood":0}],"Burning Blood":20},"card_choices":[{"not_picked":["Twin Strike","Heavy Blade"],"picked":"Cleave","floor":1},{"not_picked":["Flex","Wild Strike"],"picked":"Blood for Blood","floor":2},{"not_picked":["Thunderclap","Havoc"],"picked":"Burning Pact","floor":7},{"not_picked":["Heavy Blade","Shrug It Off"],"picked":"Rupture","floor":8},{"not_picked":["Thunderclap","Inflame"],"picked":"Sentinel","floor":10},{"not_picked":["Disarm","Armaments","Burning Pact"],"picked":"SKIP","floor":14}],"player_experience":441904,"relics_obtained":[{"floor":7,"key":"Anchor"},{"floor":9,"key":"The Courier"},{"floor":10,"key":"Vajra"}],"event_choices":[{"damage_healed":0,"gold_gain":0,"player_choice":"Grow","damage_taken":0,"max_hp_gain":0,"max_hp_loss":0,"event_name":"Living Wall","floor":3,"gold_loss":0,"cards_upgraded":["Blood for Blood"]},{"damage_healed":0,"gold_gain":0,"player_choice":"Ignored","damage_taken":0,"max_hp_gain":0,"max_hp_loss":0,"event_name":"Liars Game","floor":4,"gold_loss":0},{"damage_healed":0,"gold_gain":0,"player_choice":"Forge","damage_taken":0,"max_hp_gain":0,"max_hp_loss":0,"event_name":"Accursed Blacksmith","floor":5,"gold_loss":0,"cards_upgraded":["Bash"]}],"is_beta":false,"boss_relics":[],"items_purged_floors":[],"is_endless":false,"potions_floor_spawned":[14],"killed_by":"The Guardian","ascension_level":6}}