{"host":"e4uh2czitxpwmp1w","time":1614341549,"event":{"mods":["AchievementEnabler","BaseMod","Colored Map","Colored Powertips","Highlight Path","Minty Spire (QoL Compilation)","Quick Restart","StSLib"],"gold_per_floor":[119,69,69,69,88,132,210,210,236,255,255,255],"floor_reached":11,"language":"ENG","playtime":946,"items_purged":[],"score":78,"play_id":"b9c385bf-2902-4a31-82f9-8a47841a64fb","local_time":"20210226231229","is_ascension_mode":true,"campfire_choices":[{"floor":8,"key":"REST"}],"circlet_count":0,"master_deck":["Strike_G","Strike_G","Strike_G","Defend_G","Defend_G","Defend_G","Defend_G","Defend_G","Survivor","Neutralize","Escape Plan","Footwork","Well Laid Plans"],"relics":["Ring of the Snake","Golden Idol","Mummified Hand","Happy Flower","Blood Vial"],"acts_visited":["Exordium"],"potions_floor_usage":[7,11],"damage_taken":[{"damage":0,"enemies":"Small Slimes","floor":1,"turns":4},{"damage":0,"enemies":"2 Louse","floor":5,"turns":3},{"damage":36,"enemies":"3 Sentries","floor":6,"turns":18},{"damage":18,"enemies":"3 Sentries","floor":7,"turns":20},{"damage":6,"enemies":"Jaw Worm","floor":10,"turns":8},{"damage":25,"enemies":"Lagavulin","floor":11,"turns":14}],"seed_played":"-3161569816837270141","potions_obtained":[{"floor":6,"key":"Block Potion"},{"floor":10,"key":"SteroidPotion"}],"is_trial":false,"path_per_floor":["M","?","?","?","M","E","?","R","T","M","E"],"character_chosen":"THE_SILENT","items_purchased":[],"campfire_rested":1,"item_purchase_floors":[],"current_hp_per_floor":[77,77,58,58,58,22,4,27,27,23,0,0],"gold":255,"neow_bonus":"TEN_PERCENT_HP_BONUS","is_daily":false,"chose_seed":false,"campfire_upgraded":0,"win_rate":0.0,"timestamp":1614341549,"path_taken":["M","?","?","?","M","E","?","R","T","M","E"],"items_purchased_type":[],"build_version":"2020-12-22","purchased_purges":0,"victory":false,"max_hp_per_floor":[77,77,77,77,77,77,77,77,77,77,77,77],"card_choices":[{"not_picked":["Dagger Spray","Skewer","Quick Slash"],"picked":"SKIP","floor":1},{"not_picked":["Acrobatics","Flying Knee","Sucker Punch"],"picked":"SKIP","floor":5},{"not_picked":["Outmaneuver","Choke"],"picked":"Footwork","floor":6},{"not_picked":["Underhanded Strike","Acrobatics"],"picked":"Well Laid Plans","floor":10}],"player_experience":160706,"relics_obtained":[{"floor":6,"key":"Mummified Hand"},{"floor":7,"key":"Happy Flower"},{"floor":9,"key":"Blood Vial"}],"event_choices":[{"cards_removed":["Strike_G"],"damage_healed":0,"gold_gain":0,"player_choice":"Card Removal","damage_taken":0,"max_hp_gain":0,"max_hp_loss":0,"event_name":"The Cleric","floor":2,"gold_loss":50},{"damage_healed":0,"gold_gain":0,"player_choice":"Take Damage","damage_taken":19,"relics_obtained":["Golden Idol"],"max_hp_gain":0,"max_hp_loss":0,"event_name":"Golden Idol","floor":3,"gold_loss":0},{"damage_healed":0,"gold_gain":0,"cards_transformed":["Strike_G"],"player_choice":"Change","damage_taken":0,"max_hp_gain":0,"max_hp_loss":0,"event_name":"Living Wall","floor":4,"gold_loss":0,"cards_obtained":["Escape Plan"]},{"damage_healed":0,"gold_gain":0,"player_choice":"Searched \u00272\u0027 times","damage_taken":0,"max_hp_gain":0,"max_hp_loss":0,"event_name":"Dead Adventurer","floor":7,"gold_loss":0}],"is_beta":false,"boss_relics":[],"items_purged_floors":[],"is_endless":false,"potions_floor_spawned":[6,10],"killed_by":"Lagavulin","ascension_level":2}}