{"host":"hqhp2gyqzjx7w974","time":1614364229,"event":{"mods":["BaseMod","Colored Map","Highlight Path","Minty Spire (QoL Compilation)","Permanent Neow","Relic Stats","StSLib"],"gold_per_floor":[366,48,60,75,75,104,117,117,117,130,305,305,325,350,350,350,350],"floor_reached":16,"language":"ENG","playtime":412,"items_purged":[],"score":112,"play_id":"d9175f3e-dfa5-4db3-9ff0-c79c4f36bfb8","local_time":"20210226083029","is_ascension_mode":false,"campfire_choices":[{"floor":8,"key":"REST"},{"data":"Eruption","floor":12,"key":"SMITH"},{"floor":15,"key":"REST"}],"circlet_count":0,"master_deck":["Strike_P+1","Strike_P+1","Strike_P","Strike_P","Defend_P","Defend_P","Defend_P","Defend_P+1","Eruption+1","Vigilance","Clumsy","TalkToTheHand","FearNoEvil","FollowUp","ClearTheMind","Regret","LessonLearned","Halt","Doubt","EmptyBody","FlurryOfBlows"],"relics":["PureWater","White Beast Statue","Centennial Puzzle","Question Card","Happy Flower","Gremlin Horn"],"acts_visited":["Exordium"],"potions_floor_usage":[6,14,14,16],"damage_taken":[{"damage":7.0,"enemies":"Cultist","floor":1.0,"turns":3.0},{"damage":0,"enemies":"Small Slimes","floor":3,"turns":4},{"damage":0,"enemies":"2 Louse","floor":4,"turns":2},{"damage":26,"enemies":"Lagavulin","floor":6,"turns":5},{"damage":10,"enemies":"Looter","floor":7,"turns":2},{"damage":5,"enemies":"2 Fungi Beasts","floor":10,"turns":3},{"damage":13,"enemies":"Blue Slaver","floor":13,"turns":6},{"damage":18,"enemies":"Gremlin Nob","floor":14,"turns":5},{"damage":47,"enemies":"Slime Boss","floor":16,"turns":6}],"seed_played":"-3519972878487022218","potions_obtained":[{"floor":3,"key":"SpeedPotion"},{"floor":4,"key":"SteroidPotion"},{"floor":6,"key":"AttackPotion"},{"floor":7,"key":"Strength Potion"},{"floor":10,"key":"SteroidPotion"},{"floor":14,"key":"Fruit Juice"}],"is_trial":false,"path_per_floor":["M","$","M","M","?","E","M","R","T","M","?","R","M","E","R","B"],"character_chosen":"WATCHER","items_purchased":["White Beast Statue","FearNoEvil"],"campfire_rested":2,"item_purchase_floors":[2,2],"current_hp_per_floor":[65,65,65,65,65,39,29,50,50,45,45,45,32,19,42,0,0],"gold":350,"neow_bonus":"TWO_FIFTY_GOLD","is_daily":false,"chose_seed":false,"campfire_upgraded":1,"win_rate":0.0,"timestamp":1614364229,"path_taken":["M","$","?","M","?","E","M","R","T","M","?","R","M","E","R","BOSS"],"items_purchased_type":["Relic","Card"],"build_version":"2020-12-22","purchased_purges":0,"victory":false,"max_hp_per_floor":[72,72,72,72,72,72,72,72,72,72,72,72,72,77,77,77,77],"relic_stats":{"Centennial Puzzle":[18],"Happy Flower":[6],"Gremlin Horn":[0,0],"counters":[9,36],"Question Card":4,"obtain_stats":[{"Centennial Puzzle":5,"Happy Flower":9,"Gremlin Horn":14,"PureWater":0,"Question Card":6,"White Beast Statue":2},{"Centennial Puzzle":3,"Happy Flower":5,"Gremlin Horn":8,"PureWater":0,"Question Card":4,"White Beast Statue":1},{"Centennial Puzzle":9,"Happy Flower":16,"Gremlin Horn":30,"PureWater":0,"Question Card":14,"White Beast Statue":3}]},"card_choices":[{"not_picked":["Evaluate","Consecrate"],"picked":"TalkToTheHand","floor":1.0},{"not_picked":["Protect","Perseverance"],"picked":"FollowUp","floor":3},{"not_picked":["Evaluate","FollowUp"],"picked":"ClearTheMind","floor":4},{"not_picked":["JustLucky","Halt"],"picked":"LessonLearned","floor":6},{"not_picked":["Perseverance","JustLucky","WaveOfTheHand"],"picked":"Halt","floor":7},{"not_picked":["Consecrate","Prostrate","CrushJoints","DevaForm"],"picked":"SKIP","floor":10},{"not_picked":["FearNoEvil","PathToVictory","ClearTheMind"],"picked":"EmptyBody","floor":13},{"not_picked":["SashWhip","Evaluate","MasterReality"],"picked":"FlurryOfBlows","floor":14}],"player_experience":10660,"relics_obtained":[{"floor":6,"key":"Question Card"},{"floor":9,"key":"Happy Flower"},{"floor":14,"key":"Gremlin Horn"}],"event_choices":[{"damage_healed":0,"gold_gain":0,"player_choice":"Box","damage_taken":0,"relics_obtained":["Centennial Puzzle"],"max_hp_gain":0,"max_hp_loss":0,"event_name":"Big Fish","floor":5,"gold_loss":0,"cards_obtained":["Regret"]},{"damage_healed":0,"gold_gain":175,"player_choice":"AGREE","damage_taken":0,"max_hp_gain":0,"max_hp_loss":0,"event_name":"Liars Game","floor":11,"gold_loss":0,"cards_obtained":["Doubt"]}],"is_beta":false,"boss_relics":[],"items_purged_floors":[],"is_endless":false,"potions_floor_spawned":[3,4,6,7,10,13,14],"killed_by":"Slime Boss","ascension_level":0}}