{"host":"zkqorkqsr6o67e8b","time":1614360080,"event":{"mods":["Aya Shameimaru","BaseMod","Minty Spire (QoL Compilation)","Quick Restart","StSLib","Waifu the Spire","¡¾ÒÅÎï¿¨ÅÆ¡¿REMEMod"],"gold_per_floor":[109,109,123,142,142,142,170,192,242,242,257,282,295,328,328,423,423,433,433,102,102,133,163,163,194,244,275,295,309,309,337,337,433,433,452,352,366,366,381,381,407,407,407,439,439,470,470,498,498,498,498,498,42,76,76],"floor_reached":56,"language":"ZHS","playtime":3862,"items_purged":["shameimaru:SnapshotStrike","shameimaru:OpeningWindAdvent"],"score":1951,"play_id":"19a859e2-4f45-4e5c-9472-b5d3f500639d","local_time":"20210227012120","is_ascension_mode":true,"campfire_choices":[{"data":"shameimaru:PlayfulTaunt","floor":6.0,"key":"SMITH"},{"data":"shameimaru:Plagiarism","floor":10.0,"key":"SMITH"},{"data":"shameimaru:GatherEvidence","floor":15.0,"key":"SMITH"},{"data":"REME_Flogging","floor":24,"key":"SMITH"},{"data":"shameimaru:ClangingWindchime","floor":30,"key":"SMITH"},{"data":"shameimaru:IllusoryDominance","floor":32,"key":"SMITH"},{"floor":40,"key":"RECALL"},{"data":"shameimaru:BunbunmaruNewspaper","floor":42,"key":"SMITH"},{"data":"shameimaru:AutumnalFallWind","floor":45,"key":"SMITH"},{"data":"shameimaru:AirCutter","floor":47,"key":"SMITH"},{"floor":49,"key":"REST"},{"data":"shameimaru:Foresight","floor":52,"key":"SMITH"}],"circlet_count":0,"master_deck":["shameimaru:PlayfulTaunt+1","shameimaru:RapidEnhancement+1","shameimaru:Foresight+1","shameimaru:Plagiarism+1","shameimaru:ClangingWindchime+1","shameimaru:SkywardSonnet+1","shameimaru:FranticSearch+1","shameimaru:GroupPhoto+1","shameimaru:AirCutter+1","shameimaru:BunbunmaruNewspaper+1","shameimaru:Opportunity+1","shameimaru:Foresight+1","shameimaru:QuickReporting+1","REME_Flogging+1","shameimaru:IllusoryDominance+1","shameimaru:AutumnalFallWind+1","shameimaru:WhispersOfTheWind+1"],"relics":["shameimaru:blackbirdfeather","REME_ComplimentaryCards","Nunchaku","Odd Mushroom","Happy Flower","Boot","Ancient Tea Set","Pandora\u0027s Box","Red Mask","Strawberry","Akabeko","PreservedInsect","MealTicket","Art of War","Sozu","Torii","Regal Pillow","REME_HandOfSuture","Chemical X","Bag of Preparation","Bag of Marbles","Mango"],"acts_visited":["Exordium","TheCity","TheBeyond","TheEnding"],"potions_floor_usage":[23,31,55,55,55],"damage_taken":[{"damage":4.0,"enemies":"Jaw Worm","floor":1.0,"turns":4.0},{"damage":2.0,"enemies":"2 Louse","floor":3.0,"turns":3.0},{"damage":0.0,"enemies":"Small Slimes","floor":4.0,"turns":4.0},{"damage":8.0,"enemies":"3 Sentries","floor":7.0,"turns":9.0},{"damage":9.0,"enemies":"The Mushroom Lair","floor":8.0,"turns":2.0},{"damage":0.0,"enemies":"Looter","floor":11.0,"turns":3.0},{"damage":10.0,"enemies":"Exordium Wildlife","floor":13.0,"turns":4.0},{"damage":0.0,"enemies":"Gremlin Nob","floor":14.0,"turns":2.0},{"damage":15.0,"enemies":"Hexaghost","floor":16.0,"turns":4.0},{"damage":0.0,"enemies":"Chosen","floor":18.0,"turns":4.0},{"damage":13,"enemies":"Masked Bandits","floor":22,"turns":5},{"damage":8,"enemies":"REME_1_Revenger","floor":23,"turns":5},{"damage":2,"enemies":"Book of Stabbing","floor":25,"turns":3},{"damage":0,"enemies":"Gremlin Leader","floor":27,"turns":3},{"damage":2,"enemies":"Shell Parasite","floor":28,"turns":4},{"damage":10,"enemies":"Snake Plant","floor":29,"turns":4},{"damage":10,"enemies":"Slavers","floor":31,"turns":3},{"damage":0,"enemies":"Champ","floor":33,"turns":5},{"damage":11,"enemies":"3 Darklings","floor":35,"turns":4},{"damage":0,"enemies":"3 Shapes","floor":37,"turns":2},{"damage":0,"enemies":"Sphere and 2 Shapes","floor":39,"turns":1},{"damage":0,"enemies":"Giant Head","floor":41,"turns":1},{"damage":0,"enemies":"Reptomancer","floor":44,"turns":2},{"damage":1,"enemies":"Nemesis","floor":46,"turns":3},{"damage":0,"enemies":"Giant Head","floor":48,"turns":1},{"damage":0,"enemies":"Time Eater","floor":50,"turns":3},{"damage":0,"enemies":"Shield and Spear","floor":54,"turns":2},{"damage":52,"enemies":"The Heart","floor":55,"turns":4}],"seed_played":"3844811563852924706","potions_obtained":[{"floor":4.0,"key":"AttackPotion"},{"floor":7.0,"key":"Fire Potion"},{"floor":16.0,"key":"AttackPotion"},{"floor":22,"key":"ColorlessPotion"},{"floor":28,"key":"EntropicBrew"},{"floor":33,"key":"EntropicBrew"}],"is_trial":false,"path_per_floor":["M","?","M","M","?","R","E","?","T","R","M","T","M","E","R","B",null,"M","?","$","?","?","E","R","E","T","E","M","M","R","E","R","B",null,"M","$","M","?","M","R","E","R","T","E","R","E","R","E","R","B",null,"R","$","E","B",null],"character_chosen":"AYA","items_purchased":["shameimaru:QuickReporting","REME_Flogging","Chemical X","Bag of Preparation","Bag of Marbles"],"campfire_rested":1,"item_purchase_floors":[20,20,53,53,53],"current_hp_per_floor":[76,81,79,79,79,79,71,62,62,62,66,66,56,56,56,41,89,89,89,89,89,76,79,79,77,77,77,75,65,65,55,55,55,100,89,100,100,110,110,110,110,110,110,110,110,109,109,109,110,110,110,110,110,127,75],"gold":76,"neow_bonus":"ONE_RANDOM_RARE_CARD","is_daily":false,"chose_seed":false,"campfire_upgraded":10,"win_rate":0.0,"timestamp":1614360080,"path_taken":["M","?","M","M","?","R","E","?","T","R","M","?","M","E","R","BOSS","M","?","$","?","?","E","R","E","T","E","?","M","R","E","R","BOSS","M","$","M","?","?","R","E","R","T","E","R","E","R","E","R","BOSS","R","$","E","BOSS"],"items_purchased_type":["Card","Card","Relic","Relic","Relic"],"build_version":"2020-12-22","purchased_purges":2,"victory":true,"max_hp_per_floor":[80,85,85,85,85,85,85,85,85,85,89,89,89,89,89,89,89,89,89,89,89,89,100,100,100,100,100,100,100,100,100,100,100,100,100,100,100,110,110,110,110,110,110,110,110,110,110,110,110,110,110,110,110,127,127],"card_choices":[{"not_picked":["shameimaru:DashingDomination","shameimaru:AirSlash","shameimaru:GaleBlade"],"picked":"SKIP","floor":1.0},{"not_picked":["shameimaru:AdverseWind","shameimaru:PeerlessWind","shameimaru:AirSlash"],"picked":"SKIP","floor":3.0},{"not_picked":["shameimaru:Preparation","shameimaru:Opportunity"],"picked":"shameimaru:Foresight","floor":4.0},{"not_picked":["shameimaru:DoctoredImage","shameimaru:WidespreadPropaganda"],"picked":"shameimaru:Plagiarism","floor":7.0},{"not_picked":["shameimaru:Preparation","shameimaru:Persuade","shameimaru:LoadedStatement"],"picked":"SKIP","floor":11.0},{"not_picked":["shameimaru:WindsOfChange","shameimaru:Opportunity","shameimaru:LoadedStatement"],"picked":"SKIP","floor":13.0},{"not_picked":["shameimaru:AirCutter","shameimaru:BreezeOfReminiscence","shameimaru:Galeforce"],"picked":"SKIP","floor":14.0},{"not_picked":["shameimaru:HurricaneOfFreedom","shameimaru:CoerciveReport"],"picked":"shameimaru:Foresight","floor":18.0},{"not_picked":["shameimaru:Imitation","shameimaru:Persuade","shameimaru:GaleBlade"],"picked":"SKIP","floor":23},{"not_picked":["shameimaru:BreezeOfReminiscence","shameimaru:FreezeFrame","shameimaru:CandidShot+1"],"picked":"SKIP","floor":25},{"not_picked":["shameimaru:GaleBullet","shameimaru:AdverseWind","shameimaru:DashingGrace"],"picked":"SKIP","floor":27},{"not_picked":["shameimaru:Opportunity","shameimaru:GaleBullet","shameimaru:AirCutter"],"picked":"SKIP","floor":28},{"not_picked":["shameimaru:Persuade+1","shameimaru:LoadedStatement","shameimaru:Photoshoot+1"],"picked":"SKIP","floor":29},{"not_picked":["shameimaru:Opportunity","shameimaru:HitAndRun+1"],"picked":"shameimaru:IllusoryDominance","floor":31},{"not_picked":["shameimaru:SpiralingTempest","shameimaru:OutburstingGust"],"picked":"shameimaru:AutumnalFallWind","floor":33},{"not_picked":["shameimaru:GroupPhoto","shameimaru:Opportunity+1","shameimaru:GuidingBreeze+1"],"picked":"SKIP","floor":35},{"not_picked":["shameimaru:Imitation+1","shameimaru:BreezeOfReminiscence+1","shameimaru:SuddenOutburst"],"picked":"SKIP","floor":37},{"not_picked":["shameimaru:ReporterInstinct","shameimaru:GuidingBreeze+1","shameimaru:Opportunity"],"picked":"SKIP","floor":39},{"not_picked":["shameimaru:GroupPhoto","shameimaru:AirCutter"],"picked":"shameimaru:WhispersOfTheWind+1","floor":41},{"not_picked":["shameimaru:GaleBlade","shameimaru:GustFan+1","shameimaru:SuddenOutburst+1"],"picked":"SKIP","floor":44},{"not_picked":["shameimaru:DashingGrace+1","shameimaru:GatherEvidence","shameimaru:SuddenOutburst+1"],"picked":"SKIP","floor":46},{"not_picked":["shameimaru:GuidingBreeze+1","shameimaru:MassDeletion","shameimaru:QuickReporting"],"picked":"SKIP","floor":48},{"not_picked":["shameimaru:BlindingSpeed","shameimaru:GaleBlade+1","shameimaru:InstantShotJournalist"],"picked":"SKIP","floor":54}],"player_experience":294552,"relics_obtained":[{"floor":7.0,"key":"Nunchaku"},{"floor":8.0,"key":"Odd Mushroom"},{"floor":9.0,"key":"Happy Flower"},{"floor":12.0,"key":"Boot"},{"floor":14.0,"key":"Ancient Tea Set"},{"floor":22,"key":"Red Mask"},{"floor":23,"key":"Strawberry"},{"floor":25,"key":"Akabeko"},{"floor":26,"key":"PreservedInsect"},{"floor":27,"key":"MealTicket"},{"floor":31,"key":"Art of War"},{"floor":41,"key":"Torii"},{"floor":46,"key":"Regal Pillow"},{"floor":48,"key":"REME_HandOfSuture"},{"floor":54,"key":"Mango"}],"event_choices":[{"damage_healed":0.0,"max_hp_gain":5.0,"max_hp_loss":0.0,"gold_gain":0.0,"event_name":"Big Fish","player_choice":"Donut","floor":2.0,"gold_loss":0.0,"damage_taken":0.0},{"damage_healed":0.0,"max_hp_gain":0.0,"max_hp_loss":0.0,"gold_gain":0.0,"event_name":"Living Wall","player_choice":"Grow","floor":5.0,"gold_loss":0.0,"damage_taken":0.0,"cards_upgraded":["shameimaru:RapidEnhancement"]},{"damage_healed":0.0,"max_hp_gain":0.0,"max_hp_loss":0.0,"gold_gain":0.0,"event_name":"Mushrooms","player_choice":"Fought Mushrooms","floor":8.0,"gold_loss":0.0,"damage_taken":0.0},{"damage_healed":0,"gold_gain":0,"player_choice":"Ignored","damage_taken":0,"max_hp_gain":0,"max_hp_loss":0,"event_name":"Cursed Tome","floor":19,"gold_loss":0},{"damage_healed":0,"gold_gain":0,"player_choice":"Ignored","damage_taken":0,"max_hp_gain":0,"max_hp_loss":0,"event_name":"Ghosts","floor":21,"gold_loss":0},{"damage_healed":0,"gold_gain":0,"player_choice":"Fought Bandits","damage_taken":0,"max_hp_gain":0,"max_hp_loss":0,"event_name":"Masked Bandits","floor":22,"gold_loss":0},{"cards_removed":["shameimaru:GatherEvidence"],"damage_healed":0,"gold_gain":0,"player_choice":"Offered Rare","damage_taken":0,"max_hp_gain":10,"max_hp_loss":0,"event_name":"Bonfire Elementals","floor":38,"gold_loss":0}],"is_beta":false,"boss_relics":[{"not_picked":["Calling Bell","SlaversCollar"],"picked":"Pandora\u0027s Box"},{"not_picked":["Snecko Eye","Empty Cage"],"picked":"Sozu"}],"items_purged_floors":[20,36],"is_endless":false,"potions_floor_spawned":[4,7,8,16,22,28,29,33,37,46],"ascension_level":1}}