{"host":"zmr8u29ebzxwermy","time":1614308900,"event":{"mods":["BaseMod","BetterRewards","Colored Map","DeckTracker","Hermit","Infinite Spire","Minty Spire (QoL Compilation)","Quick Restart","Shop Mod","StSLib","SuperFastMode","everything is the same but u backflip on backflip"],"gold_per_floor":[127,145,159,188,203,203,245,245,245,245,284,312,312,312,312,428,428,444,444,369,215,9414,9450,9450,9484,9510,9533,9555,9587,9610,9525,9525,9639,9639,9661,9716,9716,9079,9079,9113,9113,9133,9178,9178,9211,8555,8576,8601,8601,8705,8705,8715,8715,8723,8127,8077,8077,7928,7950,8023,8023,7981,7988,7988,7988],"floor_reached":64,"language":"KOR","playtime":1945,"items_purged":["hermit:Strike_Hermit","hermit:Strike_Hermit","hermit:Strike_Hermit","hermit:Defend_Hermit","hermit:Defend_Hermit"],"score":1335,"play_id":"0299c202-6919-4c00-84fd-efd67a3269c5","local_time":"20210226120820","is_ascension_mode":true,"campfire_choices":[{"floor":6.0,"key":"REST"},{"data":"hermit:PistolWhip","floor":8.0,"key":"SMITH"},{"floor":10.0,"key":"REST"},{"data":"hermit:Brawl","floor":13.0,"key":"SMITH"},{"floor":15.0,"key":"REST"},{"floor":24.0,"key":"REST"},{"floor":32.0,"key":"REST"},{"data":"hermit:Gestalt","floor":41.0,"key":"SMITH"},{"data":"hermit:FlashPowder","floor":49.0,"key":"SMITH"},{"data":"hermit:Covet","floor":57.0,"key":"SMITH"},{"data":"hermit:WideOpen","floor":61.0,"key":"SMITH"}],"circlet_count":0,"master_deck":["hermit:Strike_Hermit","hermit:Snapshot","hermit:Covet+1","hermit:PistolWhip+1","hermit:Roulette+1","hermit:FlashPowder+1","hermit:WideOpen+1","hermit:Brawl+1","hermit:BlackWind+1","hermit:Glare+1","hermit:Gestalt+1","hermit:Roughhouse+1","hermit:Scavenge","hermit:Dive"],"relics":["hermit:Momento","CeramicFish","infinitespire:Golems Mask","HandDrill","hermit:RedScarf","infinitespire:CheckeredPen","Darkstone Periapt","Black Star","Juzu Bracelet","infinitespire:EmpoweringShard","infinitespire:CursedDice","MerchantsRug","Regal Pillow","Whetstone","PreservedInsect","FossilizedHelix","Potion Belt","Art of War","Nunchaku","Pen Nib","Busted Crown","Prayer Wheel","hermit:RyeStalk","Frozen Eye","Dream Catcher","Smiling Mask","Ginger","Boot","Strawberry","MawBank","Bronze Scales","Bag of Preparation","Lee\u0027s Waffle","Philosopher\u0027s Stone","StrikeDummy","Sundial","infinitespire:ShieldingShard","infinitespire:Beetle Shell","InkBottle"],"acts_visited":["TheCity","TheBeyond","Exordium"],"potions_floor_usage":[],"damage_taken":[{"damage":0.0,"enemies":"Cultist","floor":1.0,"turns":3.0},{"damage":0.0,"enemies":"2 Louse","floor":2.0,"turns":2.0},{"damage":6.0,"enemies":"Jaw Worm","floor":3.0,"turns":2.0},{"damage":0.0,"enemies":"Exordium Wildlife","floor":4.0,"turns":2.0},{"damage":0.0,"enemies":"2 Fungi Beasts","floor":5.0,"turns":3.0},{"damage":31.0,"enemies":"Lagavulin","floor":7.0,"turns":4.0},{"damage":17.0,"enemies":"Nightmare","floor":11.0,"turns":6.0},{"damage":0.0,"enemies":"Looter","floor":12.0,"turns":2.0},{"damage":13.0,"enemies":"Hexaghost","floor":16.0,"turns":5.0},{"damage":34.0,"enemies":"2 Thieves","floor":18.0,"turns":3.0},{"damage":13.0,"enemies":"Slavers","floor":23.0,"turns":6.0},{"damage":28.0,"enemies":"Gremlin Leader","floor":25.0,"turns":5.0},{"damage":0.0,"enemies":"3 Byrds","floor":27.0,"turns":3.0},{"damage":0.0,"enemies":"Snecko","floor":28.0,"turns":3.0},{"damage":3.0,"enemies":"Book of Stabbing","floor":29.0,"turns":4.0},{"damage":0.0,"enemies":"Centurion and Healer","floor":30.0,"turns":3.0},{"damage":0.0,"enemies":"Automaton","floor":33.0,"turns":6.0},{"damage":1.0,"enemies":"Orb Walker","floor":35.0,"turns":3.0},{"damage":0.0,"enemies":"Mind Bloom Boss Battle","floor":36.0,"turns":6.0},{"damage":2.0,"enemies":"infinitespire:Three Voidlings","floor":39.0,"turns":3.0},{"damage":0.0,"enemies":"Giant Head","floor":40.0,"turns":5.0},{"damage":5.0,"enemies":"3 Darklings","floor":42.0,"turns":6.0},{"damage":0.0,"enemies":"Nemesis","floor":45.0,"turns":3.0},{"damage":1.0,"enemies":"Sphere and 2 Shapes","floor":47.0,"turns":4.0},{"damage":1.0,"enemies":"Maw","floor":48.0,"turns":5.0},{"damage":3.0,"enemies":"Time Eater","floor":50.0,"turns":6.0},{"damage":0.0,"enemies":"2 Louse","floor":52.0,"turns":1.0},{"damage":0.0,"enemies":"infinitespire:Voidling","floor":54.0,"turns":2.0},{"damage":0.0,"enemies":"3 Sentries","floor":59.0,"turns":2.0},{"damage":0.0,"enemies":"Jaw Worm","floor":63.0,"turns":2.0},{"damage":0,"enemies":"Gremlin Nob","floor":64,"turns":1}],"seed_played":"-4381121679705350133","potions_obtained":[{"floor":2.0,"key":"Block Potion"},{"floor":3.0,"key":"hermit:BlackBile"},{"floor":4.0,"key":"FearPotion"},{"floor":5.0,"key":"EntropicBrew"},{"floor":16.0,"key":"Regen Potion"},{"floor":18.0,"key":"EntropicBrew"},{"floor":25.0,"key":"hermit:Tonic"},{"floor":28.0,"key":"Dexterity Potion"},{"floor":30.0,"key":"EssenceOfSteel"},{"floor":35.0,"key":"GamblersBrew"},{"floor":36.0,"key":"EssenceOfSteel"},{"floor":40.0,"key":"hermit:Tonic"},{"floor":59.0,"key":"BlessingOfTheForge"}],"is_trial":false,"path_per_floor":["M","M","M","M","M","R","E","R","T","R","NM","M","R","?","R","B",null,"M","?","?","$","$","E","R","E","T","M","M","E","M","?","R","B",null,"M","?","?","$","?","E","R","M","T","?","E","$","M","M","R","B",null,"M","?","M","$","?","R","?","E","T","R","?","M","E"],"character_chosen":"HERMIT","items_purchased":["CeramicFish","infinitespire:Golems Mask","HandDrill","hermit:PistolWhip","Juzu Bracelet","infinitespire:EmpoweringShard","infinitespire:CursedDice","MerchantsRug","hermit:RyeStalk","hermit:Scavenge","Frozen Eye","Dream Catcher","Bronze Scales","Bag of Preparation","Lee\u0027s Waffle","EntropicBrew","CultistPotion","StrikeDummy","hermit:Dive","Sundial"],"campfire_rested":5,"item_purchase_floors":[0,0,0,0,21,22,22,22,38,38,38,38,46,46,46,46,46,55,55,55],"current_hp_per_floor":[47,47,41,41,41,63,32,32,32,54,37,37,37,37,59,46,75,41,27,27,27,27,14,53,25,25,25,25,22,22,22,61,61,80,79,79,79,79,77,77,77,72,72,72,79,94,93,92,92,89,94,94,94,94,94,94,94,94,94,94,94,94,94,94,94],"gold":7988,"neow_bonus":"","is_daily":false,"chose_seed":false,"campfire_upgraded":6,"win_rate":0.0,"timestamp":1614308900,"path_taken":["M","M","M","M","M","R","E","R","T","R","NM","M","R","?","R","BOSS","M","?","?","?","$","E","R","E","T","M","M","E","M","?","R","BOSS","M","?","?","$","?","E","R","M","T","?","E","$","M","M","R","BOSS","M","?","M","$","?","R","?","E","T","R","?","M","E"],"items_purchased_type":["Relic","Relic","Relic","Card","Relic","Relic","Relic","Relic","Relic","Card","Relic","Relic","Relic","Relic","Relic","Potion","Potion","Relic","Card","Relic"],"build_version":"2020-12-22","purchased_purges":5,"victory":false,"max_hp_per_floor":[75,75,75,75,75,75,75,75,75,75,75,75,75,75,75,75,75,75,80,80,80,80,80,80,80,80,80,80,80,80,80,80,80,80,80,80,80,80,80,80,80,80,80,80,87,94,94,94,94,94,94,94,94,94,94,94,94,94,94,94,94,94,94,94,94],"card_choices":[{"not_picked":["hermit:PistolWhip","hermit:Cheat"],"picked":"hermit:Roulette","floor":1.0},{"not_picked":["hermit:Feint","hermit:Combo"],"picked":"hermit:FlashPowder","floor":4.0},{"not_picked":["hermit:BodyArmor","hermit:Snipe"],"picked":"hermit:Scavenge","floor":7.0},{"not_picked":["hermit:TakeCover","hermit:Desperado"],"picked":"hermit:WideOpen","floor":11.0},{"not_picked":["hermit:Feint","hermit:Vantage"],"picked":"hermit:Brawl","floor":12.0},{"not_picked":["hermit:Gambit","hermit:Dissolve"],"picked":"hermit:BlackWind","floor":16.0},{"not_picked":["hermit:GoldenBullet","hermit:Quickdraw+1"],"picked":"hermit:Glare+1","floor":23.0},{"not_picked":["hermit:Virtue","hermit:Desperado","hermit:OverwhelmingPower"],"picked":"SKIP","floor":25.0},{"not_picked":["hermit:Ricochet","hermit:Showdown"],"picked":"hermit:Gestalt","floor":28.0},{"not_picked":["hermit:FinalCanter","hermit:Reprieve"],"picked":"hermit:Roughhouse","floor":33.0},{"not_picked":["hermit:BodyArmor+1"],"picked":"SKIP","floor":45.0},{"not_picked":["hermit:Ricochet"],"picked":"SKIP","floor":52.0},{"not_picked":["hermit:ItchyTrigger"],"picked":"SKIP","floor":52.0},{"not_picked":["hermit:WideOpen"],"picked":"SKIP","floor":59.0}],"player_experience":418342,"relics_obtained":[{"floor":7.0,"key":"hermit:RedScarf"},{"floor":9.0,"key":"infinitespire:CheckeredPen"},{"floor":11.0,"key":"Darkstone Periapt"},{"floor":23.0,"key":"Regal Pillow"},{"floor":23.0,"key":"Whetstone"},{"floor":25.0,"key":"PreservedInsect"},{"floor":25.0,"key":"FossilizedHelix"},{"floor":26.0,"key":"Potion Belt"},{"floor":29.0,"key":"Art of War"},{"floor":29.0,"key":"Nunchaku"},{"floor":36.0,"key":"Prayer Wheel"},{"floor":40.0,"key":"Smiling Mask"},{"floor":40.0,"key":"Ginger"},{"floor":43.0,"key":"Boot"},{"floor":45.0,"key":"Strawberry"},{"floor":45.0,"key":"MawBank"},{"floor":59.0,"key":"infinitespire:Beetle Shell"},{"floor":60.0,"key":"InkBottle"}],"event_choices":[{"damage_healed":0.0,"max_hp_gain":5.0,"max_hp_loss":0.0,"gold_gain":0.0,"event_name":"Forgotten Altar","player_choice":"Shed Blood","floor":19.0,"gold_loss":0.0,"damage_taken":19.0},{"cards_removed":["hermit:Defend_Hermit"],"damage_healed":0.0,"max_hp_gain":0.0,"max_hp_loss":0.0,"gold_gain":0.0,"event_name":"Beggar","player_choice":"Gave Gold","floor":20.0,"gold_loss":75.0,"damage_taken":0.0},{"damage_healed":0.0,"max_hp_gain":0.0,"max_hp_loss":0.0,"gold_gain":0.0,"event_name":"Addict","player_choice":"Obtained Relic","floor":31.0,"gold_loss":85.0,"damage_taken":0.0,"relics_obtained":["Pen Nib"]},{"damage_healed":0.0,"max_hp_gain":0.0,"max_hp_loss":0.0,"gold_gain":0.0,"event_name":"MindBloom","player_choice":"Fight","floor":36.0,"gold_loss":0.0,"damage_taken":0.0},{"cards_removed":["hermit:Scavenge"],"damage_healed":0.0,"max_hp_gain":0.0,"max_hp_loss":0.0,"gold_gain":0.0,"event_name":"Falling","player_choice":"Removed Skill","floor":37.0,"gold_loss":0.0,"damage_taken":0.0},{"damage_healed":0.0,"max_hp_gain":0.0,"max_hp_loss":0.0,"gold_gain":0.0,"event_name":"Mysterious Sphere","player_choice":"Ignored","floor":44.0,"gold_loss":0.0,"damage_taken":0.0},{"damage_healed":0.0,"max_hp_gain":0.0,"max_hp_loss":0.0,"gold_gain":0.0,"event_name":"Living Wall","player_choice":"Grow","floor":53.0,"gold_loss":0.0,"damage_taken":0.0,"cards_upgraded":["hermit:Roughhouse"]},{"cards_removed":["hermit:Defend_Hermit"],"damage_healed":0.0,"max_hp_gain":0.0,"max_hp_loss":0.0,"gold_gain":0.0,"event_name":"The Cleric","player_choice":"Card Removal","floor":56.0,"gold_loss":50.0,"damage_taken":0.0},{"damage_healed":0.0,"max_hp_gain":0.0,"max_hp_loss":0.0,"gold_gain":0.0,"event_name":"WeMeetAgain","player_choice":"Paid Gold","floor":58.0,"gold_loss":149.0,"damage_taken":0.0,"relics_obtained":["infinitespire:ShieldingShard"]},{"damage_healed":0.0,"max_hp_gain":0.0,"max_hp_loss":0.0,"gold_gain":0.0,"event_name":"World of Goop","player_choice":"Left Gold","floor":62.0,"gold_loss":42.0,"damage_taken":0.0}],"is_beta":false,"boss_relics":[{"not_picked":["hermit:ClaspedLocket","SlaversCollar"],"picked":"Black Star"},{"not_picked":["Runic Pyramid","Snecko Eye"],"picked":"Busted Crown"},{"not_picked":["Cursed Key","Sozu"],"picked":"Philosopher\u0027s Stone"}],"items_purged_floors":[0,22,38,46,55],"is_endless":true,"potions_floor_spawned":[2,3,4,5,16,18,25,28,30,35,36,39,40,59],"killed_by":"Gremlin Nob","ascension_level":1}}