{"host":"2c84cb4cp1emursg","time":1614365246,"event":{"mods":["Act Like it!","BaseMod","Better Third Choice","Bossed Relics","Ekko","Hermit","Minty Spire (QoL Compilation)","Permanent Neow","Reliquary","StSLib","The Blue Laboratory"],"gold_per_floor":[119,119,198,213,224,258,258,283,309,334,334,344,360,376,376,477,477,489,88,119,394,410,410,429,429,429,455,468,468,468],"floor_reached":29,"language":"ENG","playtime":1712,"items_purged":[],"score":330,"play_id":"2f0a0d96-e624-4bfc-aafa-4788b0a37d7d","local_time":"20210226114726","is_ascension_mode":true,"campfire_choices":[{"data":"hermit:Defend_Hermit","floor":7,"key":"SMITH"},{"data":"hermit:LoneWolf","floor":11,"key":"SMITH"},{"data":"hermit:Reprieve","floor":15,"key":"SMITH"},{"data":"hermit:DeadMansHand","floor":23,"key":"SMITH"},{"data":"hermit:FinalCanter","floor":25,"key":"SMITH"}],"circlet_count":0,"master_deck":["hermit:Strike_Hermit","hermit:Strike_Hermit","hermit:Strike_Hermit+1","hermit:Strike_Hermit","hermit:Defend_Hermit","hermit:Defend_Hermit","hermit:Defend_Hermit","hermit:Defend_Hermit+1","hermit:Snapshot","hermit:Covet+1","Pain","hermit:Horror","hermit:Spite","hermit:PistolWhip+1","hermit:LoneWolf+1","hermit:Reprieve+1","hermit:Spite","hermit:DeadMansHand+1","hermit:FinalCanter+1","hermit:Misfire","hermit:Misfire","Regret","hermit:Gestalt+1","hermit:RoundhouseKick"],"relics":["hermit:Momento","Oddly Smooth Stone","reliquary:Buckler","Bag of Marbles","Mango","reliquary:ThirdArm","reliquary:PartyBalloon","Kunai","Red Mask","reliquary:GummyVitamins","reliquary:TuningFork"],"acts_visited":["Exordium","TheCity"],"potions_floor_usage":[6,10,10,14,16,24,29],"damage_taken":[{"damage":0,"enemies":"Small Slimes","floor":1,"turns":3},{"damage":2,"enemies":"Jaw Worm","floor":4,"turns":3},{"damage":1,"enemies":"Cultist","floor":5,"turns":3},{"damage":41,"enemies":"3 Sentries","floor":6,"turns":13},{"damage":22,"enemies":"Gremlin Nob","floor":8,"turns":4},{"damage":19,"enemies":"Lagavulin","floor":10,"turns":7},{"damage":6,"enemies":"Exordium Thugs","floor":12,"turns":4},{"damage":0,"enemies":"Large Slime","floor":13,"turns":3},{"damage":1,"enemies":"Looter","floor":14,"turns":2},{"damage":18,"enemies":"Slime Boss","floor":16,"turns":6},{"damage":12,"enemies":"3 Byrds","floor":18,"turns":6},{"damage":45,"enemies":"Masked Bandits","floor":20,"turns":4},{"damage":11,"enemies":"Spheric Guardian","floor":22,"turns":3},{"damage":23,"enemies":"Snecko","floor":24,"turns":4},{"damage":23,"enemies":"Gremlin Leader","floor":27,"turns":4},{"damage":9,"enemies":"Cultist and Chosen","floor":28,"turns":4},{"damage":29,"enemies":"Book of Stabbing","floor":29,"turns":4}],"seed_played":"-6866518879075884619","potions_obtained":[{"floor":5,"key":"blueLaboratory:FrostheartPotion"},{"floor":6,"key":"Dexterity Potion"},{"floor":8,"key":"Block Potion"},{"floor":12,"key":"EssenceOfSteel"},{"floor":14,"key":"blueLaboratory:SavagePotion"},{"floor":18,"key":"GamblersBrew"},{"floor":24,"key":"EssenceOfSteel"},{"floor":28,"key":"blueLaboratory:AbyssPotion"}],"is_trial":false,"path_per_floor":["M","?","?","M","M","E","R","E","T","E","R","M","M","M","R","B",null,"M","$","?","?","M","R","M","R","T","E","M","E"],"character_chosen":"HERMIT","items_purchased":["reliquary:PartyBalloon","Kunai"],"campfire_rested":0,"item_purchase_floors":[19,19],"current_hp_per_floor":[89,89,89,87,86,45,45,23,23,18,18,12,12,19,19,9,103,91,91,58,58,47,47,40,40,40,25,16,0,0],"gold":468,"neow_bonus":"TWENTY_PERCENT_HP_BONUS","is_daily":false,"chose_seed":false,"campfire_upgraded":5,"win_rate":0.0,"timestamp":1614365246,"path_taken":["M","?","?","M","M","E","R","E","T","E","R","M","M","?","R","BOSS","M","$","?","?","M","R","M","R","T","E","M","E"],"items_purchased_type":["Relic","Relic"],"build_version":"2020-12-22","purchased_purges":0,"victory":false,"max_hp_per_floor":[89,89,89,89,89,89,89,89,89,103,103,103,103,103,103,103,103,103,103,103,103,103,103,103,103,103,103,103,103,103],"card_choices":[{"not_picked":["hermit:Roulette","hermit:Feint"],"picked":"hermit:Horror","floor":1},{"not_picked":["hermit:Dive","hermit:HighCaliber"],"picked":"hermit:Spite","floor":4},{"not_picked":["hermit:SprayPray","hermit:LowProfile","hermit:BodyArmor"],"picked":"SKIP","floor":5},{"not_picked":["hermit:HoleUp","hermit:EyeOfTheStorm"],"picked":"hermit:PistolWhip","floor":6},{"not_picked":["hermit:Coalescence","hermit:ItchyTrigger","hermit:HighCaliber"],"picked":"SKIP","floor":8},{"not_picked":["hermit:NoHoldsBarred","hermit:Ricochet"],"picked":"hermit:LoneWolf","floor":10},{"not_picked":["hermit:Misfire","hermit:Headshot"],"picked":"hermit:Reprieve","floor":12},{"not_picked":["hermit:LowProfile","hermit:Quickdraw"],"picked":"hermit:Spite","floor":13},{"not_picked":["hermit:TakeAim","hermit:Spite"],"picked":"hermit:DeadMansHand","floor":14},{"not_picked":["hermit:Reprieve","hermit:EternalForm"],"picked":"hermit:FinalCanter","floor":16},{"not_picked":["hermit:Dive","hermit:PistolWhip+1"],"picked":"hermit:Misfire","floor":18},{"not_picked":["hermit:ItchyTrigger","hermit:GoldenBullet"],"picked":"hermit:Misfire","floor":20},{"not_picked":["hermit:FullyLoaded","hermit:Virtue","hermit:Reprieve"],"picked":"SKIP","floor":22},{"not_picked":["hermit:Roulette","hermit:Glare"],"picked":"hermit:Gestalt+1","floor":24},{"not_picked":["hermit:LowProfile+1","hermit:Manifest"],"picked":"hermit:RoundhouseKick","floor":27},{"not_picked":["hermit:HoleUp","hermit:SprayPray","hermit:PistolWhip"],"picked":"SKIP","floor":28}],"player_experience":568283,"relics_obtained":[{"floor":6,"key":"Oddly Smooth Stone"},{"floor":8,"key":"reliquary:Buckler"},{"floor":9,"key":"Bag of Marbles"},{"floor":10,"key":"Mango"},{"floor":20,"key":"Red Mask"},{"floor":26,"key":"reliquary:GummyVitamins"},{"floor":27,"key":"reliquary:TuningFork"}],"event_choices":[{"damage_healed":0,"gold_gain":0,"player_choice":"Grow","damage_taken":0,"max_hp_gain":0,"max_hp_loss":0,"event_name":"Living Wall","floor":2,"gold_loss":0,"cards_upgraded":["hermit:Covet"]},{"damage_healed":0,"gold_gain":79,"player_choice":"Gained Gold","damage_taken":0,"max_hp_gain":0,"max_hp_loss":0,"event_name":"Golden Wing","floor":3,"gold_loss":0},{"damage_healed":0,"gold_gain":0,"player_choice":"Fought Bandits","damage_taken":0,"max_hp_gain":0,"max_hp_loss":0,"event_name":"Masked Bandits","floor":20,"gold_loss":0},{"damage_healed":0,"gold_gain":275,"player_choice":"Desecrate","damage_taken":0,"max_hp_gain":0,"max_hp_loss":0,"event_name":"Golden Shrine","floor":21,"gold_loss":0,"cards_obtained":["Regret"]}],"is_beta":false,"boss_relics":[{"not_picked":["Runic Pyramid","Pandora\u0027s Box"],"picked":"reliquary:ThirdArm"}],"items_purged_floors":[],"is_endless":false,"potions_floor_spawned":[5,6,8,12,14,18,24,28],"killed_by":"Book of Stabbing","ascension_level":3}}