{"host":"0hpcwmnjk6ebq46s","time":1614329559,"event":{"mods":["Act Like it!","AlwaysNeverKeys","Aspiration","Astrologer","Bard","BaseMod","Better Note","Better Third Choice","Colored Map","Colored Powertips","Conspire","Duelist Mod","Energized Spire","GifTheSpireLib","Glutton Mod","Googly Eyes","Halation","Hallownest","Hubris","Infinite Spire","Jedi Mod","Mad Scientist","Marisa????????","Mimic Mod","Minty Spire (QoL Compilation)","Permanent Neow","Relic Stats","Reliquary","Remilia??????","Replay The Spire","Ruina","Spicy Shops","Spire Arcade","StSLib","Stuff the Spire","SuperFastMode","The Administrix","The Animator","The Blue Laboratory","The Bug Knight","The Construct","The Cursed","The Disciple","The Hierophant","The Necromancer","The Runesmith","The Wild Card","TheFirefly","Transform Curses","UnlockEverythingMod"],"gold_per_floor":[115,126,126,143,143,143,178,194,194,60,60,77,101,101,101,101,101],"floor_reached":16,"language":"ENG","playtime":1669,"items_purged":[],"score":200,"play_id":"0482779c-924e-4587-95e1-9ba13f4755ab","local_time":"20210226025239","daily_mods":["SealedDeck","Red Cards","Green Cards","Blue Cards","Purple Cards"],"is_ascension_mode":true,"campfire_choices":[{"data":"thefirefly:LaserMail","floor":6,"key":"SMITH"},{"data":"thefirefly:AutoTargeting","floor":11,"key":"SMITH"},{"floor":15,"key":"REST"}],"circlet_count":0,"master_deck":["AscendersBane","StarBarrage","LuminesStrike","GalacticHalo","AdministrixMod:FuneraryRites","hierophant:RepressedViolence","thefirefly:AutoTargeting+1","hierophant:Sermon","construct:SyphonStrike","Dagger Spray","thefirefly:LaserMail+1","thefirefly:CoveringFire","Quick Slash","StuffTheSpire:CuriosityCurse","construct:BatteryAcid","construct:SaveState"],"relics":["ScarletHat","Replay:Baseball","infinitespire:PuzzleCube","conspire:InfiniteJournal","hubris:CuriousFeather","reliquary:TatteredRug"],"acts_visited":["Exordium"],"potions_floor_usage":[8,8],"damage_taken":[{"damage":0,"enemies":"Jaw Worm","floor":1,"turns":4},{"damage":0,"enemies":"Cultist","floor":2,"turns":5},{"damage":7,"enemies":"2 Louse","floor":4,"turns":3},{"damage":24,"enemies":"Lagavulin","floor":7,"turns":6},{"damage":21,"enemies":"Exordium Thugs","floor":8,"turns":4},{"damage":4,"enemies":"Looter","floor":12,"turns":3},{"damage":0,"enemies":"Slime Boss","floor":16,"turns":3}],"seed_played":"5925025461528296026","potions_obtained":[{"floor":2,"key":"Explosive Potion"},{"floor":4,"key":"SkillPotion"}],"is_trial":true,"path_per_floor":["M","M","?","M","?","R","E","M","T","$","R","M","T","$","R","B"],"character_chosen":"REMILIA","items_purchased":["hubris:CuriousFeather"],"campfire_rested":1,"item_purchase_floors":[10],"current_hp_per_floor":[63,63,63,56,56,56,32,11,11,11,11,7,7,7,28,28,28],"gold":101,"neow_bonus":"","is_daily":false,"chose_seed":false,"campfire_upgraded":2,"win_rate":0.0,"timestamp":1614329559,"path_taken":["M","M","?","?","?","R","E","M","T","?","R","M","?","$","R","BOSS"],"items_purchased_type":["Relic"],"build_version":"2020-12-22","purchased_purges":0,"victory":false,"max_hp_per_floor":[70,70,70,70,70,70,70,70,70,70,70,70,70,70,70,70,70],"relic_stats":{"counters":[7,28],"obtain_stats":[{"Replay:Baseball":5,"hubris:CuriousFeather":10,"reliquary:TatteredRug":13,"ScarletHat":0,"infinitespire:PuzzleCube":7,"conspire:InfiniteJournal":9},{"Replay:Baseball":3,"hubris:CuriousFeather":5,"reliquary:TatteredRug":6,"ScarletHat":0,"infinitespire:PuzzleCube":4,"conspire:InfiniteJournal":5},{"Replay:Baseball":12,"hubris:CuriousFeather":22,"reliquary:TatteredRug":25,"ScarletHat":0,"infinitespire:PuzzleCube":18,"conspire:InfiniteJournal":22}]},"card_choices":[{"not_picked":["jedi:fear","StuffTheSpire:ShieldGenerator"],"picked":"thefirefly:LaserMail","floor":1},{"not_picked":["jedi:hate","AdministrixMod:DiversionaryTactic"],"picked":"thefirefly:CoveringFire","floor":2},{"not_picked":["thefirefly:StoredPower","hierophant:HammerAndAnvil"],"picked":"Quick Slash","floor":4},{"not_picked":["Dagger Spray","AdministrixMod:DiversionaryTactic"],"picked":"construct:BatteryAcid","floor":7},{"not_picked":["Gash","UnderTheZenith","EventHorizon"],"picked":"SKIP","floor":8},{"not_picked":["Maim","hierophant:MorningPrayer"],"picked":"construct:SaveState","floor":12}],"player_experience":111300,"relics_obtained":[{"floor":7,"key":"infinitespire:PuzzleCube"},{"floor":9,"key":"conspire:InfiniteJournal"},{"floor":13,"key":"reliquary:TatteredRug"}],"event_choices":[{"cards_removed":["AdministrixMod:BegetEternity"],"damage_healed":0,"gold_gain":0,"player_choice":"Purged","damage_taken":0,"max_hp_gain":0,"max_hp_loss":0,"event_name":"Purifier","floor":3,"gold_loss":0}],"is_beta":false,"boss_relics":[],"items_purged_floors":[],"is_endless":false,"potions_floor_spawned":[2,4],"killed_by":"Slime Boss","ascension_level":20}}