{"host":"g3bty4prdobmknyh","time":1614314569,"event":{"mods":["Act Like it!","Aspiration","BaseMod","Hermit","Minty Spire (QoL Compilation)","Pale of the Ancients","Reliquary","Replay The Spire","Ruina","StSLib","The Blackbeard","The Hierophant"],"gold_per_floor":[110,123,136,136,154,189,189,189,221,221,269,293,327,327,370,423,423,538,538,562,562,621,454,503,503,569,569,596,650,325,387,417,488,488,617,617,639,506,535,569,569,569,627,657,657,680,715,1081,1081,1153,1153,1191,1227,1273,1332,978,978,1002,1002,526,526,544],"floor_reached":63,"language":"ENG","playtime":3309,"items_purged":[],"score":1887,"play_id":"461da63f-d606-4527-a879-3a7b868ff263","local_time":"20210225234249","daily_mods":["Draft","Vintage","DeadlyEvents"],"is_ascension_mode":true,"campfire_choices":[{"data":"blackbeard:TerrorOfTheSeas","floor":10,"key":"SMITH"},{"data":"blackbeard:WoodenLeg","floor":14,"key":"SMITH"},{"data":"blackbeard:Rum","floor":17,"key":"SMITH"},{"data":"blackbeard:Parrot","floor":25,"key":"SMITH"},{"data":"ruina:CrimsonScar","floor":27,"key":"SMITH"},{"data":"ruina:CobaltScar","floor":34,"key":"SMITH"},{"data":"blackbeard:PowderKeg","floor":42,"key":"SMITH"},{"data":"blackbeard:HumongousCannonball","floor":51,"key":"SMITH"},{"data":"blackbeard:PowerHungry","floor":57,"key":"SMITH"},{"floor":59,"key":"REST"}],"circlet_count":0,"master_deck":["blackbeard:Shrapnel+1","blackbeard:CannonballSupply","blackbeard:PirateHook+1","blackbeard:Rum+1","blackbeard:GoldenCannonball+1","blackbeard:RemoveScurvy","blackbeard:PowderKeg+1","blackbeard:BeatUp+1","blackbeard:TerrorOfTheSeas+1","blackbeard:WiseDefense","blackbeard:Sharpening","blackbeard:CloakAndCannonball","blackbeard:TacticalRetreat+1","blackbeard:GoldenStrike+1","blackbeard:Shrapnel+1","blackbeard:DelayedPain","blackbeard:GoldenDefense","blackbeard:WoodenLeg+1","blackbeard:PowderKeg","blackbeard:Parrot+1","blackbeard:InfiniteBarrage+1","ruina:CrimsonScar+1","blackbeard:WiseDefense+1","blackbeard:CatONineTails+1","blackbeard:DelayedPain","ruina:CobaltScar+1","blackbeard:Sword","blackbeard:GoldenCannonball","blackbeard:HumongousCannonball+1","Apotheosis","blackbeard:FinalBarrage","Pot Of Greed","Pot Of Greed","Pot Of Greed","blackbeard:BlindAttacks+1","blackbeard:PirateEarring+1","blackbeard:PowerHungry+1"],"relics":["blackbeard:LoadTheCannons","Ornamental Fan","Replay:Baseball","reliquary:ExpiredCoupon","Nunchaku","Replay:Bandana","reliquary:TuningFork","Pen Nib","Shuriken","ReplayTheSpireMod:TigerMarble","reliquary:Boomerang","Snecko Heart","Centennial Puzzle","CeramicFish","Replay:Mystery Machine","Potion Belt","Art of War","reliquary:Sod","blackbeard:BloodOrange","Pantograph","The Courier","aspiration:Lifesprig","Busted Crown","reliquary:RosewoodLute","Ancient Tea Set","Oddly Smooth Stone","Du-Vu Doll","Gremlin Horn","Kunai","Replay:Bottled Eggs","Dead Branch","Old Coin","Grinning Jar","paleoftheancients:Timepiece","paleoftheancients:SoulOfTheWatcher","HornCleat","reliquary:Firecrackers","Blue Candle","Quantum Egg","reliquary:GummyVitamins","Ginger","Calipers"],"acts_visited":["Exordium","Exordium","TheBeyond","TheBeyond"],"potions_floor_usage":[9,29,35,35,43,47,48,58,62,62],"damage_taken":[{"damage":0,"enemies":"Small Slimes","floor":1,"turns":2},{"damage":0,"enemies":"Cultist","floor":2,"turns":2},{"damage":0,"enemies":"2 Louse","floor":3,"turns":2},{"damage":6,"enemies":"Blue Slaver","floor":5,"turns":2},{"damage":0,"enemies":"Replay:BlueRogue","floor":6,"turns":3},{"damage":7,"enemies":"3 Sentries","floor":9,"turns":3},{"damage":0,"enemies":"2 Fungi Beasts","floor":12,"turns":1},{"damage":4,"enemies":"Lagavulin","floor":13,"turns":5},{"damage":3,"enemies":"Replay:BlueRogue","floor":15,"turns":2},{"damage":0,"enemies":"3 Sentries","floor":16,"turns":2},{"damage":0,"enemies":"Fading Forest","floor":18,"turns":11},{"damage":0,"enemies":"ruina:3_Bats","floor":20,"turns":2},{"damage":0,"enemies":"ruina:Mountain","floor":22,"turns":3},{"damage":0,"enemies":"ruina:RoadHome","floor":24,"turns":1},{"damage":0,"enemies":"ruina:ServantOfWrath","floor":26,"turns":3},{"damage":13,"enemies":"ruina:Mountain","floor":29,"turns":7},{"damage":6,"enemies":"ruina:RoadHome","floor":31,"turns":2},{"damage":11,"enemies":"ruina:BadWolf","floor":32,"turns":3},{"damage":0,"enemies":"ruina:Mountain","floor":33,"turns":4},{"damage":15,"enemies":"ruina:Red_and_Wolf","floor":35,"turns":6},{"damage":0,"enemies":"Orb Walker","floor":37,"turns":1},{"damage":0,"enemies":"3 Darklings","floor":39,"turns":2},{"damage":21,"enemies":"Maw","floor":40,"turns":3},{"damage":2,"enemies":"R_Hoarder","floor":43,"turns":4},{"damage":17,"enemies":"Writhing Mass","floor":44,"turns":2},{"damage":4,"enemies":"Spire Growth","floor":46,"turns":2},{"damage":2,"enemies":"Nemesis","floor":47,"turns":7},{"damage":0,"enemies":"Mind Bloom Boss Battle","floor":48,"turns":4},{"damage":0,"enemies":"R_Hoarder","floor":50,"turns":3},{"damage":28,"enemies":"Donu and Deca","floor":52,"turns":3},{"damage":28,"enemies":"Donu and Deca","floor":53,"turns":5},{"damage":34,"enemies":"Donu and Deca","floor":54,"turns":3},{"damage":57,"enemies":"Donu and Deca","floor":58,"turns":6},{"damage":65,"enemies":"paleoftheancients:N","floor":62,"turns":8}],"seed_played":"-6193941262791045700","potions_obtained":[{"floor":1,"key":"Explosive Potion"},{"floor":3,"key":"Doom Potion"},{"floor":6,"key":"FearPotion"},{"floor":9,"key":"Weak Potion"},{"floor":12,"key":"Block Potion"},{"floor":26,"key":"ColorlessPotion"},{"floor":29,"key":"blackbeard:OrangeJuicePotion"},{"floor":31,"key":"DistilledChaos"},{"floor":35,"key":"SmokeBomb"},{"floor":37,"key":"Flashbang"},{"floor":44,"key":"Adrenaline Potion"},{"floor":47,"key":"Strength Potion"},{"floor":54,"key":"CultistPotion"},{"floor":58,"key":"Reflective Coating"}],"is_trial":true,"path_per_floor":["M","M","M","?","M","E","PTL","PTL","E","R","T","M","E","R","E","E","R","B",null,"M","?","E","$","E","R","E","R","T","E","$","E","M","E","R","B",null,"M","$","M","M","?","R","E","M","T","M","E","?","$","E","R","B","M","M","?","$","R","M","R","$","?","B",null],"character_chosen":"BLACKBEARD_CLASS","items_purchased":["ruina:CrimsonScar","ruina:CobaltScar","blackbeard:BloodOrange","Apotheosis","Quantum Egg","blackbeard:PirateEarring+1","blackbeard:PowerHungry","Ginger","Calipers"],"campfire_rested":1,"item_purchase_floors":[23,30,30,38,56,56,56,60,60],"current_hp_per_floor":[75,75,75,75,69,69,69,69,62,62,62,62,63,63,65,65,65,70,75,75,75,75,75,75,75,75,75,75,65,65,59,48,53,53,60,75,75,75,75,59,67,67,70,61,61,57,63,75,75,75,75,75,65,61,61,61,61,51,73,73,73,49],"gold":544,"neow_bonus":"","is_daily":false,"chose_seed":false,"campfire_upgraded":9,"win_rate":0.0,"timestamp":1614314569,"path_taken":["M","M","?","?","M","E","PTL","PTL","E","R","T","?","E","R","E","?","R","BOSS","M","?","?","?","?","R","E","R","T","E","$","E","M","?","R","BOSS","M","$","M","M","?","R","E","M","T","M","?","?","$","E","R","BOSS","M","M","?","$","R","M","R","$","?","BOSS"],"items_purchased_type":["Card","Card","Relic","Card","Relic","Card","Card","Relic","Relic"],"build_version":"2020-12-22","purchased_purges":0,"victory":true,"max_hp_per_floor":[75,75,75,75,75,75,75,75,75,75,75,75,75,75,75,75,75,75,75,75,75,75,75,75,75,75,75,75,75,75,75,75,75,75,75,75,75,75,75,75,75,75,75,75,75,75,75,75,75,75,75,75,75,75,75,75,75,75,75,75,75,75],"card_choices":[{"not_picked":["blackbeard:DangerousBlow","blackbeard:CatONineTails"],"picked":"blackbeard:Shrapnel","floor":0},{"not_picked":["blackbeard:Dagger","blackbeard:Shrapnel"],"picked":"blackbeard:CannonballSupply","floor":0},{"not_picked":["blackbeard:RearmingStrike","blackbeard:Upgrade"],"picked":"blackbeard:PirateHook","floor":0},{"not_picked":["blackbeard:Toast","blackbeard:ArmorUp"],"picked":"blackbeard:Rum","floor":0},{"not_picked":["blackbeard:Sword","blackbeard:PiratesWill"],"picked":"blackbeard:GoldenCannonball","floor":0},{"not_picked":["blackbeard:Shrapnel","blackbeard:Boarding"],"picked":"blackbeard:RemoveScurvy","floor":0},{"not_picked":["blackbeard:Recklessness","blackbeard:FieryDefense"],"picked":"blackbeard:PowderKeg","floor":0},{"not_picked":["blackbeard:Recklessness","blackbeard:Spear"],"picked":"blackbeard:BeatUp","floor":0},{"not_picked":["blackbeard:GoldenDefense","blackbeard:AgileStrike"],"picked":"blackbeard:TerrorOfTheSeas","floor":0},{"not_picked":["blackbeard:AgileStrike","blackbeard:BlindAttacks"],"picked":"blackbeard:WiseDefense","floor":0},{"not_picked":["blackbeard:SwordDance","blackbeard:Upgrade"],"picked":"blackbeard:Sharpening","floor":0},{"not_picked":["blackbeard:Sharpening","blackbeard:DoubleCannonball"],"picked":"blackbeard:CloakAndCannonball","floor":0},{"not_picked":["blackbeard:WiseDefense","blackbeard:Recklessness"],"picked":"blackbeard:TacticalRetreat","floor":0},{"not_picked":["blackbeard:Shrapnel","blackbeard:SmithingHammer"],"picked":"blackbeard:GoldenStrike","floor":0},{"not_picked":["blackbeard:Fencing","blackbeard:TacticalRetreat"],"picked":"blackbeard:Shrapnel","floor":0},{"not_picked":["blackbeard:UndeadForm","blackbeard:BlindAttacks"],"picked":"blackbeard:DelayedPain","floor":6},{"not_picked":["blackbeard:DoubleCannonball","blackbeard:BeatUp"],"picked":"blackbeard:GoldenDefense","floor":9},{"not_picked":["blackbeard:GoldenDefense","blackbeard:Sword"],"picked":"blackbeard:WoodenLeg","floor":13},{"not_picked":["blackbeard:Toast","blackbeard:TacticalRetreat"],"picked":"blackbeard:PowderKeg","floor":15},{"not_picked":["blackbeard:Sharpening","blackbeard:WeaponProficiency","blackbeard:Recklessness"],"picked":"SKIP","floor":16},{"not_picked":["blackbeard:Lifeboat","blackbeard:Murder"],"picked":"blackbeard:Parrot","floor":18},{"not_picked":["blackbeard:SwordDance","blackbeard:WeaponProficiency"],"picked":"blackbeard:InfiniteBarrage+1","floor":22},{"not_picked":["blackbeard:GhostInTheRum","blackbeard:CloakAndCannonball"],"picked":"blackbeard:WiseDefense+1","floor":24},{"not_picked":["blackbeard:Toast+1","blackbeard:VengefulSpirit+1"],"picked":"blackbeard:CatONineTails+1","floor":26},{"not_picked":["blackbeard:WeaponProficiency","blackbeard:Shrapnel"],"picked":"blackbeard:DelayedPain","floor":29},{"not_picked":["blackbeard:JollyRoger","blackbeard:WeaponProficiency+1"],"picked":"blackbeard:Sword","floor":31},{"not_picked":["blackbeard:BlindAttacks","blackbeard:DeadlyArsenal"],"picked":"blackbeard:GoldenCannonball","floor":33},{"not_picked":["blackbeard:Intoxication","blackbeard:WeaponMastery"],"picked":"blackbeard:HumongousCannonball","floor":35},{"not_picked":[],"picked":"blackbeard:FinalBarrage","floor":43},{"not_picked":["blackbeard:TacticalRetreat"],"picked":"SKIP","floor":47},{"not_picked":["blackbeard:DeadlyArsenal"],"picked":"SKIP","floor":50},{"not_picked":[],"picked":"blackbeard:BlindAttacks+1","floor":55}],"player_experience":955199,"relics_obtained":[{"floor":1,"key":"Anchor"},{"floor":2,"key":"Ornamental Fan"},{"floor":3,"key":"Replay:Baseball"},{"floor":5,"key":"reliquary:ExpiredCoupon"},{"floor":6,"key":"Nunchaku"},{"floor":9,"key":"Replay:Bandana"},{"floor":11,"key":"reliquary:TuningFork"},{"floor":12,"key":"Pen Nib"},{"floor":13,"key":"Shuriken"},{"floor":15,"key":"ReplayTheSpireMod:TigerMarble"},{"floor":16,"key":"reliquary:Boomerang"},{"floor":20,"key":"Centennial Puzzle"},{"floor":22,"key":"CeramicFish"},{"floor":24,"key":"Replay:Mystery Machine"},{"floor":26,"key":"Potion Belt"},{"floor":28,"key":"Art of War"},{"floor":29,"key":"reliquary:Sod"},{"floor":31,"key":"Pantograph"},{"floor":32,"key":"The Courier"},{"floor":33,"key":"aspiration:Lifesprig"},{"floor":37,"key":"reliquary:RosewoodLute"},{"floor":39,"key":"Ancient Tea Set"},{"floor":40,"key":"Oddly Smooth Stone"},{"floor":43,"key":"Du-Vu Doll"},{"floor":44,"key":"Gremlin Horn"},{"floor":45,"key":"Kunai"},{"floor":46,"key":"Replay:Bottled Eggs"},{"floor":47,"key":"Dead Branch"},{"floor":48,"key":"Old Coin"},{"floor":50,"key":"Grinning Jar"},{"floor":53,"key":"paleoftheancients:SoulOfTheWatcher"},{"floor":53,"key":"HornCleat"},{"floor":54,"key":"reliquary:Firecrackers"},{"floor":55,"key":"Blue Candle"},{"floor":58,"key":"paleoftheancients:SoulOfTheDefect"},{"floor":58,"key":"reliquary:GummyVitamins"}],"event_choices":[{"damage_healed":0,"gold_gain":0,"player_choice":"Fight","damage_taken":0,"max_hp_gain":0,"max_hp_loss":0,"event_name":"MindBloom","floor":48,"gold_loss":0}],"is_beta":false,"boss_relics":[{"not_picked":["Runic Dome","Replay:Wanted Poster"],"picked":"Snecko Heart"},{"not_picked":["reliquary:ThirdArm","aspiration:IroncladSkillbook"],"picked":"Busted Crown"}],"items_purged_floors":[],"is_endless":false,"potions_floor_spawned":[1,3,6,9,12,15,26,29,31,35,37,44,47,54,58],"ascension_level":1}}