{"host":"p4yrwepmrl4g8pul","time":1614331691,"event":{"mods":["Act Like it!","BaseMod","BetterRewards","Colored Map","Custom Start","Downfall","Gensokyo","Marisa£®ÏF”Í°°ƒß¿Ì…≥£©","Minty Spire (QoL Compilation)","Rare Cards Sparkle","Reimu£®≤©¿ˆ¡È√Œ£©","Remilia£®¿Ÿ√◊¿Ú—«£©","Remove Card Discount Mod","Shop Mod","StSLib","Thieving Mod"],"gold_per_floor":[99,99,99,13076,13076,13076,13076,13097,13129,13129,13140,13140,13153,13172,13189,13292,13292,13292,13305,12596,12622,11915,11955,11955,11755,11775,11875,11892,11907,11807,11822,11838,11942,11942,11954,11986,12011,12123,12145,12157,12214,12239,12027,12027,12027,12027,11076,11103,11118,11118,11118,11150,10323,10323,10323,10323],"floor_reached":57,"language":"ZHS","playtime":3016,"items_purged":["hexamod:Strike","hexamod:Strike","hexamod:Strike","hexamod:Strike","hexamod:Defend","hexamod:Sear","hexamod:Defend","hexamod:Defend","hexamod:Defend","hexamod:Firestarter","hexamod:RainOfEmbers","hexamod:ExtraCrispy+1","hexamod:FifthSeal","hexamod:Float+1","hexamod:BurningTouch","hexamod:InspiringFlames+1","Shame","Writhe","downfall:Haunted","hexamod:RecurringNightmare+1","Shame","hexamod:SwordOfDarkness","hexamod:GhostflameInferno+1","hexamod:Firestarter","hexamod:EtherealExpedition","hexamod:SkipABeat+1","hexamod:FlameSwitch"],"score":1427,"play_id":"e1d5c86e-e31e-41cc-9f88-62a20e212390","local_time":"20210226172811","is_ascension_mode":false,"campfire_choices":[{"data":"hexamod:Float","floor":1.0,"key":"SMITH"},{"data":"hexamod:ExtraCrispy","floor":6.0,"key":"SMITH"},{"data":"hexamod:NightmareStrike","floor":10.0,"key":"SMITH"},{"data":"hexamod:SoulSteal","floor":12.0,"key":"SMITH"},{"data":"hexamod:InspiringFlames","floor":18.0,"key":"SMITH"},{"floor":25.0,"key":"RECALL"},{"data":"J.A.X.","floor":30.0,"key":"SMITH"},{"data":"hexamod:GhostflameInferno","floor":35.0,"key":"SMITH"},{"data":"Madness","floor":44.0,"key":"SMITH"},{"floor":46.0,"key":"REST"},{"data":"expansioncontent:StudyTheSpire","floor":54.0,"key":"SMITH"}],"circlet_count":0,"master_deck":["hexamod:SoulSteal+1","Flash of Steel+1","hexamod:NightmareStrike+1","hexamod:Incineration+1","Madness+1","J.A.X.+1","Master of Strategy","expansioncontent:StudyTheSpire+1"],"relics":["hexamod:SpiritBrand","downfall:HeartsMalice","Oddly Smooth Stone","Mastiff:ReiMu","TentaclePot:ReiMu","Centennial Puzzle","MerchantsRug","Blue Candle","Odd Mushroom","Tiny Chest","SlaversCollar","Omamori","hexamod:InflammatoryLetter","HandDrill","Medical Kit","Art of War","Nunchaku","hexamod:TheBrokenSeal","Lantern","downfall:HeartBlessingGreen","downfall:HeartBlessingBlue","MutagenicStrength","downfall:HeartBlessingRed","Calling Bell","MawBank","Shuriken","PureWhite:ReiMu","downfall:ExtraCursedKey","Potion Belt","Anchor","Toy Ornithopter","Cauldron","Singing Bowl","Ice Cream","Orrery","Eternal Feather","Mummified Hand","CrazyTorch:ReiMu","HornCleat","Frozen Eye"],"acts_visited":["Exordium","TheCity","TheBeyond","TheEnding"],"potions_floor_usage":[56,56,56,56,56],"damage_taken":[{"damage":0.0,"enemies":"Jaw Worm","floor":3.0,"turns":1.0},{"damage":0.0,"enemies":"downfall:FleeingMerchant","floor":4.0,"turns":1.0},{"damage":0.0,"enemies":"2 Louse","floor":5.0,"turns":1.0},{"damage":10.0,"enemies":"The Mushroom Lair","floor":8.0,"turns":4.0},{"damage":25.0,"enemies":"Lagavulin","floor":9.0,"turns":6.0},{"damage":0.0,"enemies":"Small Slimes","floor":11.0,"turns":3.0},{"damage":9.0,"enemies":"downfall:LooterAlt","floor":13.0,"turns":3.0},{"damage":0.0,"enemies":"Large Slime","floor":14.0,"turns":5.0},{"damage":5.0,"enemies":"Exordium Wildlife","floor":15.0,"turns":3.0},{"damage":13.0,"enemies":"SI_SHIV_ARCHETYPE","floor":16.0,"turns":5.0},{"damage":46.0,"enemies":"downfall:LooterAlt2","floor":19.0,"turns":4.0},{"damage":0.0,"enemies":"downfall:FleeingMerchant","floor":20.0,"turns":4.0},{"damage":25.0,"enemies":"Spheric Guardian","floor":21.0,"turns":4.0},{"damage":15.0,"enemies":"downfall:FleeingMerchant","floor":22.0,"turns":4.0},{"damage":87.0,"enemies":"Slavers","floor":23.0,"turns":5.0},{"damage":0.0,"enemies":"Snake Plant","floor":26.0,"turns":1.0},{"damage":23.0,"enemies":"downfall:Augmenter","floor":27.0,"turns":3.0},{"damage":5.0,"enemies":"Cultist and Chosen","floor":28.0,"turns":2.0},{"damage":12.0,"enemies":"Centurion and Healer","floor":29.0,"turns":3.0},{"damage":6.0,"enemies":"3 Cultists","floor":31.0,"turns":2.0},{"damage":8.0,"enemies":"Chosen and Byrds","floor":32.0,"turns":2.0},{"damage":17.0,"enemies":"WA_ARCHETYPE_CALM","floor":33.0,"turns":3.0},{"damage":3.0,"enemies":"Orb Walker","floor":36.0,"turns":1.0},{"damage":6.0,"enemies":"3 Darklings","floor":37.0,"turns":3.0},{"damage":9.0,"enemies":"Sphere and 2 Shapes","floor":39.0,"turns":3.0},{"damage":19.0,"enemies":"Writhing Mass","floor":42.0,"turns":2.0},{"damage":21.0,"enemies":"downfall:FleeingMerchant","floor":43.0,"turns":3.0},{"damage":6.0,"enemies":"Nemesis","floor":48.0,"turns":1.0},{"damage":20.0,"enemies":"4 Shapes","floor":49.0,"turns":2.0},{"damage":56.0,"enemies":"DF_ARCHETYPE_ORBS","floor":50.0,"turns":3.0},{"damage":9.0,"enemies":"downfall:CharBossMerchant","floor":52.0,"turns":2.0},{"damage":25.0,"enemies":"downfall:NeowBoss","floor":55.0,"turns":7.0},{"damage":69,"enemies":"downfall:NeowBossFinal","floor":56,"turns":3}],"seed_played":"-4396500720011681845","potions_obtained":[{"floor":11.0,"key":"ColorlessPotion"},{"floor":19.0,"key":"Fruit Juice"},{"floor":20.0,"key":"Guardian:BlockOnCardUsePotion"},{"floor":22.0,"key":"BlessingOfTheForge"},{"floor":31.0,"key":"Swift Potion"},{"floor":32.0,"key":"hexamod:EctoCoolerPotion"},{"floor":33.0,"key":"Fire Potion"},{"floor":42.0,"key":"Guardian:BlockOnCardUsePotion"},{"floor":43.0,"key":"PowerPotion"},{"floor":43.0,"key":"Block Potion"},{"floor":43.0,"key":"DuplicationPotion"},{"floor":43.0,"key":"bronze:BurnAndBuffPotion"},{"floor":43.0,"key":"Fire Potion"}],"is_trial":false,"path_per_floor":["R","?","M","$","M","R","T","?","E","R","M","R","M","M","M","B",null,"R","M","$","M","$","E","T","R","M","?","M","M","R","M","M","B",null,"R","M","M","?","M","?","T","M","$","R","T","R","?","E","M","B",null,"E","$","R","B","B",null],"character_chosen":"THE_SPIRIT","items_purchased":["Mastiff:ReiMu","TentaclePot:ReiMu","hexamod:InspiringFlames","hexamod:ExtraCrispy","Centennial Puzzle","Flash of Steel","Regen Potion","DuplicationPotion","champ:CounterPotion","MerchantsRug","Omamori","hexamod:InflammatoryLetter","HandDrill","PowerPotion","GamblersBrew","Medical Kit","Art of War","Nunchaku","Madness","hexamod:ThirdSeal","hexamod:Rewind","Anchor","Toy Ornithopter","Cauldron","Fruit Juice","Singing Bowl","Ice Cream","Master of Strategy","Orrery","DuplicationPotion","CrazyTorch:ReiMu","HornCleat","Frozen Eye","expansioncontent:StudyTheSpire"],"campfire_rested":1,"item_purchase_floors":[4,4,4,4,4,4,4,4,4,4,20,20,20,20,20,22,22,22,22,22,22,43,43,43,43,47,47,47,47,47,53,53,53,53],"current_hp_per_floor":[70,67,67,67,67,67,67,57,482,482,482,482,473,473,468,455,70,70,519,75,75,60,85,85,95,95,927,922,910,910,904,896,879,95,95,92,8897,100,91,91,91,864,105,105,105,105,115,1170,119,63,119,112,112,115,9594,769],"gold":10323,"neow_bonus":"THREE_ENEMY_KILL","is_daily":false,"chose_seed":false,"campfire_upgraded":9,"win_rate":0.0,"timestamp":1614331691,"path_taken":["R","?","M","$","M","R","T","?","E","R","M","R","M","M","M","BOSS","R","M","$","M","$","E","T","R","M","?","M","M","R","M","M","BOSS","R","M","M","?","M","?","T","M","$","R","?","R","?","E","M","BOSS","E","$","R","BOSS","BOSS"],"items_purchased_type":["Relic","Relic","Card","Card","Relic","Card","Potion","Potion","Potion","Relic","Relic","Relic","Relic","Potion","Potion","Relic","Relic","Relic","Card","Card","Card","Relic","Relic","Relic","Potion","Relic","Relic","Card","Relic","Potion","Relic","Relic","Relic","Card"],"build_version":"2020-12-22","purchased_purges":27,"victory":true,"max_hp_per_floor":[70,70,70,70,70,70,70,70,70,70,70,70,70,70,70,70,70,70,70,75,75,75,85,85,95,95,95,95,95,95,95,95,95,95,95,95,95,100,100,100,100,100,105,105,105,105,115,117,119,119,119,121,121,121,121,121],"card_choices":[{"not_picked":["hexamod:GhostShield","hexamod:HeatMetal"],"picked":"hexamod:BurningTouch","floor":3.0},{"not_picked":["hexamod:FlamesFromBeyond","hexamod:EmpoweredFlame"],"picked":"hexamod:SoulSteal","floor":4.0},{"not_picked":["hexamod:GhostLash","hexamod:EmpoweredFlame"],"picked":"hexamod:Firestarter","floor":5.0},{"not_picked":["hexamod:SpectersWail","hexamod:BacktrackSmack"],"picked":"hexamod:NightmareStrike","floor":8.0},{"not_picked":["hexamod:NightmareStrike","hexamod:DynamicBlow"],"picked":"hexamod:Firestarter","floor":9.0},{"not_picked":["hexamod:BurningTouch","hexamod:SkipABeat","hexamod:NecessarySacrifice"],"picked":"SKIP","floor":11.0},{"not_picked":["hexamod:FastForward","hexamod:BurningTouch","hexamod:FirstSeal"],"picked":"SKIP","floor":13.0},{"not_picked":["hexamod:FourthSeal","hexamod:SuperheatedStrike"],"picked":"hexamod:RainOfEmbers","floor":14.0},{"not_picked":["hexamod:StepThrough","hexamod:GhostShield"],"picked":"hexamod:FifthSeal","floor":15.0},{"not_picked":["hexamod:FirstSeal","hexamod:ThirdSeal"],"picked":"hexamod:FourthSeal","floor":16.0},{"not_picked":["hexamod:FourthSeal","hexamod:SecondSeal"],"picked":"hexamod:FirstSeal","floor":16.0},{"not_picked":["hexamod:TimeOfNeed","hexamod:ParanormalForm"],"picked":"hexamod:FifthSeal","floor":16.0},{"not_picked":["hexamod:FirstSeal","hexamod:FourthSeal"],"picked":"hexamod:SecondSeal","floor":19.0},{"not_picked":["hexamod:FastForward","hexamod:SwordOfDarkness","hexamod:RainOfEmbers"],"picked":"SKIP","floor":19.0},{"not_picked":["hexamod:ThirdSeal","hexamod:SecondSeal"],"picked":"hexamod:SixthSeal","floor":20.0},{"not_picked":["hexamod:HauntingEcho","hexamod:SuperheatedStrike"],"picked":"hexamod:Incineration+1","floor":20.0},{"not_picked":["hexamod:EtherealExpedition","hexamod:NightmareGuise+1","hexamod:Firestarter"],"picked":"SKIP","floor":21.0},{"not_picked":["hexamod:ThermalTransfer","hexamod:HeatShield","hexamod:GhostLash"],"picked":"SKIP","floor":22.0},{"not_picked":["hexamod:GhostOfSpireFuture","hexamod:HauntingEcho"],"picked":"hexamod:EtherealExpedition","floor":23.0},{"not_picked":["hexamod:HeatMetal","hexamod:GhostLash+1"],"picked":"hexamod:SkipABeat+1","floor":26.0},{"not_picked":[],"picked":"J.A.X.","floor":27.0},{"not_picked":["hexamod:GhostLash","hexamod:BacktrackSmack","hexamod:HeatMetal+1"],"picked":"SKIP","floor":28.0},{"not_picked":["hexamod:SoulSteal","hexamod:GhostLash","hexamod:RadiantFlame"],"picked":"SKIP","floor":29.0},{"not_picked":["hexamod:ShieldOfDarkness","hexamod:AdvancingGuard","hexamod:FifthSeal"],"picked":"SKIP","floor":31.0},{"not_picked":["hexamod:GhostOfSpirePast","hexamod:NightmareGuise","hexamod:SuperheatedStrike"],"picked":"SKIP","floor":32.0},{"not_picked":["hexamod:ParanormalForm","hexamod:GiftsFromTheDead"],"picked":"hexamod:GhostflameInferno","floor":33.0},{"not_picked":["hexamod:BacktrackSmack","hexamod:AdvancingGuard","hexamod:HeatCrush"],"picked":"SKIP","floor":36.0},{"not_picked":["hexamod:ThermalTransfer+1","hexamod:NightmareGuise+1","hexamod:InspiringFlames"],"picked":"SKIP","floor":37.0},{"not_picked":["hexamod:Hexaguard","hexamod:FourthSeal","hexamod:SpectralSpark+1"],"picked":"SKIP","floor":39.0},{"not_picked":["hexamod:ShieldOfDarkness","hexamod:GhostLash+1"],"picked":"hexamod:RecurringNightmare+1","floor":42.0},{"not_picked":["hexamod:RecurringNightmare","hexamod:GhostLash","hexamod:SpectralAdrenaline+1"],"picked":"SKIP","floor":43.0},{"not_picked":["hexamod:GhostShield","hexamod:BurningTouch+1","hexamod:RadiantFlame"],"picked":"Singing Bowl","floor":47.0},{"not_picked":["hexamod:FlamesFromBeyond","hexamod:SpectralSpark+1","hexamod:StepThrough+1"],"picked":"Singing Bowl","floor":47.0},{"not_picked":["hexamod:GiftsFromTheDead","hexamod:FlamesFromBeyond+1","hexamod:DynamicBlow+1"],"picked":"Singing Bowl","floor":47.0},{"not_picked":["hexamod:BacktrackSmack+1","hexamod:HauntingEcho","hexamod:GhostLash+1"],"picked":"Singing Bowl","floor":47.0},{"not_picked":["hexamod:ParanormalForm","hexamod:AdvancingGuard+1","hexamod:SwordOfDarkness"],"picked":"Singing Bowl","floor":47.0},{"not_picked":["hexamod:GhostLash","hexamod:PowerFromBeyond+1","hexamod:ThirdSeal"],"picked":"Singing Bowl","floor":48.0},{"not_picked":["hexamod:NightmareStrike+1","hexamod:Hexaguard","hexamod:CatchUp+1"],"picked":"Singing Bowl","floor":49.0},{"not_picked":["hexamod:GhostOfSpirePast","hexamod:HeatMetal+1","hexamod:FlamesFromBeyond+1"],"picked":"Singing Bowl","floor":52.0}],"player_experience":847995,"relics_obtained":[{"floor":7.0,"key":"Blue Candle"},{"floor":8.0,"key":"Odd Mushroom"},{"floor":9.0,"key":"Tiny Chest"},{"floor":23.0,"key":"Lantern"},{"floor":27.0,"key":"MutagenicStrength"},{"floor":34.0,"key":"MawBank"},{"floor":34.0,"key":"Shuriken"},{"floor":34.0,"key":"PureWhite:ReiMu"},{"floor":41.0,"key":"Potion Belt"},{"floor":48.0,"key":"Eternal Feather"},{"floor":52.0,"key":"Mummified Hand"}],"event_choices":[{"damage_healed":0.0,"max_hp_gain":0.0,"max_hp_loss":0.0,"gold_gain":0.0,"event_name":"Scrap Ooze","player_choice":"Success","floor":2.0,"gold_loss":0.0,"damage_taken":3.0,"relics_obtained":["Oddly Smooth Stone"]},{"damage_healed":0.0,"max_hp_gain":0.0,"max_hp_loss":0.0,"gold_gain":0.0,"event_name":"Mushrooms","player_choice":"Fought Mushrooms","floor":8.0,"gold_loss":0.0,"damage_taken":0.0}],"is_beta":false,"boss_relics":[{"not_picked":["Empty Cage","Snecko Eye"],"picked":"SlaversCollar"},{"not_picked":["Runic Dome","Sozu"],"picked":"Calling Bell"}],"items_purged_floors":[4,4,4,4,4,4,4,20,20,20,20,20,20,20,20,22,43,43,43,43,43,43,43,43,43,43,43],"is_endless":false,"potions_floor_spawned":[8,9,11,14,23,26,27,31,32,33,42,48,49],"ascension_level":0}}