{"host":"30jsp143e4v19aze","time":1614365103,"event":{"mods":["BaseMod","Colored Map","Colored Powertips","Curses Come First","DeckTracker","Highlight Path","Minty Spire (QoL Compilation)","Quick Restart","Relic Stats","StSLib","everything is the same but u backflip on backflip","slay the spire mod where everything is the same but ironclad has a cowboy hat"],"gold_per_floor":[114,114,114,114,133,168,168,202,202,215,226,18,18,44,44,118,118,138,154,154,244,261,261,261,291,367,401,401,401,426,438,438,438,438],"floor_reached":33,"language":"ENG","playtime":1073,"items_purged":["Strike_R"],"score":767,"play_id":"96884321-aa1c-43fd-b7e7-3ab42965af64","local_time":"20210226194503","is_ascension_mode":true,"campfire_choices":[{"data":"Whirlwind","floor":7,"key":"SMITH"},{"data":"Juggernaut","floor":13,"key":"SMITH"},{"data":"Spot Weakness","floor":15,"key":"SMITH"},{"floor":23,"key":"REST"},{"floor":29,"key":"REST"},{"floor":32,"key":"REST"}],"circlet_count":0,"master_deck":["AscendersBane","Defend_R","Defend_R","Defend_R","Defend_R","Bash+1","Twin Strike","Uppercut","Whirlwind+1","Clothesline","Shockwave","Juggernaut+1","Spot Weakness+1","Feed","Ghostly","Ghostly","Ghostly","Battle Trance","Bite","Bite","Bite","Bite","Bite","True Grit","Feel No Pain","Burning Pact","Flame Barrier"],"relics":["Burning Blood","NeowsBlessing","Blue Candle","Smiling Mask","Calipers","Gremlin Horn","OrangePellets","Thread and Needle","Fusion Hammer","Potion Belt","White Beast Statue","Question Card","Boot"],"acts_visited":["Exordium","TheCity"],"potions_floor_usage":[16,16,25,30,30],"damage_taken":[{"damage":0,"enemies":"Jaw Worm","floor":1,"turns":1},{"damage":0,"enemies":"2 Louse","floor":5,"turns":1},{"damage":0,"enemies":"3 Sentries","floor":6,"turns":2},{"damage":50,"enemies":"Lagavulin","floor":8,"turns":8},{"damage":0,"enemies":"Small Slimes","floor":10,"turns":2},{"damage":8,"enemies":"Exordium Wildlife","floor":11,"turns":3},{"damage":30,"enemies":"3 Sentries","floor":14,"turns":5},{"damage":9,"enemies":"Hexaghost","floor":16,"turns":8},{"damage":8,"enemies":"Chosen","floor":18,"turns":4},{"damage":30,"enemies":"Shell Parasite","floor":19,"turns":4},{"damage":3,"enemies":"Centurion and Healer","floor":22,"turns":3},{"damage":17,"enemies":"Slavers","floor":25,"turns":5},{"damage":0,"enemies":"Gremlin Leader","floor":27,"turns":6},{"damage":26,"enemies":"Slavers","floor":30,"turns":7},{"damage":24,"enemies":"Cultist and Chosen","floor":31,"turns":7},{"damage":50,"enemies":"Collector","floor":33,"turns":8}],"seed_played":"5652913468146487703","potions_obtained":[{"floor":5,"key":"FearPotion"},{"floor":8,"key":"EssenceOfSteel"},{"floor":10,"key":"DuplicationPotion"},{"floor":19,"key":"ColorlessPotion"},{"floor":22,"key":"AttackPotion"},{"floor":27,"key":"LiquidMemories"},{"floor":30,"key":"Regen Potion"},{"floor":31,"key":"DuplicationPotion"}],"is_trial":false,"path_per_floor":["M","?","?","?","M","E","R","E","T","M","M","$","R","E","R","B",null,"M","M","?","?","M","R","?","E","T","E","?","R","E","M","R","B"],"character_chosen":"IRONCLAD","items_purchased":["OrangePellets"],"campfire_rested":3,"item_purchase_floors":[12],"current_hp_per_floor":[74,74,74,67,73,75,75,31,31,37,35,35,35,11,11,8,58,56,35,35,17,23,35,29,29,29,32,26,37,23,22,34,0,0],"gold":438,"neow_bonus":"THREE_ENEMY_KILL","is_daily":false,"chose_seed":false,"campfire_upgraded":3,"win_rate":0.0,"timestamp":1614365103,"path_taken":["M","?","?","?","M","E","R","E","T","?","M","$","R","E","R","BOSS","M","M","?","?","?","R","?","E","T","E","?","R","E","M","R","BOSS"],"items_purchased_type":["Relic"],"build_version":"2020-12-22","purchased_purges":1,"victory":false,"max_hp_per_floor":[75,75,75,75,75,75,75,75,75,75,75,75,75,75,75,75,75,75,78,39,39,42,42,29,32,32,32,37,37,37,40,40,40,40],"relic_stats":{"OrangePellets":[3],"Gremlin Horn":[12,13],"counters":[16,74],"Blue Candle":[0],"Smiling Mask":25,"Question Card":2,"Boot":[0],"obtain_stats":[{"Potion Belt":25,"Calipers":8,"NeowsBlessing":0,"Gremlin Horn":9,"Blue Candle":2,"Thread and Needle":14,"Smiling Mask":6,"Question Card":27,"Boot":30,"Burning Blood":0,"White Beast Statue":26,"OrangePellets":12,"Fusion Hammer":17},{"Potion Belt":12,"Calipers":4,"NeowsBlessing":0,"Gremlin Horn":4,"Blue Candle":1,"Thread and Needle":7,"Smiling Mask":3,"Question Card":13,"Boot":14,"Burning Blood":0,"White Beast Statue":12,"OrangePellets":6,"Fusion Hammer":8},{"Potion Belt":46,"Calipers":12,"NeowsBlessing":0,"Gremlin Horn":12,"Blue Candle":1,"Thread and Needle":22,"Smiling Mask":4,"Question Card":52,"Boot":59,"Burning Blood":0,"White Beast Statue":46,"OrangePellets":17,"Fusion Hammer":30}],"Burning Blood":80},"card_choices":[{"not_picked":["Clash","Bloodletting"],"picked":"Twin Strike","floor":1},{"not_picked":["Pummel","True Grit"],"picked":"Uppercut","floor":5},{"not_picked":["Perfected Strike","Sword Boomerang"],"picked":"Whirlwind","floor":6},{"not_picked":["Fire Breathing","Body Slam"],"picked":"Clothesline","floor":8},{"not_picked":["Clothesline","Anger"],"picked":"Shockwave","floor":10},{"not_picked":["Thunderclap","Heavy Blade"],"picked":"Juggernaut","floor":11},{"not_picked":["Clash","Sword Boomerang"],"picked":"Spot Weakness","floor":14},{"not_picked":["Limit Break","Exhume"],"picked":"Feed","floor":16},{"not_picked":["Reckless Charge","Ghostly Armor","Whirlwind"],"picked":"SKIP","floor":18},{"not_picked":["Flex","Wild Strike+1","Havoc"],"picked":"SKIP","floor":19},{"not_picked":["Flame Barrier","Pommel Strike"],"picked":"Battle Trance","floor":22},{"not_picked":["Warcry","Blood for Blood"],"picked":"True Grit","floor":25},{"not_picked":["Cleave+1","Entrench"],"picked":"Feel No Pain","floor":27},{"not_picked":["Twin Strike+1","Havoc+1","Iron Wave"],"picked":"Burning Pact","floor":30},{"not_picked":["Armaments+1","Clothesline","Perfected Strike"],"picked":"Flame Barrier","floor":31}],"player_experience":3312434,"relics_obtained":[{"floor":6,"key":"Smiling Mask"},{"floor":8,"key":"Calipers"},{"floor":9,"key":"Gremlin Horn"},{"floor":14,"key":"Thread and Needle"},{"floor":25,"key":"Potion Belt"},{"floor":26,"key":"White Beast Statue"},{"floor":27,"key":"Question Card"},{"floor":30,"key":"Boot"}],"event_choices":[{"damage_healed":0,"gold_gain":0,"player_choice":"Box","damage_taken":0,"relics_obtained":["Blue Candle"],"max_hp_gain":0,"max_hp_loss":0,"event_name":"Big Fish","floor":2,"gold_loss":0,"cards_obtained":["Regret"]},{"damage_healed":0,"gold_gain":0,"player_choice":"Grow","damage_taken":0,"max_hp_gain":0,"max_hp_loss":0,"event_name":"Living Wall","floor":3,"gold_loss":0,"cards_upgraded":["Bash"]},{"cards_removed":["Regret"],"damage_healed":0,"gold_gain":0,"player_choice":"Card Removal","damage_taken":7,"max_hp_gain":0,"max_hp_loss":0,"event_name":"Golden Wing","floor":4,"gold_loss":0},{"damage_healed":0,"gold_gain":0,"player_choice":"Became a Ghost","damage_taken":0,"max_hp_gain":0,"max_hp_loss":39,"event_name":"Ghosts","floor":20,"gold_loss":0,"cards_obtained":["Ghostly","Ghostly","Ghostly"]},{"damage_healed":0,"gold_gain":90,"player_choice":"POTION GOLD ","damage_taken":18,"max_hp_gain":0,"max_hp_loss":0,"event_name":"Knowing Skull","floor":21,"potions_obtained":["Ancient Potion"],"gold_loss":0,"cards_obtained":[]},{"damage_healed":0,"gold_gain":0,"player_choice":"Became a vampire","damage_taken":0,"max_hp_gain":0,"max_hp_loss":13,"event_name":"Vampires","floor":24,"gold_loss":0,"cards_obtained":["Bite","Bite","Bite","Bite","Bite"]},{"damage_healed":0,"gold_gain":0,"player_choice":"Shed Blood","damage_taken":11,"max_hp_gain":5,"max_hp_loss":0,"event_name":"Forgotten Altar","floor":28,"gold_loss":0}],"is_beta":false,"boss_relics":[{"not_picked":["Coffee Dripper","Empty Cage"],"picked":"Fusion Hammer"}],"items_purged_floors":[12],"is_endless":false,"potions_floor_spawned":[5,8,10,11,19,22,27,30,31],"killed_by":"Collector","ascension_level":20}}