{"host":"5tnftuc8o0gay6lt","time":1614336412,"event":{"mods":["BaseMod","Better Match","Better Note","Better Sensory Stone","Better Skull","Better Third Choice","BetterRewards","Colored Powertips","Conspire","Minty Spire (QoL Compilation)","Permanent Neow","Relic Filter Mod","Spicy Shops","StSLib","SuperFastMode","¡¾ÒÅÎï¿¨ÅÆ¡¿REMEMod"],"gold_per_floor":[109,123,158,170,170,170,170,170],"floor_reached":7,"language":"ZHS","playtime":497,"items_purged":["Strike_R"],"score":55,"play_id":"45b84ecb-35e1-4ef3-9ad7-89c06fc849b2","local_time":"20210226184652","is_ascension_mode":true,"campfire_choices":[{"data":"Searing Blow","floor":6,"key":"SMITH"}],"circlet_count":0,"master_deck":["Strike_R","Strike_R","Strike_R","Strike_R","Defend_R","Defend_R","Defend_R","Defend_R","Bash","Shockwave","Adrenaline","Shrug It Off","Searing Blow+1"],"relics":["Burning Blood","REME_ComplimentaryCards","Bag of Preparation","Singing Bowl","Shuriken","Frozen Egg 2"],"acts_visited":["Exordium"],"potions_floor_usage":[7],"damage_taken":[{"damage":11,"enemies":"Small Slimes","floor":1,"turns":5},{"damage":1,"enemies":"Jaw Worm","floor":2,"turns":6},{"damage":28,"enemies":"conspire:MimicChest","floor":3,"turns":8},{"damage":0,"enemies":"Cultist","floor":4,"turns":4},{"damage":30,"enemies":"3 Sentries","floor":7,"turns":5}],"seed_played":"-4663892912458499444","potions_obtained":[{"floor":3,"key":"LiquidBronze"}],"is_trial":false,"path_per_floor":["M","M","?","M","?","R","E"],"character_chosen":"IRONCLAD","items_purchased":["Bag of Preparation","Singing Bowl","Shockwave","Shuriken"],"campfire_rested":0,"item_purchase_floors":[0,0,0,0],"current_hp_per_floor":[37,42,22,28,28,28,0,0],"gold":170,"neow_bonus":"","is_daily":false,"chose_seed":false,"campfire_upgraded":1,"win_rate":0.0,"timestamp":1614336412,"path_taken":["M","M","?","M","?","R","E"],"items_purchased_type":["Relic","Relic","Card","Relic"],"build_version":"2020-12-22","purchased_purges":1,"victory":false,"max_hp_per_floor":[82,82,84,84,84,84,84,84],"card_choices":[{"not_picked":["Disarm","Cleave","Warcry"],"picked":"Singing Bowl","floor":1},{"not_picked":["Flex","Blood for Blood"],"picked":"Shrug It Off","floor":2},{"not_picked":["Iron Wave","Thunderclap","REME_SingleHolding"],"picked":"Singing Bowl","floor":3},{"not_picked":["True Grit","Rupture+1"],"picked":"Searing Blow","floor":4}],"player_experience":537915,"relics_obtained":[{"floor":3,"key":"Frozen Egg 2"}],"event_choices":[{"damage_healed":0,"gold_gain":0,"player_choice":"Ignored","damage_taken":170,"max_hp_gain":0,"max_hp_loss":0,"event_name":"betterThird:BetterSerpent","floor":5,"gold_loss":0}],"is_beta":false,"boss_relics":[],"items_purged_floors":[0],"is_endless":false,"potions_floor_spawned":[3],"killed_by":"3 Sentries","ascension_level":7}}