{"host":"gsjtu2nhjj0xfoom","time":1614363782,"event":{"mods":["BaseMod","Colored Map","Colored Powertips","Highlight Path","Minty Spire (QoL Compilation)","Permanent Neow","StSLib"],"gold_per_floor":[109,124,124,143,163,163,197,197,197,197,226,226,242,261,261,360,360,378,378,7,17,36,36,64,64,115,115,145,163,180,7,7,128,178,236,336,373,373,28,28,76,76,76,135,135,170,240,37,37,57],"floor_reached":51,"language":"ENG","playtime":2658,"items_purged":["Strike_B","Dualcast","Defend_B"],"score":1088,"play_id":"7a8dd232-a847-46b5-a0e0-07d670c86c5c","local_time":"20210226192302","is_ascension_mode":true,"campfire_choices":[{"data":"Gash","floor":6.0,"key":"SMITH"},{"data":"Hologram","floor":8.0,"key":"SMITH"},{"floor":15.0,"key":"REST"},{"data":"Zap","floor":23.0,"key":"PURGE"},{"data":"Chill","floor":25.0,"key":"PURGE"},{"data":"Chaos","floor":27.0,"key":"PURGE"},{"floor":32.0,"key":"REST"},{"data":"Hologram","floor":40,"key":"SMITH"},{"data":"Go for the Eyes","floor":42,"key":"SMITH"},{"data":"Creative AI","floor":45,"key":"PURGE"},{"floor":49,"key":"REST"}],"circlet_count":0,"master_deck":["AscendersBane","Defend_B","Defend_B","Defend_B","Beam Cell+1","BootSequence","Gash+1","Hologram+1","Go for the Eyes+1","Meteor Strike","Double Energy","Reprogram+1","HandOfGreed","Core Surge+1","Leap","All For One","Hologram+1","Leap+1","Barrage"],"relics":["Busted Crown","Potion Belt","Symbiotic Virus","Peace Pipe","Centennial Puzzle","PreservedInsect","Runic Pyramid","Runic Capacitor","Happy Flower","Anchor","Regal Pillow","Oddly Smooth Stone","Tiny House","Membership Card","Mercury Hourglass","Question Card","Lantern","Pocketwatch","HornCleat"],"acts_visited":["Exordium","TheCity","TheBeyond"],"potions_floor_usage":[46,50,50,50,50],"damage_taken":[{"damage":2.0,"enemies":"Jaw Worm","floor":1.0,"turns":4.0},{"damage":0.0,"enemies":"Cultist","floor":2.0,"turns":3.0},{"damage":0.0,"enemies":"2 Louse","floor":4.0,"turns":3.0},{"damage":0.0,"enemies":"2 Fungi Beasts","floor":5.0,"turns":4.0},{"damage":24.0,"enemies":"Gremlin Nob","floor":7.0,"turns":4.0},{"damage":15.0,"enemies":"Lagavulin","floor":11.0,"turns":5.0},{"damage":0.0,"enemies":"Blue Slaver","floor":13.0,"turns":2.0},{"damage":0.0,"enemies":"Lots of Slimes","floor":14.0,"turns":4.0},{"damage":16.0,"enemies":"Hexaghost","floor":16.0,"turns":9.0},{"damage":8.0,"enemies":"Spheric Guardian","floor":18.0,"turns":5.0},{"damage":8.0,"enemies":"3 Byrds","floor":21.0,"turns":4.0},{"damage":0.0,"enemies":"Centurion and Healer","floor":22.0,"turns":5.0},{"damage":14.0,"enemies":"Book of Stabbing","floor":24.0,"turns":3.0},{"damage":12.0,"enemies":"Slavers","floor":28.0,"turns":5.0},{"damage":0.0,"enemies":"Cultist and Chosen","floor":29.0,"turns":6.0},{"damage":0.0,"enemies":"Chosen and Byrds","floor":30.0,"turns":5.0},{"damage":6.0,"enemies":"Collector","floor":33.0,"turns":8.0},{"damage":0,"enemies":"3 Shapes","floor":35,"turns":7},{"damage":1,"enemies":"3 Darklings","floor":37,"turns":6},{"damage":7,"enemies":"Giant Head","floor":41,"turns":6},{"damage":23,"enemies":"Sphere and 2 Shapes","floor":44,"turns":6},{"damage":14,"enemies":"Writhing Mass","floor":46,"turns":6},{"damage":0,"enemies":"Mind Bloom Boss Battle","floor":47,"turns":6},{"damage":23,"enemies":"Donu and Deca","floor":50,"turns":9}],"seed_played":"1323317190515414575","potions_obtained":[{"floor":2.0,"key":"EntropicBrew"},{"floor":4.0,"key":"SteroidPotion"},{"floor":5.0,"key":"FocusPotion"},{"floor":18.0,"key":"DuplicationPotion"},{"floor":22.0,"key":"Dexterity Potion"},{"floor":28.0,"key":"Explosive Potion"},{"floor":29.0,"key":"Energy Potion"},{"floor":34.0,"key":"Fruit Juice"},{"floor":41,"key":"PowerPotion"}],"is_trial":false,"path_per_floor":["M","M","?","M","M","R","E","R","T","?","E","?","M","M","R","B",null,"M","?","$","M","M","R","E","R","T","R","E","M","M","$","R","B",null,"M","?","M","?","$","R","E","R","T","M","R","M","?","$","R","B",null],"character_chosen":"DEFECT","items_purchased":["Runic Capacitor","Happy Flower","HandOfGreed","Membership Card","Hologram","Mercury Hourglass","HornCleat","Barrage"],"campfire_rested":3,"item_purchase_floors":[20,20,31,39,39,39,48,48],"current_hp_per_floor":[66,66,66,66,66,66,42,42,42,17,2,2,2,2,24,8,58,50,50,50,42,42,42,28,28,28,28,16,16,16,16,53,47,73,73,73,72,72,72,72,65,65,65,42,42,28,28,28,67,49],"gold":57,"neow_bonus":"BOSS_RELIC","is_daily":false,"chose_seed":false,"campfire_upgraded":4,"win_rate":0.0,"timestamp":1614363782,"path_taken":["M","M","?","?","M","R","E","R","T","?","E","?","M","M","R","BOSS","M","?","$","M","M","R","E","R","T","R","E","M","M","$","R","BOSS","M","?","?","?","$","R","E","R","T","?","R","M","?","$","R","BOSS"],"items_purchased_type":["Relic","Relic","Card","Relic","Card","Relic","Relic","Card"],"build_version":"2020-12-22","purchased_purges":3,"victory":true,"max_hp_per_floor":[75,75,75,75,75,75,75,75,75,75,75,75,75,75,75,75,75,75,75,75,75,75,75,75,75,75,75,75,75,75,75,75,75,80,80,80,80,80,80,80,80,80,80,80,80,80,80,80,80,85],"card_choices":[{"not_picked":[],"picked":"Beam Cell","floor":1.0},{"not_picked":[],"picked":"BootSequence","floor":2.0},{"not_picked":[],"picked":"Gash","floor":4.0},{"not_picked":["Loop"],"picked":"SKIP","floor":5.0},{"not_picked":[],"picked":"Hologram","floor":7.0},{"not_picked":["Recycle"],"picked":"SKIP","floor":11.0},{"not_picked":[],"picked":"Go for the Eyes","floor":13.0},{"not_picked":[],"picked":"Chill","floor":14.0},{"not_picked":[],"picked":"Meteor Strike","floor":16.0},{"not_picked":["Stack+1"],"picked":"SKIP","floor":18.0},{"not_picked":[],"picked":"Reprogram+1","floor":21.0},{"not_picked":["Stack"],"picked":"SKIP","floor":22.0},{"not_picked":["Blizzard"],"picked":"SKIP","floor":24.0},{"not_picked":["Capacitor"],"picked":"SKIP","floor":28.0},{"not_picked":["Compile Driver"],"picked":"SKIP","floor":29.0},{"not_picked":["Beam Cell"],"picked":"SKIP","floor":30.0},{"not_picked":[],"picked":"Core Surge","floor":33.0},{"not_picked":[],"picked":"Leap","floor":35},{"not_picked":["Go for the Eyes"],"picked":"SKIP","floor":37},{"not_picked":[],"picked":"Creative AI","floor":41},{"not_picked":["Melter+1","Conserve Battery+1"],"picked":"SKIP","floor":44},{"not_picked":["Stack+1"],"picked":"Leap+1","floor":46}],"player_experience":1388787,"relics_obtained":[{"floor":7.0,"key":"Potion Belt"},{"floor":9.0,"key":"Symbiotic Virus"},{"floor":11.0,"key":"Centennial Puzzle"},{"floor":24.0,"key":"Anchor"},{"floor":26.0,"key":"Regal Pillow"},{"floor":28.0,"key":"Oddly Smooth Stone"},{"floor":41,"key":"Question Card"},{"floor":43,"key":"Lantern"},{"floor":47,"key":"Pocketwatch"}],"event_choices":[{"damage_healed":0.0,"max_hp_gain":0.0,"max_hp_loss":0.0,"gold_gain":0.0,"event_name":"Upgrade Shrine","player_choice":"Upgraded","floor":3.0,"gold_loss":0.0,"damage_taken":0.0,"cards_upgraded":["Beam Cell"]},{"damage_healed":0.0,"max_hp_gain":0.0,"max_hp_loss":0.0,"gold_gain":0.0,"event_name":"Scrap Ooze","player_choice":"Success","floor":10.0,"gold_loss":0.0,"damage_taken":25.0,"relics_obtained":["Peace Pipe"]},{"damage_healed":0.0,"max_hp_gain":0.0,"max_hp_loss":0.0,"gold_gain":0.0,"event_name":"Dead Adventurer","player_choice":"Searched \u00271\u0027 times","floor":12.0,"gold_loss":0.0,"damage_taken":0.0,"relics_obtained":["PreservedInsect"]},{"damage_healed":0.0,"max_hp_gain":0.0,"max_hp_loss":0.0,"gold_gain":0.0,"cards_transformed":["Strike_B","Strike_B"],"event_name":"Drug Dealer","player_choice":"Became Test Subject","floor":19.0,"gold_loss":0.0,"damage_taken":0.0,"cards_obtained":["Double Energy","Chaos"]},{"damage_healed":0,"gold_gain":100,"player_choice":"Pray","damage_taken":0,"max_hp_gain":0,"max_hp_loss":0,"event_name":"Golden Shrine","floor":36,"gold_loss":0},{"damage_healed":0,"gold_gain":0,"cards_transformed":["Strike_B"],"player_choice":"Transformed","damage_taken":0,"max_hp_gain":0,"max_hp_loss":0,"event_name":"Transmorgrifier","floor":38,"gold_loss":0,"cards_obtained":["All For One"]},{"damage_healed":0,"gold_gain":0,"player_choice":"Fight","damage_taken":0,"max_hp_gain":0,"max_hp_loss":0,"event_name":"MindBloom","floor":47,"gold_loss":0}],"is_beta":false,"boss_relics":[{"not_picked":["Black Star","Nuclear Battery"],"picked":"Runic Pyramid"},{"not_picked":["Cursed Key","Pandora\u0027s Box"],"picked":"Tiny House"}],"items_purged_floors":[20,39,48],"is_endless":false,"potions_floor_spawned":[2,4,5,18,22,28,29,35,41],"ascension_level":10}}