{"host":"cpsutu8lprjuipd6","time":1614328518,"event":{"mods":["BaseMod","Colored Map","Minty Spire (QoL Compilation)","Permanent Neow","Quick Restart","StSLib","SuperFastMode","The Bug Knight","Together in Spire"],"gold_per_floor":[113,125,125,50,0,0,0,28,28,28,28,42,60,79,79,183,233,250,350,368,388,43,43,74,74,74,91,105,42,42,56,56,155,155,168,168,15,65,0,32,77,89,89,12,22,37,37,37,37,37,37],"floor_reached":50,"language":"KOR","playtime":2161,"items_purged":["Strike_R","Strike_R","Defend_R","Strike_R+1"],"score":541,"play_id":"f1f67855-f792-4dd0-bb41-8f686d275ea7","local_time":"20210226173518","is_ascension_mode":true,"campfire_choices":[{"data":"Dropkick","floor":6.0,"key":"SMITH"},{"floor":10.0,"key":"RECALL"},{"data":"Bash","floor":15.0,"key":"SMITH"},{"data":"Clash","floor":23.0,"key":"SMITH"},{"floor":25.0,"key":"REST"},{"floor":30.0,"key":"REST"},{"data":"Dropkick","floor":32.0,"key":"SMITH"},{"floor":47.0,"key":"REST"},{"floor":49.0,"key":"REST"}],"circlet_count":0,"master_deck":["Strike_R+1","Strike_R+1","Defend_R","Defend_R","Bash+1","Dropkick+1","Clash+1","Dropkick+1","Thunderclap+1","Thunderclap+1"],"relics":["Burning Blood","NeowsBlessing","Pear","Tiny House","Membership Card","Ice Cream","Pantograph","Toxic Egg 2","Runic Cube","Medical Kit","Incense Burner","Red Mask","Vajra","TungstenRod","Molten Egg 2","Lantern"],"acts_visited":["Exordium","TheCity","TheBeyond"],"potions_floor_usage":[50,50],"damage_taken":[{"damage":0.0,"enemies":"2 Louse","floor":1.0,"turns":1.0},{"damage":0.0,"enemies":"Jaw Worm","floor":2.0,"turns":1.0},{"damage":0.0,"enemies":"3 Sentries","floor":8.0,"turns":1.0},{"damage":0.0,"enemies":"Cultist","floor":12.0,"turns":2.0},{"damage":7.0,"enemies":"Gremlin Gang","floor":13.0,"turns":3.0},{"damage":14.0,"enemies":"Exordium Wildlife","floor":14.0,"turns":4.0},{"damage":34.0,"enemies":"Hexaghost","floor":16.0,"turns":6.0},{"damage":13.0,"enemies":"Shell Parasite","floor":18.0,"turns":3.0},{"damage":0.0,"enemies":"Chosen","floor":20.0,"turns":4.0},{"damage":29.0,"enemies":"3 Cultists","floor":21.0,"turns":5.0},{"damage":37.0,"enemies":"Book of Stabbing","floor":24.0,"turns":5.0},{"damage":15.0,"enemies":"Centurion and Healer","floor":27.0,"turns":5.0},{"damage":29.0,"enemies":"Shelled Parasite and Fungi","floor":28.0,"turns":5.0},{"damage":5.0,"enemies":"Cultist and Chosen","floor":31.0,"turns":3.0},{"damage":62.0,"enemies":"Collector","floor":33.0,"turns":8.0},{"damage":38.0,"enemies":"3 Darklings","floor":35.0,"turns":3.0},{"damage":0.0,"enemies":"Mind Bloom Boss Battle","floor":38.0,"turns":5.0},{"damage":38.0,"enemies":"Giant Head","floor":40.0,"turns":7.0},{"damage":27.0,"enemies":"2 Orb Walkers","floor":41.0,"turns":4.0},{"damage":20.0,"enemies":"3 Shapes","floor":42.0,"turns":3.0},{"damage":0.0,"enemies":"Transient","floor":45.0,"turns":5.0},{"damage":27.0,"enemies":"Writhing Mass","floor":46.0,"turns":4.0},{"damage":80,"enemies":"Time Eater","floor":50,"turns":8}],"seed_played":"-2159111332207334374","potions_obtained":[{"floor":1.0,"key":"PowerPotion"},{"floor":8.0,"key":"EssenceOfSteel"},{"floor":12.0,"key":"ColorlessPotion"},{"floor":16.0,"key":"Regen Potion"},{"floor":17.0,"key":"EssenceOfSteel"},{"floor":27.0,"key":"Strength Potion"},{"floor":28.0,"key":"SteroidPotion"},{"floor":42.0,"key":"Weak Potion"},{"floor":46.0,"key":"SteroidPotion"}],"is_trial":false,"path_per_floor":["M","M","?","$","?","R","$","E","T","R","?","M","M","M","R","B",null,"M","?","M","M","$","R","E","R","T","M","M","$","R","M","R","B",null,"M","?","$","?","?","E","?","M","T","$","M","M","R","$","R","B"],"character_chosen":"IRONCLAD","items_purchased":["Membership Card","Ice Cream","Medical Kit","Lantern"],"campfire_rested":4,"item_purchase_floors":[22,22,37,44],"current_hp_per_floor":[80,80,64,64,64,64,64,80,80,80,80,86,85,77,77,49,95,88,88,94,71,71,71,40,68,68,59,36,36,64,65,65,34,95,63,63,63,90,90,58,37,23,23,23,29,8,35,35,62,7,7],"gold":37,"neow_bonus":"THREE_ENEMY_KILL","is_daily":false,"chose_seed":false,"campfire_upgraded":4,"win_rate":0.0,"timestamp":1614328518,"path_taken":["M","M","?","$","?","R","?","E","T","R","?","M","M","M","R","BOSS","M","?","?","M","$","R","E","R","T","M","M","$","R","?","R","BOSS","M","?","$","?","?","E","?","M","T","$","M","M","R","$","R","BOSS"],"items_purchased_type":["Relic","Relic","Relic","Relic"],"build_version":"2020-12-22","purchased_purges":4,"victory":false,"max_hp_per_floor":[80,80,80,80,80,80,80,90,90,90,90,90,90,90,90,90,95,95,95,95,95,95,95,95,95,95,95,95,95,95,95,95,95,95,95,90,90,90,90,90,90,90,90,90,90,90,90,90,90,90,90],"card_choices":[{"not_picked":["Whirlwind","Thunderclap"],"picked":"Dropkick","floor":1.0},{"not_picked":["Cleave","Body Slam","Warcry"],"picked":"SKIP","floor":2.0},{"not_picked":["Disarm","Perfected Strike"],"picked":"Clash","floor":8.0},{"not_picked":["Burning Pact","Spot Weakness","Flex"],"picked":"SKIP","floor":12.0},{"not_picked":["Sword Boomerang","Clash","Heavy Blade"],"picked":"SKIP","floor":13.0},{"not_picked":["Shockwave","Flame Barrier","Twin Strike"],"picked":"SKIP","floor":14.0},{"not_picked":["Spot Weakness","Body Slam","Anger+1"],"picked":"SKIP","floor":18.0},{"not_picked":["Iron Wave","Seeing Red","Clothesline+1"],"picked":"SKIP","floor":20.0},{"not_picked":["Anger","Clash+1","Feel No Pain+1"],"picked":"SKIP","floor":21.0},{"not_picked":["Immolate","Clothesline"],"picked":"Dropkick","floor":24.0},{"not_picked":["Clothesline","Whirlwind+1","Clash+1"],"picked":"SKIP","floor":27.0},{"not_picked":["Hemokinesis+1","Infernal Blade+1","Perfected Strike"],"picked":"SKIP","floor":28.0},{"not_picked":["Perfected Strike","Wild Strike"],"picked":"Thunderclap+1","floor":31.0},{"not_picked":["Clash+1","Perfected Strike","Wild Strike+1"],"picked":"SKIP","floor":35.0},{"not_picked":["Armaments+1","Warcry+1","Flame Barrier+1"],"picked":"SKIP","floor":40.0},{"not_picked":["Havoc+1","Wild Strike"],"picked":"Thunderclap+1","floor":42.0},{"not_picked":["Pommel Strike+1","Whirlwind+1","Reckless Charge+1"],"picked":"SKIP","floor":45.0},{"not_picked":["Clothesline+1","Rage+1","Burning Pact+1"],"picked":"SKIP","floor":46.0}],"player_experience":152690,"relics_obtained":[{"floor":8.0,"key":"Pear"},{"floor":24.0,"key":"Pantograph"},{"floor":26.0,"key":"Toxic Egg 2"},{"floor":38.0,"key":"Incense Burner"},{"floor":40.0,"key":"Vajra"},{"floor":41.0,"key":"TungstenRod"},{"floor":43.0,"key":"Molten Egg 2"}],"event_choices":[{"damage_healed":0.0,"max_hp_gain":0.0,"max_hp_loss":0.0,"gold_gain":0.0,"event_name":"Shining Light","player_choice":"Entered Light","floor":3.0,"gold_loss":0.0,"damage_taken":16.0,"cards_upgraded":["Strike_R","Strike_R"]},{"cards_removed":["Defend_R"],"damage_healed":0.0,"max_hp_gain":0.0,"max_hp_loss":0.0,"gold_gain":0.0,"event_name":"The Cleric","player_choice":"Card Removal","floor":5.0,"gold_loss":50.0,"damage_taken":0.0},{"damage_healed":0.0,"max_hp_gain":0.0,"max_hp_loss":0.0,"gold_gain":0.0,"event_name":"Liars Game","player_choice":"Ignored","floor":11.0,"gold_loss":0.0,"damage_taken":0.0},{"damage_healed":0.0,"max_hp_gain":0.0,"max_hp_loss":0.0,"gold_gain":100.0,"event_name":"Golden Shrine","player_choice":"Pray","floor":19.0,"gold_loss":0.0,"damage_taken":0.0},{"damage_healed":0.0,"max_hp_gain":0.0,"max_hp_loss":5.0,"gold_gain":0.0,"event_name":"Winding Halls","player_choice":"Max HP","floor":36.0,"gold_loss":0.0,"damage_taken":0.0},{"damage_healed":0.0,"max_hp_gain":0.0,"max_hp_loss":0.0,"gold_gain":0.0,"event_name":"MindBloom","player_choice":"Fight","floor":38.0,"gold_loss":0.0,"damage_taken":0.0},{"damage_healed":0.0,"max_hp_gain":0.0,"max_hp_loss":0.0,"gold_gain":0.0,"event_name":"Tomb of Lord Red Mask","player_choice":"Paid","floor":39.0,"gold_loss":65.0,"damage_taken":0.0,"relics_obtained":["Red Mask"]},{"damage_healed":0.0,"max_hp_gain":0.0,"max_hp_loss":0.0,"gold_gain":0.0,"event_name":"Mysterious Sphere","player_choice":"Fight","floor":41.0,"gold_loss":0.0,"damage_taken":0.0}],"is_beta":false,"boss_relics":[{"not_picked":["Calling Bell","Philosopher\u0027s Stone"],"picked":"Tiny House"},{"not_picked":["Mark of Pain","Velvet Choker"],"picked":"Runic Cube"}],"items_purged_floors":[4,22,29,37],"is_endless":false,"potions_floor_spawned":[1,8,12,16,20,27,28,35,42,46],"killed_by":"Time Eater","ascension_level":1}}