{"host":"1ie89x0glpq08u84","time":1614306899,"event":{"mods":["AchievementEnabler","BaseMod","Highlight Path","Minty Spire (QoL Compilation)","StSLib","Unceasing Turn Reminder"],"gold_per_floor":[111,127,127,127,24,58,58,72,99,126,126,126,36,65,65,166,166,178,191,37,37,37,64,74,100,145,178,53,68,102,102,102,208,208,233,261,285,344,74,74,97,97,97],"floor_reached":42,"language":"ENG","playtime":1892,"items_purged":["Strike_B+1"],"score":568,"play_id":"47d61d70-b78a-46a1-b1f0-b5939578b5c3","local_time":"20210225213459","is_ascension_mode":true,"campfire_choices":[{"data":"Capacitor","floor":7,"key":"SMITH"},{"data":"Chaos","floor":11,"key":"SMITH"},{"data":"Consume","floor":15,"key":"SMITH"},{"floor":32,"key":"REST"},{"data":"Biased Cognition","floor":40,"key":"SMITH"}],"circlet_count":0,"master_deck":["Defend_B","Defend_B","Defend_B","Defend_B","Zap","Dualcast","Leap","Coolheaded+1","Beam Cell","Melter","Capacitor+1","Consume+1","Chaos+1","Defragment","Coolheaded","Multi-Cast","Buffer","Turbo+1","Cold Snap+1","Barrage+1","Go for the Eyes+1","Defragment","BootSequence+1","Conserve Battery+1","Biased Cognition+1","Reinforced Body","BootSequence","Go for the Eyes+1","Loop","Buffer","Chill","Beam Cell+1","Cold Snap+1","Ball Lightning+1","Lockon","Defragment"],"relics":["Runic Dome","Toy Ornithopter","Happy Flower","Smiling Mask","Darkstone Periapt","Astrolabe","Chemical X","Whetstone","Tiny Chest","DataDisk","Orichalcum","CeramicFish","Black Star","Dead Branch","Eternal Feather"],"acts_visited":["Exordium","TheCity","TheBeyond"],"potions_floor_usage":[6,14,23,30,33],"damage_taken":[{"damage":0,"enemies":"2 Louse","floor":1,"turns":4},{"damage":0,"enemies":"Cultist","floor":2,"turns":4},{"damage":6,"enemies":"3 Sentries","floor":6,"turns":9},{"damage":0,"enemies":"Jaw Worm","floor":8,"turns":4},{"damage":41,"enemies":"Gremlin Nob","floor":10,"turns":6},{"damage":8,"enemies":"3 Sentries","floor":14,"turns":5},{"damage":25,"enemies":"Slime Boss","floor":16,"turns":12},{"damage":0,"enemies":"Spheric Guardian","floor":18,"turns":4},{"damage":0,"enemies":"Chosen","floor":19,"turns":6},{"damage":43,"enemies":"Slavers","floor":23,"turns":9},{"damage":0,"enemies":"Sentry and Sphere","floor":24,"turns":4},{"damage":12,"enemies":"Gremlin Leader","floor":25,"turns":8},{"damage":0,"enemies":"Book of Stabbing","floor":27,"turns":6},{"damage":5,"enemies":"Snake Plant","floor":29,"turns":4},{"damage":26,"enemies":"Slavers","floor":30,"turns":10},{"damage":0,"enemies":"Colosseum Slavers","floor":31,"turns":7},{"damage":7,"enemies":"Champ","floor":33,"turns":8},{"damage":9,"enemies":"3 Darklings","floor":35,"turns":13},{"damage":0,"enemies":"Orb Walker","floor":36,"turns":8},{"damage":0,"enemies":"Jaw Worm Horde","floor":37,"turns":10},{"damage":0,"enemies":"Mind Bloom Boss Battle","floor":38,"turns":11},{"damage":2,"enemies":"Spire Growth","floor":41,"turns":6},{"damage":83,"enemies":"Reptomancer","floor":42,"turns":3}],"seed_played":"-1499125511622395064","potions_obtained":[{"floor":2,"key":"Dexterity Potion"},{"floor":6,"key":"LiquidBronze"},{"floor":8,"key":"FairyPotion"},{"floor":18,"key":"AttackPotion"},{"floor":23,"key":"PotionOfCapacity"},{"floor":24,"key":"Strength Potion"},{"floor":29,"key":"DuplicationPotion"},{"floor":33,"key":"LiquidBronze"},{"floor":36,"key":"FocusPotion"},{"floor":37,"key":"EssenceOfSteel"}],"is_trial":false,"path_per_floor":["M","M","?","?","$","E","R","M","T","E","R","?","$","E","R","B",null,"M","M","$","?","?","E","M","E","T","E","$","M","E","?","R","B",null,"M","M","M","?","$","R","M","E"],"character_chosen":"DEFECT","items_purchased":["Beam Cell","Melter","Defragment","Coolheaded","Chemical X","BootSequence","Eternal Feather","Lockon"],"campfire_rested":1,"item_purchase_floors":[5,5,13,13,20,28,39,39],"current_hp_per_floor":[75,75,80,80,80,74,74,74,74,33,33,33,33,30,30,5,80,80,80,80,65,65,27,27,15,15,15,15,10,21,21,46,44,85,76,76,76,76,76,85,83,0,0],"gold":97,"neow_bonus":"BOSS_RELIC","is_daily":false,"chose_seed":false,"campfire_upgraded":4,"win_rate":0.0,"timestamp":1614306899,"path_taken":["M","M","?","?","$","E","R","?","T","E","R","?","?","E","R","BOSS","M","?","$","?","?","E","M","E","T","E","$","M","E","?","R","BOSS","M","M","M","?","$","R","M","E"],"items_purchased_type":["Card","Card","Card","Card","Relic","Card","Relic","Card"],"build_version":"2020-12-22","purchased_purges":1,"victory":false,"max_hp_per_floor":[75,75,80,80,80,80,80,80,80,80,80,80,80,80,80,80,80,80,80,80,85,85,85,85,85,85,85,85,85,85,85,85,85,85,85,85,85,85,85,85,85,85,85],"card_choices":[{"not_picked":["Fusion","Rebound"],"picked":"Leap","floor":1},{"not_picked":["Tempest","Storm"],"picked":"Coolheaded","floor":2},{"not_picked":["Auto Shields","Hologram"],"picked":"Capacitor","floor":6},{"not_picked":["Defragment","Doom and Gloom"],"picked":"Consume","floor":8},{"not_picked":["Loop","Steam"],"picked":"Chaos","floor":10},{"not_picked":["Sunder","Stack"],"picked":"Multi-Cast","floor":14},{"not_picked":["Fission","Hyperbeam"],"picked":"Buffer","floor":16},{"not_picked":["Reinforced Body","Steam Power"],"picked":"Go for the Eyes","floor":18},{"not_picked":["Reprogram+1","Turbo"],"picked":"Defragment","floor":19},{"not_picked":["Coolheaded","Redo+1"],"picked":"BootSequence+1","floor":23},{"not_picked":["Reprogram","Gash"],"picked":"Conserve Battery+1","floor":24},{"not_picked":["Capacitor+1","Scrape"],"picked":"Biased Cognition","floor":25},{"not_picked":["Ball Lightning","Scrape+1"],"picked":"Reinforced Body","floor":27},{"not_picked":["Streamline","Stack"],"picked":"Go for the Eyes+1","floor":29},{"not_picked":["Stack","Leap"],"picked":"Loop","floor":30},{"not_picked":["Rainbow","All For One"],"picked":"Buffer","floor":33},{"not_picked":["Stack","Turbo"],"picked":"Chill","floor":35},{"not_picked":["Turbo+1","Ball Lightning+1"],"picked":"Beam Cell+1","floor":36},{"not_picked":["Rebound","Sweeping Beam"],"picked":"Cold Snap+1","floor":37},{"not_picked":["Gash","Machine Learning"],"picked":"Ball Lightning+1","floor":38},{"not_picked":["Compile Driver+1","Rebound"],"picked":"Defragment","floor":41}],"player_experience":443496,"relics_obtained":[{"floor":6,"key":"Toy Ornithopter"},{"floor":9,"key":"Happy Flower"},{"floor":10,"key":"Smiling Mask"},{"floor":14,"key":"Darkstone Periapt"},{"floor":23,"key":"Whetstone"},{"floor":25,"key":"Tiny Chest"},{"floor":26,"key":"DataDisk"},{"floor":27,"key":"Orichalcum"},{"floor":30,"key":"CeramicFish"},{"floor":38,"key":"Dead Branch"}],"event_choices":[{"damage_healed":0,"gold_gain":0,"player_choice":"Donut","damage_taken":0,"max_hp_gain":5,"max_hp_loss":0,"event_name":"Big Fish","floor":3,"gold_loss":0},{"damage_healed":0,"gold_gain":0,"player_choice":"Upgraded","damage_taken":0,"max_hp_gain":0,"max_hp_loss":0,"event_name":"Upgrade Shrine","floor":4,"gold_loss":0,"cards_upgraded":["Coolheaded"]},{"damage_healed":0,"gold_gain":0,"player_choice":"Ignored","damage_taken":0,"max_hp_gain":0,"max_hp_loss":0,"event_name":"Liars Game","floor":12,"gold_loss":0},{"damage_healed":0,"gold_gain":0,"player_choice":"Shed Blood","damage_taken":20,"max_hp_gain":5,"max_hp_loss":0,"event_name":"Forgotten Altar","floor":21,"gold_loss":0},{"damage_healed":0,"gold_gain":0,"player_choice":"Ignored","damage_taken":0,"max_hp_gain":0,"max_hp_loss":0,"event_name":"Cursed Tome","floor":22,"gold_loss":0},{"damage_healed":0,"gold_gain":0,"player_choice":"Fight","damage_taken":0,"max_hp_gain":0,"max_hp_loss":0,"event_name":"Colosseum","floor":31,"gold_loss":0},{"damage_healed":0,"gold_gain":0,"player_choice":"Fled From Nobs","damage_taken":0,"max_hp_gain":0,"max_hp_loss":0,"event_name":"Colosseum","floor":31,"gold_loss":0},{"damage_healed":0,"gold_gain":0,"player_choice":"Fight","damage_taken":0,"max_hp_gain":0,"max_hp_loss":0,"event_name":"MindBloom","floor":38,"gold_loss":0}],"is_beta":false,"boss_relics":[{"not_picked":["Nuclear Battery","Ectoplasm"],"picked":"Astrolabe"},{"not_picked":["Calling Bell","Runic Pyramid"],"picked":"Black Star"}],"items_purged_floors":[28],"is_endless":false,"potions_floor_spawned":[2,6,8,18,23,24,29,33,36,37],"killed_by":"Reptomancer","ascension_level":1}}