{"host":"lsq35p0sdkx2xifo","time":1614317215,"event":{"mods":["AchievementEnabler","BaseMod","Highlight Path","Minty Spire (QoL Compilation)","StSLib","The Senshi"],"gold_per_floor":[117,117,12,22,172,205,46,46,46,74,74,104,104,123,123,202,202,218,237,237,237,2,2,33,33,33,68,18,32,48,80,80,156,156,174,49,68,82,99,132,132,161,214,214,230,249,297,317,317,317,317],"floor_reached":52,"language":"ENG","playtime":2378,"items_purged":["Strike_R","Doubt","Strike_R"],"score":1976,"play_id":"964f602c-bdc5-49cb-a8a1-fdd4acde6d7b","local_time":"20210225212655","is_ascension_mode":true,"campfire_choices":[{"floor":8,"key":"REST"},{"floor":11,"key":"REST"},{"data":"Armaments","floor":13,"key":"SMITH"},{"floor":15,"key":"REST"},{"floor":23,"key":"REST"},{"floor":25,"key":"REST"},{"floor":32,"key":"REST"},{"floor":41,"key":"REST"},{"floor":44,"key":"REST"},{"floor":49,"key":"REST"}],"circlet_count":0,"master_deck":["AscendersBane","Strike_R+1","Strike_R","Strike_R+1","Defend_R","Defend_R","Defend_R","Defend_R","Bash","Heavy Blade","Twin Strike","Spot Weakness","Sword Boomerang+1","Flex","Armaments+1","Metallicize","Headbutt+1","Reaper+1","Clothesline+1","Uppercut+1","Necronomicurse","J.A.X.","Metallicize","Dropkick+1","Headbutt+1","Heavy Blade+1","Immolate+1","Bludgeon+1","Bloodletting+1"],"relics":["Burning Blood","Molten Egg 2","Blood Vial","Regal Pillow","Juzu Bracelet","Fusion Hammer","Necronomicon","Brimstone","Dream Catcher","Pantograph","CaptainsWheel","MealTicket","SlaversCollar","Paper Frog","Toxic Egg 2","Whetstone","Girya"],"acts_visited":["Exordium","TheCity","TheBeyond"],"potions_floor_usage":[10,12,16,16,19,31,31,33,38,40,46,47,51],"damage_taken":[{"damage":11,"enemies":"Small Slimes","floor":1,"turns":5},{"damage":7,"enemies":"Jaw Worm","floor":4,"turns":3},{"damage":35,"enemies":"3 Sentries","floor":6,"turns":9},{"damage":14,"enemies":"Gremlin Nob","floor":10,"turns":3},{"damage":30,"enemies":"Lagavulin","floor":12,"turns":5},{"damage":2,"enemies":"2 Louse","floor":14,"turns":3},{"damage":95,"enemies":"Hexaghost","floor":16,"turns":12},{"damage":4,"enemies":"Chosen","floor":18,"turns":3},{"damage":0,"enemies":"Spheric Guardian","floor":19,"turns":3},{"damage":19,"enemies":"Book of Stabbing","floor":24,"turns":2},{"damage":54,"enemies":"Slavers","floor":27,"turns":4},{"damage":9,"enemies":"Chosen and Byrds","floor":29,"turns":3},{"damage":11,"enemies":"3 Cultists","floor":30,"turns":3},{"damage":7,"enemies":"Book of Stabbing","floor":31,"turns":2},{"damage":51,"enemies":"Collector","floor":33,"turns":4},{"damage":9,"enemies":"Orb Walker","floor":35,"turns":2},{"damage":22,"enemies":"3 Shapes","floor":37,"turns":3},{"damage":27,"enemies":"Writhing Mass","floor":38,"turns":4},{"damage":3,"enemies":"Maw","floor":39,"turns":4},{"damage":113,"enemies":"Nemesis","floor":40,"turns":5},{"damage":25,"enemies":"Giant Head","floor":42,"turns":5},{"damage":26,"enemies":"Sphere and 2 Shapes","floor":45,"turns":2},{"damage":20,"enemies":"Spire Growth","floor":46,"turns":3},{"damage":30,"enemies":"2 Orb Walkers","floor":47,"turns":3},{"damage":6,"enemies":"Transient","floor":48,"turns":6},{"damage":86,"enemies":"Donu and Deca","floor":50,"turns":5},{"damage":57,"enemies":"Time Eater","floor":51,"turns":4}],"seed_played":"-8695980067981535797","potions_obtained":[{"floor":6,"key":"LiquidMemories"},{"floor":10,"key":"Swift Potion"},{"floor":12,"key":"Swift Potion"},{"floor":14,"key":"Regen Potion"},{"floor":18,"key":"DistilledChaos"},{"floor":27,"key":"PowerPotion"},{"floor":29,"key":"SteroidPotion"},{"floor":31,"key":"Fruit Juice"},{"floor":33,"key":"BloodPotion"},{"floor":35,"key":"FearPotion"},{"floor":42,"key":"Weak Potion"},{"floor":45,"key":"Block Potion"},{"floor":48,"key":"BloodPotion"}],"is_trial":false,"path_per_floor":["M","?","$","M","?","E","$","R","T","E","R","E","R","M","R","B",null,"M","M","?","?","$","R","E","R","T","E","?","M","M","E","R","B",null,"M","$","M","M","M","E","R","E","T","R","M","M","?","M","R","B","B",null],"character_chosen":"IRONCLAD","items_purchased":["Twin Strike","Flex","Brimstone","Metallicize"],"campfire_rested":9,"item_purchase_floors":[3,7,22,22],"current_hp_per_floor":[70,70,70,69,69,40,40,64,64,58,82,58,58,64,82,8,64,68,78,57,57,57,82,69,82,82,56,56,66,74,80,87,42,76,75,87,87,87,87,19,60,71,71,87,67,55,33,63,87,29,22],"gold":317,"neow_bonus":"TEN_PERCENT_HP_BONUS","is_daily":false,"chose_seed":false,"campfire_upgraded":1,"win_rate":0.0,"timestamp":1614317215,"path_taken":["M","?","$","M","?","E","$","R","T","E","R","E","R","M","R","BOSS","M","M","?","?","?","R","E","R","T","E","?","M","M","E","R","BOSS","M","$","M","M","M","E","R","E","T","R","M","M","?","M","R","BOSS","BOSS"],"items_purchased_type":["Card","Card","Relic","Card"],"build_version":"2020-12-22","purchased_purges":3,"victory":true,"max_hp_per_floor":[82,82,82,82,82,82,82,82,82,82,82,82,82,82,82,82,82,82,82,82,82,82,82,82,82,82,82,82,82,82,87,87,87,87,87,87,87,87,87,87,87,87,87,87,87,87,87,87,87,87,87],"card_choices":[{"not_picked":["True Grit","Perfected Strike"],"picked":"Heavy Blade","floor":1},{"not_picked":["Cleave","Shrug It Off"],"picked":"Spot Weakness","floor":4},{"not_picked":["Fiend Fire+1","Body Slam+1"],"picked":"Sword Boomerang+1","floor":6},{"not_picked":["True Grit","Warcry"],"picked":"Armaments","floor":10},{"not_picked":["Armaments","Perfected Strike+1"],"picked":"Metallicize","floor":12},{"not_picked":["Shrug It Off","Warcry"],"picked":"Headbutt+1","floor":14},{"not_picked":["Brutality","Offering"],"picked":"Reaper+1","floor":16},{"not_picked":["Wild Strike+1","Perfected Strike+1"],"picked":"Clothesline+1","floor":18},{"not_picked":["Cleave+1","Pommel Strike+1"],"picked":"Uppercut+1","floor":19},{"not_picked":["Thunderclap+1","Feel No Pain"],"picked":"Dropkick+1","floor":24},{"not_picked":["Hemokinesis+1","Uppercut+1"],"picked":"Headbutt+1","floor":25},{"not_picked":["Barricade","Flex","Combust+1"],"picked":"SKIP","floor":27},{"not_picked":["Body Slam+1","Anger+1","Rampage+1"],"picked":"SKIP","floor":29},{"not_picked":["Havoc","Twin Strike+1"],"picked":"Heavy Blade+1","floor":30},{"not_picked":["Wild Strike+1","Headbutt+1","Fiend Fire+1"],"picked":"SKIP","floor":31},{"not_picked":["Barricade","Bludgeon+1"],"picked":"Immolate+1","floor":33},{"not_picked":["Shrug It Off+1","Heavy Blade+1","Twin Strike+1"],"picked":"SKIP","floor":35},{"not_picked":["Wild Strike+1","Ghostly Armor","Sever Soul+1"],"picked":"SKIP","floor":37},{"not_picked":["Flex","Thunderclap+1","Twin Strike+1"],"picked":"SKIP","floor":38},{"not_picked":["Sentinel","Heavy Blade+1","True Grit"],"picked":"SKIP","floor":39},{"not_picked":["Rupture+1","Shockwave","Ghostly Armor"],"picked":"SKIP","floor":40},{"not_picked":["Shrug It Off+1","Inflame"],"picked":"Bludgeon+1","floor":42},{"not_picked":["Armaments+1","Havoc+1","Pummel+1"],"picked":"SKIP","floor":45},{"not_picked":["Perfected Strike+1","Rupture","Entrench+1"],"picked":"SKIP","floor":46},{"not_picked":["Iron Wave+1","Infernal Blade+1"],"picked":"Bloodletting+1","floor":48}],"player_experience":1442050,"relics_obtained":[{"floor":6,"key":"Molten Egg 2"},{"floor":9,"key":"Blood Vial"},{"floor":10,"key":"Regal Pillow"},{"floor":12,"key":"Juzu Bracelet"},{"floor":20,"key":"Necronomicon"},{"floor":24,"key":"Dream Catcher"},{"floor":26,"key":"Pantograph"},{"floor":27,"key":"CaptainsWheel"},{"floor":31,"key":"MealTicket"},{"floor":40,"key":"Paper Frog"},{"floor":42,"key":"Toxic Egg 2"},{"floor":43,"key":"Whetstone"},{"floor":47,"key":"Girya"}],"event_choices":[{"damage_healed":0,"gold_gain":0,"player_choice":"Ignored","damage_taken":0,"max_hp_gain":0,"max_hp_loss":0,"event_name":"Shining Light","floor":2,"gold_loss":0},{"damage_healed":0,"gold_gain":150,"player_choice":"AGREE","damage_taken":0,"max_hp_gain":0,"max_hp_loss":0,"event_name":"Liars Game","floor":5,"gold_loss":0,"cards_obtained":["Doubt"]},{"damage_healed":0,"gold_gain":0,"player_choice":"Obtained Book","damage_taken":21,"max_hp_gain":0,"max_hp_loss":0,"event_name":"Cursed Tome","floor":20,"gold_loss":0},{"damage_healed":0,"gold_gain":0,"player_choice":"Obtain J.A.X.","damage_taken":0,"max_hp_gain":0,"max_hp_loss":0,"event_name":"Drug Dealer","floor":21,"gold_loss":0,"cards_obtained":["J.A.X."]},{"damage_healed":0,"gold_gain":0,"player_choice":"Bet on Murderer","damage_taken":0,"max_hp_gain":0,"max_hp_loss":0,"event_name":"The Joust","floor":28,"gold_loss":50},{"damage_healed":0,"gold_gain":0,"player_choice":"Fight","damage_taken":0,"max_hp_gain":0,"max_hp_loss":0,"event_name":"Mysterious Sphere","floor":47,"gold_loss":0}],"is_beta":false,"boss_relics":[{"not_picked":["Calling Bell","Coffee Dripper"],"picked":"Fusion Hammer"},{"not_picked":["Tiny House","Runic Dome"],"picked":"SlaversCollar"}],"items_purged_floors":[3,7,36],"is_endless":false,"potions_floor_spawned":[6,10,12,14,18,27,29,31,33,35,42,45,48],"ascension_level":20}}