{"host":"v80r9qzmzup21z1w","time":1614305579,"event":{"mods":["AlwaysNeverKeys","BaseMod","BetterRewards","Minty Spire (QoL Compilation)","Quick Restart","StSLib","The Saiyan"],"gold_per_floor":[112,187,187,206,206,240,240,253,279,299,314,314,335,354,354,354,354],"floor_reached":16,"language":"ENG","playtime":1530,"items_purged":[],"score":104,"play_id":"e68ecc29-44a9-4b56-a0bf-4d393c58b8fe","local_time":"20210226021259","is_ascension_mode":false,"campfire_choices":[{"floor":15.0,"key":"REST"}],"circlet_count":0,"master_deck":["Strike_G","Strike_G","Strike_G","Strike_G","Strike_G","Defend_G","Defend_G","Defend_G","Defend_G","Defend_G","Survivor","Neutralize","Flechettes","Concentrate","Dagger Throw","Injury","Slice","Backstab","Cloak And Dagger","Parasite","Slice","Dash"],"relics":["Ring of the Snake","Juzu Bracelet","Potion Belt","Golden Idol","Blood Vial"],"acts_visited":[],"potions_floor_usage":[],"damage_taken":[{"damage":2.0,"enemies":"Small Slimes","floor":1.0,"turns":5.0},{"damage":0.0,"enemies":"2 Louse","floor":4.0,"turns":3.0},{"damage":37.0,"enemies":"3 Sentries","floor":6.0,"turns":20.0},{"damage":4.0,"enemies":"Cultist","floor":8.0,"turns":5.0},{"damage":4.0,"enemies":"Blue Slaver","floor":10.0,"turns":4.0},{"damage":5.0,"enemies":"2 Fungi Beasts","floor":11.0,"turns":3.0},{"damage":13.0,"enemies":"Large Slime","floor":13.0,"turns":5.0},{"damage":3.0,"enemies":"Red Slaver","floor":14.0,"turns":3.0},{"damage":0,"enemies":"The Guardian","floor":16,"turns":1}],"seed_played":"4468628763361745918","potions_obtained":[{"floor":1.0,"key":"CunningPotion"},{"floor":6.0,"key":"FearPotion"},{"floor":11.0,"key":"SteroidPotion"},{"floor":13.0,"key":"Dexterity Potion"}],"is_trial":false,"path_per_floor":["M","?","?","M","?","E","?","M","T","M","M","?","M","M","R","B"],"character_chosen":"THE_SILENT","items_purchased":[],"campfire_rested":1,"item_purchase_floors":[],"current_hp_per_floor":[68,57,57,57,57,20,20,16,16,14,11,28,17,16,37,39,39],"gold":354,"neow_bonus":"RANDOM_COMMON_RELIC","is_daily":false,"chose_seed":false,"campfire_upgraded":0,"win_rate":0.0,"timestamp":1614305579,"path_taken":["M","?","?","M","?","E","?","M","T","M","M","?","M","M","R","BOSS"],"items_purchased_type":[],"build_version":"2020-12-22","purchased_purges":0,"victory":false,"max_hp_per_floor":[70,70,70,70,70,70,70,70,70,70,70,70,70,70,70,70,70],"card_choices":[{"not_picked":["Prepared","Concentrate"],"picked":"Flechettes","floor":1.0},{"not_picked":["Underhanded Strike","Flechettes"],"picked":"Concentrate","floor":4.0},{"not_picked":["Malaise","Expertise"],"picked":"Dagger Throw","floor":6.0},{"not_picked":["Predator","Crippling Poison"],"picked":"Slice","floor":8.0},{"not_picked":["Dagger Throw","Quick Slash"],"picked":"Backstab","floor":10.0},{"not_picked":["Deadly Poison","Deflect"],"picked":"Cloak And Dagger","floor":11.0},{"not_picked":["Prepared","Tactician"],"picked":"Slice","floor":13.0},{"not_picked":["Concentrate","Flechettes"],"picked":"Dash","floor":14.0}],"player_experience":324914,"relics_obtained":[{"floor":6.0,"key":"Potion Belt"},{"floor":9.0,"key":"Blood Vial"}],"event_choices":[{"damage_healed":0.0,"max_hp_gain":0.0,"max_hp_loss":0.0,"gold_gain":75.0,"event_name":"World of Goop","player_choice":"Gather Gold","floor":2.0,"gold_loss":0.0,"damage_taken":11.0},{"damage_healed":0.0,"max_hp_gain":0.0,"max_hp_loss":0.0,"gold_gain":0.0,"event_name":"The Cleric","player_choice":"Leave","floor":3.0,"gold_loss":0.0,"damage_taken":0.0},{"damage_healed":0.0,"max_hp_gain":0.0,"max_hp_loss":0.0,"gold_gain":0.0,"event_name":"Purifier","player_choice":"Ignored","floor":5.0,"gold_loss":0.0,"damage_taken":0.0},{"damage_healed":0.0,"max_hp_gain":0.0,"max_hp_loss":0.0,"gold_gain":0.0,"event_name":"Golden Idol","player_choice":"Take Wound","floor":7.0,"gold_loss":0.0,"damage_taken":0.0,"relics_obtained":["Golden Idol"],"cards_obtained":["Injury"]},{"damage_healed":17.0,"max_hp_gain":0.0,"max_hp_loss":0.0,"gold_gain":0.0,"event_name":"Mushrooms","player_choice":"Healed and dodged fight","floor":12.0,"gold_loss":0.0,"damage_taken":0.0,"cards_obtained":["Parasite"]}],"is_beta":false,"boss_relics":[],"items_purged_floors":[],"is_endless":false,"potions_floor_spawned":[1,6,11,13],"killed_by":"The Guardian","ascension_level":0}}