{"host":"o5jvvi5yapo90aia","time":1614363475,"event":{"mods":["BaseMod","CapriCore","Minty Spire (QoL Compilation)","MostiFishMod","Prisma Mod","Spicy Shops","StSLib","TestMod","The Immortal","Yakumo Yukari mod","【人物mod】游戏王New YuGiOh mod","【功能Mod】Neow奖励"],"gold_per_floor":[113,133,148,148,71,100,115,148,148,182,194,223,254,266,278,362,374,405,429,441,311,322,353,353,378,378,479,879,897,928,950,950,1029,1029,1050,1050,1073,1096,781,814,829,829,900,930,979,1031,1070,1070,1070,1084,1098,1098,1098,26,67,87],"floor_reached":57,"language":"ZHS","playtime":1844,"items_purged":["Normality","Defend_P+1","Eruption+1"],"score":3665,"play_id":"bdfec13f-8b73-46ae-ad83-b784aa541d95","local_time":"20210227021755","is_ascension_mode":true,"campfire_choices":[{"data":"Strike_P","floor":11.0,"key":"PURGE"},{"floor":15.0,"key":"REST"},{"data":"Defend_P","floor":24.0,"key":"PURGE"},{"data":"Strike_P+1","floor":32.0,"key":"PURGE"},{"data":"Defend_P+1","floor":42,"key":"PURGE"},{"floor":49,"key":"RECALL"},{"data":"BowlingBash+1","floor":53,"key":"PURGE"}],"circlet_count":0,"master_deck":["AscendersBane","Vigilance+1","LessonLearned+1","MostiFishMod:Adaptation+1","DeusExMachina+1","SignatureMove+1","Scrawl+1","Tantrum+1","Vault+1","Ragnarok+1","FearNoEvil+1","MentalFortress+1","testmod-ChaoticCore+1"],"relics":["testmod-TestBox","Black Star","ImprovedEquipment","testmod-RealStoneCalender","SynthV:TestCard","ThornShield","Kunai","Torii","Molten Egg 2","MawBank","testmod-StringDisintegrator","SynthV","Omamori","Eternal Feather","testmod-Acrobat","testmod-ObsoleteBoomerang","Bottled Tornado","CloakClasp","Letter Opener","Orichalcum","BionicSphere","testmod-TimeTraveler","Oddly Smooth Stone","Mercury Hourglass","Ornamental Fan","TeardropLocket","Nunchaku","Strawberry","testmod-Fortitude","StoneCalendar","Du-Vu Doll","Regal Pillow","Happy Flower","MetatronsCube","Pen Nib","Art of War"],"acts_visited":["Exordium","TheCity","TheBeyond","TheEnding"],"potions_floor_usage":[55,56,56],"damage_taken":[{"damage":0.0,"enemies":"Cultist","floor":1.0,"turns":4.0},{"damage":1.0,"enemies":"Small Slimes","floor":2.0,"turns":3.0},{"damage":9.0,"enemies":"2 Louse","floor":3.0,"turns":3.0},{"damage":47.0,"enemies":"Lagavulin","floor":6.0,"turns":6.0},{"damage":7.0,"enemies":"2 Fungi Beasts","floor":7.0,"turns":2.0},{"damage":0.0,"enemies":"Gremlin Nob","floor":8.0,"turns":4.0},{"damage":2.0,"enemies":"3 Sentries","floor":10.0,"turns":5.0},{"damage":1.0,"enemies":"Exordium Thugs","floor":12.0,"turns":2.0},{"damage":0.0,"enemies":"Red Slaver","floor":13.0,"turns":2.0},{"damage":2.0,"enemies":"The Guardian","floor":16.0,"turns":7.0},{"damage":0.0,"enemies":"Chosen","floor":18.0,"turns":3.0},{"damage":0.0,"enemies":"Spheric Guardian","floor":19.0,"turns":2.0},{"damage":0.0,"enemies":"3 Cultists","floor":22.0,"turns":4.0},{"damage":10.0,"enemies":"Gremlin Leader","floor":23.0,"turns":4.0},{"damage":0.0,"enemies":"Book of Stabbing","floor":25.0,"turns":4.0},{"damage":0.0,"enemies":"Colosseum Slavers","floor":27.0,"turns":3.0},{"damage":0.0,"enemies":"Colosseum Nobs","floor":27.0,"turns":3.0},{"damage":0.0,"enemies":"Centurion and Healer","floor":29.0,"turns":3.0},{"damage":0.0,"enemies":"Slavers","floor":30.0,"turns":2.0},{"damage":0.0,"enemies":"Cultist and Chosen","floor":31.0,"turns":3.0},{"damage":0.0,"enemies":"Automaton","floor":33.0,"turns":3.0},{"damage":0.0,"enemies":"Orb Walker","floor":35.0,"turns":2.0},{"damage":0.0,"enemies":"3 Shapes","floor":37.0,"turns":2.0},{"damage":0,"enemies":"Giant Head","floor":40,"turns":2},{"damage":0,"enemies":"Jaw Worm Horde","floor":41,"turns":3},{"damage":0,"enemies":"Writhing Mass","floor":44,"turns":1},{"damage":1,"enemies":"Nemesis","floor":45,"turns":4},{"damage":0,"enemies":"2 Orb Walkers","floor":46,"turns":2},{"damage":0,"enemies":"Reptomancer","floor":47,"turns":2},{"damage":0,"enemies":"Time Eater","floor":50,"turns":3},{"damage":0,"enemies":"Awakened One","floor":51,"turns":3},{"damage":0,"enemies":"Shield and Spear","floor":55,"turns":2},{"damage":48,"enemies":"The Heart","floor":56,"turns":6}],"seed_played":"7483330445676526371","potions_obtained":[{"floor":1.0,"key":"SteroidPotion"},{"floor":8.0,"key":"FearPotion"},{"floor":12.0,"key":"SteroidPotion"},{"floor":18.0,"key":"testmod-TimePotion"},{"floor":22.0,"key":"testmod-TestPotion"},{"floor":41,"key":"testmod-EscapePotion"},{"floor":55,"key":"SteroidPotion"}],"is_trial":false,"path_per_floor":["M","M","M","?","$","E","M","E","T","E","R","M","M","?","R","B",null,"M","M","?","$","M","E","R","E","T","?","?","M","E","M","R","B",null,"M","?","M","T","$","E","M","R","T","M","E","?","E","T","R","B","B",null,"R","$","E","B",null],"character_chosen":"WATCHER","items_purchased":["LessonLearned","SynthV","testmod-ChaoticCore","Happy Flower","MetatronsCube"],"campfire_rested":1,"item_purchase_floors":[5,21,39,54,54],"current_hp_per_floor":[62,62,54,54,54,8,2,3,3,2,2,1,1,1,21,20,56,57,58,58,58,59,50,59,61,61,65,65,67,68,68,68,68,68,68,68,68,68,68,68,68,68,68,68,74,74,74,74,75,75,75,75,75,75,75,66],"gold":87,"neow_bonus":"BOSS_RELIC","is_daily":false,"chose_seed":false,"campfire_upgraded":0,"win_rate":0.0,"timestamp":1614363475,"path_taken":["M","M","M","?","$","E","M","E","T","E","R","M","?","?","R","BOSS","M","M","?","$","M","E","R","E","T","?","?","M","E","M","R","BOSS","M","?","?","?","$","E","?","R","T","M","E","?","E","?","R","BOSS","BOSS","R","$","E","BOSS"],"items_purchased_type":["Card","Relic","Card","Relic","Relic"],"build_version":"2020-12-22","purchased_purges":3,"victory":true,"max_hp_per_floor":[68,68,68,68,68,68,68,68,68,68,68,68,68,68,68,68,68,68,68,68,68,68,68,68,68,68,68,68,68,68,68,68,68,68,68,68,68,68,68,68,68,68,68,68,75,75,75,75,75,75,75,75,75,75,75,75],"card_choices":[{"not_picked":["CarveReality","CutThroughFate"],"picked":"BowlingBash","floor":1.0},{"not_picked":["BowlingBash","EmptyFist","Pray","MostiFishMod:Unraveling","FollowUp"],"picked":"SKIP","floor":2.0},{"not_picked":["PathToVictory","EmptyBody","FlurryOfBlows","MostiFishMod:Clarity","MostiFishMod:LegendTransform"],"picked":"SKIP","floor":3.0},{"not_picked":["BattleHymn","Crescendo","ThirdEye","MentalFortress"],"picked":"MostiFishMod:Adaptation","floor":6.0},{"not_picked":["Swivel","BowlingBash","FlurryOfBlows","JustLucky","Evaluate"],"picked":"SKIP","floor":7.0},{"not_picked":["FollowUp+1","EmptyBody","Halt","WreathOfFlame","Collect"],"picked":"SKIP","floor":8.0},{"not_picked":["EmptyBody","Wireheading","CrushJoints+1","LikeWater","PathToVictory"],"picked":"SKIP","floor":10.0},{"not_picked":["Ragnarok+1","Protect","SashWhip+1","CrushJoints+1","PathToVictory"],"picked":"SKIP","floor":12.0},{"not_picked":["Worship","WaveOfTheHand","Halt","Evaluate","Crescendo"],"picked":"SKIP","floor":13.0},{"not_picked":["DeceiveReality","CutThroughFate+1","Evaluate","PathToVictory"],"picked":"DeusExMachina","floor":14.0},{"not_picked":["FollowUp+1","Prostrate","CutThroughFate+1","Consecrate+1"],"picked":"SignatureMove+1","floor":14.0},{"not_picked":["SpiritShield","Brilliance+1","MostiFishMod:DisColor","MostiFishMod:Moonprays"],"picked":"Scrawl","floor":16.0},{"not_picked":["Consecrate+1","Collect","PathToVictory","Evaluate"],"picked":"Tantrum+1","floor":18.0},{"not_picked":["Crescendo","CarveReality+1","WindmillStrike+1","Swivel","SandsOfTime+1"],"picked":"SKIP","floor":19.0},{"not_picked":["FollowUp+1","DeceiveReality+1","Protect+1","ThirdEye","Consecrate+1"],"picked":"SKIP","floor":22.0},{"not_picked":["Crescendo","Conclude+1","SashWhip+1","Vengeance+1","Establishment"],"picked":"SKIP","floor":23.0},{"not_picked":["BowlingBash+1","Crescendo","EmptyFist+1","CutThroughFate+1","DeceiveReality"],"picked":"SKIP","floor":25.0},{"not_picked":["WheelKick+1","EmptyFist+1","Crescendo","ClearTheMind","EmptyBody"],"picked":"SKIP","floor":29.0},{"not_picked":["DeusExMachina","EmptyBody","FlurryOfBlows+1","MostiFishMod:LegendTransform","Halt+1"],"picked":"SKIP","floor":30.0},{"not_picked":["BowlingBash+1","MostiFishMod:Speedup","Protect","PathToVictory+1"],"picked":"FearNoEvil+1","floor":31.0},{"not_picked":["FlyingSleeves+1","WaveOfTheHand+1","Conclude+1","Prostrate+1"],"picked":"MentalFortress","floor":35.0},{"not_picked":["ForeignInfluence","Study+1","EmptyBody+1","ThirdEye+1","Protect"],"picked":"SKIP","floor":37.0},{"not_picked":["Study+1","ForeignInfluence+1","FollowUp+1","WreathOfFlame+1","MostiFishMod:Nomercy"],"picked":"SKIP","floor":40},{"not_picked":["ForeignInfluence+1","EmptyFist+1","Crescendo+1","WheelKick+1","SashWhip+1"],"picked":"SKIP","floor":41},{"not_picked":["JustLucky+1","SandsOfTime+1","DevaForm","MostiFishMod:FlowState","ThirdEye"],"picked":"SKIP","floor":44},{"not_picked":["FlurryOfBlows+1","EmptyMind","Worship","Consecrate+1","Wish"],"picked":"SKIP","floor":45},{"not_picked":["MostiFishMod:Minus","Swivel","EmptyBody+1","FollowUp+1","BowlingBash+1"],"picked":"SKIP","floor":47},{"not_picked":["MostiFishMod:FlowState","CrushJoints+1","Conclude+1","Wish","CutThroughFate+1"],"picked":"SKIP","floor":55}],"player_experience":1594735,"relics_obtained":[{"floor":1.0,"key":"SynthV:TestCard"},{"floor":6.0,"key":"ThornShield"},{"floor":6.0,"key":"Kunai"},{"floor":8.0,"key":"Torii"},{"floor":8.0,"key":"Molten Egg 2"},{"floor":10.0,"key":"MawBank"},{"floor":23.0,"key":"Omamori"},{"floor":23.0,"key":"Eternal Feather"},{"floor":25.0,"key":"testmod-Acrobat"},{"floor":25.0,"key":"testmod-ObsoleteBoomerang"},{"floor":26.0,"key":"Bottled Tornado"},{"floor":27.0,"key":"CloakClasp"},{"floor":27.0,"key":"Letter Opener"},{"floor":30.0,"key":"Orichalcum"},{"floor":30.0,"key":"BionicSphere"},{"floor":38.0,"key":"Oddly Smooth Stone"},{"floor":40,"key":"Mercury Hourglass"},{"floor":40,"key":"Ornamental Fan"},{"floor":43,"key":"TeardropLocket"},{"floor":45,"key":"Nunchaku"},{"floor":45,"key":"Strawberry"},{"floor":46,"key":"testmod-Fortitude"},{"floor":47,"key":"StoneCalendar"},{"floor":47,"key":"Du-Vu Doll"},{"floor":48,"key":"Regal Pillow"},{"floor":55,"key":"Pen Nib"},{"floor":55,"key":"Art of War"}],"event_choices":[{"cards_removed":["Defend_P"],"damage_healed":0.0,"max_hp_gain":0.0,"max_hp_loss":0.0,"gold_gain":0.0,"event_name":"Bonfire Elementals","player_choice":"Offered Basic","floor":4.0,"gold_loss":0.0,"damage_taken":0.0},{"damage_healed":0.0,"max_hp_gain":0.0,"max_hp_loss":0.0,"gold_gain":0.0,"event_name":"给自己的盒子","player_choice":"Swap Relic","floor":14.0,"relics_lost":["Orrery"],"gold_loss":0.0,"damage_taken":0.0,"relics_obtained":["Orrery"]},{"damage_healed":0.0,"max_hp_gain":0.0,"max_hp_loss":0.0,"gold_gain":0.0,"cards_transformed":["Strike_P","Strike_P"],"event_name":"Drug Dealer","player_choice":"Became Test Subject","floor":20.0,"gold_loss":0.0,"damage_taken":0.0,"cards_obtained":["Vault","Ragnarok"]},{"damage_healed":0.0,"max_hp_gain":0.0,"max_hp_loss":0.0,"gold_gain":0.0,"event_name":"Colosseum","player_choice":"Fight","floor":27.0,"gold_loss":0.0,"damage_taken":0.0},{"damage_healed":0.0,"max_hp_gain":0.0,"max_hp_loss":0.0,"gold_gain":0.0,"event_name":"Colosseum","player_choice":"Fought Nobs","floor":27.0,"gold_loss":0.0,"damage_taken":0.0},{"damage_healed":0.0,"max_hp_gain":0.0,"max_hp_loss":0.0,"gold_gain":400.0,"event_name":"恩洛斯的盘子","player_choice":"Sell","floor":28.0,"relics_lost":["DaveBox"],"gold_loss":0.0,"damage_taken":0.0},{"damage_healed":0.0,"max_hp_gain":0.0,"max_hp_loss":0.0,"gold_gain":0.0,"event_name":"Wheel of Change","player_choice":"Full Heal","floor":36.0,"gold_loss":0.0,"damage_taken":0.0},{"damage_healed":0,"gold_gain":0,"player_choice":"Fight","damage_taken":0,"max_hp_gain":0,"max_hp_loss":0,"event_name":"Mysterious Sphere","floor":46,"gold_loss":0}],"is_beta":false,"boss_relics":[{"not_picked":["testmod-DreamHouse","NightmareShop"],"picked":"testmod-StringDisintegrator"},{"not_picked":["TimeKeys","SlaversCollar"],"picked":"testmod-TimeTraveler"}],"items_purged_floors":[21,39,54],"is_endless":false,"potions_floor_spawned":[1,8,12,18,22,25,30,40,41,45,46,47,55],"ascension_level":20}}