{"host":"8zzc9mdnfkdiyxma","time":1614339381,"event":{"mods":["2.2 Compatiblity","BaseMod","Better Altar","Better Match","Better Note","Better Sensory Stone","Better Skull","Better Third Choice","Better Vampires","Colored Map","Colored Powertips","Dark Map","Emptier Cage","Energized Spire","Extra Virgin Snecko Oil","Halation","Hubris","Minty Spire (QoL Compilation)","Monster B Gone","Permanent Neow","RNG Fix","Rare Cards Sparkle","Relic Filter","Reliquary","SacredBarkPlus","Smile Girya","StSLib","Waifu the Spire"],"gold_per_floor":[117,131,148,148,148,148,161,191,191,229,255,255,268,295,295,295,295],"floor_reached":16,"language":"ENG","playtime":960,"items_purged":[],"score":228,"play_id":"db7ecd05-c8d7-4883-b205-d761dec7172d","local_time":"20210226063621","is_ascension_mode":true,"campfire_choices":[{"data":"Dash","floor":6,"key":"SMITH"},{"data":"hubris:Counter","floor":12,"key":"SMITH"},{"data":"Poisoned Stab","floor":15,"key":"SMITH"}],"circlet_count":0,"master_deck":["AscendersBane","Strike_G","Strike_G","Strike_G","Strike_G","Strike_G","Defend_G","Defend_G","Defend_G","Defend_G","Defend_G","Survivor","Neutralize","Flying Knee","Dash+1","Leg Sweep","Dash","Predator","hubris:Counter+1","Poisoned Stab+1","Backstab"],"relics":["Ring of the Snake","Tiny Chest","Vajra","CeramicFish"],"acts_visited":["Exordium"],"potions_floor_usage":[8,8,10,16,16],"damage_taken":[{"damage":1,"enemies":"Jaw Worm","floor":1,"turns":8},{"damage":4,"enemies":"Small Slimes","floor":2,"turns":5},{"damage":0,"enemies":"2 Louse","floor":3,"turns":4},{"damage":14,"enemies":"Exordium Wildlife","floor":7,"turns":6},{"damage":5,"enemies":"Lagavulin","floor":8,"turns":7},{"damage":5,"enemies":"3 Sentries","floor":10,"turns":9},{"damage":0,"enemies":"Large Slime","floor":11,"turns":6},{"damage":0,"enemies":"2 Fungi Beasts","floor":13,"turns":3},{"damage":0,"enemies":"Blue Slaver","floor":14,"turns":4},{"damage":53,"enemies":"Slime Boss","floor":16,"turns":11}],"seed_played":"-5285144887976253779","potions_obtained":[{"floor":4,"key":"Strength Potion"},{"floor":4,"key":"CultistPotion"},{"floor":8,"key":"AttackPotion"},{"floor":10,"key":"Ancient Potion"},{"floor":11,"key":"PowerPotion"},{"floor":14,"key":"Swift Potion"}],"is_trial":false,"path_per_floor":["M","M","M","?","?","R","M","E","T","E","M","R","M","M","R","B"],"character_chosen":"THE_SILENT","items_purchased":[],"campfire_rested":0,"item_purchase_floors":[],"current_hp_per_floor":[58,54,54,54,76,76,62,57,57,52,52,52,52,52,52,0,0],"gold":295,"neow_bonus":"ONE_RANDOM_RARE_CARD","is_daily":false,"chose_seed":false,"campfire_upgraded":3,"win_rate":0.0,"timestamp":1614339381,"path_taken":["M","M","M","?","?","R","M","E","T","E","?","R","M","M","R","BOSS"],"items_purchased_type":[],"build_version":"2020-12-22","purchased_purges":0,"victory":false,"max_hp_per_floor":[66,66,66,66,76,76,76,76,76,76,76,76,76,76,76,76,76],"card_choices":[{"not_picked":["Infinite Blades","Blade Dance"],"picked":"Flying Knee","floor":1},{"not_picked":["Cloak And Dagger","Slice"],"picked":"Dash","floor":2},{"not_picked":["Bane","Tactician"],"picked":"Leg Sweep","floor":3},{"not_picked":["Reflex","PiercingWail"],"picked":"Dash","floor":7},{"not_picked":["Concentrate","Cloak And Dagger"],"picked":"Predator","floor":8},{"not_picked":["Tools of the Trade","Heel Hook"],"picked":"hubris:Counter","floor":10},{"not_picked":["Sucker Punch","Acrobatics"],"picked":"Poisoned Stab","floor":11},{"not_picked":["Slice","Deadly Poison","Accuracy"],"picked":"SKIP","floor":13},{"not_picked":["PiercingWail","Bouncing Flask"],"picked":"Backstab","floor":14}],"player_experience":1032034,"relics_obtained":[{"floor":8,"key":"Tiny Chest"},{"floor":9,"key":"Vajra"},{"floor":10,"key":"CeramicFish"}],"event_choices":[{"damage_healed":0,"gold_gain":0,"player_choice":"Got Potions","damage_taken":0,"max_hp_gain":0,"max_hp_loss":0,"event_name":"Lab","floor":4,"gold_loss":0},{"cards_removed":["Night Terror"],"damage_healed":12,"gold_gain":0,"player_choice":"Offered Rare","damage_taken":0,"max_hp_gain":10,"max_hp_loss":0,"event_name":"Bonfire Elementals","floor":5,"gold_loss":0}],"is_beta":false,"boss_relics":[],"items_purged_floors":[],"is_endless":false,"potions_floor_spawned":[7,8,10,11,14],"killed_by":"Slime Boss","ascension_level":20}}