{"host":"i2s4iw62z1dejrqn","time":1614345157,"event":{"mods":["AchievementEnabler","BaseMod","Minty Spire (QoL Compilation)","Random Character Button","SuperFastMode"],"gold_per_floor":[115,40,40,60,76,102,102,133,159,159,194,211,211,211],"floor_reached":13,"language":"KOR","playtime":463,"items_purged":["Strike_B"],"score":155,"play_id":"35fd243f-bc50-4480-9daa-1c6e530bd012","local_time":"20210226221237","is_ascension_mode":true,"campfire_choices":[{"data":"Dualcast","floor":7,"key":"SMITH"},{"floor":10,"key":"REST"}],"circlet_count":0,"master_deck":["AscendersBane","Strike_B","Strike_B","Strike_B","Defend_B","Defend_B","Defend_B","Defend_B","Zap","Dualcast+1","Sunder","Heatsinks","Genetic Algorithm","BootSequence","Electrodynamics"],"relics":["Cracked Core","MealTicket","Bag of Preparation","Tiny Chest","Potion Belt"],"acts_visited":["Exordium"],"potions_floor_usage":[6,11,11,13],"damage_taken":[{"damage":12,"enemies":"Small Slimes","floor":1,"turns":4},{"damage":0,"enemies":"2 Louse","floor":4,"turns":1},{"damage":4,"enemies":"Jaw Worm","floor":5,"turns":3},{"damage":35,"enemies":"3 Sentries","floor":6,"turns":7},{"damage":25,"enemies":"Lagavulin","floor":8,"turns":7},{"damage":15,"enemies":"3 Sentries","floor":11,"turns":5},{"damage":0,"enemies":"Exordium Wildlife","floor":12,"turns":2},{"damage":38,"enemies":"Lagavulin","floor":13,"turns":7}],"seed_played":"-4397337478472497256","potions_obtained":[{"floor":1,"key":"Explosive Potion"},{"floor":4,"key":"Ancient Potion"},{"floor":6,"key":"LiquidBronze"},{"floor":8,"key":"DistilledChaos"},{"floor":11,"key":"Regen Potion"}],"is_trial":false,"path_per_floor":["M","$","?","M","M","E","R","E","T","R","E","M","E"],"character_chosen":"DEFECT","items_purchased":[],"campfire_rested":1,"item_purchase_floors":[],"current_hp_per_floor":[56,71,76,76,72,37,37,12,12,36,21,21,0,0],"gold":211,"neow_bonus":"RANDOM_COMMON_RELIC","is_daily":false,"chose_seed":false,"campfire_upgraded":1,"win_rate":0.0,"timestamp":1614345157,"path_taken":["M","$","?","M","M","E","R","E","T","R","E","M","E"],"items_purchased_type":[],"build_version":"2020-12-22","purchased_purges":1,"victory":false,"max_hp_per_floor":[75,75,80,80,80,80,80,80,80,80,80,80,80,80],"card_choices":[{"not_picked":["BootSequence","Barrage"],"picked":"Sunder","floor":1},{"not_picked":["Hologram","Ball Lightning"],"picked":"Heatsinks","floor":4},{"not_picked":["Leap","Gash","Steam"],"picked":"SKIP","floor":5},{"not_picked":["Gash","Amplify"],"picked":"Genetic Algorithm","floor":6},{"not_picked":["Blizzard","Sweeping Beam"],"picked":"BootSequence","floor":8},{"not_picked":["Redo","Tempest"],"picked":"Electrodynamics","floor":11},{"not_picked":["Redo","Cold Snap","Turbo"],"picked":"SKIP","floor":12}],"player_experience":502668,"relics_obtained":[{"floor":6,"key":"Bag of Preparation"},{"floor":8,"key":"Tiny Chest"},{"floor":11,"key":"Potion Belt"}],"event_choices":[{"damage_healed":0,"gold_gain":0,"player_choice":"Donut","damage_taken":0,"max_hp_gain":5,"max_hp_loss":0,"event_name":"Big Fish","floor":3,"gold_loss":0}],"is_beta":false,"boss_relics":[],"items_purged_floors":[2],"is_endless":false,"potions_floor_spawned":[1,4,6,8,11],"killed_by":"Lagavulin","ascension_level":10}}