{"host":"yzsgc1rrwi6sdbq7","time":1614322226,"event":{"mods":["AchievementEnabler","Act Like it!","BaseMod","Colored Map","DeckTracker","Keyboard Shortcuts","Library of Ruina","Library of Ruina Extra","Minty Spire (QoL Compilation)","Permanent Neow","Ruina","StSLib","SuperFastMode","everything is the same but u backflip on backflip"],"gold_per_floor":[115,40,53,65,82,82,58,87,87,122,122,132,151,171,171,272,272,287,305,305,318,318,336,336,346,346,363,380,390,400,499,499,499,499],"floor_reached":33,"language":"KOR","playtime":1192,"items_purged":["Defend_R"],"score":267,"play_id":"ca4647a0-eb6a-4520-bbd1-1e0afaf3e7bd","local_time":"20210226155026","is_ascension_mode":false,"campfire_choices":[{"data":"Armaments","floor":6,"key":"SMITH"},{"data":"Feel No Pain","floor":11,"key":"SMITH"},{"data":"Corruption","floor":15,"key":"SMITH"},{"floor":24,"key":"REST"},{"floor":32,"key":"REST"}],"circlet_count":0,"master_deck":["Strike_R","Strike_R","Strike_R","Strike_R","Strike_R","Defend_R","Bash","Armaments+1","Clash","Dropkick","Second Wind","Perfected Strike","Warcry","Feel No Pain+1","Thunderclap","Corruption+1","Ghostly Armor","Offering","Thunderclap+1","Iron Wave","Perfected Strike","Flex"],"relics":["SlaversCollar","Red Skull","PageOfBigBadWolf","Lizard Tail","Philosopher\u0027s Stone","Nunchaku"],"acts_visited":["Exordium","TheCity"],"potions_floor_usage":[10,12,14,14,27,29,30,33],"damage_taken":[{"damage":12,"enemies":"Cultist","floor":1,"turns":5},{"damage":7,"enemies":"Small Slimes","floor":3,"turns":5},{"damage":0,"enemies":"Jaw Worm","floor":4,"turns":3},{"damage":5,"enemies":"Exordium Thugs","floor":5,"turns":4},{"damage":12,"enemies":"Gremlin Nob","floor":8,"turns":4},{"damage":12,"enemies":"3 Sentries","floor":10,"turns":6},{"damage":5,"enemies":"Gremlin Gang","floor":12,"turns":7},{"damage":10,"enemies":"2 Fungi Beasts","floor":13,"turns":3},{"damage":15,"enemies":"Exordium Wildlife","floor":14,"turns":6},{"damage":50,"enemies":"Hexaghost","floor":16,"turns":8},{"damage":22,"enemies":"3 Byrds","floor":18,"turns":5},{"damage":17,"enemies":"Spheric Guardian","floor":19,"turns":4},{"damage":23,"enemies":"Shelled Parasite and Fungi","floor":21,"turns":4},{"damage":36,"enemies":"Snake Plant","floor":23,"turns":4},{"damage":20,"enemies":"Chosen and Byrds","floor":25,"turns":5},{"damage":13,"enemies":"Centurion and Healer","floor":27,"turns":3},{"damage":6,"enemies":"Snecko","floor":28,"turns":3},{"damage":17,"enemies":"Sentry and Sphere","floor":29,"turns":4},{"damage":11,"enemies":"Cultist and Chosen","floor":30,"turns":5},{"damage":56,"enemies":"Champ","floor":33,"turns":7}],"seed_played":"5637933716247334867","potions_obtained":[{"floor":4,"key":"SteroidPotion"},{"floor":5,"key":"GamblersBrew"},{"floor":12,"key":"ColorlessPotion"},{"floor":13,"key":"PowerPotion"},{"floor":21,"key":"Dexterity Potion"},{"floor":25,"key":"PowerPotion"},{"floor":27,"key":"EssenceOfSteel"},{"floor":29,"key":"BloodPotion"}],"is_trial":false,"path_per_floor":["M","$","M","M","M","R","$","E","T","E","R","M","M","M","R","B",null,"M","M","?","M","?","M","R","M","T","M","M","M","M","?","R","B"],"character_chosen":"IRONCLAD","items_purchased":["Perfected Strike"],"campfire_rested":2,"item_purchase_floors":[7],"current_hp_per_floor":[68,68,61,61,56,56,56,44,44,44,44,55,53,46,46,44,80,70,57,57,42,42,10,34,22,22,17,15,6,19,19,43,0,0],"gold":499,"neow_bonus":"BOSS_RELIC","is_daily":false,"chose_seed":false,"campfire_upgraded":3,"win_rate":0.0,"timestamp":1614322226,"path_taken":["M","$","M","M","M","R","?","E","T","E","R","M","M","M","R","BOSS","M","M","?","M","?","M","R","M","T","M","?","?","M","?","R","BOSS"],"items_purchased_type":["Card"],"build_version":"2020-12-22","purchased_purges":1,"victory":false,"max_hp_per_floor":[80,80,80,80,80,80,80,80,80,80,80,80,80,80,80,80,80,80,80,80,80,80,80,80,80,80,80,80,80,80,80,80,80,80],"card_choices":[{"not_picked":["Cleave","Thunderclap"],"picked":"Armaments","floor":1},{"not_picked":["Blood for Blood","Clothesline"],"picked":"Clash","floor":3},{"not_picked":["Sword Boomerang","Spot Weakness"],"picked":"Dropkick","floor":4},{"not_picked":["Sword Boomerang","Clash"],"picked":"Second Wind","floor":5},{"not_picked":["Bloodletting","Anger"],"picked":"Warcry","floor":8},{"not_picked":["True Grit","Cleave"],"picked":"Feel No Pain","floor":10},{"not_picked":["Dual Wield","Clash"],"picked":"Thunderclap","floor":12},{"not_picked":["Thunderclap","Headbutt"],"picked":"Corruption","floor":13},{"not_picked":["Clothesline","Iron Wave"],"picked":"Ghostly Armor","floor":14},{"not_picked":["Impervious","Demon Form"],"picked":"Offering","floor":16},{"not_picked":["Clash+1","Warcry","Clothesline+1"],"picked":"SKIP","floor":18},{"not_picked":["Headbutt","Reckless Charge"],"picked":"Thunderclap+1","floor":19},{"not_picked":["Hemokinesis","Pummel","Heavy Blade"],"picked":"SKIP","floor":21},{"not_picked":["Reckless Charge","Entrench","Cleave"],"picked":"SKIP","floor":23},{"not_picked":["Rupture","Iron Wave","Clash"],"picked":"SKIP","floor":25},{"not_picked":["Shrug It Off","Twin Strike","Cleave"],"picked":"SKIP","floor":27},{"not_picked":["Thunderclap+1","Clash+1","Body Slam"],"picked":"SKIP","floor":28},{"not_picked":["Searing Blow","Infernal Blade"],"picked":"Perfected Strike","floor":29},{"not_picked":["Headbutt","Carnage"],"picked":"Flex","floor":30}],"player_experience":18915,"relics_obtained":[{"floor":8,"key":"Red Skull"},{"floor":9,"key":"PageOfBigBadWolf"},{"floor":10,"key":"Lizard Tail"},{"floor":26,"key":"Nunchaku"}],"event_choices":[{"cards_removed":["Defend_R"],"damage_healed":0,"gold_gain":0,"player_choice":"Elegance","damage_taken":0,"max_hp_gain":0,"max_hp_loss":0,"event_name":"Back to Basics","floor":20,"gold_loss":0},{"cards_removed":["Defend_R"],"damage_healed":0,"gold_gain":0,"player_choice":"Took Card","damage_taken":0,"max_hp_gain":0,"max_hp_loss":0,"event_name":"NoteForYourself","floor":22,"gold_loss":0,"cards_obtained":["Iron Wave"]},{"damage_healed":0,"gold_gain":99,"player_choice":"Stole From Cult","damage_taken":0,"max_hp_gain":0,"max_hp_loss":0,"event_name":"Nest","floor":31,"gold_loss":0}],"is_beta":false,"boss_relics":[{"not_picked":["Runic Cube","Fusion Hammer"],"picked":"Philosopher\u0027s Stone"}],"items_purged_floors":[2],"is_endless":false,"potions_floor_spawned":[4,5,12,13,21,25,27,29],"killed_by":"Champ","ascension_level":0}}