{"host":"75labscqqrd170u0","time":1614355627,"event":{"mods":["BaseMod","Minty Spire (QoL Compilation)","Replay The Spire","StSLib"],"gold_per_floor":[113,155,173,189,189,218,218,230,230,230,230,230],"floor_reached":11,"language":"ENG","playtime":439,"items_purged":[],"score":73,"play_id":"7d138836-88de-4632-819a-b161b39a9146","local_time":"20210226110707","is_ascension_mode":false,"campfire_choices":[{"data":"Zap","floor":7,"key":"SMITH"},{"floor":10,"key":"REST"}],"circlet_count":0,"master_deck":["Strike_B","Strike_B","Strike_B","Strike_B","Defend_B","Defend_B","Defend_B","Defend_B","Zap+1","Dualcast","ReplayGash","Regret","Defragment"],"relics":["Runic Dome","Replay:Accelerometer","ReplayTheSpireMod:Lightbulb","Pantograph"],"acts_visited":["Exordium"],"potions_floor_usage":[6],"damage_taken":[{"damage":12,"enemies":"Small Slimes","floor":1,"turns":3},{"damage":9,"enemies":"2 Louse","floor":3,"turns":3},{"damage":11,"enemies":"Jaw Worm","floor":4,"turns":2},{"damage":12,"enemies":"3 Sentries","floor":6,"turns":8},{"damage":10,"enemies":"Exordium Wildlife","floor":8,"turns":4},{"damage":51,"enemies":"Gremlin Nob","floor":11,"turns":4}],"seed_played":"-877065945828891155","potions_obtained":[{"floor":3,"key":"Dexterity Potion"},{"floor":4,"key":"SkillPotion"}],"is_trial":false,"path_per_floor":["M","?","M","M","?","E","R","M","T","R","E"],"character_chosen":"DEFECT","items_purchased":[],"campfire_rested":1,"item_purchase_floors":[],"current_hp_per_floor":[63,63,54,43,43,31,31,21,21,43,0,0],"gold":230,"neow_bonus":"BOSS_RELIC","is_daily":false,"chose_seed":false,"campfire_upgraded":1,"win_rate":0.0,"timestamp":1614355627,"path_taken":["M","?","M","M","?","E","R","M","T","R","E"],"items_purchased_type":[],"build_version":"2020-12-13","purchased_purges":0,"victory":false,"max_hp_per_floor":[75,75,75,75,75,75,75,75,75,75,75,75],"card_choices":[{"not_picked":["BasicCrystalCard","ReplaySort","Rebound"],"picked":"SKIP","floor":1},{"not_picked":["Auto Shields","Beam Cell"],"picked":"ReplayGash","floor":2},{"not_picked":["Recycle","Stack","Beam Cell"],"picked":"SKIP","floor":3},{"not_picked":["Ball Lightning","Beam Cell","Doom and Gloom"],"picked":"SKIP","floor":4},{"not_picked":["Go for the Eyes","Reinforced Body","Steam"],"picked":"SKIP","floor":6},{"not_picked":["Streamline","Turbo"],"picked":"Defragment","floor":8}],"player_experience":115245,"relics_obtained":[{"floor":2,"key":"Replay:Accelerometer"},{"floor":6,"key":"Pantograph"}],"event_choices":[{"damage_healed":0,"gold_gain":0,"player_choice":"Box","damage_taken":0,"relics_obtained":["ReplayTheSpireMod:Lightbulb"],"max_hp_gain":0,"max_hp_loss":0,"event_name":"Big Fish","floor":5,"gold_loss":0,"cards_obtained":["Regret"]}],"is_beta":false,"boss_relics":[],"items_purged_floors":[],"is_endless":false,"potions_floor_spawned":[3,4],"killed_by":"Gremlin Nob","ascension_level":0}}