{"host":"i58uscbei3sy5089","time":1614353609,"event":{"mods":["ATMod(阿瑾Mod)","Act Like it!","BaseMod","Challenge The Spire","Colored Powertips","Conspire","Gensokyo","Infinite Spire","Lobotomy","LobotomyExtend","Minty Spire (QoL Compilation)","MostiFishMod","Quick Restart","Reliquary","Replay The Spire","Shop Mod","Spicy Shops","StSLib","TestMod","UnlockEverythingMod","[IsaacMod]以撒尖塔","【功能Mod】混沌之环修复补丁","【遗物卡牌】REMEMod","篝火指南"],"gold_per_floor":[111,111,121,3,23,23,57,57,57,57,71,103,115,145,145,217,217,217,217],"floor_reached":18,"language":"ZHS","playtime":1970,"items_purged":["SpecialBullet"],"score":385,"play_id":"392251ce-54ba-422f-9667-f7b6482fa20b","local_time":"20210226233329","is_ascension_mode":true,"campfire_choices":[{"floor":15,"key":"REST"}],"circlet_count":0,"master_deck":["AscendersBane","SpecialBullet","SpecialBullet","SpecialBullet","SpecialBullet","AT_FamilyPortrait","Feed","MHz","InformationCode","Diffraction","SecurityCode","GreenStem","Adoration"],"relics":["CogitoBucket","testmod-TestBox","HushsDoor","DaveBox","AT_ATBox","REME_ComplimentaryCards","testmod-Hope","EGODaCapo","SynthV:TestCard","LetterFromLob","Mango","GuppysTail","testmod-BouquetWithThorns","testmod-InfectionSource","Counterbalance","Blue Candle","SkinProphecy","Pondfish Scales","testmod-CardMagician"],"acts_visited":["Exordium","Gensokyo:Gensokyo"],"potions_floor_usage":[14],"damage_taken":[{"damage":0,"enemies":"Gensokyo:3_Fairies","floor":1,"turns":3},{"damage":0,"enemies":"Gensokyo:Gryphon","floor":3,"turns":2},{"damage":1,"enemies":"Gensokyo:2_Kodama","floor":5,"turns":3},{"damage":9,"enemies":"Gensokyo:Cirno","floor":7,"turns":5},{"damage":13,"enemies":"Gensokyo:5_Fairies","floor":11,"turns":4},{"damage":5,"enemies":"Gensokyo:Mamizou","floor":12,"turns":4},{"damage":25,"enemies":"Gensokyo:3_Kodama","floor":13,"turns":5},{"damage":5,"enemies":"Gensokyo:Cirno","floor":14,"turns":6},{"damage":22,"enemies":"Gensokyo:Yukari","floor":16,"turns":7},{"damage":115,"enemies":"Gensokyo:2_Gloops","floor":18,"turns":3}],"seed_played":"-4410357418298342705","potions_obtained":[{"floor":1,"key":"testmod-TestPotion"},{"floor":11,"key":"Ancient Potion"}],"is_trial":false,"path_per_floor":["M","?","M","COS","M","R","E","R","T","?","M","E","M","E","R","B",null,"M"],"character_chosen":"Angela","items_purchased":[],"campfire_rested":1,"item_purchase_floors":[],"current_hp_per_floor":[63,35,35,35,37,37,42,42,42,42,29,24,10,1,27,9,67,0,0],"gold":217,"neow_bonus":"THREE_CARDS","is_daily":false,"chose_seed":false,"campfire_upgraded":0,"win_rate":0.0,"timestamp":1614353609,"path_taken":["M","?","M","COS","M","R","E","R","T","?","M","E","?","E","R","BOSS","M"],"items_purchased_type":[],"build_version":"2020-12-22","purchased_purges":1,"victory":false,"max_hp_per_floor":[70,70,70,70,73,73,87,87,87,87,87,87,87,89,89,91,86,88,88],"card_choices":[{"not_picked":[],"picked":"Bomb","floor":0},{"not_picked":["CherryBlossoms","MeatLantern"],"picked":"MHz","floor":1},{"not_picked":["FrostShard","SomewhereSpear"],"picked":"SKIP","floor":1},{"not_picked":["ShedSkin","Beak","CherryBlossom","BlueScar"],"picked":"SKIP","floor":3},{"not_picked":["SomewhereSpear","RapturousDream","Loneliness","Heaven"],"picked":"SKIP","floor":5},{"not_picked":["Loneliness","CrimsonScar","Spore","SomewhereSpear"],"picked":"SKIP","floor":7},{"not_picked":["TodaysExpression","CUTE","WristCuter"],"picked":"Diffraction","floor":11},{"not_picked":["Logging","SwordSharpenedByTears","Harmony","TheSmile"],"picked":"SKIP","floor":12},{"not_picked":["Pleasure","Soda","Spore","Beak"],"picked":"SKIP","floor":13},{"not_picked":["Mimicry","WristCuter","Pleasure"],"picked":"GreenStem","floor":14},{"not_picked":["TheSmile","ParadiseLost","GoldRush"],"picked":"Adoration","floor":16}],"player_experience":643071,"relics_obtained":[{"floor":1,"key":"SynthV:TestCard"},{"floor":1,"key":"LetterFromLob"},{"floor":7,"key":"Mango"},{"floor":9,"key":"GuppysTail"},{"floor":12,"key":"Blue Candle"},{"floor":14,"key":"Pondfish Scales"}],"event_choices":[{"damage_healed":0,"gold_gain":0,"player_choice":"Swap Relic","damage_taken":0,"relics_obtained":["testmod-BouquetWithThorns"],"max_hp_gain":0,"max_hp_loss":0,"event_name":"给自己的盒子","floor":10,"relics_lost":["SteamSale"],"gold_loss":0}],"is_beta":false,"boss_relics":[{"not_picked":["RhineFirstAidKit","testmod-Prudence"],"picked":"testmod-CardMagician"},{"not_picked":[]}],"items_purged_floors":[17],"is_endless":false,"potions_floor_spawned":[1,11],"killed_by":"Gensokyo:2_Gloops","ascension_level":13}}