{"host":"lmshf3swj20gmdor","time":1614347763,"event":{"mods":["2.2 Compatiblity","BaseMod","Conspire","Downfall","Googly Eyes","Hubris","Minty Spire (QoL Compilation)","Replay The Spire","Spikes Relics","StSLib","Synergy Search","The Servant 0.9.4"],"gold_per_floor":[194,194,194,253,353,378,453,473,490,82,532,532,532,565,580,580,580,580],"floor_reached":16,"language":"ENG","playtime":475,"items_purged":[],"score":158,"play_id":"3f29e4c3-789c-4449-97c8-60a8857a5933","local_time":"20210226135603","is_ascension_mode":true,"campfire_choices":[{"data":"BlessedFruit","floor":13,"key":"SMITH"}],"circlet_count":0,"master_deck":["bronze:Strike","bronze:Strike","bronze:Strike","bronze:Strike","bronze:Defend","bronze:Defend","bronze:Defend","bronze:Defend","bronze:Replicate","bronze:Goto","bronze:Optimize","BlessedFruit+1","BlessedFruit","bronze:ItsAFeature","bronze:FineTuning","bronze:DelayedSlice","downfall:Icky","downfall:Icky","downfall:Icky","bronze:RecursiveStrike"],"relics":["bronze:BronzeCore","downfall:HeartsMalice","HeavenlyBonsai","Boot","Darkstone Periapt","Shuriken","Sling","Bottled Flame"],"acts_visited":["Exordium"],"potions_floor_usage":[12,14,16],"damage_taken":[{"damage":0,"enemies":"2 Louse","floor":2,"turns":1},{"damage":0,"enemies":"Small Slimes","floor":3,"turns":1},{"damage":0,"enemies":"Lagavulin Event","floor":4,"turns":1},{"damage":15,"enemies":"Jaw Worm","floor":8,"turns":5},{"damage":4,"enemies":"Red Slaver","floor":9,"turns":6},{"damage":0,"enemies":"downfall:FleeingMerchant","floor":10,"turns":4},{"damage":15,"enemies":"Lots of Slimes","floor":12,"turns":2},{"damage":22,"enemies":"3 Sentries","floor":14,"turns":6},{"damage":11,"enemies":"Blue Slaver","floor":15,"turns":3},{"damage":51,"enemies":"DF_ARCHETYPE_STREAMLINE","floor":16,"turns":6}],"seed_played":"-6515880587121371099","potions_obtained":[{"floor":4,"key":"SmokeBomb"},{"floor":9,"key":"Regen Potion"},{"floor":14,"key":"Swift Potion"}],"is_trial":false,"path_per_floor":["R","M","M","?","?","T","T","M","M","$","?","M","R","E","M","B"],"character_chosen":"THE_AUTOMATON","items_purchased":["Shuriken","Sling"],"campfire_rested":0,"item_purchase_floors":[10,10],"current_hp_per_floor":[70,70,70,70,70,70,70,57,55,57,75,61,61,56,48,0,0,0],"gold":580,"neow_bonus":"THREE_ENEMY_KILL","is_daily":false,"chose_seed":false,"campfire_upgraded":1,"win_rate":0.0,"timestamp":1614347763,"path_taken":["R","M","M","?","?","?","T","?","?","$","?","M","R","E","M","BOSS"],"items_purchased_type":["Relic","Relic"],"build_version":"2020-12-22","purchased_purges":0,"victory":false,"max_hp_per_floor":[70,70,70,70,70,70,70,72,74,76,94,95,95,98,101,104,104,104],"card_choices":[{"not_picked":["bronze:Return","bronze:ChildClass"],"picked":"bronze:Optimize","floor":2},{"not_picked":["bronze:Repair","bronze:Constructor","bronze:BuggyMess"],"picked":"SKIP","floor":3},{"not_picked":["bronze:Turbo","bronze:Shield"],"picked":"bronze:ItsAFeature","floor":4},{"not_picked":["bronze:BronzeOrb","bronze:Constructor"],"picked":"bronze:FineTuning","floor":8},{"not_picked":["bronze:ForceShield","bronze:Refactor","bronze:Optimize"],"picked":"SKIP","floor":9},{"not_picked":["bronze:Deprecate","bronze:Branch"],"picked":"bronze:DelayedSlice","floor":10},{"not_picked":["bronze:WildBeam","bronze:DelayedSlice"],"picked":"bronze:RecursiveStrike","floor":14},{"not_picked":["bronze:DelayedGuard","bronze:Frontload","bronze:GetLatest"],"picked":"SKIP","floor":15}],"player_experience":857655,"relics_obtained":[{"floor":4,"key":"HeavenlyBonsai"},{"floor":6,"key":"Boot"},{"floor":7,"key":"Darkstone Periapt"},{"floor":14,"key":"Bottled Flame"}],"event_choices":[],"is_beta":false,"boss_relics":[],"items_purged_floors":[],"is_endless":false,"potions_floor_spawned":[4,9,12,14],"killed_by":"DF_ARCHETYPE_STREAMLINE","ascension_level":2}}