{"host":"8ztb9kwpjc2zof9s","time":1614369882,"event":{"mods":["BaseMod","Block Reminder","Curses Come First","Minty Spire (QoL Compilation)","Relic Stats","StSLib"],"gold_per_floor":[364,0,11,27,102,137,137,155,155,172,172,172],"floor_reached":11,"language":"ENG","playtime":396,"items_purged":["Strike_G"],"score":139,"play_id":"e309ed74-e66e-4fe3-9a71-6e259c28dd7f","local_time":"20210226120442","is_ascension_mode":true,"campfire_choices":[{"floor":7,"key":"REST"}],"circlet_count":0,"master_deck":["AscendersBane","Strike_G","Strike_G","Strike_G","Strike_G","Defend_G","Defend_G","Defend_G","Defend_G","Defend_G","Survivor","Neutralize","Riddle With Holes","Footwork","Deadly Poison","Deflect","Backstab","Blade Dance","Footwork","Prepared","Cloak And Dagger","A Thousand Cuts"],"relics":["Ring of the Snake","Dream Catcher","Paper Crane"],"acts_visited":["Exordium"],"potions_floor_usage":[6,6,10],"damage_taken":[{"damage":3.0,"enemies":"Small Slimes","floor":1.0,"turns":5.0},{"damage":4.0,"enemies":"2 Louse","floor":3.0,"turns":3.0},{"damage":0.0,"enemies":"Cultist","floor":4.0,"turns":3.0},{"damage":24,"enemies":"Gremlin Nob","floor":6,"turns":4},{"damage":4,"enemies":"Blue Slaver","floor":8,"turns":4},{"damage":9,"enemies":"2 Fungi Beasts","floor":10,"turns":4},{"damage":15,"enemies":"3 Sentries","floor":11,"turns":2}],"seed_played":"7307988190552853195","potions_obtained":[{"floor":1.0,"key":"Weak Potion"},{"floor":4.0,"key":"LiquidMemories"},{"floor":8,"key":"LiquidMemories"}],"is_trial":false,"path_per_floor":["M","$","M","M","?","E","R","M","T","M","E"],"character_chosen":"THE_SILENT","items_purchased":["Footwork","Deadly Poison","Deflect","Backstab","Strength Potion"],"campfire_rested":1,"item_purchase_floors":[2,2,2,2,2],"current_hp_per_floor":[41,41,37,37,26,2,21,17,17,8,0,0],"gold":172,"neow_bonus":"TWO_FIFTY_GOLD","is_daily":false,"chose_seed":false,"campfire_upgraded":0,"win_rate":0.0,"timestamp":1614369882,"path_taken":["M","$","M","M","?","E","R","M","T","M","E"],"items_purchased_type":["Card","Card","Card","Card","Potion"],"build_version":"2020-12-22","purchased_purges":1,"victory":false,"max_hp_per_floor":[66,66,66,66,66,66,66,66,66,66,66,66],"relic_stats":{"Dream Catcher":1,"counters":[7,25],"obtain_stats":[{"Dream Catcher":6,"Paper Crane":9,"Ring of the Snake":0},{"Dream Catcher":4,"Paper Crane":5,"Ring of the Snake":0},{"Dream Catcher":15,"Paper Crane":19,"Ring of the Snake":0}],"Ring of the Snake":[14]},"card_choices":[{"not_picked":["Calculated Gamble","Dagger Throw"],"picked":"Riddle With Holes","floor":1.0},{"not_picked":["Cloak And Dagger","Deflect"],"picked":"Blade Dance","floor":3.0},{"not_picked":["Well Laid Plans","Prepared"],"picked":"Footwork","floor":4.0},{"not_picked":["Quick Slash","Skewer","Bane"],"picked":"SKIP","floor":6},{"not_picked":["PiercingWail","Outmaneuver"],"picked":"Prepared","floor":7},{"not_picked":["Poisoned Stab","Concentrate"],"picked":"Cloak And Dagger","floor":8},{"not_picked":["Masterful Stab","Bane"],"picked":"A Thousand Cuts","floor":10}],"player_experience":390345,"relics_obtained":[{"floor":6,"key":"Dream Catcher"},{"floor":9,"key":"Paper Crane"}],"event_choices":[{"damage_healed":0.0,"max_hp_gain":0.0,"max_hp_loss":0.0,"gold_gain":75.0,"event_name":"World of Goop","player_choice":"Gather Gold","floor":5.0,"gold_loss":0.0,"damage_taken":11.0}],"is_beta":false,"boss_relics":[],"items_purged_floors":[2],"is_endless":false,"potions_floor_spawned":[1,4,8],"killed_by":"3 Sentries","ascension_level":17}}