{"host":"dlqyscxstsnu98l1","time":1614326826,"event":{"mods":["AchievementEnabler","BaseMod","Colored Map","Colored Powertips","GifTheSpireLib","Highlight Path","Minty Spire (QoL Compilation)","Random Character Button","SacredBarkPlus","StSLib","everything is the same but u backflip on backflip"],"gold_per_floor":[118,118,118,131,131,131,166,166,166,177,187,205,218,248,248,349,349,364,379,394,413,173,173,191,78,78,78,28,28,28],"floor_reached":29,"language":"ENG","playtime":725,"items_purged":["Strike_P","Decay"],"score":406,"play_id":"fe55f60e-5c02-45ca-8371-23f6df9468ab","local_time":"20210226020706","is_ascension_mode":true,"campfire_choices":[{"data":"Indignation","floor":6,"key":"SMITH"},{"floor":15,"key":"REST"},{"floor":23,"key":"REST"}],"circlet_count":0,"master_deck":["Strike_P+1","Strike_P","Strike_P","Defend_P","Defend_P","Defend_P","Defend_P","Eruption+1","Vigilance","Indignation+1","Sanctity","Conclude","Vengeance","Ragnarok","Halt","Halt","Blasphemy","Indignation+1","Apotheosis","Protect"],"relics":["PureWater","NeowsBlessing","Blood Vial","Strawberry","Ginger","Meat on the Bone","Juzu Bracelet","Black Star","Membership Card","Medical Kit"],"acts_visited":["Exordium","TheCity"],"potions_floor_usage":[13,21,29],"damage_taken":[{"damage":0,"enemies":"2 Louse","floor":1,"turns":1},{"damage":0,"enemies":"Jaw Worm","floor":4,"turns":1},{"damage":0,"enemies":"3 Sentries","floor":7,"turns":2},{"damage":0,"enemies":"Cultist","floor":10,"turns":2},{"damage":2,"enemies":"Lots of Slimes","floor":11,"turns":2},{"damage":0,"enemies":"Large Slime","floor":12,"turns":3},{"damage":24,"enemies":"Exordium Wildlife","floor":13,"turns":2},{"damage":40,"enemies":"Lagavulin","floor":14,"turns":4},{"damage":0,"enemies":"Slime Boss","floor":16,"turns":5},{"damage":30,"enemies":"Shell Parasite","floor":18,"turns":5},{"damage":2,"enemies":"Chosen","floor":19,"turns":4},{"damage":21,"enemies":"Snake Plant","floor":20,"turns":4},{"damage":17,"enemies":"3 Cultists","floor":21,"turns":4},{"damage":30,"enemies":"Centurion and Healer","floor":24,"turns":5},{"damage":39,"enemies":"Slavers","floor":29,"turns":3}],"seed_played":"8272952617139704615","potions_obtained":[{"floor":1,"key":"StancePotion"},{"floor":4,"key":"PowerPotion"},{"floor":10,"key":"CultistPotion"},{"floor":12,"key":"Strength Potion"},{"floor":14,"key":"LiquidMemories"},{"floor":21,"key":"LiquidBronze"}],"is_trial":false,"path_per_floor":["M","?","?","M","?","R","E","?","T","M","M","M","M","E","R","B",null,"M","M","M","M","$","R","M","$","T","?","$","E"],"character_chosen":"WATCHER","items_purchased":["Membership Card","Apotheosis","Medical Kit"],"campfire_rested":2,"item_purchase_floors":[22,22,25],"current_hp_per_floor":[65,51,51,51,48,48,57,57,57,59,59,61,51,25,48,50,72,44,44,37,34,34,57,41,41,41,41,41,4,4],"gold":28,"neow_bonus":"THREE_ENEMY_KILL","is_daily":false,"chose_seed":false,"campfire_upgraded":1,"win_rate":0.0,"timestamp":1614326826,"path_taken":["M","?","?","M","?","R","E","?","T","?","M","M","M","E","R","BOSS","M","M","M","M","$","R","M","?","T","?","$","E"],"items_purchased_type":["Relic","Card","Relic"],"build_version":"2020-12-22","purchased_purges":2,"victory":false,"max_hp_per_floor":[72,72,72,72,72,72,79,79,79,79,79,79,79,79,79,79,79,79,79,79,79,79,79,79,79,79,79,79,79,79],"card_choices":[{"not_picked":["ThirdEye","CrushJoints"],"picked":"Indignation","floor":1},{"not_picked":["ClearTheMind","WindmillStrike"],"picked":"Sanctity","floor":4},{"not_picked":["Consecrate","JustLucky"],"picked":"Conclude","floor":7},{"not_picked":["JustLucky","CutThroughFate","WaveOfTheHand"],"picked":"SKIP","floor":10},{"not_picked":["ThirdEye","BowlingBash"],"picked":"Vengeance","floor":11},{"not_picked":["FlyingSleeves","FlurryOfBlows"],"picked":"Ragnarok","floor":12},{"not_picked":["Nirvana","Vengeance"],"picked":"Halt","floor":13},{"not_picked":["WheelKick","ForeignInfluence"],"picked":"Halt","floor":14},{"not_picked":["DeusExMachina","Alpha"],"picked":"Blasphemy","floor":16},{"not_picked":["SashWhip","Collect+1","Swivel"],"picked":"SKIP","floor":18},{"not_picked":["CrushJoints+1","Prostrate","FollowUp"],"picked":"SKIP","floor":19},{"not_picked":["Worship","FlurryOfBlows+1"],"picked":"Indignation+1","floor":20},{"not_picked":["BowlingBash","Sanctity","Worship"],"picked":"SKIP","floor":21},{"not_picked":["CrushJoints","Consecrate"],"picked":"Protect","floor":24}],"player_experience":283676,"relics_obtained":[{"floor":7,"key":"Strawberry"},{"floor":9,"key":"Meat on the Bone"},{"floor":14,"key":"Juzu Bracelet"}],"event_choices":[{"damage_healed":0,"gold_gain":0,"player_choice":"Entered Light","damage_taken":14,"max_hp_gain":0,"max_hp_loss":0,"event_name":"Shining Light","floor":2,"gold_loss":0,"cards_upgraded":["Eruption","Strike_P"]},{"damage_healed":0,"gold_gain":0,"player_choice":"Ignored","damage_taken":0,"max_hp_gain":0,"max_hp_loss":0,"event_name":"Liars Game","floor":3,"gold_loss":0},{"damage_healed":0,"gold_gain":0,"player_choice":"Success","damage_taken":3,"relics_obtained":["Blood Vial"],"max_hp_gain":0,"max_hp_loss":0,"event_name":"Scrap Ooze","floor":5,"gold_loss":0},{"damage_healed":0,"gold_gain":0,"player_choice":"Gave Potion","damage_taken":0,"relics_obtained":["Ginger"],"max_hp_gain":0,"max_hp_loss":0,"event_name":"WeMeetAgain","floor":8,"gold_loss":0},{"damage_healed":0,"gold_gain":0,"player_choice":"Smashed Altar","damage_taken":0,"max_hp_gain":0,"max_hp_loss":0,"event_name":"Forgotten Altar","floor":27,"gold_loss":0,"cards_obtained":["Decay"]}],"is_beta":false,"boss_relics":[{"not_picked":["Runic Pyramid","Snecko Eye"],"picked":"Black Star"}],"items_purged_floors":[25,28],"is_endless":false,"potions_floor_spawned":[1,4,10,12,14,21,24],"killed_by":"Slavers","ascension_level":6}}