{"host":"684z1xpuwaoqmmh1","time":1614343468,"event":{"mods":["BaseMod","CatGirl Mod","Downfall","Hermit","Jorbs\u0027s Wanderer Trilogy","Marisa????????","Minty Spire (QoL Compilation)","Robot Space Explorer","Shade Mod","Shapeshifter Mod","StSLib","The Bug Knight","The Clintock","The Dragon Tamer","The Elementalist","The Hayseed","The Hierophant","The Marked","The Mystic","The Poker Player","The Runesmith","The Sage","The Saiyan","The Showman","The Spell Scribe","The Valiant","The Vixen","TheBandit","TheFirefly","TheVacant"],"gold_per_floor":[115,115,165,165,66,66,99,99,99,99,115,150,176,186,186,285,285,298,314,25,41,41,41,75,15,15,15,15,15],"floor_reached":28,"language":"ENG","playtime":984,"items_purged":["StSShapeShifter:ShapeShifter_Strike","StSShapeShifter:ShapeShifter_Strike"],"score":320,"play_id":"73b1ecab-b3e8-41bf-a2e5-57949cff22d4","local_time":"20210226144428","is_ascension_mode":true,"campfire_choices":[{"data":"StSShapeShifter:FesteringBite","floor":6,"key":"SMITH"},{"data":"StSShapeShifter:ShiftingStrike","floor":8,"key":"SMITH"},{"data":"StSShapeShifter:OakBlade","floor":10,"key":"SMITH"},{"data":"StSShapeShifter:CosmicShifter","floor":15,"key":"SMITH"},{"data":"StSShapeShifter:RitualOfTheElders","floor":23,"key":"SMITH"},{"floor":27,"key":"REST"}],"circlet_count":0,"master_deck":["StSShapeShifter:ShapeShifter_Strike","StSShapeShifter:ShapeShifter_Strike+1","StSShapeShifter:ShapeShifter_Defend","StSShapeShifter:ShapeShifter_Defend","StSShapeShifter:ShapeShifter_Defend","StSShapeShifter:ShapeShifter_Defend","StSShapeShifter:ShapeShifter_Defend","StSShapeShifter:Tortoise_Form+1","StSShapeShifter:Lynx_Form","StSShapeShifter:FesteringBite+1","StSShapeShifter:UnicornForm+1","StSShapeShifter:OakBlade+1","StSShapeShifter:ShiftingStrike+1","StSShapeShifter:Tornado","StSShapeShifter:BurrBomb","StSShapeShifter:CosmicShifter+1","StSShapeShifter:SkullBash","CurseOfTheBell","StSShapeShifter:RitualOfTheElders+1","StSShapeShifter:SpiritOfTheEarth","StSShapeShifter:ThornedSkin","StSShapeShifter:Synchronicity","StSShapeShifter:ClimbTree"],"relics":["StSShapeShifter:AnimalHeart","StSShapeShifter:TheShapeShiftersMagnolia","NeowsBlessing","StSShapeShifter:AlchemistsNecklace","Bird Faced Urn","Centennial Puzzle","Calling Bell","Lantern","Blue Candle","Shovel","champ:Barbells","sagemod:Flying_Carpet","sneckomod:BlankCard","Peace Pipe"],"acts_visited":["Exordium","TheCity"],"potions_floor_usage":[18,19,21,24,24,28],"damage_taken":[{"damage":0,"enemies":"2 Louse","floor":1,"turns":1},{"damage":0,"enemies":"Lagavulin","floor":7,"turns":1},{"damage":0,"enemies":"Jaw Worm","floor":11,"turns":1},{"damage":18,"enemies":"3 Sentries","floor":12,"turns":9},{"damage":6,"enemies":"Cultist","floor":14,"turns":3},{"damage":8,"enemies":"Slime Boss","floor":16,"turns":5},{"damage":0,"enemies":"Spheric Guardian","floor":18,"turns":2},{"damage":8,"enemies":"3 Byrds","floor":19,"turns":4},{"damage":14,"enemies":"Cultist and Chosen","floor":21,"turns":6},{"damage":56,"enemies":"Book of Stabbing","floor":24,"turns":7},{"damage":35,"enemies":"Gremlin Leader","floor":28,"turns":3}],"seed_played":"-8328661352914969546","potions_obtained":[{"floor":1,"key":"LiquidMemories"},{"floor":11,"key":"AttackPotion"},{"floor":14,"key":"Strength Potion"},{"floor":18,"key":"champ:CounterPotion"},{"floor":19,"key":"champ:CounterPotion"},{"floor":21,"key":"Dexterity Potion"}],"is_trial":false,"path_per_floor":["M","?","?","?","$","R","E","R","T","R","M","E","T","M","R","B",null,"M","M","$","M","?","R","E","?","T","R","E"],"character_chosen":"SHAPESHIFTER","items_purchased":["StSShapeShifter:OakBlade","champ:Barbells","StSShapeShifter:ThornedSkin"],"campfire_rested":1,"item_purchase_floors":[5,20,20],"current_hp_per_floor":[78,78,78,78,78,78,78,78,78,78,78,60,60,54,54,48,78,78,74,74,64,57,57,8,8,8,26,0,0],"gold":15,"neow_bonus":"THREE_ENEMY_KILL","is_daily":false,"chose_seed":false,"campfire_upgraded":5,"win_rate":0.0,"timestamp":1614343468,"path_taken":["M","?","?","?","$","R","E","R","T","R","M","E","?","?","R","BOSS","M","M","$","M","?","R","E","?","T","R","E"],"items_purchased_type":["Card","Relic","Card"],"build_version":"2020-12-22","purchased_purges":2,"victory":false,"max_hp_per_floor":[78,78,78,78,78,78,78,78,78,78,78,78,78,78,78,78,78,78,80,80,82,57,57,60,60,60,60,63,63],"card_choices":[{"not_picked":["StSShapeShifter:OakBlade","StSShapeShifter:RatForm"],"picked":"StSShapeShifter:FesteringBite","floor":1},{"not_picked":["StSShapeShifter:Guard","StSShapeShifter:FruitBasket"],"picked":"StSShapeShifter:ShiftingStrike","floor":7},{"not_picked":["StSShapeShifter:BloomingSlash","StSShapeShifter:BurstingSpore"],"picked":"StSShapeShifter:Tornado","floor":11},{"not_picked":["StSShapeShifter:BloomingSlash","StSShapeShifter:Rest"],"picked":"StSShapeShifter:BurrBomb","floor":12},{"not_picked":["StSShapeShifter:Hunt","StSShapeShifter:PoisonIvy"],"picked":"StSShapeShifter:CosmicShifter","floor":14},{"not_picked":["StSShapeShifter:BurstOfLifeEscapeDeath","StSShapeShifter:Vengeance"],"picked":"StSShapeShifter:SkullBash","floor":16},{"not_picked":["StSShapeShifter:Sapling","StSShapeShifter:FesteringBite"],"picked":"StSShapeShifter:RitualOfTheElders","floor":18},{"not_picked":["StSShapeShifter:VileMushroom","StSShapeShifter:FallingLeaves"],"picked":"StSShapeShifter:SpiritOfTheEarth","floor":19},{"not_picked":["StSShapeShifter:Sapling+1","StSShapeShifter:Rest"],"picked":"StSShapeShifter:Synchronicity","floor":21},{"not_picked":["StSShapeShifter:Synchronicity","StSShapeShifter:Rest"],"picked":"StSShapeShifter:ClimbTree","floor":24}],"player_experience":3182533,"relics_obtained":[{"floor":7,"key":"StSShapeShifter:AlchemistsNecklace"},{"floor":9,"key":"Bird Faced Urn"},{"floor":12,"key":"Centennial Puzzle"},{"floor":17,"key":"Lantern"},{"floor":17,"key":"Blue Candle"},{"floor":17,"key":"Shovel"},{"floor":24,"key":"sneckomod:BlankCard"},{"floor":26,"key":"Peace Pipe"}],"event_choices":[{"damage_healed":0,"gold_gain":0,"player_choice":"Grow","damage_taken":0,"max_hp_gain":0,"max_hp_loss":0,"event_name":"Living Wall","floor":4,"gold_loss":0,"cards_upgraded":["StSShapeShifter:UnicornForm"]},{"cards_removed":["StSShapeShifter:ShapeShifter_Strike"],"damage_healed":0,"gold_gain":0,"player_choice":"Single Remove","damage_taken":0,"max_hp_gain":0,"max_hp_loss":0,"event_name":"Designer","floor":25,"gold_loss":60}],"is_beta":false,"boss_relics":[{"not_picked":["Snecko Eye","SacredBark"],"picked":"Calling Bell"}],"items_purged_floors":[5,20],"is_endless":false,"potions_floor_spawned":[1,11,14,18,19,21],"killed_by":"Gremlin Leader","ascension_level":4}}