{"host":"dzvdy2cvkhifjmvi","time":1614377889,"event":{"mods":["BaseMod","Downfall","Infinite Spire","Marisa????????","Minty Spire (QoL Compilation)","Replay The Spire","StSLib","The Cursed","The Disciple","The Servant 0.9.4"],"gold_per_floor":[99,119,119,130,230,261,261,273,273,284,304,304,304,304,304],"floor_reached":13,"language":"ENG","playtime":475,"items_purged":[],"score":85,"play_id":"b778f893-f376-403f-a829-31bf431901a4","local_time":"20210226151809","is_ascension_mode":false,"campfire_choices":[{"data":"bronze:Goto","floor":1,"key":"SMITH"},{"data":"bronze:Deprecate","floor":9,"key":"SMITH"},{"data":"bronze:Philosophize","floor":12,"key":"SMITH"}],"circlet_count":0,"master_deck":["bronze:Strike","bronze:Strike","bronze:Strike","bronze:Defend","bronze:Defend","bronze:Defend","bronze:Replicate","bronze:Goto+1","bronze:Invalidate","bronze:Philosophize+1","bronze:Virus","bronze:Deprecate+1"],"relics":["bronze:BronzeCore","Strawberry","Pet Ghost"],"acts_visited":["Exordium"],"potions_floor_usage":[13,13],"damage_taken":[{"damage":0,"enemies":"Small Slimes","floor":2,"turns":3},{"damage":16,"enemies":"Jaw Worm","floor":4,"turns":2},{"damage":11,"enemies":"Replay:BlueRogue","floor":6,"turns":3},{"damage":0,"enemies":"2 Louse","floor":8,"turns":2},{"damage":12,"enemies":"2 Fungi Beasts","floor":10,"turns":2},{"damage":6,"enemies":"Exordium Wildlife","floor":11,"turns":3},{"damage":24,"enemies":"3 Sentries","floor":13,"turns":2}],"seed_played":"61303119509307076","potions_obtained":[{"floor":4,"key":"bronze:FreeFunctionsPotion"},{"floor":6,"key":"Elixir"},{"floor":11,"key":"hexamod:SoulburnPotion"}],"is_trial":false,"path_per_floor":["R","M","?","M","?","E","T","M","R","M","M","R","E"],"character_chosen":"THE_AUTOMATON","items_purchased":[],"campfire_rested":0,"item_purchase_floors":[],"current_hp_per_floor":[49,49,49,33,33,29,29,29,29,17,11,11,0,0,0],"gold":304,"neow_bonus":"REMOVE_TWO","is_daily":false,"chose_seed":false,"campfire_upgraded":3,"win_rate":0.0,"timestamp":1614377889,"path_taken":["R","M","?","M","?","E","T","M","R","M","M","R","E"],"items_purchased_type":[],"build_version":"2020-12-22","purchased_purges":0,"victory":false,"max_hp_per_floor":[70,70,70,70,70,77,77,77,77,77,77,77,77,77,77],"card_choices":[{"not_picked":["bronze:BronzeArmor","bronze:Deprecate"],"picked":"bronze:Invalidate","floor":2},{"not_picked":["bronze:BitShift","bronze:Overload"],"picked":"bronze:Philosophize","floor":4},{"not_picked":["bronze:ChildClass","bronze:BuggyMess"],"picked":"bronze:Virus","floor":6},{"not_picked":["bronze:DarkDash","bronze:Fortify"],"picked":"bronze:Deprecate","floor":8},{"not_picked":["bronze:Overheat","bronze:Separator","bronze:WhirlingStrike"],"picked":"SKIP","floor":10},{"not_picked":["bronze:DarkDash","bronze:CutThrough","bronze:BitShift"],"picked":"SKIP","floor":11}],"player_experience":1448250,"relics_obtained":[{"floor":6,"key":"Strawberry"},{"floor":7,"key":"Pet Ghost"}],"event_choices":[],"is_beta":false,"boss_relics":[],"items_purged_floors":[],"is_endless":false,"potions_floor_spawned":[4,6,11],"killed_by":"3 Sentries","ascension_level":0}}