{"host":"ufhw4cf0hh51lveu","time":1614306806,"event":{"mods":["BaseMod","DeckTracker","Library of Ruina","Lobotomy","Minty Spire (QoL Compilation)","SuperFastMode"],"gold_per_floor":[210,221,240,240,315,315,330,393,418,161,174,174,194,208,208,308,308,321,334,346,364,364,364,383,452,452,487,506,524,524,542,542,647,647,658,673,673,723,723,723,748,748,748,765,810,341,341,357,357,357],"floor_reached":51,"language":"KOR","playtime":1066,"items_purged":["UnforgettableMelody"],"score":913,"play_id":"cc78b331-3117-4098-bd18-092898c9ee2c","local_time":"20210226113326","is_ascension_mode":false,"campfire_choices":[{"data":"DegradedFairy","floor":6,"key":"SMITH"},{"data":"DegradedShockwave","floor":12,"key":"SMITH"},{"floor":15,"key":"REST"},{"data":"DegradedPillar","floor":23,"key":"SMITH"},{"data":"DegradedFairy","floor":30,"key":"SMITH"},{"data":"ToWhereThePrescriptPoints","floor":32,"key":"SMITH"},{"data":"BoundaryOfDeath","floor":40,"key":"SMITH"},{"floor":42,"key":"RECALL"},{"data":"DegradedChain","floor":47,"key":"SMITH"},{"data":"DegradedPillar","floor":49,"key":"SMITH"}],"circlet_count":0,"master_deck":["DegradedFairy+1","DegradedFairy+1","DegradedFairy","DegradedChain+1","DegradedChain+1","DegradedLock+1","DegradedPillar+1","DegradedPillar+1","DegradedShockwave+1","ToWhereThePrescriptPoints+1","SweepTheBackstreets","Quickness","CoordinatedAssault","RagingStormLove","Multislash","WillOfThePrescript","BoundaryOfDeath+1","Unlock1+1","IronWall+1","FlashOfSunup+1","SnakeSlit"],"relics":["PageOfLibrarian","Tiny Chest","Pear","SacredBark","PageOfTheQueenOfHatred","PageOfTheKnightOfDespair","SlaversCollar","PageOfGreed","PageOfWrath","HornCleat","PageOfNihil","Ginger","PageOfNothingThere","Bag of Marbles"],"acts_visited":["Exordium","TheCity","TheBeyond"],"potions_floor_usage":[16,20,31,33,44,50,50],"damage_taken":[{"damage":0,"enemies":"Small Slimes","floor":1,"turns":2},{"damage":0,"enemies":"2 Louse","floor":2,"turns":1},{"damage":0,"enemies":"Jaw Worm","floor":3,"turns":2},{"damage":0,"enemies":"3 Louse","floor":7,"turns":2},{"damage":0,"enemies":"Gremlin Gang","floor":11,"turns":1},{"damage":0,"enemies":"Looter","floor":13,"turns":1},{"damage":0,"enemies":"2 Fungi Beasts","floor":14,"turns":1},{"damage":0,"enemies":"Slime Boss","floor":16,"turns":2},{"damage":0,"enemies":"2 Thieves","floor":18,"turns":3},{"damage":0,"enemies":"3 Byrds","floor":19,"turns":2},{"damage":9,"enemies":"Snake Plant","floor":20,"turns":2},{"damage":0,"enemies":"Sentry and Sphere","floor":21,"turns":2},{"damage":0,"enemies":"3 Cultists","floor":24,"turns":4},{"damage":0,"enemies":"Book of Stabbing","floor":27,"turns":3},{"damage":0,"enemies":"Snake Plant","floor":28,"turns":2},{"damage":8,"enemies":"Sentry and Sphere","floor":29,"turns":4},{"damage":0,"enemies":"3 Cultists","floor":31,"turns":3},{"damage":13,"enemies":"Collector","floor":33,"turns":5},{"damage":30,"enemies":"Orb Walker","floor":35,"turns":3},{"damage":7,"enemies":"3 Darklings","floor":36,"turns":3},{"damage":0,"enemies":"Mind Bloom Boss Battle","floor":38,"turns":2},{"damage":63,"enemies":"Giant Head","floor":44,"turns":7},{"damage":0,"enemies":"2 Orb Walkers","floor":45,"turns":3},{"damage":0,"enemies":"Maw","floor":48,"turns":3},{"damage":2,"enemies":"Awakened One","floor":50,"turns":6},{"damage":0,"enemies":"Malkuth","floor":51,"turns":2},{"damage":0,"enemies":"Netzach","floor":51,"turns":4},{"damage":14,"enemies":"Tiphereth","floor":51,"turns":4},{"damage":30,"enemies":"Hokma","floor":51,"turns":6},{"damage":73,"enemies":"Angela","floor":51,"turns":5}],"seed_played":"2374349081470172825","potions_obtained":[{"floor":1,"key":"DistilledChaos"},{"floor":11,"key":"PowerPotion"},{"floor":14,"key":"LiquidMemories"},{"floor":21,"key":"Regen Potion"},{"floor":22,"key":"FearPotion"},{"floor":35,"key":"Energy Potion"},{"floor":36,"key":"BlessingOfTheForge"}],"is_trial":false,"path_per_floor":["M","M","M","?","?","R","M","?","T","$","M","R","M","M","R","B",null,"M","M","M","M","?","R","M","T","T","E","M","M","R","M","R","B",null,"M","M","?","?","?","R","T","R","T","E","?","$","R","M","R","B",null],"character_chosen":"Librarian","items_purchased":["Pear","PageOfNothingThere","Bag of Marbles"],"campfire_rested":1,"item_purchase_floors":[10,46,46],"current_hp_per_floor":[60,60,60,42,31,31,31,31,31,41,41,41,41,41,71,71,100,100,100,91,91,91,91,97,97,97,100,100,94,94,94,94,81,100,70,63,63,63,63,63,63,63,63,51,54,54,54,54,54,55],"gold":357,"neow_bonus":"HUNDRED_GOLD","is_daily":false,"chose_seed":false,"campfire_upgraded":8,"win_rate":0.0,"timestamp":1614306806,"path_taken":["M","M","M","?","?","R","M","?","T","$","M","R","?","M","R","BOSS","M","M","M","M","?","R","?","?","T","E","M","M","R","M","R","BOSS","M","M","?","?","?","R","?","R","T","E","?","$","R","M","R","BOSS"],"items_purchased_type":["Relic","Relic","Relic"],"build_version":"2020-12-22","purchased_purges":1,"victory":true,"max_hp_per_floor":[90,90,90,90,90,90,90,90,90,100,100,100,100,100,100,100,100,100,100,100,100,100,100,100,100,100,100,100,100,100,100,100,100,100,100,100,100,100,100,100,100,100,100,100,100,100,100,100,100,100],"card_choices":[{"not_picked":["SunsetBlade","Gigigig","SnakesPrey","Overpower","GuardingStance","Track","Thirst","YouOnlyLiveOnce"],"picked":"ToWhereThePrescriptPoints","floor":1},{"not_picked":["HardRehearsal","EnergyStrike","GrazeTheGrass","Outburst","UnavoidableGaze","Pound","FocusFire","HighSpeedStabbing"],"picked":"Parry2","floor":2},{"not_picked":["SpearedSweep","BindingArms","Parry2","Deflect_lor","SturdyDefense","HeavyPeaks","DefenseOrder","OpportunitySpotted","Multislash"],"picked":"SKIP","floor":3},{"not_picked":["GreatSerpentsImpact","ClassAndRespect","FaintMemories","NightInTheBackstreets","DesperateStruggle","Laceration","FendThisOffIfYouCan","BurningFlash","Bvapour"],"picked":"SKIP","floor":7},{"not_picked":["FeatherShield","GutHarvesting","EnergyShield","FlashOfSunup","FaintMemories","Reload","HighKick","StartinOutLightly"],"picked":"SweepTheBackstreets","floor":11},{"not_picked":["SmokingPipe","GreatSerpentsImpact","DefenseOrder","CrackOfDawn","HiddenBlade","StructuralAnalysis","StrongStrike","HandleRequest"],"picked":"Quickness","floor":13},{"not_picked":["UnavoidableGaze","Pound","Juggling","MultiBlock","SilentMist","HandleRequest","SharpSwipe","WillOfThePrescript"],"picked":"UnforgettableMelody","floor":14},{"not_picked":["SmokingPipe","SuppressingShot","DarkCloud","AsThePrescriptOrders","SharpSwipe","Laceration+1","UpbeatPerformance","MirageStorm"],"picked":"CoordinatedAssault","floor":18},{"not_picked":["EnergyConversion+1","HighKick","EnergyCycle","Overcharge","StrongStrike","SunsetBlade","BindingArms+1","StrikeDown","BulkyImpact+1"],"picked":"SKIP","floor":19},{"not_picked":["YoureTooSlow+1","LossOfSenses","ChiWen","KeepItFresh","CoordinatedAssault","FlowOfTheSword","Faith","BladeWhirl","StructuralAnalysis"],"picked":"SKIP","floor":20},{"not_picked":["GuardingStance","PreemptiveStrike","Rewind","CookingPrep","WillOfThePrescript","DimensionalRift+1","SinglePointStab","NonstopAssault","RatsGuideToSurvival+1"],"picked":"SKIP","floor":21},{"not_picked":["SnakesPrey","AsThePrescriptOrders","MultiHit","DriedUp","Ripple","Wallop_lor","Eradication","WillOfThePrescript","FierceCharge"],"picked":"SKIP","floor":24},{"not_picked":["MindPrepared","GuidanceOfTheGears","Parry2","QuickSuppression","PreemptiveStrike","Endure+1","Observe","BizarreAttack"],"picked":"RagingStormLove","floor":27},{"not_picked":["GuardingStance","HighKick+1","Pound+1","TendonChords","DesperateStruggle","FleetFootsteps","Quickness","DestructiveImpact"],"picked":"Multislash","floor":28},{"not_picked":["Thrust","GuardingStance","LeRegole","Multislash","CoordinatedAssault+1","NightInTheBackstreets","GuidanceOfTheGears","FendThisOffIfYouCan"],"picked":"WillOfThePrescript","floor":29},{"not_picked":["CombatPreparation+1","Thrust","Leap_lor+1","RulesOfTheBackstreets+1","MultiHit+1","LeRegole","Parry","ButterflySlash","SturdyDefense"],"picked":"SKIP","floor":31},{"not_picked":["SilentNight","ScratchThat"],"picked":"BoundaryOfDeath","floor":33},{"not_picked":["EnergyCycle+1","FleetEdge","UnavoidableGaze+1","YoureTooSlow+1","BackAttack","WrathOfTorment+1","HardRehearsal+1","DefenseOrder+1","GuidanceOfTheGears"],"picked":"SKIP","floor":35},{"not_picked":["Leap_lor","SharpSwipe+1","CoordinatedAssault+1","TheRedNotes","CircusKnives+1","WildCard+1","Duel_lor","HardRehearsal+1"],"picked":"Unlock1+1","floor":36},{"not_picked":["GuardingStance","BiAn","TimeForALittleTest+1","NightInTheBackstreets+1","EndlessBattle+1","Faith","SharpSwipe+1","DefenseOrder"],"picked":"IronWall+1","floor":38},{"not_picked":["Thrust+1","PinpointShot","RulesOfTheBackstreets","CoordinatedAssault+1","HeavyPeaks","DarkCloud","Parry+1","SmokingPipe"],"picked":"FlashOfSunup+1","floor":44},{"not_picked":["GrazeTheGrass","DriedUp+1","SuppressingShot+1","SharpSwipe","FierceCharge","Unlock1+1","FieryDragonSlash+1","SpearedSweep"],"picked":"SnakeSlit","floor":48}],"player_experience":86650,"relics_obtained":[{"floor":9,"key":"Tiny Chest"},{"floor":26,"key":"PageOfTheQueenOfHatred"},{"floor":27,"key":"PageOfTheKnightOfDespair"},{"floor":38,"key":"PageOfGreed"},{"floor":41,"key":"PageOfWrath"},{"floor":43,"key":"HornCleat"},{"floor":44,"key":"PageOfNihil"},{"floor":45,"key":"Ginger"}],"event_choices":[{"damage_healed":0,"gold_gain":0,"player_choice":"Entered Light","damage_taken":18,"max_hp_gain":0,"max_hp_loss":0,"event_name":"Shining Light","floor":4,"gold_loss":0,"cards_upgraded":["DegradedChain","DegradedLock"]},{"damage_healed":0,"gold_gain":75,"player_choice":"Gather Gold","damage_taken":11,"max_hp_gain":0,"max_hp_loss":0,"event_name":"World of Goop","floor":5,"gold_loss":0},{"damage_healed":0,"gold_gain":63,"player_choice":"Gained Gold","damage_taken":0,"max_hp_gain":0,"max_hp_loss":0,"event_name":"Golden Wing","floor":8,"gold_loss":0},{"damage_healed":0,"gold_gain":0,"player_choice":"Got Potions","damage_taken":0,"max_hp_gain":0,"max_hp_loss":0,"event_name":"Lab","floor":22,"gold_loss":0},{"cards_removed":["Parry2"],"damage_healed":0,"gold_gain":0,"player_choice":"Removed Power","damage_taken":0,"max_hp_gain":0,"max_hp_loss":0,"event_name":"Falling","floor":37,"gold_loss":0},{"damage_healed":0,"gold_gain":0,"player_choice":"Fight","damage_taken":0,"max_hp_gain":0,"max_hp_loss":0,"event_name":"MindBloom","floor":38,"gold_loss":0},{"damage_healed":0,"gold_gain":0,"player_choice":"Memory 1","damage_taken":0,"max_hp_gain":0,"max_hp_loss":0,"event_name":"SensoryStone","floor":39,"gold_loss":0},{"damage_healed":0,"gold_gain":0,"player_choice":"Fight","damage_taken":0,"max_hp_gain":0,"max_hp_loss":0,"event_name":"Mysterious Sphere","floor":45,"gold_loss":0}],"is_beta":false,"boss_relics":[{"not_picked":["Black Star","Astrolabe"],"picked":"SacredBark"},{"not_picked":["Velvet Choker","Pandora\u0027s Box"],"picked":"SlaversCollar"}],"items_purged_floors":[46],"is_endless":false,"potions_floor_spawned":[1,11,14,21,27,28,29,35,36,38],"ascension_level":0}}