{"host":"6a9c3xws62y7efyw","time":1614325147,"event":{"mods":["BaseMod","Colored Map","Minty Spire (QoL Compilation)","Relic Stats","StSLib"],"gold_per_floor":[118,118,135,135,155,182,200,228,281,281,301,331,331,347,347,421,421,441,456,466,59,59,94,94,122,122,122,153,153,16,31,31,31,31],"floor_reached":33,"language":"ENG","playtime":1514,"items_purged":["Strike_G","Bite"],"score":675,"play_id":"54be14c7-a253-45e4-8cba-17dd6983b733","local_time":"20210225233907","is_ascension_mode":true,"campfire_choices":[{"floor":10.0,"key":"REST"},{"data":"Noxious Fumes","floor":13.0,"key":"SMITH"},{"data":"A Thousand Cuts","floor":15.0,"key":"SMITH"},{"data":"Footwork","floor":24.0,"key":"SMITH"},{"data":"Leg Sweep","floor":27.0,"key":"SMITH"},{"floor":32,"key":"REST"}],"circlet_count":0,"master_deck":["AscendersBane","Defend_G","Defend_G","Defend_G","Defend_G","Defend_G","Survivor","Neutralize","Noxious Fumes+1","Deadly Poison","Flying Knee","Poisoned Stab","Predator","Terror","Footwork+1","A Thousand Cuts+1","Corpse Explosion","Leg Sweep+1","Dagger Throw+1","Underhanded Strike+1","Bite","Bite","Bite","Bite","Predator","Crippling Poison"],"relics":["Ring of the Snake","NeowsBlessing","Snake Skull","Meat on the Bone","Oddly Smooth Stone","Pen Nib","Black Star","Singing Bowl","Boot","PreservedInsect","Art of War","Bag of Preparation","Nunchaku","Incense Burner"],"acts_visited":["Exordium","TheCity"],"potions_floor_usage":[33],"damage_taken":[{"damage":0.0,"enemies":"Small Slimes","floor":1.0,"turns":1.0},{"damage":0.0,"enemies":"Cultist","floor":3.0,"turns":1.0},{"damage":0.0,"enemies":"Jaw Worm","floor":5.0,"turns":1.0},{"damage":24.0,"enemies":"Lagavulin","floor":6.0,"turns":8.0},{"damage":4.0,"enemies":"Lots of Slimes","floor":7.0,"turns":2.0},{"damage":15.0,"enemies":"3 Sentries","floor":8.0,"turns":5.0},{"damage":0.0,"enemies":"Large Slime","floor":11.0,"turns":6.0},{"damage":29.0,"enemies":"Lagavulin","floor":12.0,"turns":8.0},{"damage":0.0,"enemies":"2 Fungi Beasts","floor":14.0,"turns":3.0},{"damage":16.0,"enemies":"Hexaghost","floor":16.0,"turns":8.0},{"damage":21.0,"enemies":"2 Thieves","floor":18.0,"turns":4.0},{"damage":0.0,"enemies":"Chosen","floor":19.0,"turns":4.0},{"damage":11.0,"enemies":"Centurion and Healer","floor":20.0,"turns":5.0},{"damage":16.0,"enemies":"Slavers","floor":23.0,"turns":2.0},{"damage":15.0,"enemies":"Gremlin Leader","floor":25.0,"turns":4.0},{"damage":28.0,"enemies":"Book of Stabbing","floor":28.0,"turns":5.0},{"damage":15,"enemies":"Sentry and Sphere","floor":31,"turns":6},{"damage":76,"enemies":"Champ","floor":33,"turns":13}],"seed_played":"6066106119449069360","potions_obtained":[{"floor":1.0,"key":"SkillPotion"},{"floor":4.0,"key":"Block Potion"},{"floor":7.0,"key":"Energy Potion"},{"floor":14.0,"key":"Explosive Potion"},{"floor":18.0,"key":"PowerPotion"},{"floor":25.0,"key":"Ancient Potion"},{"floor":31,"key":"Weak Potion"}],"is_trial":false,"path_per_floor":["M","?","M","?","M","E","M","E","T","R","M","E","R","M","R","B",null,"M","M","M","$","?","E","R","E","T","R","E","?","$","M","R","B"],"character_chosen":"THE_SILENT","items_purchased":["Singing Bowl","Block Potion","Crippling Poison"],"campfire_rested":2,"item_purchase_floors":[21,21,30],"current_hp_per_floor":[59,59,59,59,59,35,31,16,16,35,35,18,18,30,30,26,56,35,35,36,36,36,36,36,29,29,29,17,17,17,24,40,0,0],"gold":31,"neow_bonus":"THREE_ENEMY_KILL","is_daily":false,"chose_seed":false,"campfire_upgraded":4,"win_rate":0.0,"timestamp":1614325147,"path_taken":["M","?","?","?","?","E","M","E","T","R","M","E","R","M","R","BOSS","M","?","M","$","?","E","R","E","T","R","E","?","$","M","R","BOSS"],"items_purchased_type":["Relic","Potion","Card"],"build_version":"2020-12-22","purchased_purges":2,"victory":false,"max_hp_per_floor":[66,66,66,66,66,66,66,66,66,66,66,66,66,66,66,66,66,66,66,66,66,46,48,48,50,50,50,52,52,52,54,54,54,54],"relic_stats":{"Singing Bowl":8,"counters":[18,86],"Snake Skull":[96],"Pen Nib":[8],"PreservedInsect":89,"Bag of Preparation":[6],"Boot":[11],"Nunchaku":[3],"Black Star":3,"Art of War":[5],"obtain_stats":[{"NeowsBlessing":0,"Singing Bowl":21,"Oddly Smooth Stone":9,"Snake Skull":6,"Pen Nib":12,"PreservedInsect":23,"Bag of Preparation":25,"Incense Burner":28,"Boot":23,"Nunchaku":28,"Black Star":17,"Art of War":25,"Ring of the Snake":0,"Meat on the Bone":8},{"NeowsBlessing":0,"Singing Bowl":13,"Oddly Smooth Stone":6,"Snake Skull":4,"Pen Nib":8,"PreservedInsect":14,"Bag of Preparation":15,"Incense Burner":16,"Boot":14,"Nunchaku":16,"Black Star":10,"Art of War":15,"Ring of the Snake":0,"Meat on the Bone":6},{"NeowsBlessing":0,"Singing Bowl":56,"Oddly Smooth Stone":18,"Snake Skull":11,"Pen Nib":32,"PreservedInsect":58,"Bag of Preparation":62,"Incense Burner":67,"Boot":58,"Nunchaku":67,"Black Star":43,"Art of War":62,"Ring of the Snake":0,"Meat on the Bone":18}],"Ring of the Snake":[36],"Meat on the Bone":84},"card_choices":[{"not_picked":["Escape Plan","Quick Slash"],"picked":"Noxious Fumes","floor":1.0},{"not_picked":["Prepared","PiercingWail"],"picked":"Deadly Poison","floor":3.0},{"not_picked":["Cloak And Dagger","PiercingWail"],"picked":"Flying Knee","floor":5.0},{"not_picked":["Sucker Punch","Quick Slash"],"picked":"Poisoned Stab","floor":6.0},{"not_picked":["Poisoned Stab","Concentrate"],"picked":"Predator","floor":7.0},{"not_picked":["Outmaneuver","Riddle With Holes"],"picked":"Terror","floor":8.0},{"not_picked":["Noxious Fumes","Dodge and Roll"],"picked":"Footwork","floor":11.0},{"not_picked":["Slice","Accuracy"],"picked":"A Thousand Cuts","floor":12.0},{"not_picked":["Heel Hook","Reflex","Poisoned Stab"],"picked":"SKIP","floor":14.0},{"not_picked":["Tools of the Trade","Die Die Die"],"picked":"Corpse Explosion","floor":16.0},{"not_picked":["Concentrate+1","Heel Hook"],"picked":"Leg Sweep","floor":18.0},{"not_picked":["Reflex","Deadly Poison"],"picked":"Dagger Throw+1","floor":19.0},{"not_picked":["Dash","Tactician"],"picked":"Underhanded Strike+1","floor":20.0},{"not_picked":["All Out Attack","Flying Knee","Quick Slash"],"picked":"Singing Bowl","floor":23.0},{"not_picked":["Slice","Acrobatics","Storm of Steel"],"picked":"Singing Bowl","floor":25.0},{"not_picked":["Eviscerate+1","Sucker Punch","Prepared"],"picked":"Singing Bowl","floor":28.0},{"not_picked":["Prepared","Poisoned Stab","Riddle With Holes"],"picked":"Singing Bowl","floor":31}],"player_experience":1584940,"relics_obtained":[{"floor":6.0,"key":"Snake Skull"},{"floor":8.0,"key":"Meat on the Bone"},{"floor":9.0,"key":"Oddly Smooth Stone"},{"floor":12.0,"key":"Pen Nib"},{"floor":23.0,"key":"Boot"},{"floor":23.0,"key":"PreservedInsect"},{"floor":25.0,"key":"Art of War"},{"floor":25.0,"key":"Bag of Preparation"},{"floor":28.0,"key":"Nunchaku"},{"floor":28.0,"key":"Incense Burner"}],"event_choices":[{"damage_healed":0.0,"max_hp_gain":0.0,"max_hp_loss":0.0,"gold_gain":0.0,"event_name":"Match and Keep!","player_choice":"0 cards matched","floor":2.0,"gold_loss":0.0,"damage_taken":0.0,"cards_obtained":[]},{"damage_healed":0.0,"max_hp_gain":0.0,"max_hp_loss":0.0,"gold_gain":0.0,"event_name":"Lab","player_choice":"Got Potions","floor":4.0,"gold_loss":0.0,"damage_taken":0.0},{"damage_healed":0.0,"max_hp_gain":0.0,"max_hp_loss":20.0,"gold_gain":0.0,"event_name":"Vampires","player_choice":"Became a vampire","floor":22.0,"gold_loss":0.0,"damage_taken":0.0,"cards_obtained":["Bite","Bite","Bite","Bite","Bite"]},{"damage_healed":0.0,"max_hp_gain":0.0,"max_hp_loss":0.0,"gold_gain":0.0,"event_name":"Match and Keep!","player_choice":"1 cards matched","floor":29.0,"gold_loss":0.0,"damage_taken":0.0,"cards_obtained":["Predator"]}],"is_beta":false,"boss_relics":[{"not_picked":["Tiny House","SacredBark"],"picked":"Black Star"}],"items_purged_floors":[21,30],"is_endless":false,"potions_floor_spawned":[1,5,7,14,18,25,31],"killed_by":"Champ","ascension_level":20}}