{"host":"43wsnxh97mgjl5zw","time":1614374009,"event":{"mods":["Aspiration","BaseMod","Colored Map","Colored Powertips","Conspire","Downfall","Halation","Hubris","Minty Spire (QoL Compilation)","Quick Restart","Rare Cards Sparkle","Relic Sorter","Reliquary","Replay The Spire","StSLib"],"gold_per_floor":[118,118,132,142,67,67,95,95,95,124,124,124,124,124],"floor_reached":13,"language":"ENG","playtime":419,"items_purged":["Strike_G"],"score":162,"play_id":"5e84479f-77ed-4bd7-821c-3eed1ea12990","local_time":"20210226231329","is_ascension_mode":true,"campfire_choices":[{"data":"Neutralize","floor":6,"key":"SMITH"},{"data":"Bouncing Flask","floor":8,"key":"SMITH"}],"circlet_count":0,"master_deck":["AscendersBane","Strike_G","Strike_G","Strike_G","Strike_G","Defend_G","Defend_G","Defend_G","Defend_G","Defend_G","Survivor","Neutralize+1","Blade Dance","Dagger Throw","Backflip","Bouncing Flask+1","Die Die Die"],"relics":["Ring of the Snake","NeowsBlessing","halation:PinkSoulGem","hubris:CuriousFeather","reliquary:Aerogel","Odd Mushroom"],"acts_visited":["Exordium"],"potions_floor_usage":[7],"damage_taken":[{"damage":0,"enemies":"Small Slimes","floor":1,"turns":1},{"damage":0,"enemies":"Jaw Worm","floor":3,"turns":1},{"damage":0,"enemies":"2 Louse","floor":4,"turns":1},{"damage":17,"enemies":"3 Sentries","floor":7,"turns":11},{"damage":28,"enemies":"The Mushroom Lair","floor":10,"turns":5},{"damage":11,"enemies":"Gremlin Nob","floor":13,"turns":3}],"seed_played":"-4198470404533101415","potions_obtained":[{"floor":4,"key":"Explosive Potion"}],"is_trial":false,"path_per_floor":["M","?","M","M","$","R","E","R","T","?","?","?","E"],"character_chosen":"THE_SILENT","items_purchased":[],"campfire_rested":0,"item_purchase_floors":[],"current_hp_per_floor":[59,59,59,59,59,59,42,42,42,14,14,14,3,3],"gold":124,"neow_bonus":"THREE_ENEMY_KILL","is_daily":false,"chose_seed":false,"campfire_upgraded":2,"win_rate":0.0,"timestamp":1614374009,"path_taken":["M","?","M","M","$","R","E","R","T","?","?","?","E"],"items_purchased_type":[],"build_version":"2020-12-22","purchased_purges":1,"victory":false,"max_hp_per_floor":[66,66,66,66,66,66,66,66,66,66,66,66,66,66],"card_choices":[{"not_picked":["ReplayTheSpireMod:Exploit Weakness","Prepared"],"picked":"Blade Dance","floor":1},{"not_picked":["Flying Knee","Deflect"],"picked":"Dagger Throw","floor":3},{"not_picked":["Sucker Punch","hubris:SlightOfHand"],"picked":"Backflip","floor":4},{"not_picked":["Cloak And Dagger","Deflect"],"picked":"Bouncing Flask","floor":7},{"not_picked":["Deflect","Deadly Poison"],"picked":"Die Die Die","floor":10}],"player_experience":1296407,"relics_obtained":[{"floor":7,"key":"hubris:CuriousFeather"},{"floor":9,"key":"reliquary:Aerogel"},{"floor":10,"key":"Odd Mushroom"}],"event_choices":[{"damage_healed":0,"gold_gain":0,"player_choice":"Fought Mushrooms","damage_taken":0,"max_hp_gain":0,"max_hp_loss":0,"event_name":"Mushrooms","floor":10,"gold_loss":0},{"damage_healed":0,"gold_gain":0,"player_choice":"Ignored","damage_taken":0,"max_hp_gain":0,"max_hp_loss":0,"event_name":"Liars Game","floor":12,"gold_loss":0}],"is_beta":false,"boss_relics":[],"items_purged_floors":[5],"is_endless":false,"potions_floor_spawned":[4],"killed_by":"Gremlin Nob","ascension_level":20}}