{"host":"2ty4h143nj8vwezc","time":1614322613,"event":{"mods":["BaseMod","Colored Map","Googly Eyes","Highlight Path","Minty Spire (QoL Compilation)","Quick Restart","StSLib"],"gold_per_floor":[110,124,124,74,90,90,121,121,144,144,144,172,191,204,204,281,281,291,311,0,0,17,44,54,54,104,104,137,137,162,6,6,6,6],"floor_reached":33,"language":"ENG","playtime":1871,"items_purged":["Strike_B"],"score":579,"play_id":"d56d70c2-a7eb-42cc-85fe-8a88e2cc2269","local_time":"20210226015653","is_ascension_mode":true,"campfire_choices":[{"floor":6.0,"key":"REST"},{"data":"Streamline","floor":8.0,"key":"SMITH"},{"data":"Leap","floor":10.0,"key":"SMITH"},{"floor":15.0,"key":"REST"},{"floor":25.0,"key":"REST"},{"floor":27.0,"key":"REST"},{"floor":29.0,"key":"REST"},{"data":"Echo Form","floor":32.0,"key":"SMITH"}],"circlet_count":0,"master_deck":["AscendersBane","Strike_B","Strike_B","Strike_B","Defend_B+1","Defend_B","Defend_B","Defend_B","Zap+1","Dualcast","Decay","FTL","Recycle+1","Leap+1","Streamline+1","Skim","Echo Form+1","Genetic Algorithm","Gash","All For One","Self Repair+1","Beam Cell","Steam","Gash","Turbo"],"relics":["FrozenCore","Du-Vu Doll","War Paint","Ornamental Fan","PreservedInsect","Anchor","Shovel","Bag of Marbles","Boot","Turnip"],"acts_visited":["Exordium","TheCity"],"potions_floor_usage":[33],"damage_taken":[{"damage":3.0,"enemies":"2 Louse","floor":1.0,"turns":2.0},{"damage":2.0,"enemies":"Jaw Worm","floor":2.0,"turns":3.0},{"damage":0.0,"enemies":"Cultist","floor":5.0,"turns":2.0},{"damage":17.0,"enemies":"3 Sentries","floor":7.0,"turns":8.0},{"damage":20.0,"enemies":"Lagavulin","floor":12.0,"turns":4.0},{"damage":2.0,"enemies":"3 Louse","floor":13.0,"turns":3.0},{"damage":13.0,"enemies":"Exordium Wildlife","floor":14.0,"turns":4.0},{"damage":18.0,"enemies":"Hexaghost","floor":16.0,"turns":9.0},{"damage":11.0,"enemies":"2 Thieves","floor":18.0,"turns":4.0},{"damage":12.0,"enemies":"Shell Parasite","floor":19.0,"turns":5.0},{"damage":24.0,"enemies":"Snake Plant","floor":22.0,"turns":7.0},{"damage":35.0,"enemies":"Gremlin Leader","floor":23.0,"turns":7.0},{"damage":16.0,"enemies":"Cultist and Chosen","floor":24.0,"turns":7.0},{"damage":20.0,"enemies":"Book of Stabbing","floor":28.0,"turns":6.0},{"damage":13.0,"enemies":"Slavers","floor":30.0,"turns":4.0},{"damage":68,"enemies":"Automaton","floor":33,"turns":6}],"seed_played":"-4932815845331617511","potions_obtained":[{"floor":2.0,"key":"PowerPotion"},{"floor":12.0,"key":"Energy Potion"},{"floor":16.0,"key":"PowerPotion"},{"floor":18.0,"key":"Dexterity Potion"},{"floor":22.0,"key":"PowerPotion"},{"floor":23.0,"key":"SteroidPotion"},{"floor":28.0,"key":"SteroidPotion"}],"is_trial":false,"path_per_floor":["M","M","?","$","M","R","E","R","T","R","?","E","M","M","R","B",null,"M","M","?","$","M","E","M","R","T","R","E","R","E","$","R","B"],"character_chosen":"DEFECT","items_purchased":["Leap","Gash","Turbo"],"campfire_rested":5,"item_purchase_floors":[4,31,31],"current_hp_per_floor":[61,59,48,48,48,69,52,52,52,52,52,32,30,17,38,20,58,47,55,55,55,51,26,20,41,41,62,42,63,50,50,50,0,0],"gold":6,"neow_bonus":"ONE_RARE_RELIC","is_daily":false,"chose_seed":false,"campfire_upgraded":3,"win_rate":0.0,"timestamp":1614322613,"path_taken":["M","M","?","$","M","R","E","R","T","R","?","E","M","M","R","BOSS","M","?","?","$","M","E","M","R","T","R","E","R","E","?","R","BOSS"],"items_purchased_type":["Card","Card","Card"],"build_version":"2020-12-22","purchased_purges":1,"victory":false,"max_hp_per_floor":[71,71,71,71,71,71,71,71,71,71,71,71,71,71,71,71,71,71,71,71,71,71,71,71,71,71,71,71,71,71,71,71,71,71],"card_choices":[{"not_picked":["Defragment","Streamline"],"picked":"FTL","floor":1.0},{"not_picked":["Turbo","Chaos"],"picked":"Recycle","floor":2.0},{"not_picked":["Turbo","Ball Lightning"],"picked":"Streamline","floor":5.0},{"not_picked":["Barrage","Stack"],"picked":"Skim","floor":7.0},{"not_picked":["Ball Lightning","Skim"],"picked":"Echo Form","floor":12.0},{"not_picked":["Consume","Ball Lightning"],"picked":"Genetic Algorithm","floor":13.0},{"not_picked":["Compile Driver","Redo"],"picked":"Gash","floor":14.0},{"not_picked":["Seek","Thunder Strike"],"picked":"All For One","floor":16.0},{"not_picked":["Consume","White Noise"],"picked":"Self Repair+1","floor":18.0},{"not_picked":["Barrage","Ball Lightning","Coolheaded"],"picked":"SKIP","floor":19.0},{"not_picked":["Fusion","Scrape","Darkness"],"picked":"SKIP","floor":22.0},{"not_picked":["Coolheaded","Chaos","Hello World+1"],"picked":"SKIP","floor":23.0},{"not_picked":["Hologram","Ball Lightning"],"picked":"Beam Cell","floor":24.0},{"not_picked":["Sweeping Beam+1","Hologram","Storm"],"picked":"SKIP","floor":28.0},{"not_picked":["Coolheaded+1","Chaos"],"picked":"Steam","floor":30.0}],"player_experience":490707,"relics_obtained":[{"floor":7.0,"key":"Ornamental Fan"},{"floor":9.0,"key":"PreservedInsect"},{"floor":12.0,"key":"Anchor"},{"floor":23.0,"key":"Shovel"},{"floor":26.0,"key":"Bag of Marbles"},{"floor":28.0,"key":"Boot"},{"floor":30.0,"key":"Turnip"}],"event_choices":[{"damage_healed":0.0,"max_hp_gain":0.0,"max_hp_loss":0.0,"gold_gain":0.0,"event_name":"Scrap Ooze","player_choice":"Success","floor":3.0,"gold_loss":0.0,"damage_taken":11.0,"relics_obtained":["War Paint"]},{"damage_healed":0.0,"max_hp_gain":0.0,"max_hp_loss":0.0,"gold_gain":0.0,"event_name":"Upgrade Shrine","player_choice":"Upgraded","floor":11.0,"gold_loss":0.0,"damage_taken":0.0,"cards_upgraded":["Recycle"]},{"damage_healed":0.0,"max_hp_gain":0.0,"max_hp_loss":0.0,"gold_gain":0.0,"event_name":"Masked Bandits","player_choice":"Paid Fearfully","floor":20.0,"gold_loss":311.0,"damage_taken":0.0}],"is_beta":false,"boss_relics":[{"not_picked":["Inserter","Fusion Hammer"],"picked":"FrozenCore"}],"items_purged_floors":[31],"is_endless":false,"potions_floor_spawned":[2,12,16,18,22,23,28],"killed_by":"Automaton","ascension_level":17}}