{"host":"hl3ams4am2ku5u4p","time":1614380088,"event":{"mods":["AchievementEnabler","Act Like it!","Aspiration","BaseMod","Beaked The Cultist","BetterRewards","CatGirl Mod","Colored Map","Colored Powertips","Conspire","Downfall","Energized Spire","Halation","Hallownest","HornydragonMod","Hubris","Infinite Spire","Jedi Mod","Mad Scientist","Magitek Elite","Minty Spire (QoL Compilation)","READ ME - Guardian Mod","Replay The Spire","Spikes Relics","StSLib","SuperFastMode","The Blackbeard","The Bug Knight","The Construct","The Disciple","The Jungle","The Mystic","The Necromancer","The Senshi"],"gold_per_floor":[115,115,115,0,13,13,28,28,28,28,38,38,65,81,81,185,185,202,202,202,127,138,138,150,166,166,192,192,202,218,218,218,314,314,332,332,345,645,663,663,674,674,674,690,702,702,730,748,748,748],"floor_reached":51,"language":"FRA","playtime":2724,"items_purged":["Strike_G"],"score":1253,"play_id":"2f857ecb-4e53-48a6-80bd-e9338fa87b31","local_time":"20210226235448","is_ascension_mode":true,"campfire_choices":[{"floor":6,"key":"REST"},{"data":"Deadly Poison","floor":8,"key":"SMITH"},{"data":"Neutralize","floor":10,"key":"SMITH"},{"data":"Survivor","floor":12,"key":"SMITH"},{"data":"Defend_G","floor":15,"key":"SMITH"},{"data":"infinitespire:Collect","floor":23,"key":"SMITH"},{"floor":28,"key":"REST"},{"data":"Malaise","floor":32,"key":"SMITH"},{"data":"Defend_G","floor":40,"key":"SMITH"},{"data":"Burst","floor":42,"key":"SMITH"},{"floor":46,"key":"RECALL"},{"data":"Defend_G","floor":49,"key":"SMITH"}],"circlet_count":0,"master_deck":["Strike_G","Strike_G","Strike_G","Strike_G","Defend_G","Defend_G","Defend_G+1","Defend_G+1","Defend_G+1","Survivor+1","Neutralize+1","Deadly Poison+1","Bane+1","Dagger Spray+1","jedi:collectorvenom+1","Riddle With Holes+1","Malaise+1","RitualDagger+1","infinitespire:Collect+1","Die Die Die+1","Burst+1","Footwork+1"],"relics":["Ring of the Snake","Molten Egg 2","Eternal Feather","PreservedInsect","Replay:Ringing Soul","Anchor","infinitespire:FocusingShard","aspiration:TomeofQuesting","hubris:Backtick","hubris:GlazedTorus","ReplayTheSpireMod:Shallot","Potion Belt","HornCleat","halation:Prosthetics","Pantograph","hubris:TenFootPole","Byrd Skull"],"acts_visited":["Exordium","TheCity","TheBeyond"],"potions_floor_usage":[16,16,27,27,27,37,41,50],"damage_taken":[{"damage":0,"enemies":"Hallownest:monsterHuskGuard","floor":1,"turns":3},{"damage":1,"enemies":"Hallownest:2_Tiktiks_and_1_Crawlid","floor":5,"turns":3},{"damage":0,"enemies":"2_ Uuma","floor":7,"turns":2},{"damage":0,"enemies":"Hallownest:2_Tiktiks_1_Baldur_1_Crawlid","floor":11,"turns":2},{"damage":7,"enemies":"Hallownest:eliteCrystalGuardian","floor":13,"turns":4},{"damage":0,"enemies":"Hallownest:1_Ooma_and_2_Uuma","floor":14,"turns":4},{"damage":16,"enemies":"Hallownest:BossBrokenVessel","floor":16,"turns":6},{"damage":0,"enemies":"Shell Parasite","floor":18,"turns":4},{"damage":4,"enemies":"2 Thieves","floor":22,"turns":4},{"damage":9,"enemies":"Snake Plant","floor":24,"turns":5},{"damage":2,"enemies":"Centurion and Healer","floor":25,"turns":4},{"damage":32,"enemies":"Nightmare","floor":27,"turns":6},{"damage":0,"enemies":"Chosen and Byrds","floor":29,"turns":3},{"damage":0,"enemies":"Snake Plant","floor":30,"turns":3},{"damage":35,"enemies":"conspire:MysteriousRune","floor":33,"turns":10},{"damage":0,"enemies":"3 Shapes","floor":35,"turns":2},{"damage":0,"enemies":"3 Darklings","floor":37,"turns":3},{"damage":0,"enemies":"Spire Growth","floor":39,"turns":5},{"damage":0,"enemies":"Jaw Worm Horde","floor":41,"turns":3},{"damage":2,"enemies":"4 Shapes","floor":44,"turns":2},{"damage":2,"enemies":"Transient","floor":45,"turns":5},{"damage":1,"enemies":"beaked:SuperParasite","floor":47,"turns":5},{"damage":3,"enemies":"Jaw Worm Horde","floor":48,"turns":4},{"damage":48,"enemies":"Awakened One","floor":50,"turns":11}],"seed_played":"2199713353314147032","potions_obtained":[{"floor":7,"key":"FearPotion"},{"floor":13,"key":"CunningPotion"},{"floor":24,"key":"Ancient Potion"},{"floor":25,"key":"Regen Potion"},{"floor":30,"key":"Fire Potion"},{"floor":35,"key":"GamblersBrew"},{"floor":37,"key":"sneckomod:MuddlingPotion"},{"floor":44,"key":"SteroidPotion"},{"floor":48,"key":"Swift Potion"}],"is_trial":false,"path_per_floor":["M","?","?","?","M","R","M","R","T","R","M","R","E","M","R","B",null,"M","?","?","$","M","R","M","M","T","NM","R","M","M","?","R","B",null,"M","?","M","?","M","R","M","R","T","M","M","R","E","M","R","B",null],"character_chosen":"THE_SILENT","items_purchased":["Molten Egg 2","Eternal Feather","Deadly Poison","Bane+1","Dagger Spray+1","Adrenaline Potion"],"campfire_rested":2,"item_purchase_floors":[0,0,0,0,0,0],"current_hp_per_floor":[49,9,9,9,8,38,41,50,50,59,62,71,67,67,76,63,77,80,77,57,57,53,62,56,54,54,40,78,81,84,74,83,51,66,69,69,72,72,75,80,83,83,83,84,85,89,91,91,95,47],"gold":748,"neow_bonus":"","is_daily":false,"chose_seed":false,"campfire_upgraded":9,"win_rate":0.0,"timestamp":1614380088,"path_taken":["M","?","?","?","?","R","M","R","T","R","M","R","E","M","R","BOSS","M","?","?","?","M","R","M","M","T","NM","R","?","M","?","R","BOSS","M","?","?","?","M","R","M","R","T","?","M","R","E","M","R","BOSS"],"items_purchased_type":["Relic","Relic","Card","Card","Card","Potion"],"build_version":"2020-12-22","purchased_purges":1,"victory":true,"max_hp_per_floor":[70,70,70,70,70,70,73,73,73,73,76,76,79,79,79,82,82,85,88,91,91,91,91,94,94,94,97,97,100,103,103,103,106,71,74,74,77,77,80,80,83,83,83,86,89,89,92,95,95,95],"card_choices":[{"not_picked":["Backflip","ShadowRift+1"],"picked":"jedi:collectorvenom","floor":1},{"not_picked":["Underhanded Strike+1","Slice+1","Acrobatics"],"picked":"SKIP","floor":5},{"not_picked":["Deadly Poison","ShadowRift+1"],"picked":"jedi:collectorvenom+1","floor":7},{"not_picked":["Endless Agony+1","hubris:SlightOfHand"],"picked":"jedi:collectorvenom+1","floor":11},{"not_picked":["Underhanded Strike+1","jedi:collectorvenom+1"],"picked":"Riddle With Holes+1","floor":13},{"not_picked":["jedi:studyshivs","Outmaneuver","ReplayTheSpireMod:Shiv Toss"],"picked":"SKIP","floor":14},{"not_picked":["Atom Bomb+1","A Thousand Cuts"],"picked":"Malaise","floor":16},{"not_picked":["Flying Knee+1","Underhanded Strike+1"],"picked":"jedi:collectorvenom+1","floor":18},{"not_picked":["infinitespire:FinalStrike","infinitespire:FutureSight"],"picked":"infinitespire:Collect","floor":20},{"not_picked":["ReplayTheSpireMod:Exploit Weakness","Hidden Blade+1","Sucker Punch+1"],"picked":"SKIP","floor":22},{"not_picked":["Poisoned Stab+1","Cloak And Dagger+1"],"picked":"jedi:collectorvenom+1","floor":24},{"not_picked":["jedi:pocketpoison","Concentrate","Acrobatics"],"picked":"SKIP","floor":25},{"not_picked":["jedi:pocketpoison+1","Accuracy+1"],"picked":"jedi:collectorvenom+1","floor":27},{"not_picked":["Prepared+1","Dagger Spray+1"],"picked":"jedi:collectorvenom+1","floor":29},{"not_picked":["hubris:SlightOfHand","Sucker Punch+1"],"picked":"jedi:collectorvenom+1","floor":30},{"not_picked":["jedi:collectorvenom+1","Night Terror"],"picked":"Die Die Die+1","floor":33},{"not_picked":["Sucker Punch+1","Deflect+1"],"picked":"jedi:collectorvenom+1","floor":35},{"not_picked":["Expertise+1","Sneak Up"],"picked":"jedi:collectorvenom+1","floor":37},{"not_picked":["hubris:SlightOfHand","Fluid Movement+1"],"picked":"jedi:collectorvenom+1","floor":39},{"not_picked":["jedi:collectorvenom+1","Acrobatics+1"],"picked":"Burst","floor":41},{"not_picked":["jedi:pocketpoison+1","Replay:Poison Smokescreen"],"picked":"jedi:collectorvenom+1","floor":44},{"not_picked":["Dagger Spray+1","jedi:collectorvenom+1"],"picked":"Footwork+1","floor":45},{"not_picked":["Quick Slash+1","Die Die Die+1"],"picked":"jedi:collectorvenom+1","floor":47},{"not_picked":["Hidden Blade","Noxious Fumes+1"],"picked":"jedi:collectorvenom+1","floor":48}],"player_experience":98968,"relics_obtained":[{"floor":9,"key":"infinitespire:FocusingShard"},{"floor":13,"key":"aspiration:TomeofQuesting"},{"floor":26,"key":"ReplayTheSpireMod:Shallot"},{"floor":27,"key":"Potion Belt"},{"floor":43,"key":"hubris:TenFootPole"},{"floor":47,"key":"Byrd Skull"}],"event_choices":[{"damage_healed":0,"gold_gain":0,"player_choice":"Joined the Cult","damage_taken":6,"max_hp_gain":0,"max_hp_loss":0,"event_name":"Nest","floor":19,"gold_loss":0,"cards_obtained":["RitualDagger"]},{"damage_healed":0,"gold_gain":0,"player_choice":"HornCleat","damage_taken":0,"relics_obtained":["HornCleat"],"max_hp_gain":0,"max_hp_loss":0,"event_name":"blackbeard:ShipwreckEvent","floor":31,"gold_loss":0},{"damage_healed":0,"gold_gain":300,"player_choice":"Gold","damage_taken":0,"max_hp_gain":0,"max_hp_loss":0,"event_name":"Wheel of Change","floor":38,"gold_loss":0}],"is_beta":false,"boss_relics":[{"not_picked":["aspiration:RitualDagger","Sozu"],"picked":"hubris:Backtick"},{"not_picked":["Velvet Choker","halation:ForbiddenBikini"],"picked":"halation:Prosthetics"}],"items_purged_floors":[21],"is_endless":false,"potions_floor_spawned":[7,13,14,24,25,30,35,37,44,48],"ascension_level":6}}