{"host":"yqw1zpryoutrnocq","time":1614318860,"event":{"mods":["2.2 Compatiblity","AchievementEnabler","BaseMod","Colored Map","Custom Start","DeckTracker","Minty Spire (QoL Compilation)","StSLib","SuperFastMode"],"gold_per_floor":[111,111,11,11,25,25,59,59,110,123,123,133,6,33,33,130,130,141,56,76,76,76,107,107,127,201,219,144,144,176,189,189,286,286,297,312,312,312,73,73,90,90,141,152,171,185,202,236,236,236,236,236,5,35,35,35],"floor_reached":55,"language":"KOR","playtime":1811,"items_purged":["Strike_B"],"score":1208,"play_id":"39ef1867-2eb1-4861-aba0-c1adeaa0714a","local_time":"20210225235420","is_ascension_mode":true,"campfire_choices":[{"floor":6.0,"key":"REST"},{"data":"Zap","floor":8.0,"key":"SMITH"},{"data":"Double Energy","floor":15.0,"key":"SMITH"},{"data":"Coolheaded","floor":24.0,"key":"SMITH"},{"data":"Genetic Algorithm","floor":32.0,"key":"SMITH"},{"data":"Seek","floor":40.0,"key":"SMITH"},{"floor":42.0,"key":"RECALL"},{"data":"Fission","floor":49,"key":"SMITH"},{"data":"Steam Power","floor":52,"key":"SMITH"}],"circlet_count":0,"master_deck":["AscendersBane","Defend_B+1","Defend_B+1","Defend_B+1","Defend_B+1","Zap+1","Dualcast+1","Stack","Rebound","Gash","Gash","Hologram+1","Glacier","Melter","Coolheaded+1","FTL","Double Energy+1","All For One","CurseOfTheBell","Fission+1","Chill+1","Steam Power+1","Beam Cell+1","Genetic Algorithm+1","Core Surge+1","Redo+1","Beam Cell+1","Steam","Seek+1","Gash+1","Conserve Battery","Chill","FTL+1","Double Energy+1","Sweeping Beam+1","Go for the Eyes+1","Beam Cell+1","Core Surge+1","Rip and Tear+1","Gash+1"],"relics":["Cracked Core","Eternal Feather","PreservedInsect","Orichalcum","Dead Branch","Calling Bell","War Paint","Shuriken","Peace Pipe","Omamori","MutagenicStrength","The Courier","Molten Egg 2","Prayer Wheel","SlaversCollar","ClockworkSouvenir","Bronze Scales","Frozen Egg 2","Mercury Hourglass","Anchor"],"acts_visited":["Exordium","TheCity","TheBeyond","TheEnding"],"potions_floor_usage":[50,50,55,55],"damage_taken":[{"damage":7.0,"enemies":"Jaw Worm","floor":1.0,"turns":2.0},{"damage":6.0,"enemies":"2 Louse","floor":5.0,"turns":3.0},{"damage":23.0,"enemies":"Lagavulin","floor":7.0,"turns":8.0},{"damage":3.0,"enemies":"Small Slimes","floor":10.0,"turns":3.0},{"damage":5.0,"enemies":"3 Louse","floor":12.0,"turns":4.0},{"damage":0.0,"enemies":"Gremlin Nob","floor":14.0,"turns":2.0},{"damage":8.0,"enemies":"Hexaghost","floor":16.0,"turns":11.0},{"damage":7.0,"enemies":"Shell Parasite","floor":18.0,"turns":4.0},{"damage":7.0,"enemies":"Chosen","floor":20.0,"turns":4.0},{"damage":0.0,"enemies":"Gremlin Leader","floor":23.0,"turns":3.0},{"damage":5.0,"enemies":"3 Cultists","floor":25.0,"turns":4.0},{"damage":4.0,"enemies":"Shelled Parasite and Fungi","floor":27.0,"turns":4.0},{"damage":4.0,"enemies":"Slavers","floor":30.0,"turns":3.0},{"damage":0.0,"enemies":"Centurion and Healer","floor":31.0,"turns":3.0},{"damage":13.0,"enemies":"Collector","floor":33.0,"turns":5.0},{"damage":22.0,"enemies":"3 Shapes","floor":35.0,"turns":4.0},{"damage":6.0,"enemies":"Orb Walker","floor":36.0,"turns":2.0},{"damage":21.0,"enemies":"3 Darklings","floor":41.0,"turns":2.0},{"damage":0.0,"enemies":"4 Shapes","floor":44.0,"turns":5.0},{"damage":2.0,"enemies":"Jaw Worm Horde","floor":45.0,"turns":3.0},{"damage":0.0,"enemies":"Maw","floor":46.0,"turns":4.0},{"damage":5.0,"enemies":"3 Darklings","floor":47.0,"turns":3.0},{"damage":4,"enemies":"Giant Head","floor":48,"turns":3},{"damage":15,"enemies":"Awakened One","floor":50,"turns":5},{"damage":23,"enemies":"Shield and Spear","floor":54,"turns":2},{"damage":68,"enemies":"The Heart","floor":55,"turns":2}],"seed_played":"8551529058046945661","potions_obtained":[{"floor":5.0,"key":"EssenceOfSteel"},{"floor":12.0,"key":"BlessingOfTheForge"},{"floor":14.0,"key":"Block Potion"},{"floor":16.0,"key":"SteroidPotion"},{"floor":18.0,"key":"Explosive Potion"},{"floor":23.0,"key":"Fire Potion"},{"floor":33.0,"key":"FocusPotion"},{"floor":35.0,"key":"Fruit Juice"},{"floor":44.0,"key":"LiquidBronze"},{"floor":48,"key":"Strength Potion"}],"is_trial":false,"path_per_floor":["M","?","$","?","M","R","E","R","T","M","?","M","$","E","R","B",null,"M","?","M","?","?","E","R","M","T","M","?","?","E","M","R","B",null,"M","M","?","?","$","R","M","R","T","M","M","M","M","E","R","B",null,"R","$","E","B"],"character_chosen":"DEFECT","items_purchased":["Gash","Coolheaded","FTL","ClockworkSouvenir","Bronze Scales","Mercury Hourglass","Dexterity Potion"],"campfire_rested":1,"item_purchase_floors":[3,13,13,39,39,53,53],"current_hp_per_floor":[43,48,48,15,9,39,16,22,22,19,12,7,7,7,16,8,62,55,55,48,48,48,48,60,55,55,51,51,51,47,47,59,46,72,55,49,49,49,49,64,43,61,61,61,59,59,54,50,71,56,75,81,81,58,0,0],"gold":35,"neow_bonus":"TRANSFORM_TWO_CARDS","is_daily":false,"chose_seed":false,"campfire_upgraded":7,"win_rate":0.0,"timestamp":1614318860,"path_taken":["M","?","$","?","M","R","E","R","T","M","?","M","?","E","R","BOSS","M","?","M","?","?","E","R","M","T","M","?","?","E","?","R","BOSS","M","M","?","?","$","R","M","R","T","M","M","M","M","E","R","BOSS","R","$","E","BOSS"],"items_purchased_type":["Card","Card","Card","Relic","Relic","Relic","Potion"],"build_version":"2020-12-22","purchased_purges":1,"victory":false,"max_hp_per_floor":[75,80,80,80,80,80,80,80,80,80,80,80,80,80,80,80,80,80,80,80,80,80,80,80,80,80,80,80,80,80,80,80,80,80,85,85,81,81,81,81,81,81,81,81,81,81,81,81,81,81,81,81,81,81,81,81],"card_choices":[{"not_picked":["Compile Driver","Fusion"],"picked":"Gash","floor":1.0},{"not_picked":["Leap","Lockon","Rebound"],"picked":"SKIP","floor":5.0},{"not_picked":["Fusion","Steam Power"],"picked":"Hologram","floor":7.0},{"not_picked":["FTL","Reboot"],"picked":"Glacier","floor":10.0},{"not_picked":["Conserve Battery","Reinforced Body"],"picked":"Melter","floor":12.0},{"not_picked":["Conserve Battery","Streamline"],"picked":"Double Energy","floor":14.0},{"not_picked":["Electrodynamics","Machine Learning"],"picked":"All For One","floor":16.0},{"not_picked":["Compile Driver+1","Force Field","Streamline"],"picked":"SKIP","floor":18.0},{"not_picked":["Conserve Battery","Compile Driver"],"picked":"Fission","floor":20.0},{"not_picked":["Barrage","Skim"],"picked":"Thunder Strike","floor":23.0},{"not_picked":["Defragment","Aggregate"],"picked":"Chill+1","floor":25.0},{"not_picked":["Doom and Gloom+1","Sweeping Beam+1"],"picked":"Steam Power","floor":27.0},{"not_picked":["Streamline+1","Barrage+1"],"picked":"Beam Cell+1","floor":30.0},{"not_picked":["White Noise","Stack"],"picked":"Genetic Algorithm","floor":31.0},{"not_picked":["Hello World","Rebound+1","Conserve Battery+1"],"picked":"SKIP","floor":31.0},{"not_picked":["Electrodynamics","Reboot"],"picked":"Core Surge+1","floor":33.0},{"not_picked":["Darkness+1","Barrage+1"],"picked":"Redo+1","floor":35.0},{"not_picked":["Hologram+1","Redo+1"],"picked":"Beam Cell+1","floor":35.0},{"not_picked":["Capacitor","Conserve Battery"],"picked":"Steam","floor":36.0},{"not_picked":["Steam Power+1","Rebound+1"],"picked":"Seek","floor":36.0},{"not_picked":["Hologram+1","Cold Snap+1"],"picked":"Gash+1","floor":41.0},{"not_picked":["Reinforced Body","Hologram"],"picked":"Conserve Battery","floor":41.0},{"not_picked":["Redo+1","Hello World+1"],"picked":"Chill","floor":44.0},{"not_picked":["Leap+1","Machine Learning"],"picked":"FTL+1","floor":44.0},{"not_picked":["Barrage+1","Redo"],"picked":"Double Energy+1","floor":45.0},{"not_picked":["Rebound+1","Conserve Battery+1"],"picked":"Sweeping Beam+1","floor":45.0},{"not_picked":["Rebound+1","Beam Cell+1"],"picked":"Go for the Eyes+1","floor":46.0},{"not_picked":["Cold Snap+1","Rebound+1","Streamline+1"],"picked":"SKIP","floor":46.0},{"not_picked":["Stack+1","Compile Driver+1"],"picked":"Beam Cell+1","floor":47.0},{"not_picked":["Hologram","Stack"],"picked":"Core Surge+1","floor":47.0},{"not_picked":["Barrage+1","Undo"],"picked":"Rip and Tear+1","floor":48},{"not_picked":["Coolheaded+1","Chaos+1"],"picked":"Gash+1","floor":54}],"player_experience":372471,"relics_obtained":[{"floor":7.0,"key":"PreservedInsect"},{"floor":9.0,"key":"Orichalcum"},{"floor":14.0,"key":"Dead Branch"},{"floor":17.0,"key":"War Paint"},{"floor":17.0,"key":"Shuriken"},{"floor":17.0,"key":"Peace Pipe"},{"floor":23.0,"key":"The Courier"},{"floor":26.0,"key":"Molten Egg 2"},{"floor":30.0,"key":"Prayer Wheel"},{"floor":48,"key":"Frozen Egg 2"},{"floor":54,"key":"Anchor"}],"event_choices":[{"damage_healed":0.0,"max_hp_gain":5.0,"max_hp_loss":0.0,"gold_gain":0.0,"event_name":"Big Fish","player_choice":"Donut","floor":2.0,"gold_loss":0.0,"damage_taken":0.0},{"damage_healed":0.0,"max_hp_gain":0.0,"max_hp_loss":0.0,"gold_gain":0.0,"event_name":"Scrap Ooze","player_choice":"Success","floor":4.0,"gold_loss":0.0,"damage_taken":33.0,"relics_obtained":["Eternal Feather"]},{"cards_removed":["Strike_B"],"damage_healed":0.0,"max_hp_gain":0.0,"max_hp_loss":0.0,"gold_gain":0.0,"event_name":"Golden Wing","player_choice":"Card Removal","floor":11.0,"gold_loss":0.0,"damage_taken":7.0},{"damage_healed":0.0,"max_hp_gain":0.0,"max_hp_loss":0.0,"gold_gain":0.0,"event_name":"Addict","player_choice":"Obtained Relic","floor":19.0,"gold_loss":85.0,"damage_taken":0.0,"relics_obtained":["Omamori"]},{"damage_healed":0.0,"max_hp_gain":0.0,"max_hp_loss":0.0,"gold_gain":0.0,"event_name":"Back to Basics","player_choice":"Simplicity","floor":21.0,"gold_loss":0.0,"damage_taken":0.0,"cards_upgraded":["Defend_B","Defend_B","Defend_B","Defend_B"]},{"damage_healed":0.0,"max_hp_gain":0.0,"max_hp_loss":0.0,"gold_gain":0.0,"event_name":"Drug Dealer","player_choice":"Inject Mutagens","floor":22.0,"gold_loss":0.0,"damage_taken":0.0,"relics_obtained":["MutagenicStrength"]},{"cards_removed":["Thunder Strike"],"damage_healed":0.0,"max_hp_gain":0.0,"max_hp_loss":0.0,"gold_gain":0.0,"event_name":"Beggar","player_choice":"Gave Gold","floor":28.0,"gold_loss":75.0,"damage_taken":0.0},{"damage_healed":0.0,"max_hp_gain":0.0,"max_hp_loss":0.0,"gold_gain":0.0,"event_name":"Lab","player_choice":"Got Potions","floor":29.0,"gold_loss":0.0,"damage_taken":0.0},{"damage_healed":0.0,"max_hp_gain":0.0,"max_hp_loss":4.0,"gold_gain":0.0,"event_name":"Winding Halls","player_choice":"Max HP","floor":37.0,"gold_loss":0.0,"damage_taken":0.0},{"damage_healed":0.0,"max_hp_gain":0.0,"max_hp_loss":0.0,"gold_gain":0.0,"event_name":"SecretPortal","player_choice":"Ignored","floor":38.0,"gold_loss":0.0,"damage_taken":0.0}],"is_beta":false,"boss_relics":[{"not_picked":["Velvet Choker","Cursed Key"],"picked":"Calling Bell"},{"not_picked":["Black Star","Inserter"],"picked":"SlaversCollar"}],"items_purged_floors":[3],"is_endless":false,"potions_floor_spawned":[5,12,14,16,18,23,27,31,33,35,44,48],"killed_by":"The Heart","ascension_level":10}}