{"host":"eoar8rbrvmits2sz","time":1614371852,"event":{"mods":["BaseMod","Minty Spire (QoL Compilation)","Rare Cards Sparkle"],"gold_per_floor":[109,34,34,49,64,64,81,109,163,163,7,18,18,30,30,103,153,173,183,183,202,213,213,213],"floor_reached":23,"language":"ENG","playtime":933,"items_purged":[],"score":415,"play_id":"24c04387-9f04-414f-9dc1-62ee1207abd9","local_time":"20210226143732","is_ascension_mode":true,"campfire_choices":[{"data":"Carnage","floor":6,"key":"SMITH"},{"data":"Bash","floor":10,"key":"SMITH"},{"floor":15,"key":"REST"}],"circlet_count":0,"master_deck":["AscendersBane","Defend_R","Defend_R","Defend_R","Defend_R","Bash+1","Shockwave","Carnage+1","Pommel Strike","Anger","Impervious","Inflame","Corruption","Feel No Pain","Evolve","Sentinel","Bite","Bite","Bite","Bite","Bite","Juggernaut"],"relics":["Velvet Choker","Question Card","Strawberry","Happy Flower","Girya","Tiny House"],"acts_visited":["Exordium","TheCity"],"potions_floor_usage":[8,16,18,22],"damage_taken":[{"damage":0,"enemies":"Jaw Worm","floor":1,"turns":3},{"damage":1,"enemies":"2 Louse","floor":4,"turns":3},{"damage":7,"enemies":"Small Slimes","floor":5,"turns":4},{"damage":0,"enemies":"2 Fungi Beasts","floor":7,"turns":2},{"damage":5,"enemies":"Lagavulin","floor":8,"turns":3},{"damage":0,"enemies":"Large Slime","floor":12,"turns":3},{"damage":9,"enemies":"Blue Slaver","floor":14,"turns":2},{"damage":40,"enemies":"Slime Boss","floor":16,"turns":9},{"damage":8,"enemies":"Shell Parasite","floor":18,"turns":3},{"damage":16,"enemies":"Spheric Guardian","floor":19,"turns":4},{"damage":0,"enemies":"Centurion and Healer","floor":21,"turns":5},{"damage":13,"enemies":"Shelled Parasite and Fungi","floor":22,"turns":5},{"damage":74,"enemies":"Gremlin Leader","floor":23,"turns":6}],"seed_played":"4602650754751934231","potions_obtained":[{"floor":1,"key":"SteroidPotion"},{"floor":8,"key":"Energy Potion"},{"floor":14,"key":"DistilledChaos"},{"floor":17,"key":"CultistPotion"},{"floor":22,"key":"SmokeBomb"}],"is_trial":false,"path_per_floor":["M","?","?","M","M","R","M","E","T","R","$","M","T","M","R","B",null,"M","M","?","M","M","E"],"character_chosen":"IRONCLAD","items_purchased":["Impervious"],"campfire_rested":1,"item_purchase_floors":[11],"current_hp_per_floor":[68,68,42,41,34,34,34,36,36,36,36,36,36,27,51,11,69,61,45,45,57,58,0,0],"gold":213,"neow_bonus":"BOSS_RELIC","is_daily":false,"chose_seed":false,"campfire_upgraded":2,"win_rate":0.0,"timestamp":1614371852,"path_taken":["M","?","?","M","M","R","M","E","T","R","$","?","?","M","R","BOSS","M","M","?","M","M","E"],"items_purchased_type":["Card"],"build_version":"2020-12-22","purchased_purges":0,"victory":false,"max_hp_per_floor":[75,75,75,75,75,75,75,82,82,82,82,82,82,82,82,82,87,87,87,60,60,60,60,60],"card_choices":[{"not_picked":["Warcry","Body Slam"],"picked":"Shockwave","floor":1},{"not_picked":["Cleave","Fire Breathing","Infernal Blade"],"picked":"Carnage","floor":4},{"not_picked":["Clash","Iron Wave","Rupture"],"picked":"Pommel Strike","floor":5},{"not_picked":["Rupture","Demon Form","Warcry"],"picked":"Anger","floor":7},{"not_picked":["Sever Soul","Iron Wave","Thunderclap","Pummel"],"picked":"SKIP","floor":8},{"not_picked":["Wild Strike","Pommel Strike","Iron Wave"],"picked":"Inflame","floor":12},{"not_picked":["Anger","Pommel Strike","Havoc","Intimidate"],"picked":"SKIP","floor":14},{"not_picked":["Impervious","Berserk","Limit Break"],"picked":"Corruption","floor":16},{"not_picked":["Heavy Blade","Flex","Armaments"],"picked":"Feel No Pain","floor":17},{"not_picked":["Second Wind","Wild Strike","Headbutt"],"picked":"Evolve","floor":18},{"not_picked":["Rampage","Searing Blow","Heavy Blade"],"picked":"Sentinel","floor":19},{"not_picked":["Warcry","Sever Soul","Perfected Strike"],"picked":"Juggernaut","floor":21},{"not_picked":["Clash","Thunderclap","Uppercut","Intimidate"],"picked":"SKIP","floor":22}],"player_experience":1000545,"relics_obtained":[{"floor":8,"key":"Strawberry"},{"floor":9,"key":"Happy Flower"},{"floor":13,"key":"Girya"}],"event_choices":[{"cards_removed":["Strike_R"],"damage_healed":0,"gold_gain":0,"player_choice":"Card Removal","damage_taken":0,"max_hp_gain":0,"max_hp_loss":0,"event_name":"The Cleric","floor":2,"gold_loss":75},{"damage_healed":0,"gold_gain":0,"player_choice":"Success","damage_taken":26,"relics_obtained":["Question Card"],"max_hp_gain":0,"max_hp_loss":0,"event_name":"Scrap Ooze","floor":3,"gold_loss":0},{"damage_healed":0,"gold_gain":0,"player_choice":"Became a vampire","damage_taken":0,"max_hp_gain":0,"max_hp_loss":27,"event_name":"Vampires","floor":20,"gold_loss":0,"cards_obtained":["Bite","Bite","Bite","Bite","Bite"]}],"is_beta":false,"boss_relics":[{"not_picked":["Busted Crown","Philosopher\u0027s Stone"],"picked":"Tiny House"}],"items_purged_floors":[],"is_endless":false,"potions_floor_spawned":[1,8,14,22],"killed_by":"Gremlin Leader","ascension_level":20}}