{"host":"8tgyo6jwzgmjsiz5","time":1614374841,"event":{"mods":["AchievementEnabler","BaseMod","Best Route Mod","Highlight Path","Minty Spire (QoL Compilation)","Permanent Neow","Quick Restart","StSLib","SuperFastMode"],"gold_per_floor":[112,112,112,128,138,138,213,244,269,269,300,1,25,25,25,99,99,114,39,53,129,140,173,173,27,74,74,105,119,145,160,160,236,236,246,246,15,30,30,30,30,60,60,76,91,111,111,129,129,129,129],"floor_reached":50,"language":"ENG","playtime":4127,"items_purged":["Strike_P"],"score":1150,"play_id":"39a18b66-f687-46c0-a43a-55322874fd81","local_time":"20210226182721","is_ascension_mode":true,"campfire_choices":[{"data":"Eruption","floor":6.0,"key":"SMITH"},{"data":"LessonLearned","floor":10.0,"key":"SMITH"},{"data":"Conclude","floor":15.0,"key":"SMITH"},{"floor":24.0,"key":"REST"},{"floor":27.0,"key":"REST"},{"floor":32.0,"key":"REST"},{"floor":40.0,"key":"REST"},{"floor":49.0,"key":"RECALL"}],"circlet_count":0,"master_deck":["AscendersBane","Strike_P+1","Strike_P+1","Defend_P+1","Defend_P+1","Defend_P+1","Defend_P+1","Eruption+1","Vigilance+1","Brilliance+1","SandsOfTime+1","Meditate+1","FlurryOfBlows+1","LessonLearned+1","Tantrum+1","Adaptation+1","Conclude+1","Establishment+1","ClearTheMind+1","EmptyFist+1","EmptyBody+1","Fasting2+1","Vengeance+1","FlurryOfBlows+1","SashWhip+1","Devotion+1","CutThroughFate+1","SpiritShield+1","Fasting2+1","Apotheosis+1","Wallop+1","EmptyMind+1","JustLucky+1","WaveOfTheHand","Perseverance+1","ThirdEye+1","CarveReality+1","CrushJoints"],"relics":["PureWater","Bronze Scales","Happy Flower","Tiny Chest","Bottled Flame","OrangePellets","Bag of Preparation","VioletLotus","Sundial","Akabeko","Damaru","Red Mask","Ancient Tea Set","Fusion Hammer","Mark of the Bloom","PreservedInsect","Frozen Egg 2","Regal Pillow"],"acts_visited":["Exordium","TheCity","TheBeyond"],"potions_floor_usage":[],"damage_taken":[{"damage":0.0,"enemies":"2 Louse","floor":1.0,"turns":1.0},{"damage":5.0,"enemies":"Small Slimes","floor":4.0,"turns":4.0},{"damage":2.0,"enemies":"Jaw Worm","floor":5.0,"turns":3.0},{"damage":0.0,"enemies":"Gremlin Nob","floor":8.0,"turns":2.0},{"damage":0.0,"enemies":"Lagavulin","floor":11.0,"turns":3.0},{"damage":0.0,"enemies":"Slime Boss","floor":16.0,"turns":3.0},{"damage":0.0,"enemies":"Spheric Guardian","floor":18.0,"turns":2.0},{"damage":7.0,"enemies":"3 Byrds","floor":20.0,"turns":2.0},{"damage":14.0,"enemies":"Snake Plant","floor":22.0,"turns":3.0},{"damage":27.0,"enemies":"Book of Stabbing","floor":23.0,"turns":4.0},{"damage":20.0,"enemies":"Masked Bandits","floor":28.0,"turns":3.0},{"damage":0.0,"enemies":"3 Cultists","floor":29.0,"turns":2.0},{"damage":10.0,"enemies":"Gremlin Leader","floor":30.0,"turns":3.0},{"damage":3.0,"enemies":"Cultist and Chosen","floor":31.0,"turns":4.0},{"damage":20.0,"enemies":"Collector","floor":33.0,"turns":8.0},{"damage":3.0,"enemies":"Orb Walker","floor":35.0,"turns":3.0},{"damage":4.0,"enemies":"3 Shapes","floor":38.0,"turns":8.0},{"damage":0.0,"enemies":"Reptomancer","floor":42.0,"turns":2.0},{"damage":0.0,"enemies":"Spire Growth","floor":44.0,"turns":4.0},{"damage":2.0,"enemies":"Writhing Mass","floor":45.0,"turns":4.0},{"damage":8.0,"enemies":"Transient","floor":46.0,"turns":5.0},{"damage":20.0,"enemies":"3 Darklings","floor":48.0,"turns":3.0},{"damage":18,"enemies":"Donu and Deca","floor":50,"turns":1}],"seed_played":"1858306192766672620","potions_obtained":[{"floor":1.0,"key":"Explosive Potion"},{"floor":4.0,"key":"Explosive Potion"},{"floor":8.0,"key":"AttackPotion"},{"floor":18.0,"key":"GamblersBrew"},{"floor":28.0,"key":"CultistPotion"},{"floor":30.0,"key":"Strength Potion"},{"floor":33.0,"key":"Swift Potion"},{"floor":44.0,"key":"SteroidPotion"},{"floor":48.0,"key":"BottledMiracle"}],"is_trial":false,"path_per_floor":["M","?","?","M","M","R","?","E","T","R","E","$","T","$","R","B",null,"M","?","M","T","M","E","R","$","T","R","?","M","E","M","R","B",null,"M","?","$","M","?","R","T","E","T","M","M","M","T","M","R","B"],"character_chosen":"WATCHER","items_purchased":["Adaptation","Conclude","OrangePellets","Fasting2","Vengeance","Wallop","EmptyMind"],"campfire_rested":4,"item_purchase_floors":[12,12,12,25,25,37,37],"current_hp_per_floor":[61,50,50,45,43,43,32,32,32,32,32,32,32,32,32,32,55,55,55,48,48,34,7,25,25,25,43,23,23,13,10,28,8,49,46,46,46,42,42,42,42,42,42,42,40,32,32,12,12,0,0],"gold":129,"neow_bonus":"THREE_RARE_CARDS","is_daily":false,"chose_seed":false,"campfire_upgraded":3,"win_rate":0.0,"timestamp":1614374841,"path_taken":["M","?","?","M","M","R","?","E","T","R","E","$","?","?","R","BOSS","M","?","M","?","M","E","R","$","T","R","?","M","E","M","R","BOSS","M","?","$","M","?","R","?","E","T","M","M","M","?","M","R","BOSS"],"items_purchased_type":["Card","Card","Relic","Card","Card","Card","Card"],"build_version":"2020-12-22","purchased_purges":1,"victory":false,"max_hp_per_floor":[62,62,62,62,62,62,62,62,62,62,62,62,62,62,62,62,62,62,62,62,62,62,62,62,62,62,62,62,62,62,62,62,62,62,62,62,62,62,62,62,62,62,62,62,62,62,62,62,62,62,62],"card_choices":[{"not_picked":["Scrawl","MasterReality"],"picked":"Brilliance","floor":0.0},{"not_picked":["InnerPeace","Protect"],"picked":"SandsOfTime","floor":1.0},{"not_picked":["ClearTheMind","BowlingBash"],"picked":"Meditate","floor":4.0},{"not_picked":["WreathOfFlame","BowlingBash"],"picked":"FlurryOfBlows","floor":5.0},{"not_picked":["Prostrate","TalkToTheHand"],"picked":"LessonLearned","floor":8.0},{"not_picked":["PathToVictory","Evaluate"],"picked":"Tantrum","floor":11.0},{"not_picked":["Omniscience","Ragnarok"],"picked":"Establishment","floor":16.0},{"not_picked":["ThirdEye","FlurryOfBlows"],"picked":"ClearTheMind","floor":18.0},{"not_picked":["Crescendo","JustLucky"],"picked":"EmptyFist+1","floor":20.0},{"not_picked":["EmptyMind","PathToVictory"],"picked":"EmptyBody+1","floor":22.0},{"not_picked":["Consecrate","FlyingSleeves","WreathOfFlame"],"picked":"SKIP","floor":23.0},{"not_picked":["Swivel","Consecrate"],"picked":"FlurryOfBlows+1","floor":28.0},{"not_picked":["ThirdEye","Weave"],"picked":"SashWhip+1","floor":29.0},{"not_picked":["Swivel","Halt+1"],"picked":"Devotion","floor":30.0},{"not_picked":["FlurryOfBlows+1","PathToVictory"],"picked":"CutThroughFate","floor":31.0},{"not_picked":["LessonLearned","MasterReality"],"picked":"SpiritShield","floor":33.0},{"not_picked":["Collect","Vengeance"],"picked":"Fasting2+1","floor":35.0},{"not_picked":["Dark Shackles","Flash of Steel"],"picked":"Apotheosis","floor":36.0},{"not_picked":["EmptyFist+1","FlurryOfBlows"],"picked":"JustLucky","floor":38.0},{"not_picked":["Perseverance","Collect"],"picked":"WaveOfTheHand","floor":42.0},{"not_picked":["Protect","ForeignInfluence"],"picked":"Perseverance+1","floor":44.0},{"not_picked":["WreathOfFlame","BowlingBash"],"picked":"ThirdEye+1","floor":45.0},{"not_picked":["Adaptation+1","ClearTheMind"],"picked":"CarveReality","floor":46.0},{"not_picked":["Adaptation+1","Protect"],"picked":"CrushJoints","floor":48.0}],"player_experience":2034720,"relics_obtained":[{"floor":8.0,"key":"Happy Flower"},{"floor":9.0,"key":"Tiny Chest"},{"floor":11.0,"key":"Bottled Flame"},{"floor":13.0,"key":"Bag of Preparation"},{"floor":21.0,"key":"Sundial"},{"floor":23.0,"key":"Akabeko"},{"floor":26.0,"key":"Damaru"},{"floor":28.0,"key":"Red Mask"},{"floor":30.0,"key":"Ancient Tea Set"},{"floor":42.0,"key":"PreservedInsect"},{"floor":43.0,"key":"Frozen Egg 2"},{"floor":47.0,"key":"Regal Pillow"}],"event_choices":[{"damage_healed":0.0,"max_hp_gain":0.0,"max_hp_loss":0.0,"gold_gain":0.0,"event_name":"Scrap Ooze","player_choice":"Success","floor":2.0,"gold_loss":0.0,"damage_taken":11.0,"relics_obtained":["Bronze Scales"]},{"damage_healed":0.0,"max_hp_gain":0.0,"max_hp_loss":0.0,"gold_gain":0.0,"event_name":"Liars Game","player_choice":"Ignored","floor":3.0,"gold_loss":0.0,"damage_taken":0.0},{"damage_healed":0.0,"max_hp_gain":0.0,"max_hp_loss":0.0,"gold_gain":75.0,"event_name":"World of Goop","player_choice":"Gather Gold","floor":7.0,"gold_loss":0.0,"damage_taken":11.0},{"cards_removed":["Strike_P"],"damage_healed":0.0,"max_hp_gain":0.0,"max_hp_loss":0.0,"gold_gain":0.0,"event_name":"Beggar","player_choice":"Gave Gold","floor":19.0,"gold_loss":75.0,"damage_taken":0.0},{"damage_healed":0.0,"max_hp_gain":0.0,"max_hp_loss":0.0,"gold_gain":0.0,"event_name":"Masked Bandits","player_choice":"Fought Bandits","floor":28.0,"gold_loss":0.0,"damage_taken":0.0},{"damage_healed":0.0,"max_hp_gain":0.0,"max_hp_loss":0.0,"gold_gain":0.0,"event_name":"SensoryStone","player_choice":"Memory 1","floor":36.0,"gold_loss":0.0,"damage_taken":0.0},{"damage_healed":0.0,"max_hp_gain":0.0,"max_hp_loss":0.0,"gold_gain":0.0,"event_name":"MindBloom","player_choice":"Upgrade","floor":39.0,"gold_loss":0.0,"damage_taken":0.0,"cards_upgraded":["Defend_P","Defend_P","Brilliance","SandsOfTime","Meditate","Tantrum","Adaptation","Establishment","ClearTheMind","Fasting2","Vengeance","Devotion","CutThroughFate","SpiritShield","Apotheosis","Wallop","JustLucky"],"relics_obtained":["Mark of the Bloom"]}],"is_beta":false,"boss_relics":[{"not_picked":["SacredBark","Velvet Choker"],"picked":"VioletLotus"},{"not_picked":["Runic Pyramid","SlaversCollar"],"picked":"Fusion Hammer"}],"items_purged_floors":[37],"is_endless":false,"potions_floor_spawned":[1,4,8,18,20,28,30,33,38,44,48],"killed_by":"Donu and Deca","ascension_level":15}}