{"host":"d4hjo1dp8g06u19c","time":1614367030,"event":{"mods":["Act Like it!","Arknights","BaseMod","Better Match","BetterRewards","Colored Map","Colored Powertips","Downfall","LagranYue(¿≠∏Ò¿ °§‘¬)","Marisa£®ÏF”Í°°ƒß¿Ì…≥£©","Minty Spire (QoL Compilation)","Quick Restart","Remove Card Discount Mod","Shop Mod","Spicy Shops","StSLib","The Animator","The Servant 0.9.4","TheSwordswoman","UnlockEverythingMod","Youmu£®ªÍ∆«—˝√Œ£©","noobMod","ÛÙª÷∏ƒœ"],"gold_per_floor":[113,128,147,147,161,161,6,6,6,6,33,33,62,87,87,215,215,247,272,305,122,144,144,187,220,220,250,299,322,107,120,77,211,211,234,33,65,65,88,88,108,122,147,145,170,170,209,230,218,218,218,115,24,68,68],"floor_reached":56,"language":"ZHS","playtime":3741,"items_purged":["MoonPhase","Defend_S","Defend_S","Strike_S","Strike_S","Injury","Strike_S","Defend_S","Defend_S","Collapse","Rearm","SpecialFormula","Contraction","SurpressingFire","Defy","Moonlight","ShiftingGears","Ricochet+1","InstantArmor","InstantArmor","KidneyShot+1","BottledTime","BottledTime+1","Rearm","InstantArmor","DualDimension+1","BottledTime+1","InstantArmor","Clumsy"],"score":1544,"play_id":"39dec013-e49e-4453-a492-b68c7fc7ce6f","local_time":"20210227031710","is_ascension_mode":false,"campfire_choices":[{"data":"DualDimension","floor":6.0,"key":"SMITH"},{"data":"KidneyShot","floor":8.0,"key":"SMITH"},{"data":"Exchange","floor":15.0,"key":"SMITH"},{"data":"Apotheosis","floor":23.0,"key":"SMITH"},{"floor":40.0,"key":"RECALL"}],"circlet_count":0,"master_deck":["Sadistic Nature","Solidify","Apotheosis+1","PendulumOfEternity","Panache","Reset"],"relics":["SplendidAttire","ice","LagranYue:RandomDrawCardRelic","Bird Faced Urn","Toy Ornithopter","Torii","Thread and Needle","Golden Idol","CeramicFish","PreservedInsect","InkBottle","Vajra","LagranYue:GuidanceLightRelic","bronze:MakeshiftBattery","Bag of Preparation","Frozen Egg 2","Letter Opener","Eternal Feather"],"acts_visited":["Exordium","TheCity","TheBeyond","TheEnding"],"potions_floor_usage":[],"damage_taken":[{"damage":0.0,"enemies":"Cultist","floor":1.0,"turns":4.0},{"damage":1.0,"enemies":"Jaw Worm","floor":2.0,"turns":3.0},{"damage":0.0,"enemies":"Small Slimes","floor":3.0,"turns":4.0},{"damage":1.0,"enemies":"Looter","floor":5.0,"turns":4.0},{"damage":10.0,"enemies":"Gremlin Gang","floor":11.0,"turns":4.0},{"damage":1.0,"enemies":"Lots of Slimes","floor":13.0,"turns":6.0},{"damage":1.0,"enemies":"Exordium Wildlife","floor":14.0,"turns":4.0},{"damage":0.0,"enemies":"Hexaghost","floor":16.0,"turns":14.0},{"damage":0.0,"enemies":"Chosen","floor":18.0,"turns":6.0},{"damage":0.0,"enemies":"3 Byrds","floor":19.0,"turns":5.0},{"damage":0.0,"enemies":"Shelled Parasite and Fungi","floor":20.0,"turns":2.0},{"damage":0.0,"enemies":"Cultist and Chosen","floor":22.0,"turns":4.0},{"damage":0.0,"enemies":"Gremlin Leader","floor":24.0,"turns":7.0},{"damage":0.0,"enemies":"3 Cultists","floor":25.0,"turns":2.0},{"damage":1.0,"enemies":"Centurion and Healer","floor":27.0,"turns":3.0},{"damage":1.0,"enemies":"Slavers","floor":28.0,"turns":2.0},{"damage":0.0,"enemies":"Snecko","floor":29.0,"turns":2.0},{"damage":0.0,"enemies":"Shelled Parasite and Fungi","floor":31.0,"turns":2.0},{"damage":0.0,"enemies":"Automaton","floor":33.0,"turns":5.0},{"damage":0.0,"enemies":"Orb Walker","floor":35.0,"turns":2.0},{"damage":0.0,"enemies":"3 Darklings","floor":37.0,"turns":1.0},{"damage":0.0,"enemies":"Writhing Mass","floor":39.0,"turns":2.0},{"damage":0.0,"enemies":"Jaw Worm Horde","floor":41.0,"turns":2.0},{"damage":0.0,"enemies":"4 Shapes","floor":42.0,"turns":2.0},{"damage":0.0,"enemies":"Maw","floor":45.0,"turns":2.0},{"damage":0.0,"enemies":"Reptomancer","floor":47.0,"turns":1.0},{"damage":0.0,"enemies":"Writhing Mass","floor":48.0,"turns":2.0},{"damage":0.0,"enemies":"Donu and Deca","floor":50.0,"turns":1.0},{"damage":2.0,"enemies":"Shield and Spear","floor":54.0,"turns":2.0},{"damage":34,"enemies":"The Heart","floor":55,"turns":5}],"seed_played":"5224026408496474541","potions_obtained":[{"floor":13.0,"key":"SpeedPotion"},{"floor":14.0,"key":"PowerPotion"},{"floor":18.0,"key":"FearPotion"},{"floor":24.0,"key":"EssenceOfSteel"},{"floor":25.0,"key":"Block Potion"},{"floor":28.0,"key":"bronze:BurnAndBuffPotion"},{"floor":33.0,"key":"BlessingOfTheForge"}],"is_trial":false,"path_per_floor":["M","M","M","?","M","R","$","R","T","?","M","?","M","M","R","B",null,"M","M","M","$","M","R","E","M","T","M","E","M","R","M","R","B",null,"M","$","M","?","M","R","M","M","T","$","M","?","E","M","R","B",null,"R","$","E","B",null],"character_chosen":"THE_SERVANT","items_purchased":["CeramicFish","Apotheosis","LagranYue:GuidanceLightRelic","InstantArmor","BottledTime","Panache","Reset","Letter Opener"],"campfire_rested":0,"item_purchase_floors":[7,21,30,30,32,36,52,53],"current_hp_per_floor":[36,39,43,43,46,46,46,46,46,46,38,38,41,44,44,55,65,65,65,65,65,65,65,65,65,65,65,64,65,65,65,65,65,65,65,65,65,65,65,65,65,65,65,65,65,65,65,65,65,65,65,65,65,63,33],"gold":68,"neow_bonus":"","is_daily":false,"chose_seed":false,"campfire_upgraded":4,"win_rate":0.0,"timestamp":1614367030,"path_taken":["M","?","?","?","M","R","$","R","T","?","M","?","?","M","R","BOSS","M","M","M","$","M","R","E","M","T","?","E","M","R","M","R","BOSS","M","$","M","?","M","R","M","M","T","$","?","?","E","M","R","BOSS","R","$","E","BOSS"],"items_purchased_type":["Relic","Card","Relic","Card","Card","Card","Card","Relic"],"build_version":"2020-12-22","purchased_purges":29,"victory":true,"max_hp_per_floor":[65,65,65,65,65,65,65,65,65,65,65,65,65,65,65,65,65,65,65,65,65,65,65,65,65,65,65,65,65,65,65,65,65,65,65,65,65,65,65,65,65,65,65,65,65,65,65,65,65,65,65,65,65,65,65],"card_choices":[{"not_picked":["Defy","Collapse"],"picked":"MoonPhase","floor":1.0},{"not_picked":["Alleviate","Starlight"],"picked":"Rearm","floor":2.0},{"not_picked":["Alleviate","Ricochet"],"picked":"DualDimension","floor":3.0},{"not_picked":["Gouge","LightFlow"],"picked":"InstantArmor","floor":5.0},{"not_picked":["Hightail","Rewind"],"picked":"SurpressingFire","floor":11.0},{"not_picked":["SpecialFormula","Defy"],"picked":"Collapse","floor":13.0},{"not_picked":["Moonlight","Ricochet"],"picked":"ShiftingGears","floor":14.0},{"not_picked":["LightFlow","FloweringNight"],"picked":"Solidify","floor":16.0},{"not_picked":["Desolation","TimeWarp"],"picked":"BottledTime+1","floor":18.0},{"not_picked":["GearUp+1","Unruled"],"picked":"Ricochet+1","floor":19.0},{"not_picked":["SpecialFormula","Alleviate+1"],"picked":"Defy","floor":20.0},{"not_picked":["Starlight","Reset"],"picked":"Contraction","floor":22.0},{"not_picked":["Ricochet","Hightail"],"picked":"BottledTime+1","floor":24.0},{"not_picked":["Desolation","Sunlight"],"picked":"Potential","floor":25.0},{"not_picked":["Shuttle","Alleviate+1"],"picked":"SpecialFormula","floor":27.0},{"not_picked":["Starlight+1","MoonPhase+1"],"picked":"Moonlight","floor":28.0},{"not_picked":["StarChef","Contraction"],"picked":"Rearm","floor":29.0},{"not_picked":["Desolation","Potential","Starlight+1"],"picked":"SKIP","floor":31.0},{"not_picked":["LightFlow","Duplication"],"picked":"PendulumOfEternity","floor":33.0},{"not_picked":["DoubleEdge+1","Defy+1","SurpressingFire+1"],"picked":"SKIP","floor":35.0},{"not_picked":["Luminosity+1","Rewind+1"],"picked":"InstantArmor","floor":37.0},{"not_picked":["TheWorld","Alleviate"],"picked":"InstantArmor","floor":39.0},{"not_picked":["Contraction+1","Revamp+1","Rewind+1"],"picked":"SKIP","floor":41.0},{"not_picked":["Alleviate+1","Shuttle+1","Revamp+1"],"picked":"SKIP","floor":42.0},{"not_picked":["Revamp","Sabotage","Luminosity+1"],"picked":"SKIP","floor":45.0},{"not_picked":["Spin","Defy","BottledTime+1"],"picked":"SKIP","floor":47.0},{"not_picked":["Rearm+1","Rewind+1","TimeWarp+1"],"picked":"SKIP","floor":48.0},{"not_picked":["Revamp+1","FastForward+1","KillingDoll"],"picked":"SKIP","floor":54.0}],"player_experience":150436,"relics_obtained":[{"floor":24.0,"key":"PreservedInsect"},{"floor":26.0,"key":"InkBottle"},{"floor":28.0,"key":"Vajra"},{"floor":43.0,"key":"Bag of Preparation"},{"floor":47.0,"key":"Frozen Egg 2"},{"floor":54.0,"key":"Eternal Feather"}],"event_choices":[{"damage_healed":0.0,"max_hp_gain":0.0,"max_hp_loss":0.0,"gold_gain":0.0,"event_name":"Golden Idol","player_choice":"Take Wound","floor":4.0,"gold_loss":0.0,"damage_taken":0.0,"relics_obtained":["Golden Idol"],"cards_obtained":["Injury"]},{"damage_healed":0.0,"max_hp_gain":0.0,"max_hp_loss":0.0,"gold_gain":0.0,"event_name":"Golden Wing","player_choice":"Ignored","floor":10.0,"gold_loss":0.0,"damage_taken":0.0},{"cards_removed":["Strike_S"],"damage_healed":0.0,"max_hp_gain":0.0,"max_hp_loss":0.0,"gold_gain":0.0,"event_name":"Wheel of Change","player_choice":"Card Removal","floor":12.0,"gold_loss":0.0,"damage_taken":0.0},{"cards_removed":["Exchange"],"damage_healed":0.0,"max_hp_gain":0.0,"max_hp_loss":0.0,"gold_gain":0.0,"event_name":"Purifier","player_choice":"Purged","floor":38.0,"gold_loss":0.0,"damage_taken":0.0},{"cards_removed":["Potential"],"damage_healed":0.0,"max_hp_gain":0.0,"max_hp_loss":0.0,"gold_gain":0.0,"event_name":"Falling","player_choice":"Removed Attack","floor":46.0,"gold_loss":0.0,"damage_taken":0.0}],"is_beta":false,"boss_relics":[{"not_picked":["Coffee Dripper","Snecko Eye"],"picked":"SplendidAttire"},{"not_picked":["StoneMask","Velvet Choker"],"picked":"bronze:MakeshiftBattery"}],"items_purged_floors":[7,21,21,21,21,21,21,21,21,32,36,36,36,36,36,36,36,36,44,49,49,49,49,49,49,52,52,52,53],"is_endless":false,"potions_floor_spawned":[13,14,18,24,25,27,28,33,39,45,47],"ascension_level":0}}