{"host":"t4313i2190y6fz3q","time":1614305623,"event":{"mods":["2.2 Compatiblity","AchievementEnabler","Act Like it!","BaseMod","Colored Powertips","Minty Spire (QoL Compilation)","Permanent Neow","Quick Restart","Rare Cards Sparkle","StSLib"],"gold_per_floor":[115,133,133,143,158,158,193,204,204,236,256,256,15,45,45,116,116,126,140,157,157,157,157,175,7,54,64,91,105,115,30,30,103,103,115,126,179,179,179,179,79,108,108,124,139,139,169,201,213,225],"floor_reached":51,"language":"ENG","playtime":1826,"items_purged":["Strike_B","Strike_B"],"score":1482,"play_id":"6ccf6b3c-1e89-4552-afb5-ef9b0e79fe40","local_time":"20210225181343","is_ascension_mode":true,"campfire_choices":[{"data":"Dualcast","floor":6.0,"key":"SMITH"},{"floor":12.0,"key":"REST"},{"data":"Defragment","floor":15.0,"key":"SMITH"},{"floor":23.0,"key":"REST"},{"data":"Biased Cognition","floor":32.0,"key":"SMITH"},{"floor":40.0,"key":"REST"},{"floor":49.0,"key":"REST"}],"circlet_count":0,"master_deck":["AscendersBane","Strike_B","Strike_B","Defend_B+1","Defend_B+1","Defend_B","Defend_B","Zap+1","Dualcast+1","Cold Snap","Ball Lightning","Darkness","FTL","Coolheaded","Rebound","Barrage+1","Compile Driver+1","Defragment+1","Biased Cognition+1","Hologram","Blizzard+1","Heatsinks","Lockon+1","Go for the Eyes+1","Electrodynamics","White Noise+1","Creative AI","Storm"],"relics":["Cracked Core","Regal Pillow","Mummified Hand","Molten Egg 2","Bag of Preparation","White Beast Statue","Inserter","OrangePellets","Orichalcum","War Paint","Juzu Bracelet","Cursed Key","Turnip","Kunai","MawBank"],"acts_visited":["Exordium","TheCity","TheBeyond"],"potions_floor_usage":[50,50],"damage_taken":[{"damage":0.0,"enemies":"Cultist","floor":1.0,"turns":3.0},{"damage":1.0,"enemies":"2 Louse","floor":2.0,"turns":2.0},{"damage":0.0,"enemies":"Jaw Worm","floor":4.0,"turns":3.0},{"damage":11.0,"enemies":"Blue Slaver","floor":5.0,"turns":4.0},{"damage":13.0,"enemies":"3 Sentries","floor":7.0,"turns":6.0},{"damage":14.0,"enemies":"Red Slaver","floor":8.0,"turns":2.0},{"damage":1.0,"enemies":"Gremlin Nob","floor":10.0,"turns":3.0},{"damage":2.0,"enemies":"Looter","floor":11.0,"turns":3.0},{"damage":16.0,"enemies":"Lagavulin","floor":14.0,"turns":4.0},{"damage":7.0,"enemies":"Slime Boss","floor":16.0,"turns":5.0},{"damage":0.0,"enemies":"Shell Parasite","floor":18.0,"turns":3.0},{"damage":17.0,"enemies":"3 Byrds","floor":19.0,"turns":3.0},{"damage":14.0,"enemies":"Centurion and Healer","floor":20.0,"turns":4.0},{"damage":14.0,"enemies":"Chosen and Byrds","floor":24.0,"turns":5.0},{"damage":0.0,"enemies":"Cultist and Chosen","floor":27.0,"turns":7.0},{"damage":28.0,"enemies":"Book of Stabbing","floor":28.0,"turns":5.0},{"damage":0.0,"enemies":"Snecko","floor":29.0,"turns":4.0},{"damage":8.0,"enemies":"Snake Plant","floor":30.0,"turns":3.0},{"damage":23.0,"enemies":"Champ","floor":33.0,"turns":8.0},{"damage":12.0,"enemies":"3 Shapes","floor":35.0,"turns":3.0},{"damage":0.0,"enemies":"3 Darklings","floor":36.0,"turns":2.0},{"damage":22.0,"enemies":"2 Orb Walkers","floor":37.0,"turns":3.0},{"damage":9.0,"enemies":"Nemesis","floor":42.0,"turns":5.0},{"damage":0.0,"enemies":"4 Shapes","floor":44.0,"turns":2.0},{"damage":7.0,"enemies":"Sphere and 2 Shapes","floor":45.0,"turns":3.0},{"damage":24.0,"enemies":"Reptomancer","floor":47.0,"turns":4.0},{"damage":28.0,"enemies":"3 Darklings","floor":48.0,"turns":3.0},{"damage":45,"enemies":"Donu and Deca","floor":50,"turns":5}],"seed_played":"-3692281050264450362","potions_obtained":[{"floor":2.0,"key":"FearPotion"},{"floor":3.0,"key":"Fire Potion"},{"floor":7.0,"key":"Dexterity Potion"},{"floor":11.0,"key":"SpeedPotion"},{"floor":14.0,"key":"FairyPotion"},{"floor":16.0,"key":"DuplicationPotion"},{"floor":18.0,"key":"FocusPotion"},{"floor":19.0,"key":"SpeedPotion"},{"floor":20.0,"key":"Fruit Juice"},{"floor":24.0,"key":"Block Potion"},{"floor":27.0,"key":"ColorlessPotion"},{"floor":28.0,"key":"SneckoOil"},{"floor":29.0,"key":"EssenceOfSteel"},{"floor":33.0,"key":"Dexterity Potion"},{"floor":35.0,"key":"AttackPotion"},{"floor":36.0,"key":"Block Potion"},{"floor":37.0,"key":"FocusPotion"},{"floor":42.0,"key":"DistilledChaos"},{"floor":44.0,"key":"Ancient Potion"},{"floor":47.0,"key":"Regen Potion"},{"floor":48.0,"key":"EssenceOfDarkness"}],"is_trial":false,"path_per_floor":["M","M","?","M","M","R","E","M","T","E","M","R","$","E","R","B",null,"M","M","M","?","?","R","M","$","T","M","E","M","M","?","R","B",null,"M","M","?","?","T","R","$","E","T","M","M","?","E","M","R","B",null],"character_chosen":"DEFECT","items_purchased":["Bag of Preparation","OrangePellets"],"campfire_rested":4,"item_purchase_floors":[13,25],"current_hp_per_floor":[64,63,63,63,52,52,39,25,25,24,22,58,58,42,42,35,62,62,45,36,14,14,53,39,39,39,39,11,11,3,3,3,8,63,51,51,29,29,29,68,68,59,59,59,52,52,28,9,47,2],"gold":237,"neow_bonus":"UPGRADE_CARD","is_daily":false,"chose_seed":false,"campfire_upgraded":3,"win_rate":0.0,"timestamp":1614305623,"path_taken":["M","?","?","M","M","R","E","M","T","E","?","R","$","E","R","BOSS","M","M","?","?","?","R","M","$","T","M","E","M","?","?","R","BOSS","M","M","?","?","?","R","$","E","T","M","M","?","E","M","R","BOSS"],"items_purchased_type":["Relic","Relic"],"build_version":"2020-12-22","purchased_purges":2,"victory":true,"max_hp_per_floor":[71,71,71,71,71,71,71,71,71,71,71,71,71,71,71,71,71,71,71,76,81,81,81,81,81,81,81,81,81,81,81,81,81,81,81,81,81,81,81,81,81,81,81,81,81,77,77,77,77,77],"card_choices":[{"not_picked":["Leap","Gash"],"picked":"Cold Snap","floor":1.0},{"not_picked":["Steam Power","Self Repair"],"picked":"Ball Lightning","floor":2.0},{"not_picked":["Steam","Conserve Battery"],"picked":"Darkness","floor":4.0},{"not_picked":["Genetic Algorithm","Force Field"],"picked":"FTL","floor":5.0},{"not_picked":["Heatsinks","Rip and Tear"],"picked":"Coolheaded","floor":7.0},{"not_picked":["Redo","Go for the Eyes"],"picked":"Rebound","floor":8.0},{"not_picked":["Storm","Hologram"],"picked":"Barrage+1","floor":10.0},{"not_picked":["Ball Lightning+1","Auto Shields"],"picked":"Compile Driver+1","floor":11.0},{"not_picked":["Multi-Cast","Barrage+1"],"picked":"Defragment","floor":14.0},{"not_picked":["Rainbow","Machine Learning"],"picked":"Biased Cognition","floor":16.0},{"not_picked":["Conserve Battery","Reprogram"],"picked":"Hologram","floor":18.0},{"not_picked":["Barrage+1","Steam"],"picked":"Blizzard+1","floor":19.0},{"not_picked":["Streamline+1","Leap+1","Rebound+1"],"picked":"SKIP","floor":20.0},{"not_picked":["Stack","Redo"],"picked":"Heatsinks","floor":24.0},{"not_picked":["Go for the Eyes+1","Barrage+1","Ball Lightning+1"],"picked":"SKIP","floor":27.0},{"not_picked":["Rip and Tear+1","Streamline+1","Meteor Strike+1"],"picked":"SKIP","floor":28.0},{"not_picked":["Redo","Turbo"],"picked":"Lockon+1","floor":29.0},{"not_picked":["Compile Driver+1","Scrape+1"],"picked":"Go for the Eyes+1","floor":30.0},{"not_picked":["Multi-Cast","Meteor Strike+1"],"picked":"Electrodynamics","floor":33.0},{"not_picked":["Coolheaded","Go for the Eyes+1","Steam"],"picked":"SKIP","floor":35.0},{"not_picked":["Conserve Battery","Rebound+1","Hello World"],"picked":"SKIP","floor":36.0},{"not_picked":["Recycle","Coolheaded"],"picked":"White Noise+1","floor":37.0},{"not_picked":["Steam","Heatsinks"],"picked":"Creative AI","floor":42.0},{"not_picked":["Gash+1","Rebound+1"],"picked":"Storm","floor":44.0},{"not_picked":["Turbo","Rebound+1","Steam"],"picked":"SKIP","floor":45.0},{"not_picked":["Genetic Algorithm","Self Repair+1","Redo"],"picked":"SKIP","floor":47.0},{"not_picked":["Lockon+1","Go for the Eyes+1","Streamline+1"],"picked":"SKIP","floor":48.0}],"player_experience":194688,"relics_obtained":[{"floor":7.0,"key":"Regal Pillow"},{"floor":9.0,"key":"Mummified Hand"},{"floor":10.0,"key":"Molten Egg 2"},{"floor":14.0,"key":"White Beast Statue"},{"floor":26.0,"key":"Orichalcum"},{"floor":28.0,"key":"War Paint"},{"floor":37.0,"key":"Turnip"},{"floor":42.0,"key":"Kunai"},{"floor":47.0,"key":"MawBank"}],"event_choices":[{"damage_healed":0.0,"max_hp_gain":0.0,"max_hp_loss":0.0,"gold_gain":0.0,"event_name":"Lab","player_choice":"Got Potions","floor":3.0,"gold_loss":0.0,"damage_taken":0.0},{"damage_healed":0.0,"max_hp_gain":5.0,"max_hp_loss":0.0,"gold_gain":0.0,"event_name":"Forgotten Altar","player_choice":"Shed Blood","floor":21.0,"gold_loss":0.0,"damage_taken":27.0},{"damage_healed":0.0,"max_hp_gain":0.0,"max_hp_loss":0.0,"gold_gain":0.0,"event_name":"N\u0027loth","player_choice":"Ignored","floor":22.0,"gold_loss":0.0,"damage_taken":0.0},{"damage_healed":0.0,"max_hp_gain":0.0,"max_hp_loss":0.0,"gold_gain":0.0,"event_name":"Addict","player_choice":"Obtained Relic","floor":31.0,"gold_loss":85.0,"damage_taken":0.0,"relics_obtained":["Juzu Bracelet"]},{"damage_healed":0.0,"max_hp_gain":0.0,"max_hp_loss":0.0,"gold_gain":0.0,"event_name":"Mysterious Sphere","player_choice":"Fight","floor":37.0,"gold_loss":0.0,"damage_taken":0.0},{"damage_healed":0.0,"max_hp_gain":0.0,"max_hp_loss":0.0,"gold_gain":0.0,"event_name":"The Moai Head","player_choice":"Ignored","floor":38.0,"gold_loss":0.0,"damage_taken":0.0},{"damage_healed":0.0,"max_hp_gain":0.0,"max_hp_loss":4.0,"gold_gain":0.0,"event_name":"Winding Halls","player_choice":"Max HP","floor":46.0,"gold_loss":0.0,"damage_taken":0.0}],"is_beta":false,"boss_relics":[{"not_picked":["SacredBark","Fusion Hammer"],"picked":"Inserter"},{"not_picked":["Tiny House","Busted Crown"],"picked":"Cursed Key"}],"items_purged_floors":[13,41],"is_endless":false,"potions_floor_spawned":[2,4,7,11,14,16,18,19,20,24,27,28,29,30,33,35,36,37,42,44,45,47,48],"ascension_level":18}}