{"host":"2i1rjl87isetstuj","time":1614354085,"event":{"mods":["Act Like it!","BaseMod","Better Vampires","Challenge The Spire","Downfall","Library of Ruina","Library of Ruina Extra","Marked Mod","Minty Spire (QoL Compilation)","Quick Restart","Shop Mod","StSLib","Waifu the Spire","【功能Mod】混沌之环修复补丁","篝火指南"],"gold_per_floor":[119,119,136,136,182,35,62,80,126,166,19,39,74,115,115,212,212,228,26,44,44,44,44,73,23,23,67,67,67,95,95,95,237,237,259,318,318,168,168,168,37,67,67,67,85,85,111,130,130,130,130,130,130,37,81,81],"floor_reached":57,"language":"ZHS","playtime":2676,"items_purged":["LightAttack","Dodge","LightAttack","LightDefense","LightDefense","LightDefense"],"score":1274,"play_id":"46701a05-0c82-4d6a-9c5e-41046de2471b","local_time":"20210226234125","is_ascension_mode":false,"campfire_choices":[{"floor":15,"key":"REST"},{"data":"TendonChords","floor":23,"key":"SMITH"},{"data":"AutonomousRush","floor":28,"key":"SMITH"},{"floor":32,"key":"DIG"},{"floor":40,"key":"DIG"},{"floor":46,"key":"RECALL"},{"floor":49,"key":"DIG"},{"floor":53,"key":"DIG"}],"circlet_count":0,"master_deck":["LightDefense","ChargeAndCover","FocusedStrikes","Unlock1","GutHarvesting","TendonChords+1","FrontalAssault","Eradication","SharpNails","GoinFirst","BladeWhirl+1","GuidanceOfTheGears","CleanUp","DefenseOrder","downfall:Bewildered","AutonomousRush+1","InhaleSmoke","FleshFillet","TraceOfFumes","DesperateStruggle+1","Finesse","Madness","Madness","TendonChords","DarkCloud"],"relics":["PageOfLibrarian","Regal Pillow","Sundial","Sling","Juzu Bracelet","Ancient Tea Set","Smiling Mask","Runic Pyramid","PageOfSnowWhitesApple","MutagenicStrength","sneckomod:BabySnecko","Shovel","PageOfGalaxyChild","Centennial Puzzle","CeramicFish","PageOfBlackSwan","Peace Pipe","Blue Candle","Letter Opener","Bronze Scales","MealTicket","PageOfWrath","Pantograph","PageOfTheQueenOfHatred"],"acts_visited":["Exordium","TheCity","TheBeyond","TheEnding"],"potions_floor_usage":[13,38,55],"damage_taken":[{"damage":0,"enemies":"2 Louse","floor":1,"turns":3},{"damage":1,"enemies":"Jaw Worm","floor":3,"turns":3},{"damage":0,"enemies":"Cultist","floor":5,"turns":3},{"damage":8,"enemies":"Gremlin Nob","floor":7,"turns":3},{"damage":13,"enemies":"Looter","floor":8,"turns":3},{"damage":0,"enemies":"2 Fungi Beasts","floor":10,"turns":2},{"damage":0,"enemies":"Red Slaver","floor":12,"turns":2},{"damage":18,"enemies":"Lagavulin","floor":13,"turns":3},{"damage":19,"enemies":"Lots of Slimes","floor":14,"turns":3},{"damage":34,"enemies":"Hexaghost","floor":16,"turns":9},{"damage":6,"enemies":"2 Thieves","floor":18,"turns":3},{"damage":3,"enemies":"Chosen","floor":20,"turns":2},{"damage":0,"enemies":"Gremlin Leader","floor":24,"turns":3},{"damage":7,"enemies":"Shelled Parasite and Fungi","floor":27,"turns":2},{"damage":12,"enemies":"Book of Stabbing","floor":30,"turns":3},{"damage":15,"enemies":"KingOfGreed","floor":33,"turns":4},{"damage":15,"enemies":"3 Shapes","floor":35,"turns":2},{"damage":15,"enemies":"Mind Bloom Boss Battle","floor":36,"turns":3},{"damage":0,"enemies":"Nemesis","floor":42,"turns":4},{"damage":0,"enemies":"3 Darklings","floor":48,"turns":2},{"damage":10,"enemies":"Awakened One","floor":50,"turns":4},{"damage":2,"enemies":"Awakened One","floor":51,"turns":3},{"damage":7,"enemies":"Shield and Spear","floor":55,"turns":2},{"damage":73,"enemies":"The Heart","floor":56,"turns":5}],"seed_played":"2846147002404621325","potions_obtained":[{"floor":3,"key":"SpeedPotion"},{"floor":7,"key":"PowerPotion"},{"floor":12,"key":"BlessingOfTheForge"},{"floor":13,"key":"Explosive Potion"},{"floor":31,"key":"DistilledChaos"},{"floor":31,"key":"champ:CounterPotion"},{"floor":55,"key":"LiquidBronze"}],"is_trial":false,"path_per_floor":["M","?","M","?","M","$","E","M","T","M","$","M","E","M","R","B",null,"M","$","M","?","?","R","E","$","T","M","R","?","E","?","R","B",null,"M","?","?","$","?","R","$","E","T","?","?","R","T","M","R","B",null,null,"R","$","E","B",null],"character_chosen":"Librarian","items_purchased":["Sling","GoinFirst","PageOfSnowWhitesApple","Fruit Juice","Finesse","TendonChords"],"campfire_rested":1,"item_purchase_floors":[6,11,19,38,41,54],"current_hp_per_floor":[60,48,47,47,47,47,42,32,32,35,35,40,25,9,47,31,79,78,78,79,79,79,79,79,79,79,72,72,72,72,72,72,64,79,64,64,59,64,64,64,64,77,77,84,73,73,73,84,84,76,84,84,84,84,82,22],"gold":81,"neow_bonus":"RANDOM_COMMON_RELIC","is_daily":false,"chose_seed":false,"campfire_upgraded":2,"win_rate":0.0,"timestamp":1614354085,"path_taken":["M","?","M","?","M","?","E","M","T","M","$","M","E","M","R","BOSS","M","$","M","?","?","R","E","$","T","M","R","?","E","?","R","BOSS","M","?","?","$","?","R","$","E","T","?","?","R","?","M","R","BOSS","R","$","E","BOSS"],"items_purchased_type":["Relic","Card","Relic","Potion","Card","Card"],"build_version":"2020-12-22","purchased_purges":6,"victory":true,"max_hp_per_floor":[61,61,77,77,70,70,70,79,79,79,79,79,79,79,79,79,79,79,79,79,79,79,79,79,79,79,79,79,79,79,79,79,79,79,79,79,79,84,84,84,84,84,84,84,84,84,84,84,84,84,84,84,84,84,84,84],"card_choices":[{"not_picked":["MultiHit","HiddenBlade","EndlessBattle","AsThePrescriptOrders","CrackOfDawn","Gigigig","SpearedSweep","Outburst"],"picked":"Unlock1","floor":1},{"not_picked":["SmokingPipe","ForcefulGesture","MultiBlock","Unlock1","GuidanceOfTheGears","StrikeDown","QuickSuppression","BizarreAttack"],"picked":"GutHarvesting","floor":3},{"not_picked":["AlloutWar","EnergyShield","SinglePointStab","Pound","FrontalAssault","MultiHit","FleetFootsteps","Reload"],"picked":"TendonChords","floor":5},{"not_picked":["Marionette","DefenseOrder","LossOfSenses","StrikeDown","BattleCommand","TheArtOfRapidSteps","HandleRequest","MindCrush"],"picked":"FrontalAssault","floor":7},{"not_picked":["EndlessBattle","FierceOnslaught","HandleRequest","SkitterAway","HighKick","SharpSwipe","SnakesPrey","ShockRound"],"picked":"Eradication","floor":8},{"not_picked":["NightInTheBackstreets","Zzzzzap","Thirst","ConcentratedFire","BiteOff","DarkCloud","UncannyStrike","GreatSerpentsImpact"],"picked":"SharpNails","floor":10},{"not_picked":["PreparedMind","Quickness","BizarreAttack","Unlock1","Zzzzzap","Brawl","FlowOfTheSword","FendThisOffIfYouCan"],"picked":"BladeWhirl","floor":12},{"not_picked":["Pound","FierceCharge","Concentration","YoureAHindrance","Gamble","QuickSuppression","Leap_lor","YoureTooSlow","HandleRequest"],"picked":"SKIP","floor":13},{"not_picked":["AsThePrescriptOrders","OminousPower","RatsGuideToSurvival","SturdyDefense","SunsetBlade","SerpentSwordTechnique","StrongStrike","Decapitation"],"picked":"GuidanceOfTheGears","floor":14},{"not_picked":["Lock","TrashDisposal"],"picked":"CleanUp","floor":16},{"not_picked":["Parry","SerpentSwordTechnique+1","EnergyBeam","Rewind","ClassAndRespect","AbsorbImpact","WaitUp","Diversion"],"picked":"DefenseOrder","floor":18},{"not_picked":["PuppetBlockade","CoordinatedAssault","Quickness","VenomousFangs","Outburst","Pound+1","FlowOfTheSword+1","SunsetBlade","WrathOfTorment"],"picked":"SKIP","floor":20},{"not_picked":["Outburst","FleetEdge","BizarreAttack","FrontalAssault","GaleKick","DimensionalRift","FierceCharge","WillOfThePrescript","SpearedSweep"],"picked":"SKIP","floor":24},{"not_picked":["Pound+1","EnergyCycle+1","Transpierce","DarkCloud","Thirst","DefenseOrder+1","AbsorbImpact","PinpointShot"],"picked":"AutonomousRush","floor":27},{"not_picked":["GutHarvesting","Standoff","BalefulBrand","BlazingStrike","RulesOfTheBackstreets","GrazeTheGrass","BiAn","NonstopAssault"],"picked":"InhaleSmoke","floor":30},{"not_picked":["CleanUp","Lock"],"picked":"FleshFillet","floor":33},{"not_picked":["Parry2","EndlessBattle+1","FlashOfSunup","SkitterAway","SinglePointStab","FleetEdge+1","StructuralAnalysis","GuidanceOfTheGears"],"picked":"TraceOfFumes","floor":35},{"not_picked":["HandleRequest+1","SpearedSweep+1","Crush","UpbeatPerformance","SerpentSwordTechnique+1","Collision+1","Quickness","BiAn+1"],"picked":"DesperateStruggle+1","floor":36},{"not_picked":["PuppetBlockade+1","RagingStormLove","Guardian_lor+1","Overpower","EnergyCycle","IronWall","TasteMyFlamingBat+1","StrongStrike","JiaoTu"],"picked":"SKIP","floor":42},{"not_picked":["Reload+1","FleetEdge","IngredientHunt","DaringDecision","MultiBlock+1","CumulusWall+1","Faith+1","WillOfThePrescript","Outburst+1"],"picked":"SKIP","floor":48},{"not_picked":["SinglePointStab","RatsGuideToSurvival+1","DesperateStruggle+1","Quickness","LawAndOrder","QuickSuppression","TendonChords","TimeForALittleTest+1"],"picked":"DarkCloud","floor":55}],"player_experience":148831,"relics_obtained":[{"floor":7,"key":"Juzu Bracelet"},{"floor":9,"key":"Ancient Tea Set"},{"floor":13,"key":"Smiling Mask"},{"floor":24,"key":"Shovel"},{"floor":26,"key":"PageOfGalaxyChild"},{"floor":30,"key":"Centennial Puzzle"},{"floor":32,"key":"CeramicFish"},{"floor":36,"key":"Peace Pipe"},{"floor":40,"key":"Letter Opener"},{"floor":42,"key":"Bronze Scales"},{"floor":47,"key":"MealTicket"},{"floor":49,"key":"PageOfWrath"},{"floor":53,"key":"Pantograph"},{"floor":55,"key":"PageOfTheQueenOfHatred"}],"event_choices":[{"damage_healed":0,"gold_gain":0,"player_choice":"Success","damage_taken":12,"relics_obtained":["Sundial"],"max_hp_gain":0,"max_hp_loss":0,"event_name":"Scrap Ooze","floor":2,"gold_loss":0},{"cards_removed":["LightAttack"],"damage_healed":0,"gold_gain":0,"player_choice":"Forget","damage_taken":0,"max_hp_gain":0,"max_hp_loss":0,"event_name":"Living Wall","floor":4,"gold_loss":0},{"damage_healed":0,"gold_gain":0,"player_choice":"Inject Mutagens","damage_taken":0,"relics_obtained":["MutagenicStrength"],"max_hp_gain":0,"max_hp_loss":0,"event_name":"Drug Dealer","floor":21,"gold_loss":0},{"damage_healed":0,"gold_gain":0,"player_choice":"Upgraded","damage_taken":0,"max_hp_gain":0,"max_hp_loss":0,"event_name":"Upgrade Shrine","floor":29,"gold_loss":0,"cards_upgraded":["BladeWhirl"]},{"damage_healed":0,"gold_gain":0,"player_choice":"Got Potions","damage_taken":0,"max_hp_gain":0,"max_hp_loss":0,"event_name":"Lab","floor":31,"gold_loss":0},{"damage_healed":0,"gold_gain":0,"player_choice":"Fight","damage_taken":0,"max_hp_gain":0,"max_hp_loss":0,"event_name":"MindBloom","floor":36,"gold_loss":0},{"damage_healed":0,"gold_gain":0,"player_choice":"Ignored","damage_taken":0,"max_hp_gain":0,"max_hp_loss":0,"event_name":"Tomb of Lord Red Mask","floor":39,"gold_loss":0},{"damage_healed":7,"gold_gain":0,"player_choice":"Full Heal","damage_taken":0,"max_hp_gain":0,"max_hp_loss":0,"event_name":"Wheel of Change","floor":44,"gold_loss":0},{"damage_healed":0,"gold_gain":0,"player_choice":"Embrace Madness","damage_taken":11,"max_hp_gain":0,"max_hp_loss":0,"event_name":"Winding Halls","floor":45,"gold_loss":0,"cards_obtained":["Madness","Madness"]}],"is_beta":false,"boss_relics":[{"not_picked":["Tiny House","Ectoplasm"],"picked":"Runic Pyramid"},{"not_picked":["Astrolabe","Black Star"],"picked":"PageOfBlackSwan"}],"items_purged_floors":[11,19,25,38,41,54],"is_endless":false,"potions_floor_spawned":[3,7,12,13,16,20,27,33,35,42,55],"ascension_level":0}}