{"host":"dl909bjyolgrn2uw","time":1614320492,"event":{"mods":["2.2 Compatiblity","AchievementEnabler","BaseMod","Bestiary","Better Altar","Better Note","Better Sensory Stone","Better Skull","Better Vampires","Colored Powertips","Curses Come First","Downfall","Emptier Cage","Minty Spire (QoL Compilation)","Permanent Neow","Quick Restart","Rare Cards Sparkle","Relic Stats","Shop Mod","Spicy Shops","StSLib","SuperFastMode"],"gold_per_floor":[0,20,20,33,33,33,33,52,52,86,21,38,38,51,61,157,157,157,257,273,283,303,334,334,354,384,47,81,281,309,322,332,429,429,429,449,465,478,490,501,554,554,585,585,10,10,26,46,60,60],"floor_reached":51,"language":"ENG","playtime":5353,"items_purged":["hexamod:Defend","Parasite"],"score":956,"play_id":"1e17e030-69c9-49c4-89a4-75e063674bc4","local_time":"20210226002132","is_ascension_mode":true,"campfire_choices":[{"data":"hexamod:Sear","floor":1.0,"key":"SMITH"},{"data":"hexamod:GhostLash","floor":9.0,"key":"SMITH"},{"data":"hexamod:SoulSteal","floor":13.0,"key":"SMITH"},{"data":"hexamod:ForkedFlame","floor":18.0,"key":"SMITH"},{"data":"hexamod:HeatShield","floor":29.0,"key":"SMITH"},{"data":"hexamod:GhostOfSpirePresent","floor":35.0,"key":"SMITH"},{"data":"hexamod:HexaLevel","floor":42.0,"key":"SMITH"}],"circlet_count":0,"master_deck":["hexamod:Defend","hexamod:Defend","hexamod:Defend","hexamod:Sear+1","hexamod:Float","hexamod:FirstSeal","hexamod:FourthSeal","hexamod:SoulSteal+1","hexamod:GhostLash+1","hexamod:HeatShield+1","hexamod:FlamesFromBeyond","hexamod:InspiringFlames","hexamod:GhostLash","hexamod:ForkedFlame+1","CurseOfTheBell","hexamod:Hexaguard","hexamod:BurningTouch","hexamod:PowerFromBeyond","hexamod:AdvancingGuard+1","hexamod:HeatCrush+1","hexamod:GhostOfSpirePresent+1","hexamod:HexaLevel+1","hexamod:InspiringFlames+1","hexamod:Hexaguard+1","hexamod:GhostShield","hexamod:GhostShield","expansioncontent:InvincibleStrength","expansioncontent:Chronoboost","hexamod:ThermalTransfer+1","hexamod:Haunt+1","hexamod:ShieldOfDarkness+1"],"relics":["hexamod:SpiritBrand","Oddly Smooth Stone","Smiling Mask","Calling Bell","Anchor","Meat on the Bone","Dead Branch","downfall:GremlinWheel","Shuriken","The Courier","Pear","Singing Bowl","Akabeko","Pantograph","MealTicket","SlaversCollar","Happy Flower","Sundial","Membership Card","OrangePellets","Turnip","Incense Burner","HornCleat","Mummified Hand","Bronze Scales"],"acts_visited":["Exordium","TheCity","TheBeyond"],"potions_floor_usage":[43,45,50,50,50,50,50,50,50,50],"damage_taken":[{"damage":0.0,"enemies":"Cultist","floor":2.0,"turns":3.0},{"damage":9.0,"enemies":"2 Louse","floor":4.0,"turns":3.0},{"damage":5.0,"enemies":"Jaw Worm","floor":8.0,"turns":4.0},{"damage":18.0,"enemies":"Lagavulin","floor":10.0,"turns":9.0},{"damage":0.0,"enemies":"downfall:FleeingMerchant","floor":11.0,"turns":4.0},{"damage":0.0,"enemies":"Large Slime","floor":12.0,"turns":3.0},{"damage":13.0,"enemies":"3 Louse","floor":14.0,"turns":3.0},{"damage":2.0,"enemies":"Gremlin Gang","floor":15.0,"turns":3.0},{"damage":45.0,"enemies":"WA_ARCHETYPE_RETAIN","floor":16.0,"turns":10.0},{"damage":18.0,"enemies":"WA_ARCHETYPE_RETAIN","floor":19.0,"turns":3.0},{"damage":0.0,"enemies":"Chosen","floor":20.0,"turns":3.0},{"damage":0.0,"enemies":"Shell Parasite","floor":21.0,"turns":3.0},{"damage":2.0,"enemies":"3 Cultists","floor":22.0,"turns":3.0},{"damage":18.0,"enemies":"Book of Stabbing","floor":23.0,"turns":5.0},{"damage":5.0,"enemies":"Snecko","floor":25.0,"turns":6.0},{"damage":0.0,"enemies":"Gremlin Leader","floor":26.0,"turns":4.0},{"damage":3.0,"enemies":"downfall:FleeingMerchant","floor":27.0,"turns":4.0},{"damage":18.0,"enemies":"Book of Stabbing","floor":28.0,"turns":6.0},{"damage":25.0,"enemies":"Gremlin Leader","floor":30.0,"turns":7.0},{"damage":19.0,"enemies":"Centurion and Healer","floor":31.0,"turns":6.0},{"damage":1.0,"enemies":"3 Cultists","floor":32.0,"turns":4.0},{"damage":83.0,"enemies":"SI_MIRROR_ARCHETYPE","floor":33.0,"turns":11.0},{"damage":0.0,"enemies":"3 Shapes","floor":36.0,"turns":3.0},{"damage":40.0,"enemies":"3 Darklings","floor":37.0,"turns":5.0},{"damage":15.0,"enemies":"Spire Growth","floor":38.0,"turns":6.0},{"damage":0.0,"enemies":"Sphere and 2 Shapes","floor":39.0,"turns":6.0},{"damage":8.0,"enemies":"Writhing Mass","floor":40.0,"turns":6.0},{"damage":60,"enemies":"Reptomancer","floor":43,"turns":8},{"damage":2,"enemies":"downfall:FleeingMerchant","floor":45,"turns":4},{"damage":24,"enemies":"Transient","floor":47,"turns":5},{"damage":0,"enemies":"4 Shapes","floor":48,"turns":3},{"damage":0,"enemies":"Maw","floor":49,"turns":6},{"damage":0,"enemies":"DF_ARCHETYPE_ORBS","floor":50,"turns":11}],"seed_played":"323530483142890228","potions_obtained":[{"floor":2.0,"key":"AttackPotion"},{"floor":4.0,"key":"GamblersBrew"},{"floor":8.0,"key":"Fire Potion"},{"floor":10.0,"key":"Guardian:BlockOnCardUsePotion"},{"floor":11.0,"key":"Regen Potion"},{"floor":12.0,"key":"hexamod:EctoCoolerPotion"},{"floor":14.0,"key":"Swift Potion"},{"floor":15.0,"key":"SkillPotion"},{"floor":19.0,"key":"hexamod:DoubleChargePotion"},{"floor":22.0,"key":"DuplicationPotion"},{"floor":23.0,"key":"hexamod:EctoCoolerPotion"},{"floor":25.0,"key":"LiquidMemories"},{"floor":26.0,"key":"FearPotion"},{"floor":30.0,"key":"bronze:BurnAndBuffPotion"},{"floor":31.0,"key":"Strength Potion"},{"floor":32.0,"key":"SmokeBomb"},{"floor":32.0,"key":"EntropicBrew"},{"floor":33.0,"key":"Block Potion"},{"floor":40.0,"key":"FearPotion"},{"floor":43,"key":"Strength Potion"},{"floor":45,"key":"SneckoOil"},{"floor":47,"key":"Slimebound:ThreeZeroPotion"},{"floor":48,"key":"EntropicBrew"}],"is_trial":false,"path_per_floor":["R","M","?","M","?","?","T","M","R","E","$","M","R","M","M","B",null,"R","?","M","M","M","E","T","M","E","$","E","R","E","M","M","B",null,"R","M","M","M","M","M","T","R","E","?","$","?","M","M","M","B",null],"character_chosen":"THE_SPIRIT","items_purchased":["Singing Bowl","Akabeko","Membership Card","OrangePellets","hexamod:GhostShield","expansioncontent:InvincibleStrength","EntropicBrew","Turnip","Incense Burner","HornCleat","Mummified Hand","Bronze Scales"],"campfire_rested":0,"item_purchase_floors":[27,27,45,45,45,45,45,45,45,45,45,45],"current_hp_per_floor":[70,70,63,61,61,61,61,63,63,52,59,70,70,64,69,31,70,70,59,66,70,70,52,52,54,71,75,64,64,58,60,61,13,84,84,86,53,57,66,67,67,67,28,28,60,60,48,48,48,80],"gold":60,"neow_bonus":"REMOVE_TWO","is_daily":false,"chose_seed":false,"campfire_upgraded":7,"win_rate":0.0,"timestamp":1614320492,"path_taken":["R","M","?","M","?","?","T","M","R","E","?","M","R","M","M","BOSS","R","?","M","M","?","E","T","M","E","$","E","R","E","M","M","BOSS","R","M","M","M","M","M","T","R","E","?","$","?","M","M","M","BOSS"],"items_purchased_type":["Relic","Relic","Relic","Relic","Card","Card","Potion","Relic","Relic","Relic","Relic","Relic"],"build_version":"2020-12-22","purchased_purges":2,"victory":true,"max_hp_per_floor":[70,70,70,70,70,70,70,70,70,70,70,70,70,70,70,70,70,70,70,70,70,70,70,70,70,80,80,80,80,80,82,84,84,84,84,86,86,86,88,90,90,90,92,92,89,89,89,89,89,89],"relic_stats":{"Singing Bowl":12,"Happy Flower":[12],"counters":[33,170],"Dead Branch":[174],"Smiling Mask":15,"OrangePellets":[1],"Shuriken":[4],"Sundial":[2],"Mummified Hand":[23],"Pantograph":48,"Bronze Scales":[45],"MealTicket":15,"Turnip":[3],"obtain_stats":[{"Singing Bowl":27,"Incense Burner":45,"Smiling Mask":10,"downfall:GremlinWheel":19,"HornCleat":45,"Sundial":43,"Mummified Hand":45,"Pantograph":28,"MealTicket":30,"hexamod:SpiritBrand":0,"Pear":26,"Happy Flower":41,"Dead Branch":17,"Oddly Smooth Stone":7,"The Courier":24,"Akabeko":27,"Calling Bell":17,"SlaversCollar":34,"OrangePellets":45,"Anchor":17,"Shuriken":23,"Bronze Scales":45,"Turnip":45,"Membership Card":45,"Meat on the Bone":17},{"Singing Bowl":17,"Incense Burner":29,"Smiling Mask":4,"downfall:GremlinWheel":10,"HornCleat":29,"Sundial":28,"Mummified Hand":29,"Pantograph":18,"MealTicket":19,"hexamod:SpiritBrand":0,"Pear":16,"Happy Flower":27,"Dead Branch":9,"Oddly Smooth Stone":2,"The Courier":14,"Akabeko":17,"Calling Bell":9,"SlaversCollar":22,"OrangePellets":29,"Anchor":9,"Shuriken":14,"Bronze Scales":29,"Turnip":29,"Membership Card":29,"Meat on the Bone":9},{"Singing Bowl":73,"Incense Burner":145,"Smiling Mask":19,"downfall:GremlinWheel":45,"HornCleat":145,"Sundial":141,"Mummified Hand":145,"Pantograph":79,"MealTicket":86,"hexamod:SpiritBrand":0,"Pear":69,"Happy Flower":133,"Dead Branch":42,"Oddly Smooth Stone":6,"The Courier":59,"Akabeko":73,"Calling Bell":42,"SlaversCollar":107,"OrangePellets":145,"Anchor":42,"Shuriken":59,"Bronze Scales":145,"Turnip":145,"Membership Card":145,"Meat on the Bone":42}],"Meat on the Bone":84},"card_choices":[{"not_picked":["hexamod:EtherealExpedition","hexamod:GhostOfSpireFuture","hexamod:InspiringFlames"],"picked":"SKIP","floor":2.0},{"not_picked":["hexamod:Again","hexamod:ShieldOfDarkness","hexamod:SwordOfDarkness"],"picked":"SKIP","floor":4.0},{"not_picked":["hexamod:SpectersWail","hexamod:GhostOfSpireFuture"],"picked":"hexamod:GhostLash","floor":8.0},{"not_picked":["hexamod:UnlimitedPower","hexamod:Haunt"],"picked":"hexamod:HeatShield","floor":10.0},{"not_picked":["hexamod:NightmareGuise","hexamod:RecurringNightmare"],"picked":"hexamod:FlamesFromBeyond","floor":11.0},{"not_picked":["hexamod:EtherealExpedition","hexamod:NightmareStrike","hexamod:HauntingEcho"],"picked":"SKIP","floor":12.0},{"not_picked":["hexamod:Firestarter","hexamod:UnlimitedPower"],"picked":"hexamod:InspiringFlames","floor":14.0},{"not_picked":["hexamod:HauntingEcho","hexamod:SwordOfDarkness"],"picked":"hexamod:GhostLash","floor":15.0},{"not_picked":["hexamod:UnleashSpirits","hexamod:FifthSeal"],"picked":"hexamod:ForkedFlame","floor":16.0},{"not_picked":["hexamod:ThermalTransfer","hexamod:FastForward"],"picked":"hexamod:Hexaguard","floor":20.0},{"not_picked":["hexamod:SpectralAdrenaline","hexamod:SoulSteal+1","hexamod:GhostLash"],"picked":"SKIP","floor":21.0},{"not_picked":["hexamod:NightmareStrike","hexamod:FastForward","hexamod:NecessarySacrifice"],"picked":"SKIP","floor":22.0},{"not_picked":["hexamod:RetreatToShadows","hexamod:NecessarySacrifice"],"picked":"hexamod:BurningTouch","floor":23.0},{"not_picked":["hexamod:EmpoweredFlame","hexamod:SpectersWail"],"picked":"hexamod:PowerFromBeyond","floor":25.0},{"not_picked":["hexamod:SecondSeal","hexamod:SwordOfDarkness+1","hexamod:GhostOfSpirePresent"],"picked":"SKIP","floor":26.0},{"not_picked":["hexamod:ThermalTransfer","hexamod:GhostflameBarrier"],"picked":"hexamod:AdvancingGuard+1","floor":27.0},{"not_picked":["hexamod:PhantomFireball","hexamod:SoulSteal"],"picked":"hexamod:HeatCrush+1","floor":28.0},{"not_picked":["hexamod:NightmareGuise","hexamod:HauntingEcho"],"picked":"hexamod:GhostOfSpirePresent","floor":30.0},{"not_picked":["hexamod:FastForward","hexamod:HeatMetal","hexamod:Rewind"],"picked":"Singing Bowl","floor":31.0},{"not_picked":["hexamod:RainOfEmbers","hexamod:GhostLash","hexamod:NightmareStrike"],"picked":"Singing Bowl","floor":32.0},{"not_picked":["hexamod:FlameSwitch","hexamod:TurnItUp"],"picked":"hexamod:HexaLevel","floor":33.0},{"not_picked":["hexamod:HeatMetal","hexamod:GhostOfSpireFuture+1","hexamod:RadiantFlame"],"picked":"Singing Bowl","floor":36.0},{"not_picked":["hexamod:SuperheatedStrike","hexamod:Rewind"],"picked":"hexamod:InspiringFlames+1","floor":37.0},{"not_picked":["hexamod:SpectersWail","hexamod:GhostLash"],"picked":"hexamod:Hexaguard+1","floor":38.0},{"not_picked":["hexamod:NecessarySacrifice","hexamod:HeatCrush+1","hexamod:NightmareStrike"],"picked":"Singing Bowl","floor":39.0},{"not_picked":["hexamod:Firestarter","hexamod:AdvancingGuard+1","hexamod:SpectersWail+1"],"picked":"Singing Bowl","floor":40.0},{"not_picked":["hexamod:Incineration","hexamod:RainOfEmbers+1","hexamod:BacktrackSmack+1"],"picked":"Singing Bowl","floor":43},{"not_picked":["hexamod:PowerFromBeyond","hexamod:EtherealExpedition"],"picked":"hexamod:GhostShield","floor":45},{"not_picked":["expansioncontent:GuardianWhirl","expansioncontent:HyperBeam"],"picked":"expansioncontent:Chronoboost","floor":46},{"not_picked":["hexamod:PhantomFireball+1","hexamod:ThirdSeal"],"picked":"hexamod:ThermalTransfer+1","floor":47},{"not_picked":["hexamod:NecessarySacrifice+1","hexamod:HeatShield"],"picked":"hexamod:Haunt+1","floor":48},{"not_picked":["hexamod:HeatMetal+1","hexamod:ChargedBarrage+1"],"picked":"hexamod:ShieldOfDarkness+1","floor":49}],"player_experience":565252,"relics_obtained":[{"floor":7.0,"key":"Oddly Smooth Stone"},{"floor":10.0,"key":"Smiling Mask"},{"floor":17.0,"key":"Anchor"},{"floor":17.0,"key":"Meat on the Bone"},{"floor":17.0,"key":"Dead Branch"},{"floor":19.0,"key":"downfall:GremlinWheel"},{"floor":23.0,"key":"Shuriken"},{"floor":24.0,"key":"The Courier"},{"floor":26.0,"key":"Pear"},{"floor":28.0,"key":"Pantograph"},{"floor":30.0,"key":"MealTicket"},{"floor":41.0,"key":"Happy Flower"},{"floor":43,"key":"Sundial"}],"event_choices":[{"damage_healed":0.0,"max_hp_gain":0.0,"max_hp_loss":0.0,"gold_gain":0.0,"cards_transformed":["hexamod:Strike"],"event_name":"Living Wall","player_choice":"Change","floor":5.0,"gold_loss":0.0,"damage_taken":0.0,"cards_obtained":["hexamod:SoulSteal"]},{"cards_removed":["hexamod:Strike"],"damage_healed":0.0,"max_hp_gain":0.0,"max_hp_loss":0.0,"gold_gain":0.0,"event_name":"The Cleric","player_choice":"Card Removal","floor":6.0,"gold_loss":0.0,"damage_taken":0.0},{"damage_healed":0.0,"max_hp_gain":0.0,"max_hp_loss":0.0,"gold_gain":200.0,"event_name":"Wheel of Change","player_choice":"Gold","floor":29.0,"gold_loss":0.0,"damage_taken":0.0},{"damage_healed":0,"gold_gain":0,"player_choice":"Ignored","damage_taken":0,"max_hp_gain":0,"max_hp_loss":0,"event_name":"Mysterious Sphere","floor":44,"gold_loss":0}],"is_beta":false,"boss_relics":[{"not_picked":["bronze:MakeshiftBattery","Empty Cage"],"picked":"Calling Bell"},{"not_picked":["Fusion Hammer","SacredBark"],"picked":"SlaversCollar"}],"items_purged_floors":[11,45],"is_endless":false,"potions_floor_spawned":[2,12,14,23,25,30,31,32,33,40,43,47,48],"ascension_level":1}}