{"host":"7oiwk103j2prpym5","time":1614305253,"event":{"mods":["BaseMod","BetterRewards","Colored Map","Colored Powertips","GifTheSpireLib","Infinite Spire","Minty Spire (QoL Compilation)","Permanent Neow","Relic Filter Mod","Reliquary","Remove Card Discount Mod","Replay The Spire","StSLib","Stuff the Spire","Weighted Paths"],"gold_per_floor":[115,132,149,149,149,179,179,198,198,210,229,209,224,22,22,117,117,130,143,153,252,263,263,295,309,336,368,397,292,292,335,335,451,451,483,483,523,229,277,277,299,337,417,485,535,561,607,651,651,681,681],"floor_reached":50,"language":"ENG","playtime":3619,"items_purged":["Strike_G","Pain","StuffTheSpire:CuriosityCurse","Defend_G","Strike_G"],"score":809,"play_id":"4f5c2a1a-64e6-4e6c-8ce6-3093b22a1e4a","local_time":"20210225200733","is_ascension_mode":false,"campfire_choices":[{"floor":7,"key":"REST"},{"floor":15,"key":"DIG"},{"floor":23,"key":"DIG"},{"floor":30,"key":"REST"},{"floor":32,"key":"REST"},{"floor":40,"key":"REST"},{"floor":49,"key":"REST"}],"circlet_count":0,"master_deck":["Strike_G","Strike_G+1","Defend_G","Defend_G","Defend_G","Defend_G","Survivor","Neutralize","Backstab+1","StuffTheSpire:ReptileScales","Noxious Fumes","Accuracy","Dagger Spray","Prepared","Heel Hook","Noxious Fumes","Poisoned Stab","Bane","Hidden Blade+1","Flying Knee","StuffTheSpire:BrimstoneBlast","Backflip","StuffTheSpire:BumpUp+1","Outmaneuver","Bouncing Flask","Infinite Blades","Deflect","Deadly Poison+1","Sucker Punch","Glass Knife","Finisher+1","StuffTheSpire:BrimstoneBlast+1","Blade Dance","Magnetism","Slice+1","Dodge and Roll+1","Parasite","Deadly Poison","Replay:Bag of Tricks","StuffTheSpire:WarCurse","StuffTheSpire:ReptileScales"],"relics":["Ring of the Snake","Divine Protection","reliquary:FingerTrap","Shovel","Mercury Hourglass","Dream Catcher","WarpedTongs","Mirror","Durian","Lee\u0027s Waffle","StuffTheSpire:Rhapsscallions","Black Star","PreservedInsect","reliquary:PorcupineQuills","StuffTheSpire:WitherSkull","Replay:Bandana","Busted Crown","reliquary:ExpiredCoupon","Snecko Eye","Blue Candle","Anchor","reliquary:ExpiredCoupon","Ring of Greed","Tiny Chest","MealTicket","Ring of Misfortune","reliquary:Buckler","infinitespire:Broken Mirror"],"acts_visited":["Exordium","TheCity","TheBeyond"],"potions_floor_usage":[13,16,20,24,24,24,27,44,44,48,50],"damage_taken":[{"damage":0,"enemies":"Jaw Worm","floor":1,"turns":3},{"damage":0,"enemies":"2 Louse","floor":2,"turns":2},{"damage":0,"enemies":"Cultist","floor":3,"turns":3},{"damage":2,"enemies":"3 Sentries","floor":6,"turns":6},{"damage":10,"enemies":"Large Slime","floor":8,"turns":6},{"damage":0,"enemies":"Gremlin Gang","floor":10,"turns":2},{"damage":0,"enemies":"Exordium Thugs","floor":11,"turns":4},{"damage":0,"enemies":"Large Slime","floor":13,"turns":5},{"damage":1,"enemies":"The Guardian","floor":16,"turns":8},{"damage":0,"enemies":"3 Byrds","floor":18,"turns":4},{"damage":0,"enemies":"Spheric Guardian","floor":19,"turns":6},{"damage":0,"enemies":"Centurion and Healer","floor":20,"turns":6},{"damage":0,"enemies":"Snecko","floor":22,"turns":6},{"damage":40,"enemies":"Nightmare","floor":24,"turns":8},{"damage":0,"enemies":"Snake Plant","floor":25,"turns":5},{"damage":5,"enemies":"Sentry and Sphere","floor":27,"turns":6},{"damage":2,"enemies":"Centurion and Healer","floor":28,"turns":5},{"damage":11,"enemies":"3 Cultists","floor":31,"turns":4},{"damage":56,"enemies":"Collector","floor":33,"turns":7},{"damage":39,"enemies":"3 Darklings","floor":35,"turns":5},{"damage":0,"enemies":"Orb Walker","floor":37,"turns":3},{"damage":0,"enemies":"4 Shapes","floor":39,"turns":2},{"damage":18,"enemies":"Maw","floor":41,"turns":7},{"damage":2,"enemies":"3 Darklings","floor":42,"turns":3},{"damage":14,"enemies":"Reptomancer","floor":44,"turns":3},{"damage":0,"enemies":"Writhing Mass","floor":46,"turns":5},{"damage":6,"enemies":"R_Hoarder","floor":47,"turns":6},{"damage":0,"enemies":"Jaw Worm Horde","floor":48,"turns":2},{"damage":86,"enemies":"Awakened One","floor":50,"turns":7}],"seed_played":"-338456746521750246","potions_obtained":[{"floor":1,"key":"Toxic Potion"},{"floor":2,"key":"DistilledChaos"},{"floor":8,"key":"Ancient Potion"},{"floor":10,"key":"Adrenaline Potion"},{"floor":13,"key":"Dexterity Potion"},{"floor":18,"key":"DistilledChaos"},{"floor":20,"key":"Weak Potion"},{"floor":22,"key":"BlessingOfTheForge"},{"floor":27,"key":"Fruit Juice"},{"floor":31,"key":"Milkshake"},{"floor":42,"key":"Adrenaline Potion"},{"floor":46,"key":"SteroidPotion"},{"floor":47,"key":"BlessingOfTheForge"},{"floor":48,"key":"SteroidPotion"}],"is_trial":false,"path_per_floor":["M","M","M","?","?","E","R","M","T","M","M","?","M","$","R_BF","B",null,"M","M","M","?","M","R","NM","M","T","M","M","$","R","M","R","B",null,"M","AVR","M","$","M","R","M","M","T","E","?","M","E","M","R","B"],"character_chosen":"THE_SILENT","items_purchased":["Divine Protection","reliquary:FingerTrap","Backstab","Lee\u0027s Waffle","Bane","Infinite Blades","Deflect","Blade Dance","Magnetism","Adrenaline Potion"],"campfire_rested":5,"item_purchase_floors":[0,0,0,14,14,29,29,38,38,38],"current_hp_per_floor":[43,43,43,43,43,41,62,52,57,57,57,57,57,82,85,84,85,85,85,85,85,85,85,45,45,45,45,43,43,70,59,86,30,90,51,51,51,51,51,78,60,58,58,44,44,44,38,38,65,0,0],"gold":681,"neow_bonus":"","is_daily":false,"chose_seed":false,"campfire_upgraded":0,"win_rate":0.0,"timestamp":1614305253,"path_taken":["M","M","M","?","?","E","R","M","T","?","M","?","?","?","R_BF","BOSS","M","M","M","?","M","R","NM","M","T","M","M","?","R","M","R","BOSS","M","AVR","M","$","M","R","?","M","T","E","?","M","E","M","R","BOSS"],"items_purchased_type":["Relic","Relic","Card","Relic","Card","Card","Card","Card","Card","Potion"],"build_version":"2020-12-22","purchased_purges":5,"victory":false,"max_hp_per_floor":[70,70,70,70,70,70,70,70,75,75,75,75,75,82,85,85,85,85,85,85,85,85,85,85,85,85,90,90,90,90,90,90,90,90,90,90,90,90,90,90,90,90,90,90,90,90,90,90,90,90,90],"card_choices":[{"not_picked":["Acrobatics","ReplayTheSpireMod:Speed Training"],"picked":"StuffTheSpire:ReptileScales","floor":1},{"not_picked":["StuffTheSpire:Incantation","Heel Hook"],"picked":"Noxious Fumes","floor":2},{"not_picked":["Acrobatics","Dagger Throw"],"picked":"Accuracy","floor":3},{"not_picked":["StuffTheSpire:Fury","Endless Agony"],"picked":"Dagger Spray","floor":6},{"not_picked":["Sneak Up","ReplayTheSpireMod:The Works"],"picked":"Prepared","floor":7},{"not_picked":["Underhanded Strike","Terror"],"picked":"Heel Hook","floor":8},{"not_picked":["Skewer","ReplayTheSpireMod:Scrap Shanks"],"picked":"Noxious Fumes","floor":10},{"not_picked":["StuffTheSpire:Python","Blur","Acrobatics"],"picked":"SKIP","floor":11},{"not_picked":["Bouncing Flask","Riddle With Holes"],"picked":"Poisoned Stab","floor":13},{"not_picked":["Underhanded Strike+1","Acrobatics"],"picked":"Hidden Blade+1","floor":18},{"not_picked":["Deflect","Underhanded Strike"],"picked":"Flying Knee","floor":19},{"not_picked":["Dagger Spray","Bouncing Flask"],"picked":"StuffTheSpire:BrimstoneBlast","floor":20},{"not_picked":["Deflect","Dagger Throw+1"],"picked":"Backflip","floor":22},{"not_picked":["Predator","Outmaneuver"],"picked":"StuffTheSpire:BumpUp+1","floor":24},{"not_picked":["Escape Plan","Backflip+1"],"picked":"Outmaneuver","floor":25},{"not_picked":["Well Laid Plans","StuffTheSpire:Shiver"],"picked":"Bouncing Flask","floor":27},{"not_picked":["ReplayTheSpireMod:The Works","Dagger Throw","Prepared"],"picked":"SKIP","floor":28},{"not_picked":["Choke","PiercingWail"],"picked":"Deadly Poison+1","floor":30},{"not_picked":["Slice","Prepared"],"picked":"Sucker Punch","floor":31},{"not_picked":["Grand Finale","Doppelganger"],"picked":"Glass Knife","floor":33},{"not_picked":[],"picked":"Finisher+1","floor":35},{"not_picked":[],"picked":"StuffTheSpire:BrimstoneBlast+1","floor":37},{"not_picked":[],"picked":"Slice+1","floor":39},{"not_picked":[],"picked":"Dodge and Roll+1","floor":40},{"not_picked":["Quick Slash"],"picked":"SKIP","floor":41},{"not_picked":["Escape Plan"],"picked":"SKIP","floor":42},{"not_picked":["Night Terror"],"picked":"SKIP","floor":44},{"not_picked":[],"picked":"Deadly Poison","floor":46},{"not_picked":[],"picked":"Replay:Bag of Tricks","floor":47},{"not_picked":["Blade Dance"],"picked":"SKIP","floor":48},{"not_picked":[],"picked":"StuffTheSpire:ReptileScales","floor":49}],"player_experience":925571,"relics_obtained":[{"floor":6,"key":"Mirror"},{"floor":9,"key":"Durian"},{"floor":15,"key":"StuffTheSpire:Rhapsscallions"},{"floor":23,"key":"PreservedInsect"},{"floor":24,"key":"reliquary:PorcupineQuills"},{"floor":24,"key":"StuffTheSpire:WitherSkull"},{"floor":26,"key":"Replay:Bandana"},{"floor":43,"key":"Blue Candle"},{"floor":44,"key":"Anchor"},{"floor":44,"key":"reliquary:ExpiredCoupon"},{"floor":45,"key":"Ring of Greed"},{"floor":45,"key":"Tiny Chest"},{"floor":45,"key":"MealTicket"},{"floor":45,"key":"Ring of Misfortune"},{"floor":47,"key":"reliquary:Buckler"},{"floor":47,"key":"infinitespire:Broken Mirror"}],"event_choices":[{"damage_healed":0,"gold_gain":0,"player_choice":"Rummage","damage_taken":0,"relics_obtained":["WarpedTongs"],"max_hp_gain":0,"max_hp_loss":0,"event_name":"Accursed Blacksmith","floor":5,"gold_loss":0,"cards_obtained":["Pain"]},{"damage_healed":0,"gold_gain":0,"player_choice":"Bought 1 Potion","damage_taken":0,"max_hp_gain":0,"max_hp_loss":0,"event_name":"The Woman in Blue","floor":12,"gold_loss":0},{"damage_healed":0,"gold_gain":99,"player_choice":"Stole From Cult","damage_taken":0,"max_hp_gain":0,"max_hp_loss":0,"event_name":"Nest","floor":21,"gold_loss":0}],"is_beta":false,"boss_relics":[{"not_picked":["reliquary:RedPaperclip","Kintsugi"],"picked":"Black Star"},{"not_picked":["Replay:Grab Bag","Honey Jar"],"picked":"Busted Crown"}],"items_purged_floors":[0,14,14,29,29],"is_endless":true,"potions_floor_spawned":[1,2,8,10,11,13,18,19,20,22,27,31,42,46,47,48],"killed_by":"Awakened One","ascension_level":0}}