{"host":"mqhvlr3kpxebko0t","time":1614351857,"event":{"mods":["AchievementEnabler","BaseMod","Colored Map","Colored Powertips","KOR Keyword Fix","Keyboard Shortcuts","Minty Spire (QoL Compilation)","StSLib","SuperFastMode"],"gold_per_floor":[111,111,261,261,160,192,192,226,226,226,243,39,53,73,73,73,73],"floor_reached":16,"language":"KOR","playtime":182,"items_purged":["Doubt","Strike_R"],"score":316,"play_id":"33b14cf0-56ee-4755-87bf-f4b3dbf3bc3b","local_time":"20210227000417","is_ascension_mode":true,"campfire_choices":[{"data":"Pommel Strike","floor":7,"key":"SMITH"},{"data":"Evolve","floor":15,"key":"SMITH"}],"circlet_count":0,"master_deck":["AscendersBane","Strike_R","Strike_R","Strike_R","Strike_R","Defend_R","Defend_R","Defend_R+1","Defend_R","Bash","Uppercut+1","Pommel Strike+1","Impervious","Battle Trance","Shrug It Off","Evolve+1"],"relics":["Burning Blood","NeowsBlessing","Gambling Chip","Gremlin Horn","Turnip","Strawberry"],"acts_visited":["Exordium"],"potions_floor_usage":[11,14],"damage_taken":[{"damage":0,"enemies":"2 Louse","floor":1,"turns":1},{"damage":0,"enemies":"Lagavulin","floor":6,"turns":1},{"damage":0,"enemies":"Gremlin Nob","floor":8,"turns":1},{"damage":0,"enemies":"Jaw Worm","floor":11,"turns":3},{"damage":0,"enemies":"Small Slimes","floor":13,"turns":2},{"damage":2,"enemies":"3 Louse","floor":14,"turns":3},{"damage":35,"enemies":"Hexaghost","floor":16,"turns":10}],"seed_played":"-8327018441116481821","potions_obtained":[{"floor":1,"key":"Explosive Potion"},{"floor":11,"key":"Block Potion"}],"is_trial":false,"path_per_floor":["M","?","?","?","$","E","R","E","T","?","M","$","M","M","R","B"],"character_chosen":"IRONCLAD","items_purchased":["Pommel Strike","Shrug It Off","Evolve"],"campfire_rested":0,"item_purchase_floors":[5,12,12],"current_hp_per_floor":[74,51,51,56,56,62,62,68,68,19,25,25,31,35,35,0,0],"gold":73,"neow_bonus":"THREE_ENEMY_KILL","is_daily":false,"chose_seed":false,"campfire_upgraded":2,"win_rate":0.0,"timestamp":1614351857,"path_taken":["M","?","?","?","$","E","R","E","T","?","M","$","M","M","R","BOSS"],"items_purchased_type":["Card","Card","Card"],"build_version":"2020-12-22","purchased_purges":2,"victory":false,"max_hp_per_floor":[75,75,75,80,80,80,80,80,80,87,87,87,87,87,87,87,87],"card_choices":[{"not_picked":["Armaments","Twin Strike"],"picked":"Uppercut","floor":1},{"not_picked":["Infernal Blade","Clothesline","Perfected Strike"],"picked":"SKIP","floor":6},{"not_picked":["Body Slam","Anger"],"picked":"Impervious","floor":8},{"not_picked":["Perfected Strike","Headbutt"],"picked":"Battle Trance","floor":11},{"not_picked":["Flex","Infernal Blade","Sword Boomerang"],"picked":"SKIP","floor":13},{"not_picked":["Body Slam","Spot Weakness","Whirlwind"],"picked":"SKIP","floor":14}],"player_experience":724581,"relics_obtained":[{"floor":6,"key":"Gambling Chip"},{"floor":8,"key":"Gremlin Horn"},{"floor":9,"key":"Turnip"}],"event_choices":[{"damage_healed":0,"gold_gain":0,"player_choice":"Entered Light","damage_taken":23,"max_hp_gain":0,"max_hp_loss":0,"event_name":"Shining Light","floor":2,"gold_loss":0,"cards_upgraded":["Defend_R","Uppercut"]},{"damage_healed":0,"gold_gain":150,"player_choice":"AGREE","damage_taken":0,"max_hp_gain":0,"max_hp_loss":0,"event_name":"Liars Game","floor":3,"gold_loss":0,"cards_obtained":["Doubt"]},{"damage_healed":0,"gold_gain":0,"player_choice":"Donut","damage_taken":0,"max_hp_gain":5,"max_hp_loss":0,"event_name":"Big Fish","floor":4,"gold_loss":0},{"damage_healed":0,"gold_gain":0,"player_choice":"Success","damage_taken":56,"relics_obtained":["Strawberry"],"max_hp_gain":0,"max_hp_loss":0,"event_name":"Scrap Ooze","floor":10,"gold_loss":0}],"is_beta":false,"boss_relics":[],"items_purged_floors":[5,12],"is_endless":false,"potions_floor_spawned":[1,11],"killed_by":"Hexaghost","ascension_level":20}}