{"host":"kdt6w7ix8lwe69i9","time":1614320810,"event":{"mods":["100% Spire Juice","Aya Shameimaru","BaseMod","ChefMod","Evolution","Koishi","Minty Spire (QoL Compilation)","Poor People Problems","Reimu（博丽灵梦）","Robot Space Explorer","Shade Mod","Shapeshifter Mod","StSLib","The Druid","The Gatherer","The Poker Player","The Servant 0.9.4","TheSurvivalist"],"gold_per_floor":[115,135,135,27,37,212,225,500,500,500,32,43,43,43,43,145,145,155,430,444,1,1,1,1,33,33,33,66,92,92,92,92,187,187,205,205,55,72,91,126,126,159,182,198,225,225,245,263,263,263,263,263,20,52,52],"floor_reached":56,"language":"ENG","playtime":7500,"items_purged":["Regret","Regret"],"score":1461,"play_id":"351ccde5-3692-4e33-b567-47119621e7ee","local_time":"20210226012650","is_ascension_mode":false,"campfire_choices":[{"data":"shameimaru:GroupPhoto","floor":10,"key":"SMITH"},{"data":"shameimaru:IllusoryDominance","floor":13,"key":"SMITH"},{"data":"Mayhem","floor":15,"key":"SMITH"},{"data":"shameimaru:ShootTheBullet","floor":23,"key":"SMITH"},{"data":"shameimaru:LibraryResearch","floor":30,"key":"SMITH"},{"floor":32,"key":"REST"},{"floor":41,"key":"RECALL"},{"data":"shameimaru:EvasiveForm","floor":49,"key":"SMITH"},{"data":"shameimaru:DashingDomination","floor":52,"key":"SMITH"}],"circlet_count":0,"master_deck":["shameimaru:Strike","shameimaru:Strike","shameimaru:Strike","shameimaru:Strike","shameimaru:Defend","shameimaru:Defend","shameimaru:Defend","shameimaru:PlayfulTaunt","shameimaru:SnapshotStrike","shameimaru:GustFan","shameimaru:GaleBullet","shameimaru:DashingDomination+1","shameimaru:WidespreadPropaganda","shameimaru:WindsOfChange","shameimaru:GroupPhoto+1","Mayhem+1","shameimaru:WindsOfChange","shameimaru:IllusoryDominance+1","shameimaru:EvasiveForm+1","shameimaru:Preparation+1","shameimaru:ShootTheBullet+1","Sadistic Nature","shameimaru:GuidingBreeze","shameimaru:PressRelease+1","shameimaru:LibraryResearch+1","shameimaru:GaleBlade","shameimaru:OutburstingGust","shameimaru:LoadedStatement+1","shameimaru:HitAndRun+1","shameimaru:GustFan+1","shameimaru:LibraryResearch+1","shameimaru:PhotographicDisposal+1","shameimaru:HitAndRun","shameimaru:Imitation+1","shameimaru:PhotographicDisposal+1","shameimaru:SkywardSonnet+1","shameimaru:SkywardSonnet+1"],"relics":["shameimaru:blackbirdfeather","EVO:Axolotl","NeowsBlessing","Letter Opener","Toy Ornithopter","Sundial","SacredBark","Oddly Smooth Stone","Ornamental Fan","Shuriken","Toxic Egg 2","Dream Catcher","Red Mask","Empty Cage","PreservedInsect","Pen Nib","InkBottle","PureWhite:ReiMu","Lantern","Pear","Anchor"],"acts_visited":["Exordium","TheCity","TheBeyond","TheEnding"],"potions_floor_usage":[38,39,40,42,47,48,55],"damage_taken":[{"damage":0,"enemies":"2 Louse","floor":1,"turns":2},{"damage":0,"enemies":"Cultist","floor":2,"turns":1},{"damage":0,"enemies":"Small Slimes","floor":5,"turns":1},{"damage":2,"enemies":"Blue Slaver","floor":7,"turns":5},{"damage":22,"enemies":"Exordium Thugs","floor":12,"turns":4},{"damage":22,"enemies":"Hexaghost","floor":16,"turns":6},{"damage":20,"enemies":"Chosen","floor":18,"turns":5},{"damage":7,"enemies":"Spheric Guardian","floor":20,"turns":5},{"damage":27,"enemies":"Slavers","floor":25,"turns":4},{"damage":11,"enemies":"Gremlin Leader","floor":28,"turns":7},{"damage":4,"enemies":"Masked Bandits","floor":29,"turns":3},{"damage":46,"enemies":"Collector","floor":33,"turns":9},{"damage":0,"enemies":"3 Shapes","floor":35,"turns":5},{"damage":9,"enemies":"Orb Walker","floor":38,"turns":5},{"damage":15,"enemies":"Spire Growth","floor":39,"turns":6},{"damage":0,"enemies":"Giant Head","floor":40,"turns":5},{"damage":17,"enemies":"Nemesis","floor":42,"turns":5},{"damage":0,"enemies":"Maw","floor":44,"turns":6},{"damage":0,"enemies":"Giant Head","floor":45,"turns":5},{"damage":0,"enemies":"Transient","floor":47,"turns":5},{"damage":0,"enemies":"Spire Growth","floor":48,"turns":3},{"damage":0,"enemies":"Donu and Deca","floor":50,"turns":5},{"damage":6,"enemies":"Shield and Spear","floor":54,"turns":4},{"damage":0,"enemies":"The Heart","floor":55,"turns":9}],"seed_played":"3643817641754331678","potions_obtained":[{"floor":16,"key":"FairyPotion"},{"floor":33,"key":"EntropicBrew"},{"floor":35,"key":"FearPotion"},{"floor":45,"key":"Weak Potion"},{"floor":47,"key":"CultistPotion"},{"floor":48,"key":"Fruit Juice"}],"is_trial":false,"path_per_floor":["M","M","?","$","M","?","M","?","T","R","$","M","R","?","R","B",null,"M","?","M","$","T","R","?","E","T","?","E","?","R","?","R","B",null,"M","?","$","M","M","E","R","E","T","M","E","?","M","M","R","B",null,"R","$","E","B",null],"character_chosen":"AYA","items_purchased":["shameimaru:DashingDomination","shameimaru:WidespreadPropaganda","Toy Ornithopter","Mayhem","shameimaru:WindsOfChange","Sadistic Nature","Oddly Smooth Stone","PreservedInsect","Pear"],"campfire_rested":1,"item_purchase_floors":[4,4,11,11,11,21,21,37,53],"current_hp_per_floor":[80,80,80,80,80,80,78,78,78,78,78,56,56,56,56,34,80,60,60,53,53,53,53,79,52,52,52,41,37,37,22,47,1,85,85,85,85,76,66,71,71,59,59,59,59,59,64,79,79,79,95,95,105,99,104],"gold":52,"neow_bonus":"THREE_ENEMY_KILL","is_daily":false,"chose_seed":false,"campfire_upgraded":7,"win_rate":0.0,"timestamp":1614320810,"path_taken":["M","M","?","?","M","?","M","?","T","R","$","?","R","?","R","BOSS","M","?","M","$","?","R","?","E","T","?","E","?","R","?","R","BOSS","M","?","$","M","M","E","R","E","T","?","E","?","M","?","R","BOSS","R","$","E","BOSS"],"items_purchased_type":["Card","Card","Relic","Card","Card","Card","Relic","Relic","Relic"],"build_version":"2020-12-22","purchased_purges":2,"victory":true,"max_hp_per_floor":[80,80,80,80,80,80,80,80,80,80,80,80,80,80,80,80,80,80,80,80,80,80,80,80,80,80,80,80,80,80,85,85,85,85,85,85,85,85,85,85,85,85,85,85,85,85,85,95,95,95,95,95,105,105,105],"card_choices":[{"not_picked":["shameimaru:Photoshoot","shameimaru:DashingDomination"],"picked":"shameimaru:GustFan","floor":1},{"not_picked":["shameimaru:WhispersOfTheWind","shameimaru:Persuade"],"picked":"shameimaru:GaleBullet","floor":2},{"not_picked":["shameimaru:AdverseWind","shameimaru:GustFan"],"picked":"shameimaru:WindsOfChange","floor":5},{"not_picked":["shameimaru:AirSlash","shameimaru:CandidShot"],"picked":"shameimaru:GroupPhoto","floor":7},{"not_picked":["shameimaru:Photoshoot","shameimaru:GaleBullet"],"picked":"shameimaru:IllusoryDominance","floor":12},{"not_picked":["shameimaru:BunbunmaruNewspaper","shameimaru:DeadlineDay"],"picked":"shameimaru:EvasiveForm","floor":16},{"not_picked":["shameimaru:BlindingSpeed","shameimaru:SuddenOutburst"],"picked":"shameimaru:Preparation+1","floor":18},{"not_picked":["shameimaru:AdverseWind","shameimaru:Opportunity"],"picked":"shameimaru:ShootTheBullet","floor":20},{"not_picked":["shameimaru:AirSlash","shameimaru:DashingGrace"],"picked":"shameimaru:GuidingBreeze","floor":25},{"not_picked":["shameimaru:Photocopier+1","shameimaru:BlindingSpeed"],"picked":"shameimaru:PressRelease+1","floor":28},{"not_picked":["shameimaru:LoadedStatement+1","shameimaru:FreezeFrame"],"picked":"shameimaru:LibraryResearch","floor":29},{"not_picked":["shameimaru:ReporterInstinct","shameimaru:Telescoping"],"picked":"shameimaru:GaleBlade","floor":32},{"not_picked":["shameimaru:OverclockedCamera+1","shameimaru:PhotoAlbum"],"picked":"shameimaru:OutburstingGust","floor":33},{"not_picked":["shameimaru:GroupPhoto+1","shameimaru:RapidFirePhotography+1"],"picked":"shameimaru:LoadedStatement+1","floor":35},{"not_picked":["shameimaru:Photoshoot+1","shameimaru:CherishingBreeze+1"],"picked":"shameimaru:HitAndRun+1","floor":38},{"not_picked":["shameimaru:GuidingBreeze+1","shameimaru:Photoshoot+1"],"picked":"shameimaru:GustFan+1","floor":39},{"not_picked":["shameimaru:AirCutter","shameimaru:Telescoping+1"],"picked":"shameimaru:LibraryResearch+1","floor":40},{"not_picked":["shameimaru:PeerlessWind","shameimaru:Galeforce"],"picked":"shameimaru:PhotographicDisposal+1","floor":42},{"not_picked":["shameimaru:SuddenOutburst","shameimaru:RapidFirePhotography+1"],"picked":"shameimaru:HitAndRun","floor":44},{"not_picked":["shameimaru:GaleBullet+1","shameimaru:AirSlash+1"],"picked":"shameimaru:Imitation+1","floor":45},{"not_picked":["shameimaru:Imitation+1","shameimaru:GustFan"],"picked":"shameimaru:PhotographicDisposal+1","floor":47},{"not_picked":["shameimaru:Opportunity+1","shameimaru:WindsOfChange+1"],"picked":"shameimaru:SkywardSonnet+1","floor":48},{"not_picked":["shameimaru:AutumnalFallWind+1","shameimaru:Photoshoot+1"],"picked":"shameimaru:SkywardSonnet+1","floor":54}],"player_experience":1790651,"relics_obtained":[{"floor":9,"key":"Letter Opener"},{"floor":22,"key":"Ornamental Fan"},{"floor":25,"key":"Shuriken"},{"floor":26,"key":"Toxic Egg 2"},{"floor":28,"key":"Dream Catcher"},{"floor":29,"key":"Red Mask"},{"floor":40,"key":"Pen Nib"},{"floor":42,"key":"InkBottle"},{"floor":45,"key":"PureWhite:ReiMu"},{"floor":54,"key":"Anchor"}],"event_choices":[{"cards_removed":["shameimaru:Defend"],"damage_healed":0,"gold_gain":0,"player_choice":"Purged","damage_taken":0,"max_hp_gain":0,"max_hp_loss":0,"event_name":"Purifier","floor":3,"gold_loss":0},{"damage_healed":0,"gold_gain":175,"player_choice":"AGREE","damage_taken":0,"max_hp_gain":0,"max_hp_loss":0,"event_name":"Liars Game","floor":6,"gold_loss":0,"cards_obtained":["Doubt"]},{"damage_healed":0,"gold_gain":275,"player_choice":"Desecrate","damage_taken":0,"max_hp_gain":0,"max_hp_loss":0,"event_name":"Golden Shrine","floor":8,"gold_loss":0,"cards_obtained":["Regret"]},{"damage_healed":0,"gold_gain":0,"player_choice":"Box","damage_taken":0,"relics_obtained":["Sundial"],"max_hp_gain":0,"max_hp_loss":0,"event_name":"Big Fish","floor":14,"gold_loss":0,"cards_obtained":["Regret"]},{"damage_healed":0,"gold_gain":275,"player_choice":"Desecrate","damage_taken":0,"max_hp_gain":0,"max_hp_loss":0,"event_name":"Golden Shrine","floor":19,"gold_loss":0,"cards_obtained":["Regret"]},{"damage_healed":26,"gold_gain":0,"player_choice":"Heal","damage_taken":0,"max_hp_gain":0,"max_hp_loss":0,"event_name":"The Library","floor":24,"gold_loss":0},{"damage_healed":0,"gold_gain":0,"player_choice":"Ignored","damage_taken":0,"max_hp_gain":0,"max_hp_loss":0,"event_name":"Vampires","floor":27,"gold_loss":0},{"damage_healed":0,"gold_gain":0,"player_choice":"Fought Bandits","damage_taken":0,"max_hp_gain":0,"max_hp_loss":0,"event_name":"Masked Bandits","floor":29,"gold_loss":0},{"damage_healed":0,"gold_gain":0,"player_choice":"Shed Blood","damage_taken":20,"max_hp_gain":5,"max_hp_loss":0,"event_name":"Forgotten Altar","floor":31,"gold_loss":0},{"damage_healed":0,"gold_gain":0,"player_choice":"Ignored","damage_taken":0,"max_hp_gain":0,"max_hp_loss":0,"event_name":"SecretPortal","floor":36,"gold_loss":0},{"damage_healed":0,"gold_gain":0,"player_choice":"Gave Potion","damage_taken":0,"relics_obtained":["Lantern"],"max_hp_gain":0,"max_hp_loss":0,"event_name":"WeMeetAgain","floor":46,"gold_loss":0}],"is_beta":false,"boss_relics":[{"not_picked":["Velvet Choker","Runic Pyramid"],"picked":"SacredBark"},{"not_picked":["Runic Dome","Snecko Eye"],"picked":"Empty Cage"}],"items_purged_floors":[11,21],"is_endless":false,"potions_floor_spawned":[16,33,35,45,47,48],"ascension_level":0}}