{"host":"2l5k2wp87eek7qja","time":1614375599,"event":{"mods":["BaseMod","Colored Map","Minty Spire (QoL Compilation)","Relic Stats"],"gold_per_floor":[119,119,129,129,42,42,77,77,104,144,144,169,169,169,169,271,298,330,255,303,483,241,241,241],"floor_reached":23,"language":"ENG","playtime":560,"items_purged":["Strike_G+1"],"score":436,"play_id":"fff7fde3-559d-4d82-a74f-ddac0f3461f2","local_time":"20210226233959","is_ascension_mode":true,"campfire_choices":[{"data":"Dagger Throw","floor":6,"key":"SMITH"},{"data":"Caltrops","floor":8,"key":"SMITH"},{"data":"Backflip","floor":11,"key":"SMITH"},{"data":"Cloak And Dagger","floor":13,"key":"SMITH"},{"floor":15,"key":"RECALL"}],"circlet_count":0,"master_deck":["AscendersBane","Defend_G","Defend_G","Defend_G","Defend_G","Defend_G","Survivor","Neutralize+1","Dagger Throw+1","Slice+1","Backstab","Caltrops+1","Backflip+1","Cloak And Dagger+1","Wraith Form v2","Slice+1","Dodge and Roll+1","Prepared+1","Cloak And Dagger","Caltrops"],"relics":["Ring of the Snake","NeowsBlessing","Whetstone","CeramicFish","Pen Nib","Golden Idol","Astrolabe","Red Mask","Strawberry"],"acts_visited":["Exordium","TheCity"],"potions_floor_usage":[10,18,20,23,23],"damage_taken":[{"damage":0,"enemies":"2 Louse","floor":1,"turns":1},{"damage":0,"enemies":"Small Slimes","floor":3,"turns":1},{"damage":0,"enemies":"Lagavulin","floor":7,"turns":1},{"damage":30,"enemies":"Gremlin Nob","floor":10,"turns":3},{"damage":0,"enemies":"Jaw Worm","floor":12,"turns":2},{"damage":21,"enemies":"The Guardian","floor":16,"turns":13},{"damage":0,"enemies":"2 Thieves","floor":18,"turns":5},{"damage":16,"enemies":"Masked Bandits","floor":20,"turns":5},{"damage":24,"enemies":"Slavers","floor":23,"turns":7}],"seed_played":"9103952074480657583","potions_obtained":[{"floor":1,"key":"ColorlessPotion"},{"floor":10,"key":"Swift Potion"},{"floor":12,"key":"ColorlessPotion"},{"floor":18,"key":"Dexterity Potion"},{"floor":20,"key":"LiquidBronze"}],"is_trial":false,"path_per_floor":["M","?","M","?","$","R","E","R","T","E","R","M","R","?","R","B",null,"M","?","?","?","$","E"],"character_chosen":"THE_SILENT","items_purchased":["Backstab","Strawberry"],"campfire_rested":0,"item_purchase_floors":[5,22],"current_hp_per_floor":[59,64,64,64,64,64,64,64,64,34,34,34,34,34,34,13,51,51,51,35,16,23,0,0],"gold":241,"neow_bonus":"THREE_ENEMY_KILL","is_daily":false,"chose_seed":false,"campfire_upgraded":4,"win_rate":0.0,"timestamp":1614375599,"path_taken":["M","?","M","?","$","R","E","R","T","E","R","M","R","?","R","BOSS","M","?","?","?","$","E"],"items_purchased_type":["Card","Relic"],"build_version":"2020-12-22","purchased_purges":1,"victory":false,"max_hp_per_floor":[66,71,71,71,71,71,71,71,71,71,71,71,71,64,64,64,64,64,64,64,64,71,71,71],"relic_stats":{"counters":[9,38],"Golden Idol":32,"CeramicFish":72,"Astrolabe":["Slice","Dodge and Roll","Prepared"],"Pen Nib":[6],"Whetstone":["Slice","Strike_G"],"obtain_stats":[{"NeowsBlessing":0,"Golden Idol":14,"CeramicFish":9,"Astrolabe":17,"Strawberry":22,"Pen Nib":10,"Red Mask":20,"Whetstone":7,"Ring of the Snake":0},{"NeowsBlessing":0,"Golden Idol":5,"CeramicFish":3,"Astrolabe":6,"Strawberry":8,"Pen Nib":4,"Red Mask":8,"Whetstone":3,"Ring of the Snake":0},{"NeowsBlessing":0,"Golden Idol":8,"CeramicFish":3,"Astrolabe":21,"Strawberry":31,"Pen Nib":6,"Red Mask":31,"Whetstone":3,"Ring of the Snake":0}],"Ring of the Snake":[18]},"card_choices":[{"not_picked":["Prepared","Acrobatics"],"picked":"Dagger Throw","floor":1},{"not_picked":["Dodge and Roll","Sucker Punch"],"picked":"Slice","floor":3},{"not_picked":["Phantasmal Killer","Heel Hook"],"picked":"Caltrops","floor":7},{"not_picked":["Setup","PiercingWail"],"picked":"Backflip","floor":10},{"not_picked":["Escape Plan","Flying Knee"],"picked":"Cloak And Dagger","floor":12},{"not_picked":["Unload","Malaise"],"picked":"Wraith Form v2","floor":16},{"not_picked":["Dodge and Roll","Sucker Punch"],"picked":"Cloak And Dagger","floor":18},{"not_picked":["Sucker Punch+1","Dodge and Roll"],"picked":"Caltrops","floor":20}],"player_experience":917608,"relics_obtained":[{"floor":7,"key":"Whetstone"},{"floor":9,"key":"CeramicFish"},{"floor":10,"key":"Pen Nib"},{"floor":20,"key":"Red Mask"}],"event_choices":[{"damage_healed":0,"gold_gain":0,"player_choice":"Donut","damage_taken":0,"max_hp_gain":5,"max_hp_loss":0,"event_name":"Big Fish","floor":2,"gold_loss":0},{"damage_healed":0,"gold_gain":0,"player_choice":"Grow","damage_taken":0,"max_hp_gain":0,"max_hp_loss":0,"event_name":"Living Wall","floor":4,"gold_loss":0,"cards_upgraded":["Neutralize"]},{"damage_healed":0,"gold_gain":0,"player_choice":"Lose Max HP","damage_taken":0,"relics_obtained":["Golden Idol"],"max_hp_gain":0,"max_hp_loss":7,"event_name":"Golden Idol","floor":14,"gold_loss":0},{"cards_removed":["Strike_G"],"damage_healed":0,"gold_gain":0,"player_choice":"Gave Gold","damage_taken":0,"max_hp_gain":0,"max_hp_loss":0,"event_name":"Beggar","floor":19,"gold_loss":75},{"damage_healed":0,"gold_gain":0,"player_choice":"Fought Bandits","damage_taken":0,"max_hp_gain":0,"max_hp_loss":0,"event_name":"Masked Bandits","floor":20,"gold_loss":0},{"damage_healed":0,"gold_gain":180,"player_choice":"GOLD GOLD ","damage_taken":19,"max_hp_gain":0,"max_hp_loss":0,"event_name":"Knowing Skull","floor":21,"potions_obtained":[],"gold_loss":0,"cards_obtained":[]}],"is_beta":false,"boss_relics":[{"not_picked":["Cursed Key","WristBlade"],"picked":"Astrolabe"}],"items_purged_floors":[22],"is_endless":false,"potions_floor_spawned":[1,10,12,16,18,20],"killed_by":"Slavers","ascension_level":20}}