{"host":"sav7uxregyirlf69","time":1614344722,"event":{"mods":["AchievementEnabler","BaseMod","Colored Map","DeckTracker","Keyboard Shortcuts","Minty Spire (QoL Compilation)","READ ME - Guardian Mod","StSLib","SuperFastMode"],"gold_per_floor":[109,109,69,45,59,91,103,103,103,120,120,120,136,146,146,224,224,237,252,275,275,4,4,32,32,110,122,172,172,172,187,187,260,260,275,288,45,45,61,87,103,128,176,207,207,223,239,266,266,266,266,266,266,82,108,108,108],"floor_reached":56,"language":"KOR","playtime":1262,"items_purged":["Strike_G","Strike_G"],"score":2074,"play_id":"fbcd9d21-e182-4bdf-a50d-d04166c26e48","local_time":"20210226220522","is_ascension_mode":true,"campfire_choices":[{"data":"Neutralize","floor":12,"key":"SMITH"},{"data":"Well Laid Plans","floor":15,"key":"SMITH"},{"floor":23,"key":"REST"},{"floor":25,"key":"RECALL"},{"floor":29,"key":"REST"},{"data":"Poisoned Stab","floor":32,"key":"SMITH"},{"floor":49,"key":"REST"},{"floor":53,"key":"REST"}],"circlet_count":0,"master_deck":["AscendersBane","Strike_G","Defend_G","Defend_G","Defend_G","Defend_G","Defend_G","Survivor+1","Neutralize+1","Poisoned Stab+1","Dodge and Roll+1","Leg Sweep+1","Well Laid Plans+1","Corpse Explosion+1","Catalyst+1","Night Terror+1","Bouncing Flask+1","Backflip+1","PiercingWail+1","Concentrate+1","Cloak And Dagger+1","Acrobatics+1","Madness+1","Madness+1","Acrobatics+1","Prepared+1","Catalyst+1","Cloak And Dagger+1","Tactician+1","Calculated Gamble+1"],"relics":["Ring of the Snake","NeowsBlessing","Toxic Egg 2","Thread and Needle","Meat on the Bone","SlaversCollar","Sundial","Ancient Tea Set","Kunai","Fusion Hammer","TwistedFunnel","Strawberry","PreservedInsect","Blood Vial","Blue Candle","Dream Catcher","Anchor"],"acts_visited":["Exordium","TheCity","TheBeyond","TheEnding"],"potions_floor_usage":[18,24,31,48,56],"damage_taken":[{"damage":0,"enemies":"Jaw Worm","floor":1,"turns":1},{"damage":0,"enemies":"2 Louse","floor":5,"turns":1},{"damage":0,"enemies":"Lagavulin","floor":6,"turns":1},{"damage":0,"enemies":"Cultist","floor":7,"turns":5},{"damage":0,"enemies":"2 Fungi Beasts","floor":10,"turns":4},{"damage":3,"enemies":"Large Slime","floor":13,"turns":6},{"damage":4,"enemies":"Red Slaver","floor":14,"turns":6},{"damage":27,"enemies":"Hexaghost","floor":16,"turns":10},{"damage":20,"enemies":"2 Thieves","floor":18,"turns":3},{"damage":2,"enemies":"3 Byrds","floor":19,"turns":2},{"damage":11,"enemies":"Book of Stabbing","floor":24,"turns":5},{"damage":0,"enemies":"Snake Plant","floor":27,"turns":4},{"damage":0,"enemies":"3 Cultists","floor":31,"turns":4},{"damage":15,"enemies":"Collector","floor":33,"turns":6},{"damage":0,"enemies":"Orb Walker","floor":35,"turns":3},{"damage":3,"enemies":"3 Darklings","floor":36,"turns":3},{"damage":2,"enemies":"Maw","floor":39,"turns":6},{"damage":15,"enemies":"Giant Head","floor":40,"turns":7},{"damage":0,"enemies":"4 Shapes","floor":41,"turns":4},{"damage":9,"enemies":"Reptomancer","floor":42,"turns":6},{"damage":0,"enemies":"Giant Head","floor":44,"turns":3},{"damage":0,"enemies":"Transient","floor":46,"turns":6},{"damage":0,"enemies":"Maw","floor":47,"turns":5},{"damage":6,"enemies":"Nemesis","floor":48,"turns":3},{"damage":23,"enemies":"Donu and Deca","floor":50,"turns":4},{"damage":14,"enemies":"Awakened One","floor":51,"turns":7},{"damage":34,"enemies":"Shield and Spear","floor":55,"turns":5},{"damage":76,"enemies":"The Heart","floor":56,"turns":5}],"seed_played":"3273691210201388919","potions_obtained":[{"floor":3,"key":"GhostInAJar"},{"floor":3,"key":"Fire Potion"},{"floor":18,"key":"ColorlessPotion"},{"floor":24,"key":"GhostInAJar"},{"floor":33,"key":"BlessingOfTheForge"},{"floor":47,"key":"FearPotion"},{"floor":55,"key":"FairyPotion"}],"is_trial":false,"path_per_floor":["M","?","?","$","M","E","M","?","T","M","?","R","M","M","R","B",null,"M","M","T","?","$","R","E","R","T","M","?","R","?","M","R","B",null,"M","M","$","?","M","E","M","E","T","E","?","M","M","E","R","B","B",null,"R","$","E","B"],"character_chosen":"THE_SILENT","items_purchased":["Dodge and Roll+1","Sundial","TwistedFunnel","DistilledChaos"],"campfire_rested":4,"item_purchase_floors":[4,22,37,54],"current_hp_per_floor":[59,24,24,24,24,24,24,24,24,36,76,76,73,69,69,42,68,48,46,46,46,46,68,57,57,57,57,57,76,76,76,76,61,72,72,69,69,55,53,57,57,48,48,50,50,52,54,50,74,53,53,76,83,83,49,0,0],"gold":108,"neow_bonus":"THREE_ENEMY_KILL","is_daily":false,"chose_seed":false,"campfire_upgraded":3,"win_rate":0.0,"timestamp":1614344722,"path_taken":["M","?","?","$","M","E","?","?","T","M","?","R","M","M","R","BOSS","M","M","?","?","$","R","E","R","T","?","?","R","?","M","R","BOSS","M","M","$","?","M","E","M","E","T","E","?","M","?","E","R","BOSS","BOSS","R","$","E","BOSS"],"items_purchased_type":["Card","Relic","Relic","Potion"],"build_version":"2020-12-22","purchased_purges":2,"victory":false,"max_hp_per_floor":[66,66,66,66,66,66,66,66,66,66,76,76,76,76,76,76,76,76,76,76,76,76,76,76,76,76,76,76,76,76,76,76,76,76,76,76,76,76,76,83,83,83,83,83,83,83,83,83,83,83,83,83,83,83,83,83,83],"card_choices":[{"not_picked":["Cloak And Dagger","Outmaneuver"],"picked":"Poisoned Stab","floor":1},{"not_picked":["Sucker Punch","Poisoned Stab","Masterful Stab"],"picked":"SKIP","floor":5},{"not_picked":["Accuracy","Sucker Punch"],"picked":"Leg Sweep+1","floor":6},{"not_picked":["Dodge and Roll+1","Concentrate+1"],"picked":"Well Laid Plans","floor":7},{"not_picked":["Slice","Deflect+1"],"picked":"Corpse Explosion+1","floor":10},{"not_picked":["Poisoned Stab","Slice","Well Laid Plans"],"picked":"SKIP","floor":13},{"not_picked":["Outmaneuver+1","Bane"],"picked":"Catalyst+1","floor":14},{"not_picked":["Phantasmal Killer+1","Tools of the Trade"],"picked":"Night Terror+1","floor":16},{"not_picked":["Underhanded Strike","Backstab"],"picked":"Bouncing Flask+1","floor":18},{"not_picked":["Endless Agony","Backstab+1"],"picked":"Backflip+1","floor":19},{"not_picked":["Flechettes","Night Terror+1"],"picked":"PiercingWail+1","floor":24},{"not_picked":["Poisoned Stab","Outmaneuver+1","All Out Attack"],"picked":"SKIP","floor":27},{"not_picked":["Reflex+1","Acrobatics+1"],"picked":"Concentrate+1","floor":31},{"not_picked":["Flying Knee","Quick Slash"],"picked":"Cloak And Dagger+1","floor":35},{"not_picked":["Predator","Sucker Punch"],"picked":"Acrobatics+1","floor":36},{"not_picked":["Bane","Calculated Gamble+1"],"picked":"Acrobatics+1","floor":39},{"not_picked":["Underhanded Strike+1","Leg Sweep+1","Infinite Blades"],"picked":"SKIP","floor":40},{"not_picked":["Underhanded Strike+1","Leg Sweep+1","Infinite Blades"],"picked":"SKIP","floor":40},{"not_picked":["Infinite Blades","Masterful Stab"],"picked":"Prepared+1","floor":41},{"not_picked":["Accuracy","Infinite Blades+1"],"picked":"Catalyst+1","floor":42},{"not_picked":["Dash","Terror+1","Blade Dance+1"],"picked":"SKIP","floor":44},{"not_picked":["Crippling Poison+1","Dodge and Roll+1"],"picked":"Tactician+1","floor":46},{"not_picked":["Underhanded Strike+1","Dodge and Roll+1","Caltrops"],"picked":"SKIP","floor":47},{"not_picked":["Poisoned Stab","Dash"],"picked":"Calculated Gamble+1","floor":48},{"not_picked":["Tools of the Trade","Dodge and Roll+1","Blade Dance+1"],"picked":"SKIP","floor":55}],"player_experience":1708348,"relics_obtained":[{"floor":6,"key":"Thread and Needle"},{"floor":9,"key":"Meat on the Bone"},{"floor":24,"key":"Ancient Tea Set"},{"floor":26,"key":"Kunai"},{"floor":40,"key":"Strawberry"},{"floor":42,"key":"PreservedInsect"},{"floor":43,"key":"Blood Vial"},{"floor":44,"key":"Blue Candle"},{"floor":48,"key":"Dream Catcher"},{"floor":55,"key":"Anchor"}],"event_choices":[{"damage_healed":0,"gold_gain":0,"player_choice":"Success","damage_taken":35,"relics_obtained":["Toxic Egg 2"],"max_hp_gain":0,"max_hp_loss":0,"event_name":"Scrap Ooze","floor":2,"gold_loss":0},{"damage_healed":0,"gold_gain":0,"player_choice":"Bought 3 Potions","damage_taken":0,"max_hp_gain":0,"max_hp_loss":0,"event_name":"The Woman in Blue","floor":3,"gold_loss":0},{"damage_healed":0,"gold_gain":0,"cards_transformed":["Strike_G"],"player_choice":"Change","damage_taken":0,"max_hp_gain":0,"max_hp_loss":0,"event_name":"Living Wall","floor":8,"gold_loss":0,"cards_obtained":["Phantasmal Killer"]},{"cards_removed":["Phantasmal Killer"],"damage_healed":30,"gold_gain":0,"player_choice":"Offered Rare","damage_taken":0,"max_hp_gain":10,"max_hp_loss":0,"event_name":"Bonfire Elementals","floor":11,"gold_loss":0},{"damage_healed":0,"gold_gain":0,"player_choice":"Upgraded","damage_taken":0,"max_hp_gain":0,"max_hp_loss":0,"event_name":"Upgrade Shrine","floor":21,"gold_loss":0,"cards_upgraded":["Survivor"]},{"damage_healed":0,"gold_gain":50,"player_choice":"Stole From Cult","damage_taken":0,"max_hp_gain":0,"max_hp_loss":0,"event_name":"Nest","floor":28,"gold_loss":0},{"damage_healed":0,"gold_gain":0,"player_choice":"Ignored","damage_taken":0,"max_hp_gain":0,"max_hp_loss":0,"event_name":"Cursed Tome","floor":30,"gold_loss":0},{"damage_healed":0,"gold_gain":0,"player_choice":"Embrace Madness","damage_taken":14,"max_hp_gain":0,"max_hp_loss":0,"event_name":"Winding Halls","floor":38,"gold_loss":0,"cards_obtained":["Madness","Madness"]},{"damage_healed":0,"gold_gain":0,"cards_transformed":["Strike_G"],"player_choice":"Transformed","damage_taken":0,"max_hp_gain":0,"max_hp_loss":0,"event_name":"Transmorgrifier","floor":45,"gold_loss":0,"cards_obtained":["Cloak And Dagger"]}],"is_beta":false,"boss_relics":[{"not_picked":["Cursed Key","Ectoplasm"],"picked":"SlaversCollar"},{"not_picked":["Runic Dome","Snecko Eye"],"picked":"Fusion Hammer"}],"items_purged_floors":[37,54],"is_endless":false,"potions_floor_spawned":[5,6,13,18,19,24,27,33,35,39,41,47,55],"killed_by":"The Heart","ascension_level":20}}