{"host":"b5mzvg96njlg7ry9","time":1614366349,"event":{"mods":["Act Like it!","AlwaysNeverKeys","BaseMod","Colored Map","Colored Powertips","Downfall","Highlight Path","Library of Ruina","Minty Spire (QoL Compilation)","Quick Restart","Relic Sorter","Ruina","Shop Mod","StSLib","SuperFastMode","everything is the same but u backflip on backflip"],"gold_per_floor":[17,17,17,28,39,39,66,106,106,135,135,153,188,224,236,348,360,391,403,365,218,231,262,262,295,295,307,207,225,127,143,143,244,244,255,305,351,365,277,303,303,0,73,84,84,84,190,207,207,207,207,207,174,207,207],"floor_reached":56,"language":"ENG","playtime":3750,"items_purged":["LightAttack","LightAttack","LightDefense","Clumsy","TieShanKao","LightDefense","ButterflySlash","Thrust+1"],"score":1471,"play_id":"a2c78c6a-ec37-4102-ac10-be33839d8fcb","local_time":"20210226200549","is_ascension_mode":false,"campfire_choices":[{"data":"SuanNi","floor":6,"key":"SMITH"},{"floor":15,"key":"REST"},{"data":"SunsetBlade","floor":24,"key":"SMITH"},{"data":"SunsetBlade","floor":32,"key":"SMITH"},{"data":"SilentMist","floor":41,"key":"SMITH"},{"data":"FeatherShield","floor":49,"key":"SMITH"},{"data":"Thrust","floor":52,"key":"SMITH"}],"circlet_count":0,"master_deck":["Dodge","LightDefense","LightDefense","ChargeAndCover+1","FocusedStrikes+1","SuanNi+1","FeatherShield+1","SunsetBlade+1","SilentMist+1","UnavoidableGaze+1","SunsetBlade+1","CurseOfTheBell","SilentMist+1","TheWillOfTheCity+1","FieryDragonSlash+1","GrazeTheGrass+1","HighSpeedStabbing","Sadistic Nature"],"relics":["PageOfLibrarian","Blue Candle","Mummified Hand","MerchantsRug","Membership Card","PageOfNosferatu","Gremlin Horn","PageOfBloodbath","Philosopher\u0027s Stone","ruina:Goodbye","ruina:FalsePresent","Orichalcum","Dream Catcher","FossilizedHelix","Akabeko","Pantograph","Calling Bell","Guardian:PocketSentry","Unceasing Top","PageOfOzma","StoneCalendar","PageOfHappyTeddyBear","PageOfThreeBirds","Ancient Tea Set","Bottled Tornado","PageOfMercenary","PageOfApocalypseBird","PageOfTodaysShyLook","Medical Kit","PageOfLittleHelper","Happy Flower","bronze:DonusWashers","Blood Vial"],"acts_visited":["Exordium","Exordium","TheBeyond","TheEnding"],"potions_floor_usage":[12,18,25,25,55,55,55],"damage_taken":[{"damage":5,"enemies":"Jaw Worm","floor":1,"turns":3},{"damage":0,"enemies":"Cultist","floor":4,"turns":2},{"damage":0,"enemies":"2 Louse","floor":5,"turns":1},{"damage":1,"enemies":"Gremlin Nob","floor":7,"turns":3},{"damage":0,"enemies":"Blue Slaver","floor":12,"turns":2},{"damage":5,"enemies":"3 Sentries","floor":13,"turns":9},{"damage":0,"enemies":"Hexaghost","floor":16,"turns":8},{"damage":0,"enemies":"ruina:2_Scarecrows","floor":18,"turns":2},{"damage":1,"enemies":"ruina:3_Bats","floor":22,"turns":3},{"damage":1,"enemies":"ruina:ServantOfWrath","floor":23,"turns":4},{"damage":0,"enemies":"ruina:Mountain","floor":25,"turns":5},{"damage":1,"enemies":"ruina:Woodsman","floor":27,"turns":2},{"damage":0,"enemies":"ruina:KingOfGreed","floor":29,"turns":2},{"damage":0,"enemies":"ruina:QueenOfHate","floor":31,"turns":1},{"damage":9,"enemies":"ruina:Red_and_Wolf","floor":33,"turns":9},{"damage":0,"enemies":"3 Shapes","floor":35,"turns":2},{"damage":9,"enemies":"Mind Bloom Boss Battle","floor":36,"turns":5},{"damage":4,"enemies":"2 Orb Walkers","floor":37,"turns":5},{"damage":0,"enemies":"Orb Walker","floor":38,"turns":2},{"damage":3,"enemies":"Nemesis","floor":40,"turns":5},{"damage":9,"enemies":"Jaw Worm Horde","floor":44,"turns":2},{"damage":0,"enemies":"4 Shapes","floor":48,"turns":2},{"damage":0,"enemies":"Donu and Deca","floor":50,"turns":4},{"damage":0,"enemies":"Shield and Spear","floor":54,"turns":1},{"damage":13,"enemies":"The Heart","floor":55,"turns":3}],"seed_played":"5603560073200371668","potions_obtained":[{"floor":1,"key":"SkillPotion"},{"floor":3,"key":"SneckoOil"},{"floor":3,"key":"Explosive Potion"},{"floor":3,"key":"Weak Potion"},{"floor":12,"key":"SmokeBomb"},{"floor":18,"key":"EssenceOfSteel"},{"floor":20,"key":"SkillPotion"},{"floor":31,"key":"Regen Potion"},{"floor":38,"key":"Fire Potion"}],"is_trial":false,"path_per_floor":["M","?","?","M","M","R","E","$","T","$","?","M","E","T","R","B",null,"M","?","?","$","M","E","R","E","T","M","?","M","$","M","R","B",null,"M","?","?","M","$","E","R","$","T","M","?","?","$","M","R","B",null,"R","$","E","B",null],"character_chosen":"Librarian","items_purchased":["PageOfLumberjack","SunsetBlade","MerchantsRug","Membership Card","PageOfNosferatu","SilentMist","Gremlin Horn","Orichalcum","Dream Catcher","SunsetBlade","Ancient Tea Set","Bottled Tornado","PageOfApocalypseBird","PageOfTodaysShyLook","Medical Kit","PageOfLittleHelper","HighSpeedStabbing","Sadistic Nature","Happy Flower","bronze:DonusWashers"],"campfire_rested":1,"item_purchase_floors":[8,8,8,10,10,10,10,21,21,30,42,42,47,47,47,53,53,53,53,53],"current_hp_per_floor":[55,50,50,50,50,50,49,49,49,9,9,9,4,4,33,33,125,116,116,111,111,97,96,94,94,94,93,93,93,93,93,93,109,112,112,101,97,96,96,93,93,93,93,84,84,84,84,84,84,109,120,120,120,120,116],"gold":207,"neow_bonus":"THREE_RARE_CARDS","is_daily":false,"chose_seed":false,"campfire_upgraded":6,"win_rate":0.0,"timestamp":1614366349,"path_taken":["M","?","?","?","M","R","E","$","T","$","?","?","E","?","R","BOSS","M","?","?","$","M","E","R","E","T","M","?","M","$","M","R","BOSS","M","?","?","M","$","E","R","$","T","M","?","?","$","M","R","BOSS","R","$","E","BOSS"],"items_purchased_type":["Relic","Card","Relic","Relic","Relic","Card","Relic","Relic","Relic","Card","Relic","Relic","Relic","Relic","Relic","Relic","Card","Card","Relic","Relic"],"build_version":"2020-12-22","purchased_purges":8,"victory":true,"max_hp_per_floor":[84,84,84,62,62,60,74,74,74,113,113,101,128,128,99,125,125,116,116,111,111,97,99,94,96,96,102,102,102,102,99,120,112,112,122,101,104,96,96,102,94,94,94,94,94,94,94,97,120,120,120,120,120,120,120],"card_choices":[{"not_picked":["Punishment","Commandeering"],"picked":"SuanNi","floor":0},{"not_picked":["SturdyDefense","BiAn","Multislash","WillOfThePrescript","SinglePointStab","PinpointShot","SetFire","SilentNight","Thrust"],"picked":"SKIP","floor":1},{"not_picked":["MultiHit","EnergyStrike","WillOfThePrescript","AsThePrescriptOrders","Faith","MultiBlock","WillProduceFineSilk","IdentifyWeakpoint"],"picked":"ButterflySlash","floor":4},{"not_picked":["SinglePointStab","SpearedSweep","SmokingPipe","PreemptiveStrike","IllEndYou","Standoff","Overcharge","Rewind"],"picked":"FeatherShield","floor":5},{"not_picked":["Parry","NightInTheBackstreets","BiXi","Parry2","HiddenBlade","DarkCloud","SinglePointStab","ConcentratedFire","SuanNi"],"picked":"SKIP","floor":7},{"not_picked":["BindingChains","GuardingStance","DesperateStruggle","VenomousFangs","UnavoidableGaze","SkitterAway","EnergyConversion","LoosenUp","ViolentFlame"],"picked":"SKIP","floor":12},{"not_picked":["PreparedMind","UnavoidableGaze","PreemptiveStrike","StructuralAnalysis","SinglePointStab","IronWall","BiAn","AutomatedMovement","Multislash"],"picked":"SKIP","floor":13},{"not_picked":["Preparation+1","EnergyConversion","Parry2","Deflect_lor","SerpentSwordTechnique","Clone","BackAttack","ViolentFlame","SnakeSlit"],"picked":"SKIP","floor":18},{"not_picked":["CoordinatedAssault","WillOfThePrescript+1","DriedUp","StrikeDown","FrontalAssault","ExtractFuel","MultiHit+1","BiAn","Observe"],"picked":"SKIP","floor":22},{"not_picked":["DestructiveImpact","StructuralAnalysis","Punishment","FaintMemories","FierceCharge","ClassAndRespect+1","CoordinatedAssault+1","Outburst+1"],"picked":"UnavoidableGaze+1","floor":23},{"not_picked":["Pound","AsThePrescriptOrders","YoureAHindrance+1","MultiBlock+1","SearingSword","Unlock1","BattleCommand+1","Lock","Thrust"],"picked":"SKIP","floor":25},{"not_picked":["SkitterAway","QuickAttack","ExtractFuel","InnerArdor","UndertakePrescript+1","UpbeatPerformance","Preparation","PreparedMind+1","EnergyShield"],"picked":"SKIP","floor":27},{"not_picked":["SkitterAway","QuickAttack","ExtractFuel","InnerArdor","UndertakePrescript+1","UpbeatPerformance","Preparation","PreparedMind+1","EnergyShield"],"picked":"SKIP","floor":27},{"not_picked":["EmotionalTurbulence","Castigation","Cruelty","GoinFirst","BalefulBrand","EnergyBeam","FlamingDragonFist","BlazingStrike"],"picked":"TieShanKao","floor":28},{"not_picked":["ShockRound","SuppressingShot","QuickAttack","FieryWaltz+1","FierceCharge","Outburst+1","SmokingPipe+1","DefenseOrder","Multislash"],"picked":"SKIP","floor":29},{"not_picked":["EnergyConversion","Rewind","AutomatedMovement","BackAttack","TheRedNotes","PreemptiveStrike","BayonetCombat","FleetEdge","TrashDisposal"],"picked":"SKIP","floor":31},{"not_picked":["FierceCharge+1","ElectricShock+1","Mutilate+1","GrazeTheGrass+1","TendonChords","ICanCookAnything","OpportunitySpotted","QuickSuppression+1"],"picked":"SilentMist","floor":35},{"not_picked":["AssaultOrder","BackAttack+1","TieShanKao","SunsetBlade","StayCalm","SmokingPipe+1","SnakesPrey+1","ButterflySlash"],"picked":"TheWillOfTheCity+1","floor":36},{"not_picked":["ForcefulGesture+1","StructuralAnalysis+1","Duel_lor","Wallop_lor+1","NightInTheBackstreets+1","FrontalAssault","AssaultOrder","ScatteringSlash"],"picked":"FieryDragonSlash+1","floor":38},{"not_picked":["Castigation","Transpierce","AutomatedMovement","Overcharge+1","Leap_lor","WrathOfTorment","NonstopAssault+1","FieryDragonSlash"],"picked":"Pound+1","floor":40},{"not_picked":["SnakesPrey","GreatSerpentsImpact+1","SmokingPipe","DestructiveImpact+1","Faith","FlowOfTheSword","EnergyCycle","ChiWen+1"],"picked":"GrazeTheGrass+1","floor":44},{"not_picked":["CircusKnives","DirtyBlow","Deflect_lor","NightInTheBackstreets","Diversion+1","Outburst","SteelKnuckles","Thrust+1","MultiHit"],"picked":"SKIP","floor":48},{"not_picked":["TendonChords","BlindFaith+1","StrikeDown","GreatSerpentsImpact+1","Outburst","SharpNails+1","Mutilate+1","FormingStorm","GrazeTheGrass"],"picked":"SKIP","floor":54}],"player_experience":864023,"relics_obtained":[{"floor":7,"key":"Mummified Hand"},{"floor":9,"key":"Whetstone"},{"floor":13,"key":"MawBank"},{"floor":14,"key":"PageOfBloodbath"},{"floor":23,"key":"FossilizedHelix"},{"floor":25,"key":"Akabeko"},{"floor":26,"key":"Pantograph"},{"floor":34,"key":"Guardian:PocketSentry"},{"floor":34,"key":"Unceasing Top"},{"floor":34,"key":"PageOfOzma"},{"floor":36,"key":"StoneCalendar"},{"floor":37,"key":"PageOfHappyTeddyBear"},{"floor":40,"key":"PageOfThreeBirds"},{"floor":43,"key":"PageOfMercenary"},{"floor":54,"key":"Blood Vial"}],"event_choices":[{"damage_healed":0,"gold_gain":0,"player_choice":"Got Potions","damage_taken":0,"max_hp_gain":0,"max_hp_loss":0,"event_name":"Lab","floor":3,"gold_loss":0},{"damage_healed":0,"gold_gain":0,"cards_transformed":["LightAttack"],"player_choice":"Transformed","damage_taken":0,"max_hp_gain":0,"max_hp_loss":0,"event_name":"Transmorgrifier","floor":11,"gold_loss":0,"cards_obtained":["Thrust"]},{"damage_healed":0,"gold_gain":0,"player_choice":"Fight","damage_taken":0,"max_hp_gain":0,"max_hp_loss":0,"event_name":"MindBloom","floor":36,"gold_loss":0},{"damage_healed":0,"gold_gain":0,"player_choice":"Fight","damage_taken":0,"max_hp_gain":0,"max_hp_loss":0,"event_name":"Mysterious Sphere","floor":37,"gold_loss":0},{"cards_removed":["Pound"],"damage_healed":0,"gold_gain":0,"player_choice":"Removed Attack","damage_taken":0,"max_hp_gain":0,"max_hp_loss":0,"event_name":"Falling","floor":45,"gold_loss":0},{"damage_healed":0,"gold_gain":0,"player_choice":"Upgraded","damage_taken":0,"max_hp_gain":0,"max_hp_loss":0,"event_name":"Upgrade Shrine","floor":46,"gold_loss":0,"cards_upgraded":["SilentMist"]}],"is_beta":false,"boss_relics":[{"not_picked":["Pandora\u0027s Box","Ectoplasm"],"picked":"Philosopher\u0027s Stone"},{"not_picked":["Empty Cage","SlaversCollar"],"picked":"Calling Bell"}],"items_purged_floors":[8,10,21,30,39,42,47,53],"is_endless":false,"potions_floor_spawned":[1,4,12,18,22,31,38,44],"ascension_level":0}}