{"host":"4eao2pkwlmv012cz","time":1614320309,"event":{"mods":["BaseMod","Bestiary","Bossed Relics","Colored Powertips","Minty Spire (QoL Compilation)","Permanent Neow","Quick Restart","Random Character Button","StSLib"],"gold_per_floor":[114,63,78,93,108,138,138,168,218,218,248,248,263,438,438,538,538,553,574,589,42,57,87,102,102,127,157,172,172,202,217,217,317,317,332,347,13,13,13,13,43,58,83,83,133,133,172,197,197,197],"floor_reached":51,"language":"ENG","playtime":2027,"items_purged":["Doubt"],"score":933,"play_id":"5f82fd1f-3bc0-47b5-8331-2c40b1336138","local_time":"20210226011829","daily_mods":["Chimera","Time Dilation","Elite Swarm"],"is_ascension_mode":false,"campfire_choices":[{"data":"Electrodynamics","floor":7,"key":"SMITH"},{"data":"Echo Form","floor":10,"key":"SMITH"},{"data":"Zap","floor":12,"key":"SMITH"},{"data":"Eruption","floor":15,"key":"SMITH"},{"floor":25,"key":"REST"},{"floor":29,"key":"REST"},{"floor":32,"key":"REST"},{"data":"Chaos","floor":40,"key":"SMITH"},{"floor":44,"key":"REST"},{"data":"Rainbow","floor":46,"key":"SMITH"},{"data":"Creative AI","floor":49,"key":"SMITH"}],"circlet_count":0,"master_deck":["Bash","Survivor","Zap+1","Eruption+1","Strike_R","Strike_G","Strike_B","Defend_R","Defend_G","Defend_P","Go for the Eyes","Gash","Undo","Coolheaded","Electrodynamics+1","Echo Form+1","All For One","Gash","Biased Cognition","CurseOfTheBell","Cold Snap","Reinforced Body","Steam","Panache","Creative AI+1","Gash","Amplify","Gash","Go for the Eyes","Rainbow+1","Loop","Rip and Tear+1","Meteor Strike","Beam Cell+1","Chaos+1","Reinforced Body","BootSequence+1","Force Field","Finesse","Finesse","Flash of Steel","Rainbow","Parasite","Redo+1","Conserve Battery","Force Field+1","Gash+1","Rainbow"],"relics":["Cracked Core","Bag of Preparation","Happy Flower","Potion Belt","Bag of Marbles","Calling Bell","Akabeko","Question Card","Gambling Chip","Red Mask","Lizard Tail","CaptainsWheel","Lantern","Prayer Wheel","Blood Vial","SlaversCollar","MealTicket","Strawberry","Eternal Feather","Dream Catcher","Ginger","CeramicFish","Nunchaku"],"acts_visited":["Exordium","TheCity","TheBeyond"],"potions_floor_usage":[6,8,11,16,22,30,33,33,33,47,50],"damage_taken":[{"damage":1,"enemies":"2 Louse","floor":1,"turns":3},{"damage":0,"enemies":"Small Slimes","floor":3,"turns":3},{"damage":3,"enemies":"Jaw Worm","floor":4,"turns":2},{"damage":2,"enemies":"3 Louse","floor":5,"turns":4},{"damage":0,"enemies":"Gremlin Nob","floor":6,"turns":1},{"damage":10,"enemies":"3 Sentries","floor":8,"turns":4},{"damage":18,"enemies":"Gremlin Nob","floor":11,"turns":4},{"damage":0,"enemies":"Looter","floor":13,"turns":2},{"damage":20,"enemies":"The Guardian","floor":16,"turns":6},{"damage":0,"enemies":"Spheric Guardian","floor":18,"turns":2},{"damage":20,"enemies":"Masked Bandits","floor":19,"turns":2},{"damage":26,"enemies":"Shell Parasite","floor":20,"turns":3},{"damage":0,"enemies":"Cultist and Chosen","floor":22,"turns":3},{"damage":8,"enemies":"Book of Stabbing","floor":23,"turns":3},{"damage":14,"enemies":"Snecko","floor":24,"turns":4},{"damage":0,"enemies":"Slavers","floor":27,"turns":2},{"damage":11,"enemies":"Shelled Parasite and Fungi","floor":28,"turns":3},{"damage":26,"enemies":"Book of Stabbing","floor":30,"turns":5},{"damage":0,"enemies":"Centurion and Healer","floor":31,"turns":2},{"damage":20,"enemies":"Automaton","floor":33,"turns":6},{"damage":26,"enemies":"3 Darklings","floor":35,"turns":4},{"damage":14,"enemies":"3 Shapes","floor":36,"turns":6},{"damage":25,"enemies":"Reptomancer","floor":41,"turns":5},{"damage":11,"enemies":"Writhing Mass","floor":42,"turns":4},{"damage":0,"enemies":"Mind Bloom Boss Battle","floor":45,"turns":3},{"damage":3,"enemies":"Giant Head","floor":47,"turns":5},{"damage":49,"enemies":"Donu and Deca","floor":50,"turns":8}],"seed_played":"4728103701414758894","potions_obtained":[{"floor":5,"key":"AttackPotion"},{"floor":6,"key":"Fire Potion"},{"floor":8,"key":"Fruit Juice"},{"floor":13,"key":"CultistPotion"},{"floor":19,"key":"ColorlessPotion"},{"floor":24,"key":"Block Potion"},{"floor":27,"key":"SkillPotion"},{"floor":30,"key":"Weak Potion"},{"floor":31,"key":"Fruit Juice"},{"floor":35,"key":"Energy Potion"},{"floor":45,"key":"Dexterity Potion"}],"is_trial":false,"path_per_floor":["M","$","M","M","M","E","R","E","T","R","E","R","M","?","R","B",null,"M","?","M","$","M","E","M","R","T","E","M","R","E","M","R","B",null,"M","M","$","?","$","R","E","M","T","R","?","R","E","T","R","B",null],"character_chosen":"DEFECT","items_purchased":["Gash","Lizard Tail","Panache","MealTicket","Strawberry","Force Field"],"campfire_rested":4,"item_purchase_floors":[2,21,21,37,37,37],"current_hp_per_floor":[74,74,74,71,69,69,69,59,59,59,46,46,46,46,46,26,80,80,60,34,34,34,26,12,36,36,36,25,49,23,25,49,36,85,59,47,54,44,59,59,36,27,27,81,83,92,89,89,92,43],"gold":197,"neow_bonus":"","is_daily":true,"chose_seed":false,"campfire_upgraded":7,"win_rate":0.0,"timestamp":1614320309,"path_taken":["M","$","M","M","M","E","R","E","T","R","E","R","M","?","R","BOSS","M","?","M","$","M","E","M","R","T","E","M","R","E","M","R","BOSS","M","M","$","?","$","R","E","M","T","R","?","R","E","?","R","BOSS"],"items_purchased_type":["Card","Relic","Card","Relic","Relic","Card"],"build_version":"2020-12-22","purchased_purges":1,"victory":true,"max_hp_per_floor":[75,75,75,75,75,75,75,75,75,75,80,80,80,80,80,80,80,80,80,80,80,80,80,80,80,80,80,80,80,80,80,80,85,85,85,85,92,92,92,92,92,92,92,92,92,92,92,92,92,92],"card_choices":[{"not_picked":["Hologram","Skim"],"picked":"Go for the Eyes","floor":1},{"not_picked":["Scrape","Consume","Redo"],"picked":"SKIP","floor":3},{"not_picked":["Coolheaded","Fusion"],"picked":"Undo","floor":4},{"not_picked":["Steam Power","Redo"],"picked":"Coolheaded","floor":5},{"not_picked":["Buffer","Fission"],"picked":"Electrodynamics","floor":6},{"not_picked":["Core Surge","Multi-Cast"],"picked":"Echo Form","floor":8},{"not_picked":["Buffer","Seek"],"picked":"All For One","floor":11},{"not_picked":["Steam","Leap"],"picked":"Gash","floor":13},{"not_picked":["Multi-Cast","Machine Learning"],"picked":"Biased Cognition","floor":16},{"not_picked":["Melter","Heatsinks","Fusion"],"picked":"Cold Snap","floor":18},{"not_picked":["Conserve Battery","Redo","Barrage"],"picked":"Reinforced Body","floor":19},{"not_picked":["Stack+1","Beam Cell","Scrape"],"picked":"Steam","floor":20},{"not_picked":["Compile Driver","Heatsinks","Steam","Hyperbeam"],"picked":"SKIP","floor":22},{"not_picked":["Seek","Machine Learning","Thunder Strike"],"picked":"Creative AI","floor":23},{"not_picked":["Reprogram+1","FTL+1","Darkness"],"picked":"Gash","floor":24},{"not_picked":["Machine Learning","Creative AI","Electrodynamics"],"picked":"Amplify","floor":27},{"not_picked":["Steam","Fusion","Consume+1"],"picked":"Gash","floor":28},{"not_picked":["Turbo","Genetic Algorithm","Leap"],"picked":"Go for the Eyes","floor":28},{"not_picked":["Buffer","Thunder Strike","Multi-Cast"],"picked":"Rainbow","floor":30},{"not_picked":["Stack","Beam Cell","Darkness"],"picked":"Loop","floor":31},{"not_picked":["Hello World+1","Redo","Doom and Gloom"],"picked":"Rip and Tear+1","floor":31},{"not_picked":["Machine Learning","Reboot","Rainbow"],"picked":"Meteor Strike","floor":33},{"not_picked":["Go for the Eyes","Steam+1","Hello World+1"],"picked":"Beam Cell+1","floor":35},{"not_picked":["Streamline","Coolheaded","Cold Snap"],"picked":"Chaos","floor":35},{"not_picked":["Heatsinks+1","Turbo","Rip and Tear"],"picked":"Reinforced Body","floor":36},{"not_picked":["Sweeping Beam+1","Doom and Gloom","Tempest+1"],"picked":"BootSequence+1","floor":36},{"not_picked":["Enlightenment","Dramatic Entrance","Jack Of All Trades"],"picked":"Finesse","floor":38},{"not_picked":["Trip","Flash of Steel","Enlightenment"],"picked":"Finesse","floor":38},{"not_picked":["Madness","Dramatic Entrance","Panacea"],"picked":"Flash of Steel","floor":38},{"not_picked":["Machine Learning","Thunder Strike","Multi-Cast"],"picked":"Rainbow","floor":41},{"not_picked":["Gash","Leap","Compile Driver+1"],"picked":"Redo+1","floor":42},{"not_picked":["Go for the Eyes","Cold Snap","Stack"],"picked":"Conserve Battery","floor":42},{"not_picked":["Self Repair+1","Stack","Multi-Cast"],"picked":"Force Field+1","floor":44},{"not_picked":["Melter","Sweeping Beam+1","Beam Cell+1"],"picked":"Gash+1","floor":45},{"not_picked":["Creative AI","Buffer","Reboot"],"picked":"Rainbow","floor":47}],"player_experience":2950854,"relics_obtained":[{"floor":6,"key":"Bag of Preparation"},{"floor":8,"key":"Happy Flower"},{"floor":9,"key":"Potion Belt"},{"floor":11,"key":"Bag of Marbles"},{"floor":17,"key":"Akabeko"},{"floor":17,"key":"Question Card"},{"floor":17,"key":"Gambling Chip"},{"floor":19,"key":"Red Mask"},{"floor":23,"key":"CaptainsWheel"},{"floor":26,"key":"Lantern"},{"floor":27,"key":"Prayer Wheel"},{"floor":30,"key":"Blood Vial"},{"floor":41,"key":"Eternal Feather"},{"floor":43,"key":"Dream Catcher"},{"floor":45,"key":"Ginger"},{"floor":47,"key":"CeramicFish"},{"floor":48,"key":"Nunchaku"}],"event_choices":[{"damage_healed":0,"gold_gain":175,"player_choice":"AGREE","damage_taken":0,"max_hp_gain":0,"max_hp_loss":0,"event_name":"Liars Game","floor":14,"gold_loss":0,"cards_obtained":["Doubt"]},{"damage_healed":0,"gold_gain":0,"player_choice":"Fought Bandits","damage_taken":0,"max_hp_gain":0,"max_hp_loss":0,"event_name":"Masked Bandits","floor":19,"gold_loss":0},{"damage_healed":0,"gold_gain":0,"player_choice":"Memory 3","damage_taken":10,"max_hp_gain":0,"max_hp_loss":0,"event_name":"SensoryStone","floor":38,"gold_loss":0},{"damage_healed":0,"gold_gain":0,"player_choice":"Fight","damage_taken":0,"max_hp_gain":0,"max_hp_loss":0,"event_name":"MindBloom","floor":45,"gold_loss":0}],"is_beta":false,"boss_relics":[{"not_picked":["Runic Dome","Coffee Dripper"],"picked":"Calling Bell"},{"not_picked":["Runic Pyramid","Nuclear Battery"],"picked":"SlaversCollar"}],"items_purged_floors":[21],"is_endless":false,"potions_floor_spawned":[5,6,8,13,19,24,27,30,31,35,45],"ascension_level":0}}