{"host":"h2gxemxa99wv6yfu","time":1614317578,"event":{"mods":["AchievementEnabler","BaseMod","Better Note","Better Skull","BetterRewards","Block Reminder","Colored Powertips","Friendly Minions","Googly Eyes","Highlight Path","Infinite Spire","Minty Spire (QoL Compilation)","Permanent Neow","Quick Restart","Relic Sorter","Relic Stats","Reliquary","Replay The Spire","Shop Mod","StSLib","Uncapped"],"gold_per_floor":[112,126,146,96,116,116,116,136,136,136,152,152,169,25,25,121,121,137,57,74,74,74,102,119,148,148,148,161,173,190,108,108,212,212,230,80,80,80,80,113,113,113,139,162,162,162,162],"floor_reached":46,"language":"ENG","playtime":1559,"items_purged":["Strike_G","Strike_G"],"score":502,"play_id":"69ca16c4-8350-4fbb-96ae-8834783c663e","local_time":"20210225233258","is_ascension_mode":true,"campfire_choices":[{"data":"Neutralize","floor":6.0,"key":"SMITH"},{"floor":10.0,"key":"RECALL"},{"data":"Noxious Fumes","floor":12.0,"key":"SMITH"},{"data":"Infinite Blades","floor":15.0,"key":"SMITH"},{"floor":27,"key":"REST"},{"floor":32,"key":"REST"},{"data":"Footwork","floor":42,"key":"SMITH"}],"circlet_count":0,"master_deck":["Defend_G","Defend_G","Survivor","Neutralize+1","Blade Dance+1","Noxious Fumes+1","Infinite Blades+1","Phantasmal Killer","Noxious Fumes","A Thousand Cuts","infinitespire:Collect","infinitespire:Fortify","Bane+1","Footwork+1","Envenom","CommonCold","Overencumbered","Hidden Blade+1","ReplayTheSpireMod:Tripwire+1","Regret","ReplayTheSpireMod:Splinters","infinitespire:SevenWalls"],"relics":["reliquary:RedCape","reliquary:RosewoodLute","Replay:Bottled Eggs","Blue Candle","Replay:Accelerometer","CaptainsWheel","Kintsugi","Lee\u0027s Waffle","Bronze Scales","Anchor"],"acts_visited":["Exordium","TheCity","TheBeyond"],"potions_floor_usage":[23,33,46,46,46],"damage_taken":[{"damage":5.0,"enemies":"Small Slimes","floor":1.0,"turns":3.0},{"damage":0.0,"enemies":"Cultist","floor":2.0,"turns":4.0},{"damage":0.0,"enemies":"2 Louse","floor":3.0,"turns":3.0},{"damage":2.0,"enemies":"Blue Slaver","floor":5.0,"turns":3.0},{"damage":0.0,"enemies":"Looter","floor":8.0,"turns":3.0},{"damage":0.0,"enemies":"3 Louse","floor":11.0,"turns":4.0},{"damage":0.0,"enemies":"Large Slime","floor":13.0,"turns":5.0},{"damage":41.0,"enemies":"Hexaghost","floor":16.0,"turns":12.0},{"damage":5.0,"enemies":"Chosen","floor":18.0,"turns":4.0},{"damage":35.0,"enemies":"Spheric Guardian","floor":20.0,"turns":6.0},{"damage":13,"enemies":"Book of Stabbing","floor":23,"turns":4},{"damage":17,"enemies":"Chosen and Byrds","floor":24,"turns":5},{"damage":32,"enemies":"Slavers","floor":25,"turns":4},{"damage":4,"enemies":"3 Cultists","floor":28,"turns":5},{"damage":6,"enemies":"Snake Plant","floor":29,"turns":6},{"damage":13,"enemies":"Centurion and Healer","floor":30,"turns":5},{"damage":17,"enemies":"Collector","floor":33,"turns":7},{"damage":28,"enemies":"3 Shapes","floor":35,"turns":3},{"damage":72,"enemies":"Reptomancer","floor":40,"turns":5},{"damage":1,"enemies":"Nightmare","floor":46,"turns":3}],"seed_played":"-1757953641120750001","potions_obtained":[{"floor":1.0,"key":"FairyPotion"},{"floor":3.0,"key":"Energy Potion"},{"floor":8.0,"key":"Reflective Coating"},{"floor":16.0,"key":"SteroidPotion"},{"floor":23,"key":"Energy Potion"},{"floor":25,"key":"Strength Potion"},{"floor":28,"key":"PowerPotion"},{"floor":40,"key":"LiquidBronze"}],"is_trial":false,"path_per_floor":["M","M","M","?","M","R","?","M","T","R","M","R","M","$","R","B",null,"M","$","M","?","AVR","E","M","E","T","R","M","M","M","$","R","B",null,"M","$","?","?","$","E","?","R","T","T","?","NM"],"character_chosen":"THE_SILENT","items_purchased":["Infinite Blades","A Thousand Cuts","Footwork","Lee\u0027s Waffle"],"campfire_rested":2,"item_purchase_floors":[14,19,31,36],"current_hp_per_floor":[65,65,65,65,63,63,63,63,63,63,63,63,63,63,63,22,70,65,65,30,30,30,17,38,6,6,27,23,17,4,4,25,8,70,42,77,73,73,73,1,1,1,1,1,1,0,0],"gold":162,"neow_bonus":"BOSS_RELIC","is_daily":false,"chose_seed":false,"campfire_upgraded":4,"win_rate":0.0,"timestamp":1614317578,"path_taken":["M","M","M","?","M","R","?","M","T","R","M","R","M","$","R","BOSS","M","$","?","?","AVR","E","M","E","T","R","M","M","M","$","R","BOSS","M","$","?","?","?","E","?","R","T","?","?","NM"],"items_purchased_type":["Card","Card","Card","Relic"],"build_version":"2020-12-22","purchased_purges":2,"victory":false,"max_hp_per_floor":[70,70,70,70,70,70,70,70,70,70,70,70,70,70,70,70,70,70,70,70,70,70,70,70,70,70,70,70,70,70,70,70,70,70,70,77,73,73,73,73,73,73,73,73,73,73,73],"relic_stats":{"Lee\u0027s Waffle":35,"counters":[20,94],"Blue Candle":[5],"Bronze Scales":[12],"obtain_stats":[{"Replay:Accelerometer":25,"CaptainsWheel":26,"Lee\u0027s Waffle":36,"Anchor":43,"Blue Candle":23,"Bronze Scales":40,"reliquary:RedCape":0,"reliquary:RosewoodLute":7,"Replay:Bottled Eggs":9,"Kintsugi":34,"Ring of the Snake":0},{"Replay:Accelerometer":13,"CaptainsWheel":13,"Lee\u0027s Waffle":18,"Anchor":19,"Blue Candle":11,"Bronze Scales":19,"reliquary:RedCape":0,"reliquary:RosewoodLute":4,"Replay:Bottled Eggs":5,"Kintsugi":17,"Ring of the Snake":0},{"Replay:Accelerometer":60,"CaptainsWheel":60,"Lee\u0027s Waffle":86,"Anchor":91,"Blue Candle":51,"Bronze Scales":91,"reliquary:RedCape":0,"reliquary:RosewoodLute":13,"Replay:Bottled Eggs":16,"Kintsugi":83,"Ring of the Snake":0}]},"card_choices":[{"not_picked":["Dagger Spray","Flying Knee"],"picked":"Blade Dance","floor":1.0},{"not_picked":["Quick Slash","Poisoned Stab","Flechettes"],"picked":"SKIP","floor":2.0},{"not_picked":["Quick Slash","Phantasmal Killer","Escape Plan"],"picked":"SKIP","floor":3.0},{"not_picked":["Quick Slash","Phantasmal Killer","Escape Plan"],"picked":"SKIP","floor":3.0},{"not_picked":["Quick Slash","Well Laid Plans"],"picked":"Blade Dance","floor":5.0},{"not_picked":["PiercingWail","Acrobatics","Blur"],"picked":"SKIP","floor":8.0},{"not_picked":["Finisher","Slice"],"picked":"Noxious Fumes","floor":11.0},{"not_picked":["Acrobatics","Choke","Wraith Form v2"],"picked":"SKIP","floor":13.0},{"not_picked":["Tools of the Trade","ReplayTheSpireMod:Necrosis"],"picked":"Phantasmal Killer","floor":16.0},{"not_picked":["Outmaneuver","Toxin Wave"],"picked":"Noxious Fumes","floor":18.0},{"not_picked":["Deflect","Bane"],"picked":"Blade Dance+1","floor":20.0},{"not_picked":["Quick Slash","PiercingWail","Blur"],"picked":"SKIP","floor":23},{"not_picked":["Bane","Doppelganger","All Out Attack"],"picked":"SKIP","floor":24},{"not_picked":["Dagger Spray+1","Quick Slash","Outmaneuver"],"picked":"SKIP","floor":25},{"not_picked":["Blade Dance","Toxin Wave+1","Dash"],"picked":"SKIP","floor":28},{"not_picked":["Blade Dance","Toxin Wave+1","Dash"],"picked":"SKIP","floor":28},{"not_picked":["Bane+1","Underhanded Strike","Eviscerate"],"picked":"SKIP","floor":29},{"not_picked":["Underhanded Strike","Eviscerate"],"picked":"Bane+1","floor":29},{"not_picked":["Flying Knee+1","Dash","PiercingWail+1"],"picked":"SKIP","floor":30},{"not_picked":["A Thousand Cuts","Replay:Bag of Tricks"],"picked":"Envenom","floor":33},{"not_picked":["Sucker Punch","Bane"],"picked":"Hidden Blade+1","floor":35},{"not_picked":["Dagger Spray","Unload"],"picked":"ReplayTheSpireMod:Tripwire+1","floor":40},{"not_picked":["ReplayTheSpireMod:Echoes of Time","infinitespire:Gouge"],"picked":"infinitespire:SevenWalls","floor":41}],"player_experience":26631,"relics_obtained":[{"floor":9.0,"key":"Replay:Bottled Eggs"},{"floor":23,"key":"Blue Candle"},{"floor":25,"key":"Replay:Accelerometer"},{"floor":26,"key":"CaptainsWheel"},{"floor":40,"key":"Bronze Scales"},{"floor":43,"key":"Anchor"}],"event_choices":[{"cards_removed":["Strike_G"],"damage_healed":0.0,"max_hp_gain":0.0,"max_hp_loss":0.0,"gold_gain":0.0,"event_name":"The Cleric","player_choice":"Card Removal","floor":4.0,"gold_loss":50.0,"damage_taken":0.0},{"cards_removed":["Blade Dance"],"damage_healed":0.0,"max_hp_gain":0.0,"max_hp_loss":0.0,"gold_gain":0.0,"event_name":"WeMeetAgain","player_choice":"Gave Card","floor":7.0,"gold_loss":0.0,"damage_taken":0.0,"relics_obtained":["reliquary:RosewoodLute"]},{"damage_healed":0.0,"max_hp_gain":0.0,"max_hp_loss":0.0,"gold_gain":0.0,"event_name":"Cursed Tome","player_choice":"Ignored","floor":21.0,"gold_loss":0.0,"damage_taken":0.0},{"damage_healed":0,"gold_gain":0,"player_choice":"Max HP","damage_taken":0,"max_hp_gain":0,"max_hp_loss":4,"event_name":"Winding Halls","floor":37,"gold_loss":0},{"damage_healed":0,"gold_gain":0,"player_choice":"Memory 1","damage_taken":0,"max_hp_gain":0,"max_hp_loss":0,"event_name":"SensoryStone","floor":38,"gold_loss":0},{"cards_removed":["Blade Dance"],"damage_healed":0,"gold_gain":0,"player_choice":"Removed Skill","damage_taken":0,"max_hp_gain":0,"max_hp_loss":0,"event_name":"Falling","floor":45,"gold_loss":0}],"is_beta":false,"boss_relics":[{"not_picked":["infinitespire:Cupcake","Replay:Wanted Poster","Honey Jar"]},{"not_picked":["HoveringKite","Velvet Choker"],"picked":"Kintsugi"}],"items_purged_floors":[14,22],"is_endless":false,"potions_floor_spawned":[1,3,8,16,18,23,25,28,30,40],"killed_by":"Nightmare","ascension_level":1}}