{"host":"d2gh6suihlstufn7","time":1614333825,"event":{"mods":["AchievementEnabler","BaseMod","Colored Map","Colored Powertips","Minty Spire (QoL Compilation)","Permanent Neow","Quick Restart","StSLib","SuperFastMode"],"gold_per_floor":[116,116,62,62,137,137,169,169,169,184,184,0,20,34,34,132,132,144,144,144,159,159,159,159],"floor_reached":23,"language":"KOR","playtime":527,"items_purged":[],"score":187,"play_id":"f58ba8f2-d773-44fa-a173-f561cd578e27","local_time":"20210226190345","is_ascension_mode":false,"campfire_choices":[{"data":"Core Surge","floor":6.0,"key":"SMITH"},{"floor":11.0,"key":"REST"},{"data":"Hyperbeam","floor":15.0,"key":"SMITH"}],"circlet_count":0,"master_deck":["Strike_B","Defend_B","Defend_B","Defend_B","Zap","Dualcast","Core Surge+1","Cold Snap","Hologram","Defragment","Hyperbeam+1","Biased Cognition","White Noise","Undo","Hyperbeam","Consume","Meteor Strike"],"relics":["Cracked Core","CultistMask","Dead Branch","Shuriken","DataDisk","Inserter"],"acts_visited":["Exordium","TheCity"],"potions_floor_usage":[23],"damage_taken":[{"damage":9.0,"enemies":"Small Slimes","floor":1.0,"turns":3.0},{"damage":16.0,"enemies":"Gremlin Nob","floor":7.0,"turns":4.0},{"damage":4.0,"enemies":"Cultist","floor":10.0,"turns":3.0},{"damage":6.0,"enemies":"Jaw Worm","floor":13.0,"turns":2.0},{"damage":0.0,"enemies":"Looter","floor":14.0,"turns":2.0},{"damage":21.0,"enemies":"Slime Boss","floor":16.0,"turns":9.0},{"damage":9.0,"enemies":"Shell Parasite","floor":18.0,"turns":6.0},{"damage":17.0,"enemies":"2 Thieves","floor":21.0,"turns":2.0},{"damage":0,"enemies":"Slavers","floor":23,"turns":1}],"seed_played":"-7462471098513911758","potions_obtained":[{"floor":7.0,"key":"Explosive Potion"},{"floor":10.0,"key":"Explosive Potion"},{"floor":21.0,"key":"FocusPotion"}],"is_trial":false,"path_per_floor":["M","?","$","?","?","R","E","T","T","M","R","$","M","M","R","B",null,"M","?","?","M","?","E"],"character_chosen":"DEFECT","items_purchased":["Cold Snap","Defragment","DataDisk"],"campfire_rested":1,"item_purchase_floors":[3,12,12],"current_hp_per_floor":[66,66,66,59,48,48,32,32,32,28,50,50,44,44,44,23,75,66,66,66,49,49,49,49],"gold":159,"neow_bonus":"ONE_RANDOM_RARE_CARD","is_daily":false,"chose_seed":false,"campfire_upgraded":2,"win_rate":0.0,"timestamp":1614333825,"path_taken":["M","?","$","?","?","R","E","?","T","M","R","$","M","?","R","BOSS","M","?","?","M","?","E"],"items_purchased_type":["Card","Card","Relic"],"build_version":"2020-12-22","purchased_purges":0,"victory":false,"max_hp_per_floor":[75,75,75,75,75,75,75,75,75,75,75,75,75,75,75,75,75,75,75,75,75,75,75,75],"card_choices":[{"not_picked":["Go for the Eyes","Conserve Battery","Compile Driver"],"picked":"SKIP","floor":1.0},{"not_picked":["Steam","Turbo","Sweeping Beam"],"picked":"SKIP","floor":7.0},{"not_picked":["Capacitor","Steam"],"picked":"Hologram","floor":10.0},{"not_picked":["Sunder","Cold Snap","Rebound"],"picked":"SKIP","floor":13.0},{"not_picked":["Rip and Tear","Cold Snap"],"picked":"Hyperbeam","floor":14.0},{"not_picked":["Buffer","Core Surge"],"picked":"Biased Cognition","floor":16.0},{"not_picked":["Go for the Eyes+1","Redo"],"picked":"White Noise","floor":18.0},{"not_picked":["Hello World","Steam+1"],"picked":"Consume","floor":21.0}],"player_experience":64949,"relics_obtained":[{"floor":7.0,"key":"Dead Branch"},{"floor":9.0,"key":"Shuriken"}],"event_choices":[{"damage_healed":0.0,"max_hp_gain":0.0,"max_hp_loss":0.0,"gold_gain":0.0,"event_name":"FaceTrader","player_choice":"Trade","floor":2.0,"gold_loss":0.0,"damage_taken":0.0,"relics_obtained":["CultistMask"]},{"cards_removed":["Defend_B"],"damage_healed":0.0,"max_hp_gain":0.0,"max_hp_loss":0.0,"gold_gain":0.0,"event_name":"Golden Wing","player_choice":"Card Removal","floor":4.0,"gold_loss":0.0,"damage_taken":7.0},{"damage_healed":0.0,"max_hp_gain":0.0,"max_hp_loss":0.0,"gold_gain":75.0,"event_name":"World of Goop","player_choice":"Gather Gold","floor":5.0,"gold_loss":0.0,"damage_taken":11.0},{"damage_healed":0.0,"max_hp_gain":0.0,"max_hp_loss":0.0,"gold_gain":0.0,"event_name":"Vampires","player_choice":"Ignored","floor":19.0,"gold_loss":0.0,"damage_taken":0.0},{"damage_healed":0.0,"max_hp_gain":0.0,"max_hp_loss":0.0,"gold_gain":0.0,"cards_transformed":["Strike_B","Strike_B"],"event_name":"Drug Dealer","player_choice":"Became Test Subject","floor":20.0,"gold_loss":0.0,"damage_taken":0.0,"cards_obtained":["Undo","Hyperbeam"]},{"damage_healed":0.0,"max_hp_gain":0.0,"max_hp_loss":0.0,"gold_gain":0.0,"cards_transformed":["Strike_B"],"event_name":"Transmorgrifier","player_choice":"Transformed","floor":22.0,"gold_loss":0.0,"damage_taken":0.0,"cards_obtained":["Meteor Strike"]}],"is_beta":false,"boss_relics":[{"not_picked":["Black Star","Snecko Eye"],"picked":"Inserter"}],"items_purged_floors":[],"is_endless":false,"potions_floor_spawned":[7,10,21],"killed_by":"Slavers","ascension_level":0}}