{"host":"gcjbq24aew6ut89u","time":1614318350,"event":{"mods":["BaseMod","Colored Powertips","Highlight Path","KomeijiMod","Lobotomy","Marisa£®ÏF”Í°°ƒß¿Ì…≥£©","Minty Spire (QoL Compilation)","Replay The Spire","Shop Mod","StSLib","The Jungle","Waifu the Spire"],"gold_per_floor":[114,148,166,185,185,218,218,246,294,329,329,348,298,80,80,183,183,203,221,221,221,240,240,240],"floor_reached":23,"language":"ZHS","playtime":1200,"items_purged":["Strike_P"],"score":269,"play_id":"edaeac23-d6b8-409b-b672-6ac931697d53","local_time":"20210226134550","is_ascension_mode":true,"campfire_choices":[{"data":"Eruption","floor":7.0,"key":"SMITH"},{"floor":15.0,"key":"REST"}],"circlet_count":0,"master_deck":["Strike_P+1","Strike_P+1","Defend_P+1","Defend_P+1","Defend_P+1","Defend_P+1","Eruption+1","Vigilance","Prostrate","WindmillStrike+1","DeceiveReality","Nirvana+1","Brilliance","Replay:LoomingThreat","Replay:Vibes","Indignation"],"relics":["PureWater","NeowsBlessing","Replay:Kaleidoscope","ThirstyCross","Pear","Replay:Baseball","ReplayTheSpireMod:Lightbulb","Gremlin Food","Replay:Grab Bag","ChewingGum","SlaversCollar","Snecko Eye"],"acts_visited":["Exordium","TheCity"],"potions_floor_usage":[18],"damage_taken":[{"damage":0.0,"enemies":"Jaw Worm","floor":1.0,"turns":1.0},{"damage":0.0,"enemies":"Cultist","floor":3.0,"turns":1.0},{"damage":0.0,"enemies":"Small Slimes","floor":4.0,"turns":1.0},{"damage":24.0,"enemies":"Lagavulin","floor":6.0,"turns":6.0},{"damage":0.0,"enemies":"Gremlin Nob","floor":8.0,"turns":2.0},{"damage":9.0,"enemies":"Lagavulin","floor":10.0,"turns":5.0},{"damage":0.0,"enemies":"2 Fungi Beasts","floor":12.0,"turns":3.0},{"damage":31.0,"enemies":"Slime Boss","floor":16.0,"turns":10.0},{"damage":20,"enemies":"2 Thieves","floor":18,"turns":4},{"damage":29,"enemies":"3 Byrds","floor":19,"turns":7},{"damage":22,"enemies":"Centurion and Healer","floor":22,"turns":5},{"damage":39,"enemies":"Book of Stabbing","floor":23,"turns":5}],"seed_played":"-8117592827412669396","potions_obtained":[{"floor":1.0,"key":"SkillPotion"},{"floor":3.0,"key":"BlessingOfTheForge"},{"floor":10.0,"key":"FairyPotion"},{"floor":16.0,"key":"Adrenaline Potion"},{"floor":22,"key":"Weak Potion"}],"is_trial":false,"path_per_floor":["M","?","M","M","?","E","R","E","T","E","?","M","?","$","R","B",null,"M","M","?","?","M","E"],"character_chosen":"WATCHER","items_purchased":["Brilliance"],"campfire_rested":1,"item_purchase_floors":[14],"current_hp_per_floor":[72,54,54,54,54,40,40,40,40,31,31,31,31,31,55,24,82,62,33,33,33,11,0,0],"gold":240,"neow_bonus":"THREE_ENEMY_KILL","is_daily":false,"chose_seed":false,"campfire_upgraded":1,"win_rate":0.0,"timestamp":1614318350,"path_taken":["M","?","M","?","?","E","R","E","T","E","?","M","?","$","R","BOSS","M","M","?","?","?","E"],"items_purchased_type":["Card"],"build_version":"2020-12-22","purchased_purges":1,"victory":false,"max_hp_per_floor":[72,72,72,72,72,82,82,82,82,82,82,82,82,82,82,82,82,82,82,82,82,82,82,82],"card_choices":[{"not_picked":["Sanctity","Replay:BluntJabs","Study"],"picked":"SKIP","floor":1.0},{"not_picked":["PathToVictory","CrushJoints"],"picked":"ThirdEye","floor":2.0},{"not_picked":["SashWhip","BowlingBash"],"picked":"JustLucky","floor":3.0},{"not_picked":["ThirdEye","Tantrum","Replay:Battleflow"],"picked":"SKIP","floor":4.0},{"not_picked":["JustLucky","FlyingSleeves"],"picked":"Prostrate","floor":6.0},{"not_picked":["CrushJoints","JustLucky"],"picked":"WindmillStrike","floor":8.0},{"not_picked":["Replay:AtTheReady","Judgement"],"picked":"DeceiveReality","floor":10.0},{"not_picked":["JustLucky","SignatureMove","InnerPeace"],"picked":"SKIP","floor":12.0},{"not_picked":["Ragnarok","MasterReality"],"picked":"Replay:LoomingThreat","floor":16.0},{"not_picked":["JustLucky+1","TalkToTheHand"],"picked":"Replay:Vibes","floor":18},{"not_picked":["Fasting2","Perseverance","Adaptation+1"],"picked":"SKIP","floor":19},{"not_picked":["ClearTheMind","EmptyFist","ThirdEye+1"],"picked":"SKIP","floor":22}],"player_experience":76423,"relics_obtained":[{"floor":2.0,"key":"Replay:Kaleidoscope"},{"floor":6.0,"key":"Pear"},{"floor":8.0,"key":"Replay:Baseball"},{"floor":9.0,"key":"ReplayTheSpireMod:Lightbulb"},{"floor":10.0,"key":"Gremlin Food"}],"event_choices":[{"cards_removed":["Strike_P"],"damage_healed":0.0,"max_hp_gain":0.0,"max_hp_loss":0.0,"gold_gain":0.0,"event_name":"The Cleric","player_choice":"Card Removal","floor":13.0,"gold_loss":50.0,"damage_taken":0.0},{"damage_healed":0,"gold_gain":0,"player_choice":"Simplicity","damage_taken":0,"max_hp_gain":0,"max_hp_loss":0,"event_name":"Back to Basics","floor":20,"gold_loss":0,"cards_upgraded":["Strike_P","Strike_P","Defend_P","Defend_P","Defend_P","Defend_P"]},{"damage_healed":0,"gold_gain":0,"cards_transformed":["JustLucky"],"player_choice":"Transformed","damage_taken":0,"max_hp_gain":0,"max_hp_loss":0,"event_name":"Transmorgrifier","floor":21,"gold_loss":0,"cards_obtained":["Indignation"]}],"is_beta":false,"boss_relics":[{"not_picked":["Fusion Hammer","Calling Bell"],"picked":"Replay:Grab Bag"},{"not_picked":["Runic Dome","Coffee Dripper"],"picked":"ChewingGum"},{"not_picked":["Philosopher\u0027s Stone","Cursed Key"],"picked":"SlaversCollar"},{"not_picked":["Empty Cage","SacredBark"],"picked":"Snecko Eye"}],"items_purged_floors":[14],"is_endless":false,"potions_floor_spawned":[1,3,10,16,22],"killed_by":"Book of Stabbing","ascension_level":3}}