{"host":"1eyyltxzymjj91lz","time":1614375588,"event":{"mods":["BaseMod","Custom Start","Dio Mod","Koishi","Marisa£¨Ùöéë¡¡Øª×âÞÞ£©","Minty Spire (QoL Compilation)","Prisma Mod","StSLib","SuperFastMode","Td1madao Mod","The Animator","The Cursed","The Dragon Tamer","The Poker Player"],"gold_per_floor":[115,115,115,115,115,115,129,139,139,154,170,170,189,209,209,310,310,329,343,343,363,375,408,408,408,434,467,467,480,480,500,500,500,500,500],"floor_reached":33,"language":"KOR","playtime":1572,"items_purged":[],"score":356,"play_id":"efcdb358-b6f9-4ca1-9b4a-92b131123913","local_time":"20210227063948","is_ascension_mode":false,"metric_token":926,"campfire_choices":[{"data":"PokerPlayerMod:Diamond1","floor":6,"key":"SMITH"},{"data":"PokerPlayerMod:Raise","floor":12,"key":"SMITH"},{"data":"PokerPlayerMod:WildCard","floor":15,"key":"SMITH"},{"floor":25,"key":"REST"},{"floor":30,"key":"REST"},{"data":"PokerPlayerMod:ThinkingTime","floor":32,"key":"SMITH"}],"circlet_count":0,"master_deck":["PokerPlayerMod:Diamond2","PokerPlayerMod:Diamond2","PokerPlayerMod:Diamond3","PokerPlayerMod:Diamond4","PokerPlayerMod:Diamond5","PokerPlayerMod:Spade1","PokerPlayerMod:Spade2","PokerPlayerMod:Spade3","PokerPlayerMod:Spade4","PokerPlayerMod:Club1","PokerPlayerMod:Club2","PokerPlayerMod:Heart2","PokerPlayerMod:TrumpStrike","PokerPlayerMod:BadJoker","PokerPlayerMod:Mulligan","PokerPlayerMod:Sharpen+1","PokerPlayerMod:Club2","PokerPlayerMod:Club3","PokerPlayerMod:Club4","PokerPlayerMod:Club5","PokerPlayerMod:Club6","PokerPlayerMod:Club4","PokerPlayerMod:Raise+1","PokerPlayerMod:Trickery","PokerPlayerMod:Raise","PokerPlayerMod:HiddenCard","PokerPlayerMod:WildCard+1","PokerPlayerMod:VarietyAttack","PokerPlayerMod:DartThrow+1","PokerPlayerMod:Raise","Decay","PokerPlayerMod:Raise+1","PokerPlayerMod:MagicTrick","PokerPlayerMod:ThinkingTime+1","PokerPlayerMod:ClubShade+1","PokerPlayerMod:DiamondStrike"],"relics":["PokerPlayerMod:DeckCase","NeowsBlessing","PreservedInsect","Sozu","PokerPlayerMod:StuffedPocket","MutagenicStrength","Lantern","Matryoshka"],"acts_visited":["Exordium","TheCity"],"potions_floor_usage":[13,27,27],"damage_taken":[{"damage":0.0,"enemies":"Jaw Worm","floor":1.0,"turns":1.0},{"damage":0,"enemies":"2 Louse","floor":7,"turns":1},{"damage":0,"enemies":"Cultist","floor":8,"turns":1},{"damage":7,"enemies":"Blue Slaver","floor":10,"turns":3},{"damage":10,"enemies":"Looter","floor":11,"turns":2},{"damage":6,"enemies":"Exordium Thugs","floor":13,"turns":3},{"damage":4,"enemies":"2 Fungi Beasts","floor":14,"turns":3},{"damage":17,"enemies":"Hexaghost","floor":16,"turns":5},{"damage":0,"enemies":"3 Byrds","floor":18,"turns":2},{"damage":1,"enemies":"Chosen","floor":19,"turns":3},{"damage":10,"enemies":"Sentry and Sphere","floor":21,"turns":3},{"damage":17,"enemies":"Cultist and Chosen","floor":22,"turns":5},{"damage":5,"enemies":"Book of Stabbing","floor":23,"turns":3},{"damage":0,"enemies":"Slavers","floor":27,"turns":1},{"damage":14,"enemies":"Shelled Parasite and Fungi","floor":29,"turns":4},{"damage":0,"enemies":"Snecko","floor":31,"turns":2},{"damage":49,"enemies":"Champ","floor":33,"turns":7}],"seed_played":"4451180683930157917","potions_obtained":[{"floor":1.0,"key":"Energy Potion"},{"floor":8,"key":"Fire Potion"},{"floor":10,"key":"FearPotion"},{"floor":16,"key":"BlessingOfTheForge"}],"is_trial":false,"path_per_floor":["M","?","?","?","$","R","M","M","T","M","M","R","M","M","R","B",null,"M","M","?","M","M","E","?","R","T","E","?","M","R","M","R","B"],"character_chosen":"THE_POKER_PLAYER","items_purchased":[],"campfire_rested":2,"item_purchase_floors":[],"current_hp_per_floor":[52,52,52,52,52,52,52,52,52,45,35,35,33,32,32,15,52,52,51,51,41,24,19,19,34,34,34,34,22,37,37,37,0,0,0],"gold":500,"neow_bonus":"THREE_ENEMY_KILL","is_daily":false,"chose_seed":false,"campfire_upgraded":4,"win_rate":0.0,"timestamp":1614375588,"path_taken":["M","?","?","?","?","R","M","M","T","?","M","R","M","M","R","BOSS","M","M","?","?","M","E","?","R","T","E","?","M","R","M","R","BOSS"],"items_purchased_type":[],"build_version":"2020-12-22","purchased_purges":0,"victory":false,"max_hp_per_floor":[52,52,52,52,52,52,52,52,52,52,52,52,52,52,52,52,52,52,52,52,52,52,52,52,52,52,52,52,52,52,52,52,52,52,52],"card_choices":[{"not_picked":["PokerPlayerMod:FlyingCard","PokerPlayerMod:Configure"],"picked":"PokerPlayerMod:Sharpen","floor":1.0},{"not_picked":["PokerPlayerMod:Club2","PokerPlayerMod:MagicTrick"],"picked":"PokerPlayerMod:Club4","floor":7},{"not_picked":["PokerPlayerMod:Spade1","PokerPlayerMod:ClubStrike"],"picked":"PokerPlayerMod:Raise","floor":8},{"not_picked":["PokerPlayerMod:Club2","PokerPlayerMod:Diamond7"],"picked":"PokerPlayerMod:Trickery","floor":10},{"not_picked":["PokerPlayerMod:Diamond2","PokerPlayerMod:SpadeStrike"],"picked":"PokerPlayerMod:Raise","floor":11},{"not_picked":["PokerPlayerMod:CardBurn","PokerPlayerMod:DiamondStrike"],"picked":"PokerPlayerMod:HiddenCard","floor":13},{"not_picked":["PokerPlayerMod:Diamond3","PokerPlayerMod:Diamond1"],"picked":"PokerPlayerMod:WildCard","floor":14},{"not_picked":["PokerPlayerMod:Club10+","PokerPlayerMod:WildCard"],"picked":"PokerPlayerMod:VarietyAttack","floor":16},{"not_picked":["PokerPlayerMod:CloakAndDiamond","PokerPlayerMod:Spade2"],"picked":"PokerPlayerMod:DartThrow+1","floor":18},{"not_picked":["PokerPlayerMod:Heart2","PokerPlayerMod:Club1"],"picked":"PokerPlayerMod:Raise","floor":19},{"not_picked":["PokerPlayerMod:Spade3","PokerPlayerMod:Spade4","PokerPlayerMod:Spade2"],"picked":"SKIP","floor":21},{"not_picked":["PokerPlayerMod:Manipulation+1","PokerPlayerMod:HiddenCard","PokerPlayerMod:Club4"],"picked":"SKIP","floor":22},{"not_picked":["PokerPlayerMod:MagicTrick","PokerPlayerMod:DartThrow"],"picked":"PokerPlayerMod:Raise+1","floor":23},{"not_picked":["PokerPlayerMod:FlyingCard","PokerPlayerMod:Spade9"],"picked":"PokerPlayerMod:MagicTrick","floor":27},{"not_picked":["PokerPlayerMod:Diamond5","PokerPlayerMod:Spade2"],"picked":"PokerPlayerMod:ClubShade+1","floor":29},{"not_picked":["PokerPlayerMod:Spade3","PokerPlayerMod:Spade1"],"picked":"PokerPlayerMod:DiamondStrike","floor":31}],"player_experience":144921,"relics_obtained":[{"floor":9,"key":"PreservedInsect"},{"floor":23,"key":"PokerPlayerMod:StuffedPocket"},{"floor":26,"key":"Lantern"},{"floor":27,"key":"Matryoshka"}],"event_choices":[{"damage_healed":0.0,"max_hp_gain":0.0,"max_hp_loss":0.0,"gold_gain":0.0,"event_name":"Living Wall","player_choice":"Grow","floor":2.0,"gold_loss":0.0,"damage_taken":0.0,"cards_upgraded":["PokerPlayerMod:Sharpen"]},{"damage_healed":0.0,"max_hp_gain":0.0,"max_hp_loss":0.0,"gold_gain":0.0,"event_name":"PokerPlayerMod:ExordiumClub","player_choice":"Jackpot","floor":3.0,"gold_loss":0.0,"damage_taken":0.0,"cards_obtained":["PokerPlayerMod:Club2","PokerPlayerMod:Club3","PokerPlayerMod:Club4","PokerPlayerMod:Club5","PokerPlayerMod:Club6"]},{"damage_healed":0.0,"max_hp_gain":0.0,"max_hp_loss":0.0,"gold_gain":0.0,"event_name":"PokerPlayerMod:ExordiumClub","player_choice":"Jackpot","floor":3.0,"gold_loss":0.0,"damage_taken":0.0,"cards_obtained":["PokerPlayerMod:Club2","PokerPlayerMod:Club3","PokerPlayerMod:Club4","PokerPlayerMod:Club5","PokerPlayerMod:Club6"]},{"damage_healed":0.0,"max_hp_gain":0.0,"max_hp_loss":0.0,"gold_gain":0.0,"event_name":"PokerPlayerMod:ExordiumClub","player_choice":"Jackpot","floor":3.0,"gold_loss":0.0,"damage_taken":0.0,"cards_obtained":["PokerPlayerMod:Club2","PokerPlayerMod:Club3","PokerPlayerMod:Club4","PokerPlayerMod:Club5","PokerPlayerMod:Club6"]},{"damage_healed":0.0,"max_hp_gain":0.0,"max_hp_loss":0.0,"gold_gain":0.0,"event_name":"PokerPlayerMod:ExordiumClub","player_choice":"Jackpot","floor":3.0,"gold_loss":0.0,"damage_taken":0.0,"cards_obtained":["PokerPlayerMod:Club2","PokerPlayerMod:Club3","PokerPlayerMod:Club4","PokerPlayerMod:Club5","PokerPlayerMod:Club6"]},{"damage_healed":0.0,"max_hp_gain":0.0,"max_hp_loss":0.0,"gold_gain":0.0,"event_name":"PokerPlayerMod:ExordiumClub","player_choice":"Jackpot","floor":3.0,"gold_loss":0.0,"damage_taken":0.0,"cards_obtained":["PokerPlayerMod:Club2","PokerPlayerMod:Club3","PokerPlayerMod:Club4","PokerPlayerMod:Club5","PokerPlayerMod:Club6"]},{"damage_healed":0,"gold_gain":0,"player_choice":"Leave","damage_taken":0,"max_hp_gain":0,"max_hp_loss":0,"event_name":"The Cleric","floor":4,"gold_loss":0},{"damage_healed":0,"gold_gain":0,"player_choice":"Cursed","damage_taken":0,"max_hp_gain":0,"max_hp_loss":0,"event_name":"Wheel of Change","floor":20,"gold_loss":0,"cards_obtained":["Decay"]},{"damage_healed":0,"gold_gain":0,"player_choice":"Inject Mutagens","damage_taken":0,"relics_obtained":["MutagenicStrength"],"max_hp_gain":0,"max_hp_loss":0,"event_name":"Drug Dealer","floor":24,"gold_loss":0},{"damage_healed":0,"gold_gain":0,"player_choice":"Think Hard","damage_taken":0,"max_hp_gain":0,"max_hp_loss":0,"event_name":"PokerPlayerMod:Vampires","floor":28,"gold_loss":0,"cards_obtained":["PokerPlayerMod:ThinkingTime"]}],"is_beta":false,"boss_relics":[{"not_picked":["Calling Bell","Cursed Key"],"picked":"Sozu"}],"items_purged_floors":[],"is_endless":false,"potions_floor_spawned":[1,8,10,16,18,19,22,29,31],"killed_by":"Champ","ascension_level":0}}