{"host":"d744ndivyohnro60","time":1614307259,"event":{"mods":["BaseMod","Bestiary","Colored Powertips","Minty Spire (QoL Compilation)","Relic Stats"],"gold_per_floor":[116,81,44,44,67,67,108,108,108,122,147,4,4,43,43,43,43],"floor_reached":16,"language":"ENG","playtime":464,"items_purged":["Injury"],"score":157,"play_id":"31031fee-5ca6-46f4-8759-97c9645d9cb1","local_time":"20210225214059","is_ascension_mode":true,"campfire_choices":[{"data":"Genetic Algorithm","floor":6,"key":"SMITH"},{"data":"Doom and Gloom","floor":8,"key":"SMITH"},{"floor":15,"key":"REST"}],"circlet_count":0,"master_deck":["Strike_B","Strike_B","Strike_B","Strike_B","Defend_B","Defend_B","Defend_B","Defend_B","Zap","Dualcast","Ball Lightning","Doom and Gloom+1","Genetic Algorithm+1","Sweeping Beam","Coolheaded","Turbo","Leap","Capacitor","Auto Shields"],"relics":["SacredBark","Golden Idol","The Courier","Torii","Ice Cream"],"acts_visited":["Exordium"],"potions_floor_usage":[7,14],"damage_taken":[{"damage":9,"enemies":"Jaw Worm","floor":1,"turns":4},{"damage":8,"enemies":"2 Louse","floor":5,"turns":2},{"damage":21,"enemies":"Gremlin Nob","floor":7,"turns":4},{"damage":1,"enemies":"Small Slimes","floor":10,"turns":3},{"damage":0,"enemies":"2 Fungi Beasts","floor":11,"turns":2},{"damage":28,"enemies":"3 Sentries","floor":14,"turns":8},{"damage":57,"enemies":"Slime Boss","floor":16,"turns":8}],"seed_played":"8826259947908351131","potions_obtained":[{"floor":1,"key":"Regen Potion"},{"floor":11,"key":"BlessingOfTheForge"}],"is_trial":false,"path_per_floor":["M","?","$","?","M","R","E","R","T","M","M","$","$","E","R","B"],"character_chosen":"DEFECT","items_purchased":["Doom and Gloom","Leap","Capacitor"],"campfire_rested":1,"item_purchase_floors":[3,12,12],"current_hp_per_floor":[59,75,75,75,67,67,56,56,56,55,55,55,55,27,49,0,0],"gold":43,"neow_bonus":"BOSS_RELIC","is_daily":false,"chose_seed":false,"campfire_upgraded":2,"win_rate":0.0,"timestamp":1614307259,"path_taken":["M","?","$","?","M","R","E","R","T","M","M","?","$","E","R","BOSS"],"items_purchased_type":["Card","Card","Card"],"build_version":"2020-12-22","purchased_purges":1,"victory":false,"max_hp_per_floor":[75,75,75,75,75,75,75,75,75,75,75,75,75,75,75,75,75],"relic_stats":{"Torii":12,"counters":[7,31],"Golden Idol":29,"obtain_stats":[{"Ice Cream":14,"Torii":9,"Golden Idol":4,"SacredBark":0,"The Courier":7,"Cracked Core":0},{"Ice Cream":6,"Torii":3,"Golden Idol":1,"SacredBark":0,"The Courier":3,"Cracked Core":0},{"Ice Cream":23,"Torii":10,"Golden Idol":4,"SacredBark":0,"The Courier":10,"Cracked Core":0}]},"card_choices":[{"not_picked":["Melter","Go for the Eyes"],"picked":"Ball Lightning","floor":1},{"not_picked":["Ball Lightning","Compile Driver"],"picked":"Genetic Algorithm","floor":5},{"not_picked":["Conserve Battery","Hyperbeam"],"picked":"Sweeping Beam","floor":7},{"not_picked":["Steam","Compile Driver"],"picked":"Coolheaded","floor":10},{"not_picked":["Cold Snap","Coolheaded"],"picked":"Turbo","floor":11},{"not_picked":["Steam Power","Recycle"],"picked":"Auto Shields","floor":14}],"player_experience":289457,"relics_obtained":[{"floor":7,"key":"The Courier"},{"floor":9,"key":"Torii"},{"floor":14,"key":"Ice Cream"}],"event_choices":[{"damage_healed":18,"gold_gain":0,"player_choice":"Healed","damage_taken":0,"max_hp_gain":0,"max_hp_loss":0,"event_name":"The Cleric","floor":2,"gold_loss":35},{"damage_healed":0,"gold_gain":0,"player_choice":"Take Wound","damage_taken":0,"relics_obtained":["Golden Idol"],"max_hp_gain":0,"max_hp_loss":0,"event_name":"Golden Idol","floor":4,"gold_loss":0,"cards_obtained":["Injury"]}],"is_beta":false,"boss_relics":[],"items_purged_floors":[12],"is_endless":false,"potions_floor_spawned":[1,11],"killed_by":"Slime Boss","ascension_level":9}}