{"host":"8ki4rp59nppvqwda","time":1614299659,"event":{"mods":["AlwaysNeverKeys","BaseMod","Hermit","Minty Spire (QoL Compilation)","Robot Space Explorer","SacredBarkPlus","StSLib","The Cursed","The Necromancer","The Trickster"],"gold_per_floor":[118,68,68,83,98,98,132,148,173,228,263,263,280,300,300,395,395,406,406,424,349,363,363,382,402,427,427,455,455,466,486,486,584,584,603,653,506,525,26,56,56,56,56,83,83,113,74,109,109,109],"floor_reached":51,"language":"ENG","playtime":7399,"items_purged":["theTrickster:FirstAidKit","theTrickster:Decoy"],"score":1359,"play_id":"c6eca98e-1240-4c95-993b-3d5478963165","local_time":"20210225193419","is_ascension_mode":true,"campfire_choices":[{"data":"theTrickster:Gunblade","floor":6.0,"key":"SMITH"},{"data":"theTrickster:CreateAnOpening","floor":15.0,"key":"SMITH"},{"data":"theTrickster:PistolWhip","floor":23.0,"key":"SMITH"},{"data":"theTrickster:KeepCool","floor":27.0,"key":"SMITH"},{"data":"theTrickster:BackStep","floor":29.0,"key":"SMITH"},{"data":"theTrickster:SuperiorTactics+1","floor":32.0,"key":"SMITH"},{"data":"theTrickster:BlurTheLines","floor":41.0,"key":"SMITH"},{"data":"theTrickster:MistForm","floor":49,"key":"SMITH"}],"circlet_count":0,"master_deck":["theTrickster:DaringSlash+1","theTrickster:BackStep+1","theTrickster:RampingUpStrike+1","theTrickster:Gunblade+1","theTrickster:CreateAnOpening+1","theTrickster:NickAndSkid","theTrickster:Impale+1","theTrickster:NickAndSkid+1","theTrickster:PistolWhip+1","theTrickster:SmokeOfConfusion+1","theTrickster:ImpulsiveDefend+1","theTrickster:KeepCool+1","theTrickster:BattlePlan+1","theTrickster:Feint+1","theTrickster:SuperiorTactics+2","theTrickster:SwiftAsTheWind+1","theTrickster:ImpulsiveStrike+1","theTrickster:MistForm+1","theTrickster:BlurTheLines+1","theTrickster:ImpulsiveDefend","theTrickster:BulletRain","theTrickster:PlayingWithFire","theTrickster:BetterSafe","theTrickster:DebilitatingShot+1","theTrickster:MentalStrength+1","Madness+1","Madness+1","theTrickster:DeepPockets+1","theTrickster:Reposition+1"],"relics":["theTrickster:OpticalIllusionRelic","Boot","White Beast Statue","Orichalcum","Pen Nib","theTrickster:DesertRoseRelic","Lantern","Whetstone","Coffee Dripper","Anchor","Oddly Smooth Stone","Pandora\u0027s Box","Ginger","Eternal Feather","Nunchaku","Toxic Egg 2","Singing Bowl","Kunai","Happy Flower","Question Card"],"acts_visited":["Exordium","TheCity","TheBeyond"],"potions_floor_usage":[50],"damage_taken":[{"damage":1.0,"enemies":"2 Louse","floor":1.0,"turns":2.0},{"damage":1.0,"enemies":"Jaw Worm","floor":4.0,"turns":4.0},{"damage":0.0,"enemies":"Cultist","floor":5.0,"turns":4.0},{"damage":0.0,"enemies":"Gremlin Nob","floor":7.0,"turns":2.0},{"damage":8.0,"enemies":"Gremlin Gang","floor":8.0,"turns":5.0},{"damage":1.0,"enemies":"Lagavulin Event","floor":10.0,"turns":5.0},{"damage":0.0,"enemies":"3 Sentries","floor":11.0,"turns":8.0},{"damage":0.0,"enemies":"2 Fungi Beasts","floor":13.0,"turns":2.0},{"damage":0.0,"enemies":"Blue Slaver","floor":14.0,"turns":1.0},{"damage":18.0,"enemies":"Hexaghost","floor":16.0,"turns":9.0},{"damage":0.0,"enemies":"Shell Parasite","floor":18.0,"turns":4.0},{"damage":1.0,"enemies":"3 Byrds","floor":20.0,"turns":2.0},{"damage":0.0,"enemies":"Snake Plant","floor":22.0,"turns":4.0},{"damage":0.0,"enemies":"Shelled Parasite and Fungi","floor":24.0,"turns":3.0},{"damage":0.0,"enemies":"Snecko","floor":25.0,"turns":4.0},{"damage":0.0,"enemies":"Slavers","floor":28.0,"turns":4.0},{"damage":0.0,"enemies":"Centurion and Healer","floor":30.0,"turns":6.0},{"damage":4.0,"enemies":"3 Cultists","floor":31.0,"turns":4.0},{"damage":0.0,"enemies":"Automaton","floor":33.0,"turns":7.0},{"damage":2.0,"enemies":"Orb Walker","floor":35.0,"turns":2.0},{"damage":2.0,"enemies":"Mind Bloom Boss Battle","floor":36.0,"turns":5.0},{"damage":7.0,"enemies":"3 Darklings","floor":38.0,"turns":3.0},{"damage":0.0,"enemies":"Giant Head","floor":40.0,"turns":4.0},{"damage":0.0,"enemies":"Reptomancer","floor":44.0,"turns":4.0},{"damage":2.0,"enemies":"Giant Head","floor":46.0,"turns":5.0},{"damage":1,"enemies":"Reptomancer","floor":48,"turns":3},{"damage":5,"enemies":"Awakened One","floor":50,"turns":6}],"seed_played":"-272845528308978090","potions_obtained":[{"floor":1.0,"key":"EssenceOfSteel"},{"floor":4.0,"key":"FearPotion"},{"floor":5.0,"key":"AttackPotion"},{"floor":7.0,"key":"Swift Potion"},{"floor":8.0,"key":"theTrickster:PresciencePotion"},{"floor":10.0,"key":"GamblersBrew"},{"floor":11.0,"key":"Ancient Potion"},{"floor":13.0,"key":"Fire Potion"},{"floor":14.0,"key":"Block Potion"},{"floor":16.0,"key":"theTrickster:PresciencePotion"},{"floor":18.0,"key":"LiquidBronze"},{"floor":20.0,"key":"Energy Potion"},{"floor":22.0,"key":"SteroidPotion"},{"floor":25.0,"key":"Fire Potion"},{"floor":28.0,"key":"SkillPotion"},{"floor":30.0,"key":"Fruit Juice"},{"floor":31.0,"key":"Weak Potion"},{"floor":33.0,"key":"Dexterity Potion"},{"floor":35.0,"key":"SpeedPotion"},{"floor":36.0,"key":"Ancient Potion"},{"floor":38.0,"key":"FairyPotion"},{"floor":40.0,"key":"Ancient Potion"},{"floor":44.0,"key":"LiquidMemories"},{"floor":46.0,"key":"ColorlessPotion"}],"is_trial":false,"path_per_floor":["M","?","T","M","M","R","E","M","T","?","E","T","M","M","R","B",null,"M","?","M","?","M","R","M","M","T","R","E","R","M","M","R","B",null,"M","?","$","M","$","E","R","?","T","E","?","E","$","E","R","B",null],"character_chosen":"THE_TRICKSTER","items_purchased":["Regen Potion","Eternal Feather","Nunchaku","theTrickster:DeepPockets+1"],"campfire_rested":0,"item_purchase_floors":[37,39,39,47],"current_hp_per_floor":[67,67,67,66,66,66,66,58,58,57,57,57,57,57,57,39,66,66,52,51,51,51,51,51,51,51,51,51,51,56,52,52,52,77,75,73,73,75,75,75,85,85,85,87,76,76,76,75,89,84],"gold":109,"neow_bonus":"RANDOM_COMMON_RELIC","is_daily":false,"chose_seed":false,"campfire_upgraded":8,"win_rate":0.0,"timestamp":1614299659,"path_taken":["M","?","?","?","?","R","E","M","T","?","E","?","M","M","R","BOSS","M","?","M","?","M","R","M","M","T","R","E","R","M","M","R","BOSS","M","?","$","M","$","E","R","?","T","E","?","E","?","E","R","BOSS"],"items_purchased_type":["Potion","Relic","Relic","Card"],"build_version":"2020-12-22","purchased_purges":2,"victory":true,"max_hp_per_floor":[75,75,75,75,75,75,75,75,75,75,75,75,75,75,75,75,75,75,80,80,80,80,80,80,80,80,80,80,80,85,85,85,85,85,85,85,85,85,85,85,85,85,85,87,87,89,89,89,89,89],"card_choices":[{"not_picked":["theTrickster:Parry","theTrickster:CautiousManeuver"],"picked":"theTrickster:RampingUpStrike","floor":1.0},{"not_picked":["theTrickster:SharpBlade","theTrickster:SmokeAndMirrors"],"picked":"theTrickster:FirstAidKit","floor":4.0},{"not_picked":["theTrickster:Salvage","theTrickster:MentalStrength"],"picked":"theTrickster:Gunblade","floor":5.0},{"not_picked":["theTrickster:IntrepidRush","theTrickster:DebilitatingShot"],"picked":"theTrickster:CreateAnOpening","floor":7.0},{"not_picked":["theTrickster:CautiousManeuver","theTrickster:ImpulsiveStrike"],"picked":"theTrickster:NickAndSkid","floor":8.0},{"not_picked":["theTrickster:ImpulsiveDefend","theTrickster:TrickyDefend"],"picked":"theTrickster:Impale","floor":11.0},{"not_picked":["theTrickster:TacticalDefend","theTrickster:TrickyStrike"],"picked":"theTrickster:SwiftSlash","floor":13.0},{"not_picked":["theTrickster:Audacity","theTrickster:TrickyDefend"],"picked":"theTrickster:NickAndSkid","floor":14.0},{"not_picked":["theTrickster:Impale","theTrickster:KeepCool"],"picked":"theTrickster:PistolWhip","floor":16.0},{"not_picked":["theTrickster:KillThemAll+1","theTrickster:ImpulsiveStrike","theTrickster:RampingUpStrike"],"picked":"SKIP","floor":18.0},{"not_picked":["theTrickster:DebilitatingShot","theTrickster:SharpBlade"],"picked":"theTrickster:SmokeOfConfusion+1","floor":20.0},{"not_picked":["theTrickster:Parry+1","theTrickster:DebilitatingShot"],"picked":"theTrickster:ImpulsiveDefend+1","floor":22.0},{"not_picked":["theTrickster:HotSteel+1","theTrickster:Audacity+1","theTrickster:DebilitatingShot"],"picked":"SKIP","floor":24.0},{"not_picked":["theTrickster:IntrepidRush","theTrickster:RampingUpDefend"],"picked":"theTrickster:KeepCool","floor":25.0},{"not_picked":["theTrickster:SwiftSlash+1","theTrickster:Audacity"],"picked":"theTrickster:BattlePlan+1","floor":28.0},{"not_picked":["theTrickster:Distract+1","theTrickster:IntrepidRush+1"],"picked":"theTrickster:Feint","floor":30.0},{"not_picked":["theTrickster:TrickyDefend","theTrickster:DebilitatingShot+1"],"picked":"theTrickster:SuperiorTactics","floor":31.0},{"not_picked":["theTrickster:Impale","theTrickster:Efficiency"],"picked":"theTrickster:SwiftAsTheWind","floor":33.0},{"not_picked":["theTrickster:TickingPackage","theTrickster:TrickyStrike+1","theTrickster:HandGrenade"],"picked":"SKIP","floor":35.0},{"not_picked":["theTrickster:CreateAnOpening","theTrickster:EnhancingDrug"],"picked":"theTrickster:DebilitatingShot+1","floor":36.0},{"not_picked":["theTrickster:ImpulsiveStrike","theTrickster:FirstAidKit","theTrickster:Frenzy"],"picked":"SKIP","floor":38.0},{"not_picked":["theTrickster:SmokeOfConfusion+1","theTrickster:TickingPackage+1"],"picked":"theTrickster:MentalStrength","floor":40.0},{"not_picked":["theTrickster:KillThemAll","theTrickster:TickingPackage+1","theTrickster:Parry+1"],"picked":"Singing Bowl","floor":44.0},{"not_picked":["theTrickster:BladeSurge+1","theTrickster:FirstAidKit+1","theTrickster:KillThemAll"],"picked":"Singing Bowl","floor":46.0},{"not_picked":["theTrickster:ImpulsiveDefend+1","theTrickster:OminousSmile+1"],"picked":"theTrickster:Reposition+1","floor":48}],"player_experience":1356509,"relics_obtained":[{"floor":3.0,"key":"White Beast Statue"},{"floor":7.0,"key":"Orichalcum"},{"floor":9.0,"key":"Pen Nib"},{"floor":10.0,"key":"theTrickster:DesertRoseRelic"},{"floor":11.0,"key":"Lantern"},{"floor":12.0,"key":"Whetstone"},{"floor":26.0,"key":"Anchor"},{"floor":28.0,"key":"Oddly Smooth Stone"},{"floor":36.0,"key":"Ginger"},{"floor":40.0,"key":"Toxic Egg 2"},{"floor":43.0,"key":"Singing Bowl"},{"floor":44.0,"key":"Kunai"},{"floor":46.0,"key":"Happy Flower"},{"floor":48,"key":"Question Card"}],"event_choices":[{"cards_removed":["theTrickster:Strike_Brown"],"damage_healed":0.0,"max_hp_gain":0.0,"max_hp_loss":0.0,"gold_gain":0.0,"event_name":"The Cleric","player_choice":"Card Removal","floor":2.0,"gold_loss":50.0,"damage_taken":0.0},{"damage_healed":0.0,"max_hp_gain":0.0,"max_hp_loss":0.0,"gold_gain":0.0,"event_name":"Dead Adventurer","player_choice":"Searched \u00271\u0027 times","floor":10.0,"gold_loss":0.0,"damage_taken":0.0},{"damage_healed":0.0,"max_hp_gain":5.0,"max_hp_loss":0.0,"gold_gain":0.0,"event_name":"Forgotten Altar","player_choice":"Shed Blood","floor":19.0,"gold_loss":0.0,"damage_taken":19.0},{"cards_removed":["theTrickster:Defend_Brown"],"damage_healed":0.0,"max_hp_gain":0.0,"max_hp_loss":0.0,"gold_gain":0.0,"event_name":"Beggar","player_choice":"Gave Gold","floor":21.0,"gold_loss":75.0,"damage_taken":0.0},{"damage_healed":0.0,"max_hp_gain":0.0,"max_hp_loss":0.0,"gold_gain":0.0,"event_name":"MindBloom","player_choice":"Fight","floor":36.0,"gold_loss":0.0,"damage_taken":0.0},{"cards_removed":["theTrickster:SwiftSlash"],"damage_healed":0.0,"max_hp_gain":0.0,"max_hp_loss":0.0,"gold_gain":0.0,"event_name":"Falling","player_choice":"Removed Attack","floor":42.0,"gold_loss":0.0,"damage_taken":0.0},{"damage_healed":0.0,"max_hp_gain":0.0,"max_hp_loss":0.0,"gold_gain":0.0,"event_name":"Winding Halls","player_choice":"Embrace Madness","floor":45.0,"gold_loss":0.0,"damage_taken":11.0,"cards_obtained":["Madness","Madness"]}],"is_beta":false,"boss_relics":[{"not_picked":["theTrickster:RunicTorusRelic","theTrickster:AncientPicklesRelic"],"picked":"Coffee Dripper"},{"not_picked":["Fusion Hammer","Runic Dome"],"picked":"Pandora\u0027s Box"}],"items_purged_floors":[37,39],"is_endless":false,"potions_floor_spawned":[1,4,5,7,8,10,11,13,14,16,18,20,22,24,25,28,30,31,33,35,36,38,40,44,46,48],"ascension_level":6}}