{"host":"3sqvgza1l4ip9ny1","time":1614360596,"event":{"mods":["BaseMod","Minty Spire (QoL Compilation)"],"gold_per_floor":[125,212,244,269,298,310,356,386,398,410,450,462,474,486,498,609,621,650,662,774,796,826,838,866,878,890,927,383,416,416,331,331,429,429,449,449,749,767,787,819,819,836,863,888,901,901,927,342,342,342,342,342,15,44,44],"floor_reached":56,"language":"ENG","playtime":3800,"items_purged":["Strike_G","Strike_G"],"score":1411,"play_id":"805267ef-79bd-44bf-ac8e-14b8be931b5d","local_time":"20210226172956","is_ascension_mode":true,"campfire_choices":[{"data":"Blade Dance","floor":6,"key":"SMITH"},{"data":"Tools of the Trade","floor":10,"key":"SMITH"},{"data":"Footwork","floor":12,"key":"SMITH"},{"floor":15,"key":"REST"},{"data":"Cloak And Dagger","floor":23,"key":"SMITH"},{"data":"Crippling Poison","floor":25,"key":"SMITH"},{"data":"Crippling Poison","floor":30,"key":"SMITH"},{"data":"Underhanded Strike","floor":32,"key":"SMITH"},{"floor":41,"key":"RECALL"},{"floor":49,"key":"REST"},{"floor":52,"key":"REST"}],"circlet_count":0,"master_deck":["Strike_G+1","Defend_G","Defend_G","Defend_G","Defend_G","Defend_G","Survivor","Neutralize","Blade Dance+1","Reflex+1","Footwork+1","All Out Attack","Tools of the Trade+1","Noxious Fumes+1","Crippling Poison+1","After Image+1","Cloak And Dagger+1","Underhanded Strike+1","Crippling Poison+1","Caltrops+1","Caltrops+1","Tools of the Trade+1","Tactician+1","Prepared+1","Terror+1","Terror+1","Underhanded Strike","Blur+1","Accuracy+1","Phantasmal Killer","Blur","Caltrops+1"],"relics":["Ring of the Snake","MawBank","FossilizedHelix","Pocketwatch","Frozen Egg 2","Sozu","Bird Faced Urn","Singing Bowl","Red Mask","Medical Kit","Nunchaku","Blood Vial","Omamori","Incense Burner","Fusion Hammer","PreservedInsect","Dream Catcher","Pantograph","Bottled Tornado","Centennial Puzzle","Bottled Lightning","White Beast Statue"],"acts_visited":["Exordium","TheCity","TheBeyond","TheEnding"],"potions_floor_usage":[11,16],"damage_taken":[{"damage":1,"enemies":"Jaw Worm","floor":1,"turns":5},{"damage":0,"enemies":"Small Slimes","floor":3,"turns":3},{"damage":0,"enemies":"2 Louse","floor":4,"turns":4},{"damage":3,"enemies":"Looter","floor":5,"turns":4},{"damage":21,"enemies":"Lagavulin","floor":7,"turns":9},{"damage":0,"enemies":"3 Louse","floor":8,"turns":4},{"damage":11,"enemies":"3 Sentries","floor":11,"turns":7},{"damage":7,"enemies":"The Guardian","floor":16,"turns":10},{"damage":0,"enemies":"Spheric Guardian","floor":18,"turns":6},{"damage":1,"enemies":"2 Thieves","floor":21,"turns":4},{"damage":0,"enemies":"Centurion and Healer","floor":22,"turns":7},{"damage":0,"enemies":"Sentry and Sphere","floor":24,"turns":6},{"damage":0,"enemies":"Masked Bandits","floor":27,"turns":4},{"damage":0,"enemies":"Gremlin Leader","floor":29,"turns":6},{"damage":9,"enemies":"Automaton","floor":33,"turns":8},{"damage":17,"enemies":"Orb Walker","floor":35,"turns":4},{"damage":6,"enemies":"3 Shapes","floor":38,"turns":4},{"damage":0,"enemies":"Jaw Worm Horde","floor":39,"turns":4},{"damage":27,"enemies":"Reptomancer","floor":40,"turns":6},{"damage":5,"enemies":"4 Shapes","floor":42,"turns":4},{"damage":7,"enemies":"Nemesis","floor":44,"turns":5},{"damage":0,"enemies":"Writhing Mass","floor":45,"turns":6},{"damage":0,"enemies":"Giant Head","floor":47,"turns":6},{"damage":9,"enemies":"Time Eater","floor":50,"turns":14},{"damage":37,"enemies":"Shield and Spear","floor":54,"turns":4},{"damage":62,"enemies":"The Heart","floor":55,"turns":9}],"seed_played":"-2719930573545033255","potions_obtained":[{"floor":7,"key":"DuplicationPotion"},{"floor":11,"key":"Regen Potion"}],"is_trial":false,"path_per_floor":["M","?","M","M","M","R","E","M","T","R","E","R","?","?","R","B",null,"M","?","?","M","M","R","M","R","T","?","$","E","R","?","R","B",null,"M","?","?","M","M","E","R","M","T","E","M","?","E","$","R","B",null,"R","$","E","B",null],"character_chosen":"THE_SILENT","items_purchased":["Medical Kit","Nunchaku","Blood Vial","Caltrops+1","Blur","Bottled Tornado","Centennial Puzzle","Bottled Lightning","Caltrops+1"],"campfire_rested":3,"item_purchase_floors":[28,28,28,28,48,48,48,53,53],"current_hp_per_floor":[69,58,58,58,55,55,34,34,34,34,23,23,9,9,30,38,70,70,70,70,70,70,70,70,70,70,70,70,70,70,70,70,61,70,53,53,53,63,70,49,49,58,58,63,70,66,66,66,68,65,68,70,70,37,18],"gold":44,"neow_bonus":"RANDOM_COMMON_RELIC","is_daily":false,"chose_seed":false,"campfire_upgraded":7,"win_rate":0.0,"timestamp":1614360596,"path_taken":["M","?","M","M","M","R","E","M","T","R","E","R","?","?","R","BOSS","M","?","?","?","M","R","M","R","T","?","?","E","R","?","R","BOSS","M","?","?","?","?","E","R","M","T","E","M","?","E","$","R","BOSS","R","$","E","BOSS"],"items_purchased_type":["Relic","Relic","Relic","Card","Card","Relic","Relic","Relic","Card"],"build_version":"2020-12-22","purchased_purges":2,"victory":true,"max_hp_per_floor":[70,70,70,70,70,70,70,70,70,70,70,70,70,70,70,70,70,70,70,70,70,70,70,70,70,70,70,70,70,70,70,70,70,70,70,70,70,70,70,70,70,70,70,70,70,66,66,66,68,68,68,70,70,72,72],"card_choices":[{"not_picked":["Dagger Spray","Cloak And Dagger"],"picked":"Blade Dance","floor":1},{"not_picked":["Bane","Dagger Spray"],"picked":"Reflex","floor":3},{"not_picked":["Deflect","Infinite Blades"],"picked":"Footwork","floor":4},{"not_picked":["Skewer","Quick Slash"],"picked":"All Out Attack","floor":5},{"not_picked":["Choke","Cloak And Dagger"],"picked":"Tools of the Trade","floor":7},{"not_picked":["Sucker Punch","Catalyst","Quick Slash"],"picked":"SKIP","floor":8},{"not_picked":["Leg Sweep","Terror"],"picked":"Noxious Fumes+1","floor":11},{"not_picked":["Venomology","Adrenaline"],"picked":"After Image+1","floor":16},{"not_picked":["Bane","Dagger Spray","Deadly Poison"],"picked":"SKIP","floor":18},{"not_picked":["Poisoned Stab+1","Riddle With Holes","Backflip"],"picked":"SKIP","floor":21},{"not_picked":["Riddle With Holes","Dagger Throw"],"picked":"Cloak And Dagger","floor":22},{"not_picked":["Slice+1","Skewer"],"picked":"Underhanded Strike","floor":24},{"not_picked":["Finisher","Sucker Punch"],"picked":"Crippling Poison","floor":27},{"not_picked":["Underhanded Strike","Quick Slash"],"picked":"Caltrops+1","floor":29},{"not_picked":["Malaise","Glass Knife"],"picked":"Tools of the Trade+1","floor":33},{"not_picked":["Cloak And Dagger","PiercingWail+1"],"picked":"Tactician+1","floor":35},{"not_picked":["Bouncing Flask+1","Acrobatics"],"picked":"Prepared+1","floor":38},{"not_picked":["Underhanded Strike+1","Finisher"],"picked":"Terror+1","floor":39},{"not_picked":["Slice+1","Quick Slash"],"picked":"Terror+1","floor":40},{"not_picked":["Leg Sweep","Choke"],"picked":"Underhanded Strike","floor":42},{"not_picked":["Masterful Stab+1","Sucker Punch+1"],"picked":"Blur+1","floor":44},{"not_picked":["Slice","Infinite Blades+1"],"picked":"Accuracy+1","floor":45},{"not_picked":["Dagger Throw+1","Tactician+1"],"picked":"Phantasmal Killer","floor":47},{"not_picked":["Distraction","Slice+1","Prepared+1"],"picked":"Singing Bowl","floor":49},{"not_picked":["Deadly Poison","Slice","Calculated Gamble+1"],"picked":"Singing Bowl","floor":52},{"not_picked":["Flechettes","Expertise+1","Backflip"],"picked":"Singing Bowl","floor":54}],"player_experience":230319,"relics_obtained":[{"floor":7,"key":"FossilizedHelix"},{"floor":9,"key":"Pocketwatch"},{"floor":11,"key":"Frozen Egg 2"},{"floor":26,"key":"Singing Bowl"},{"floor":27,"key":"Red Mask"},{"floor":29,"key":"Omamori"},{"floor":40,"key":"PreservedInsect"},{"floor":44,"key":"Dream Catcher"},{"floor":47,"key":"Pantograph"},{"floor":54,"key":"White Beast Statue"}],"event_choices":[{"damage_healed":0,"gold_gain":75,"player_choice":"Gather Gold","damage_taken":11,"max_hp_gain":0,"max_hp_loss":0,"event_name":"World of Goop","floor":2,"gold_loss":0},{"damage_healed":0,"gold_gain":0,"player_choice":"Entered Light","damage_taken":14,"max_hp_gain":0,"max_hp_loss":0,"event_name":"Shining Light","floor":13,"gold_loss":0,"cards_upgraded":["Reflex","Strike_G"]},{"damage_healed":0,"gold_gain":0,"cards_transformed":["Strike_G"],"player_choice":"Change","damage_taken":0,"max_hp_gain":0,"max_hp_loss":0,"event_name":"Living Wall","floor":14,"gold_loss":0,"cards_obtained":["Crippling Poison"]},{"damage_healed":0,"gold_gain":0,"player_choice":"Opened","damage_taken":0,"relics_obtained":["Bird Faced Urn"],"max_hp_gain":0,"max_hp_loss":0,"event_name":"The Mausoleum","floor":19,"gold_loss":0},{"damage_healed":0,"gold_gain":100,"player_choice":"Pray","damage_taken":0,"max_hp_gain":0,"max_hp_loss":0,"event_name":"Golden Shrine","floor":20,"gold_loss":0},{"damage_healed":0,"gold_gain":0,"player_choice":"Fought Bandits","damage_taken":0,"max_hp_gain":0,"max_hp_loss":0,"event_name":"Masked Bandits","floor":27,"gold_loss":0},{"damage_healed":0,"gold_gain":0,"player_choice":"Obtained Relic","damage_taken":0,"relics_obtained":["Incense Burner"],"max_hp_gain":0,"max_hp_loss":0,"event_name":"Addict","floor":31,"gold_loss":85},{"cards_removed":["Strike_G"],"damage_healed":0,"gold_gain":0,"player_choice":"Removed Attack","damage_taken":0,"max_hp_gain":0,"max_hp_loss":0,"event_name":"Falling","floor":36,"gold_loss":0},{"damage_healed":0,"gold_gain":300,"player_choice":"Gold","damage_taken":0,"max_hp_gain":0,"max_hp_loss":0,"event_name":"Wheel of Change","floor":37,"gold_loss":0},{"damage_healed":0,"gold_gain":0,"player_choice":"Max HP","damage_taken":0,"max_hp_gain":0,"max_hp_loss":4,"event_name":"Winding Halls","floor":46,"gold_loss":0}],"is_beta":false,"boss_relics":[{"not_picked":["Busted Crown","Calling Bell"],"picked":"Sozu"},{"not_picked":["Snecko Eye","SacredBark"],"picked":"Fusion Hammer"}],"items_purged_floors":[28,48],"is_endless":false,"potions_floor_spawned":[7,11,21,22,27,35,39,40,42],"ascension_level":3}}