{"host":"p9xedk00duaz8l9n","time":1614334487,"event":{"mods":["BaseMod","Colored Map","DeckTracker","Highlight Path","Minty Spire (QoL Compilation)","Relic Stats","SuperFastMode"],"gold_per_floor":[115,40,115,115,40,66,90,104,104,104,136,136,165,183,183,255,255,274,290,102,102,117,144,144,12,39,66,78,365,411,443,455,546,558,586,612,345,345,359,391,391,391,391],"floor_reached":42,"language":"JPN","playtime":1668,"items_purged":["Strike_R","Strike_R"],"score":1125,"play_id":"20d406ce-5712-4f28-b5cf-5039e91a873c","local_time":"20210226191447","is_ascension_mode":true,"campfire_choices":[{"data":"Rampage","floor":10.0,"key":"SMITH"},{"data":"Whirlwind","floor":12.0,"key":"SMITH"},{"data":"Bash","floor":15.0,"key":"SMITH"},{"data":"Fiend Fire","floor":24.0,"key":"SMITH"},{"data":"Dual Wield","floor":32.0,"key":"SMITH"},{"data":"Flame Barrier","floor":41,"key":"SMITH"}],"circlet_count":0,"master_deck":["AscendersBane","Defend_R","Defend_R","Defend_R","Bash+1","Whirlwind+1","Thunderclap","Rampage+1","Metallicize","Seeing Red","Fiend Fire+1","Inflame","Flame Barrier+1","Blood for Blood","Flame Barrier+1","Dual Wield+1","Exhume","Perfected Strike","Reaper","Reaper","True Grit"],"relics":["Burning Blood","NeowsBlessing","Meat on the Bone","Omamori","Nunchaku","Bag of Preparation","Letter Opener","Snecko Eye","Potion Belt","Vajra","MawBank","Bag of Marbles","Velvet Choker","Paper Frog","WarpedTongs","Blood Vial"],"acts_visited":["Exordium","TheCity","TheBeyond"],"potions_floor_usage":[42,42],"damage_taken":[{"damage":0.0,"enemies":"Jaw Worm","floor":1.0,"turns":1.0},{"damage":0.0,"enemies":"Lagavulin","floor":6.0,"turns":1.0},{"damage":0.0,"enemies":"2 Louse","floor":8.0,"turns":1.0},{"damage":40.0,"enemies":"3 Sentries","floor":11.0,"turns":6.0},{"damage":26.0,"enemies":"Gremlin Nob","floor":13.0,"turns":4.0},{"damage":0.0,"enemies":"Cultist","floor":14.0,"turns":2.0},{"damage":40.0,"enemies":"The Guardian","floor":16.0,"turns":10.0},{"damage":27.0,"enemies":"Chosen","floor":18.0,"turns":4.0},{"damage":0.0,"enemies":"Shell Parasite","floor":19.0,"turns":1.0},{"damage":8.0,"enemies":"Centurion and Healer","floor":22.0,"turns":5.0},{"damage":14.0,"enemies":"Gremlin Leader","floor":23.0,"turns":3.0},{"damage":4.0,"enemies":"Slavers","floor":27.0,"turns":3.0},{"damage":0.0,"enemies":"Gremlin Leader","floor":30.0,"turns":2.0},{"damage":0.0,"enemies":"3 Cultists","floor":31.0,"turns":3.0},{"damage":47.0,"enemies":"Champ","floor":33.0,"turns":9.0},{"damage":50,"enemies":"3 Darklings","floor":35,"turns":5},{"damage":0,"enemies":"Orb Walker","floor":36,"turns":1},{"damage":32,"enemies":"Maw","floor":39,"turns":7},{"damage":26,"enemies":"Reptomancer","floor":40,"turns":5},{"damage":84,"enemies":"Nemesis","floor":42,"turns":5}],"seed_played":"7557959819855818289","potions_obtained":[{"floor":6.0,"key":"Strength Potion"},{"floor":8.0,"key":"LiquidBronze"},{"floor":13.0,"key":"SneckoOil"},{"floor":18.0,"key":"SpeedPotion"},{"floor":27.0,"key":"DistilledChaos"},{"floor":31.0,"key":"Block Potion"},{"floor":35,"key":"PowerPotion"},{"floor":39,"key":"ElixirPotion"}],"is_trial":false,"path_per_floor":["M","$","?","?","?","E","T","M","T","R","E","R","E","M","R","B",null,"M","M","$","?","M","E","R","$","T","E","?","?","E","M","R","B",null,"M","M","$","?","M","E","R","E"],"character_chosen":"IRONCLAD","items_purchased":["Blood for Blood","Dual Wield","PowerPotion","Paper Frog"],"campfire_rested":0,"item_purchase_floors":[20,25,25,37],"current_hp_per_floor":[74,74,63,56,56,62,62,68,68,68,46,46,38,44,44,22,62,53,59,59,38,48,52,52,52,52,54,54,54,60,80,80,58,75,74,80,80,80,80,80,80,0,0],"gold":391,"neow_bonus":"THREE_ENEMY_KILL","is_daily":false,"chose_seed":false,"campfire_upgraded":6,"win_rate":0.0,"timestamp":1614334487,"path_taken":["M","$","?","?","?","E","?","?","T","R","E","R","E","M","R","BOSS","M","?","?","?","M","E","R","$","T","E","?","?","E","M","R","BOSS","M","?","$","?","M","E","R","E"],"items_purchased_type":["Card","Card","Potion","Relic"],"build_version":"2020-12-22","purchased_purges":2,"victory":false,"max_hp_per_floor":[75,75,75,75,75,75,75,75,75,75,75,75,75,75,75,75,75,75,75,75,80,80,80,80,80,80,80,80,80,80,80,80,80,80,80,80,80,80,80,80,80,80,80],"relic_stats":{"Blood Vial":0,"Nunchaku":[13],"counters":[20,78],"Snecko Eye":[84,103,77,87],"Bag of Preparation":[32],"Letter Opener":[82],"MawBank":120,"obtain_stats":[{"Potion Belt":23,"NeowsBlessing":0,"Vajra":26,"Velvet Choker":34,"Omamori":7,"Bag of Preparation":11,"Letter Opener":13,"MawBank":27,"Burning Blood":0,"WarpedTongs":38,"Blood Vial":40,"Nunchaku":9,"Snecko Eye":17,"Bag of Marbles":30,"Meat on the Bone":6,"Paper Frog":37},{"Potion Belt":11,"NeowsBlessing":0,"Vajra":11,"Velvet Choker":15,"Omamori":2,"Bag of Preparation":4,"Letter Opener":5,"MawBank":12,"Burning Blood":0,"WarpedTongs":17,"Blood Vial":19,"Nunchaku":3,"Snecko Eye":7,"Bag of Marbles":13,"Meat on the Bone":2,"Paper Frog":17},{"Potion Belt":38,"NeowsBlessing":0,"Vajra":38,"Velvet Choker":55,"Omamori":2,"Bag of Preparation":9,"Letter Opener":13,"MawBank":41,"Burning Blood":0,"WarpedTongs":61,"Blood Vial":73,"Nunchaku":3,"Snecko Eye":25,"Bag of Marbles":43,"Meat on the Bone":2,"Paper Frog":61}],"Burning Blood":96,"Meat on the Bone":84,"WarpedTongs":[16]},"card_choices":[{"not_picked":["Cleave","Shrug It Off"],"picked":"Whirlwind","floor":1.0},{"not_picked":["Havoc","Twin Strike"],"picked":"Thunderclap","floor":6.0},{"not_picked":["Headbutt","Pommel Strike"],"picked":"Rampage","floor":8.0},{"not_picked":["Pommel Strike","Entrench"],"picked":"Metallicize","floor":11.0},{"not_picked":["Clash","Blood for Blood"],"picked":"Seeing Red","floor":13.0},{"not_picked":["Carnage","Havoc","Sentinel"],"picked":"SKIP","floor":14.0},{"not_picked":["Exhume","Limit Break"],"picked":"Fiend Fire","floor":16.0},{"not_picked":["Cleave","Sword Boomerang"],"picked":"Inflame","floor":18.0},{"not_picked":["Anger","Body Slam"],"picked":"Flame Barrier+1","floor":19.0},{"not_picked":["Heavy Blade","Metallicize"],"picked":"Flame Barrier","floor":22.0},{"not_picked":["Combust","Iron Wave","Intimidate"],"picked":"SKIP","floor":23.0},{"not_picked":["Havoc","Iron Wave","Body Slam+1"],"picked":"SKIP","floor":27.0},{"not_picked":["Uppercut","Dual Wield"],"picked":"Reaper","floor":30.0},{"not_picked":["Twin Strike","Pommel Strike","Dual Wield"],"picked":"SKIP","floor":31.0},{"not_picked":["Juggernaut","Limit Break"],"picked":"Reaper","floor":33.0},{"not_picked":["Warcry","Intimidate","Dual Wield"],"picked":"SKIP","floor":35},{"not_picked":["Pummel+1","Clash"],"picked":"True Grit","floor":36},{"not_picked":["Cleave+1","Anger","Seeing Red+1"],"picked":"SKIP","floor":39},{"not_picked":["Cleave","Twin Strike+1","Perfected Strike+1"],"picked":"SKIP","floor":40}],"player_experience":874135,"relics_obtained":[{"floor":6.0,"key":"Meat on the Bone"},{"floor":7.0,"key":"Omamori"},{"floor":9.0,"key":"Nunchaku"},{"floor":11.0,"key":"Bag of Preparation"},{"floor":13.0,"key":"Letter Opener"},{"floor":23.0,"key":"Potion Belt"},{"floor":26.0,"key":"Vajra"},{"floor":27.0,"key":"MawBank"},{"floor":30.0,"key":"Bag of Marbles"},{"floor":40,"key":"Blood Vial"}],"event_choices":[{"damage_healed":0.0,"max_hp_gain":0.0,"max_hp_loss":0.0,"gold_gain":75.0,"event_name":"World of Goop","player_choice":"Gather Gold","floor":3.0,"gold_loss":0.0,"damage_taken":11.0},{"cards_removed":["Defend_R"],"damage_healed":0.0,"max_hp_gain":0.0,"max_hp_loss":0.0,"gold_gain":0.0,"event_name":"Golden Wing","player_choice":"Card Removal","floor":4.0,"gold_loss":0.0,"damage_taken":7.0},{"cards_removed":["Strike_R"],"damage_healed":0.0,"max_hp_gain":0.0,"max_hp_loss":0.0,"gold_gain":0.0,"event_name":"The Cleric","player_choice":"Card Removal","floor":5.0,"gold_loss":75.0,"damage_taken":0.0},{"damage_healed":0.0,"max_hp_gain":5.0,"max_hp_loss":0.0,"gold_gain":0.0,"event_name":"Forgotten Altar","player_choice":"Shed Blood","floor":21.0,"gold_loss":0.0,"damage_taken":26.0},{"damage_healed":0.0,"max_hp_gain":0.0,"max_hp_loss":0.0,"gold_gain":0.0,"cards_transformed":["Strike_R","Strike_R"],"event_name":"Drug Dealer","player_choice":"Became Test Subject","floor":28.0,"gold_loss":0.0,"damage_taken":0.0,"cards_obtained":["Exhume","Perfected Strike"]},{"damage_healed":0.0,"max_hp_gain":0.0,"max_hp_loss":0.0,"gold_gain":275.0,"event_name":"Golden Shrine","player_choice":"Desecrate","floor":29.0,"gold_loss":0.0,"damage_taken":0.0,"cards_obtained":["Regret"]},{"damage_healed":0,"gold_gain":0,"player_choice":"Rummage","damage_taken":0,"relics_obtained":["WarpedTongs"],"max_hp_gain":0,"max_hp_loss":0,"event_name":"Accursed Blacksmith","floor":38,"gold_loss":0,"cards_obtained":["Pain"]}],"is_beta":false,"boss_relics":[{"not_picked":["Mark of Pain","Ectoplasm"],"picked":"Snecko Eye"},{"not_picked":["Astrolabe","Runic Pyramid"],"picked":"Velvet Choker"}],"items_purged_floors":[2,20],"is_endless":false,"potions_floor_spawned":[6,8,13,18,27,31,35,39],"killed_by":"Nemesis","ascension_level":20}}