{"host":"2mhgakmjhthqu3yt","time":1614360919,"event":{"mods":["AchievementEnabler","BaseMod","Block Reminder","Colored Powertips","Highlight Path","Minty Spire (QoL Compilation)","Quick Restart"],"gold_per_floor":[112,124,124,134,147,147,161,161,188,204,60,89,107,207,207,308,308,319,57,57,73,73,104,104,119,119,119,135,85,85,99,99,99,99],"floor_reached":33,"language":"ENG","playtime":1571,"items_purged":["Strike_R"],"score":296,"play_id":"a4da2fab-e91a-4601-8048-4bcd41531c43","local_time":"20210226183519","is_ascension_mode":true,"campfire_choices":[{"data":"Body Slam","floor":6.0,"key":"SMITH"},{"floor":8.0,"key":"REST"},{"data":"Whirlwind","floor":15.0,"key":"SMITH"},{"floor":24.0,"key":"REST"},{"floor":30.0,"key":"REST"},{"floor":32.0,"key":"REST"}],"circlet_count":0,"master_deck":["Strike_R","Strike_R","Strike_R","Defend_R","Defend_R","Defend_R","Defend_R","Bash","Shrug It Off","Whirlwind+1","Body Slam+1","Headbutt","Barricade","Impervious","Shrug It Off","Entrench"],"relics":["Burning Blood","Bag of Preparation","Tiny Chest","Smiling Mask","SlaversCollar","Question Card","Matryoshka","Anchor","Bottled Lightning","Bottled Flame","Enchiridion"],"acts_visited":["Exordium","TheCity"],"potions_floor_usage":[],"damage_taken":[{"damage":4.0,"enemies":"Jaw Worm","floor":1.0,"turns":4.0},{"damage":16.0,"enemies":"Cultist","floor":2.0,"turns":5.0},{"damage":12.0,"enemies":"Small Slimes","floor":4.0,"turns":2.0},{"damage":22.0,"enemies":"Red Slaver","floor":5.0,"turns":6.0},{"damage":4.0,"enemies":"2 Fungi Beasts","floor":7.0,"turns":3.0},{"damage":1.0,"enemies":"Exordium Wildlife","floor":10.0,"turns":3.0},{"damage":25.0,"enemies":"Lagavulin","floor":12.0,"turns":8.0},{"damage":1.0,"enemies":"Looter","floor":13.0,"turns":4.0},{"damage":29.0,"enemies":"Slime Boss","floor":16.0,"turns":8.0},{"damage":47.0,"enemies":"2 Thieves","floor":18.0,"turns":4.0},{"damage":29.0,"enemies":"Chosen","floor":21.0,"turns":7.0},{"damage":14.0,"enemies":"Book of Stabbing","floor":23.0,"turns":7.0},{"damage":2.0,"enemies":"Snecko","floor":25.0,"turns":4.0},{"damage":9.0,"enemies":"Centurion and Healer","floor":28.0,"turns":9.0},{"damage":42.0,"enemies":"Sentry and Sphere","floor":31.0,"turns":13.0},{"damage":44,"enemies":"Collector","floor":33,"turns":5}],"seed_played":"-3069442459037705788","potions_obtained":[{"floor":2.0,"key":"Block Potion"},{"floor":4.0,"key":"Block Potion"},{"floor":7.0,"key":"Explosive Potion"},{"floor":12.0,"key":"DuplicationPotion"},{"floor":16.0,"key":"EssenceOfSteel"},{"floor":21.0,"key":"Fire Potion"},{"floor":25.0,"key":"Ancient Potion"}],"is_trial":false,"path_per_floor":["M","M","?","M","M","R","M","R","T","M","$","E","M","?","R","B",null,"M","$","?","M","T","E","R","M","T","?","M","$","R","M","R","B"],"character_chosen":"IRONCLAD","items_purchased":["Tiny Chest","Question Card"],"campfire_rested":4,"item_purchase_floors":[11,19],"current_hp_per_floor":[88,78,78,72,56,56,58,84,84,88,88,69,74,74,74,51,88,47,47,47,24,24,16,42,46,46,30,27,27,53,17,43,0,0],"gold":99,"neow_bonus":"TEN_PERCENT_HP_BONUS","is_daily":false,"chose_seed":false,"campfire_upgraded":2,"win_rate":0.0,"timestamp":1614360919,"path_taken":["M","M","?","M","M","R","M","R","T","?","?","E","?","?","R","BOSS","M","$","?","M","?","E","R","M","T","?","?","$","R","M","R","BOSS"],"items_purchased_type":["Relic","Relic"],"build_version":"2020-12-22","purchased_purges":1,"victory":false,"max_hp_per_floor":[88,88,88,88,88,88,88,88,88,88,88,88,88,88,88,88,88,88,88,88,88,88,88,88,88,88,88,88,88,88,88,88,88,88],"card_choices":[{"not_picked":["Heavy Blade","Bloodletting"],"picked":"Shrug It Off","floor":1.0},{"not_picked":["Feel No Pain","Flex"],"picked":"Whirlwind","floor":2.0},{"not_picked":["Heavy Blade","Sever Soul","Metallicize"],"picked":"SKIP","floor":4.0},{"not_picked":["Ghostly Armor","Sword Boomerang"],"picked":"Body Slam","floor":5.0},{"not_picked":["Warcry","Rupture"],"picked":"Headbutt","floor":7.0},{"not_picked":["True Grit","Heavy Blade","Twin Strike"],"picked":"SKIP","floor":10.0},{"not_picked":["Fire Breathing","Wild Strike","Bludgeon"],"picked":"SKIP","floor":12.0},{"not_picked":["True Grit","Armaments","Warcry"],"picked":"SKIP","floor":13.0},{"not_picked":["Offering","Juggernaut"],"picked":"Barricade","floor":16.0},{"not_picked":["Carnage+1","Second Wind","Rage"],"picked":"SKIP","floor":18.0},{"not_picked":["Intimidate","Twin Strike","Flame Barrier","Carnage"],"picked":"SKIP","floor":21.0},{"not_picked":["Metallicize+1","Rampage","Warcry","Shockwave+1"],"picked":"SKIP","floor":23.0},{"not_picked":["Reckless Charge+1","Flex","Uppercut","Spot Weakness"],"picked":"SKIP","floor":25.0},{"not_picked":["Spot Weakness+1","Anger","Clash"],"picked":"Shrug It Off","floor":28.0},{"not_picked":["Carnage","Twin Strike","Wild Strike"],"picked":"Entrench","floor":31.0}],"player_experience":113528,"relics_obtained":[{"floor":9.0,"key":"Bag of Preparation"},{"floor":12.0,"key":"Smiling Mask"},{"floor":22.0,"key":"Matryoshka"},{"floor":23.0,"key":"Anchor"},{"floor":26.0,"key":"Bottled Lightning"},{"floor":26.0,"key":"Bottled Flame"},{"floor":27.0,"key":"Enchiridion"}],"event_choices":[{"damage_healed":0.0,"max_hp_gain":0.0,"max_hp_loss":0.0,"gold_gain":0.0,"event_name":"FaceTrader","player_choice":"Leave","floor":3.0,"gold_loss":0.0,"damage_taken":0.0},{"damage_healed":0.0,"max_hp_gain":0.0,"max_hp_loss":0.0,"gold_gain":100.0,"event_name":"Golden Shrine","player_choice":"Pray","floor":14.0,"gold_loss":0.0,"damage_taken":0.0},{"damage_healed":0.0,"max_hp_gain":0.0,"max_hp_loss":0.0,"gold_gain":0.0,"cards_transformed":["Strike_R"],"event_name":"Transmorgrifier","player_choice":"Transformed","floor":20.0,"gold_loss":0.0,"damage_taken":0.0,"cards_obtained":["Impervious"]},{"damage_healed":0.0,"max_hp_gain":0.0,"max_hp_loss":0.0,"gold_gain":0.0,"event_name":"Cursed Tome","player_choice":"Obtained Book","floor":27.0,"gold_loss":0.0,"damage_taken":16.0}],"is_beta":false,"boss_relics":[{"not_picked":["Velvet Choker","Snecko Eye"],"picked":"SlaversCollar"}],"items_purged_floors":[29],"is_endless":false,"potions_floor_spawned":[2,4,7,12,16,21,25],"killed_by":"Collector","ascension_level":2}}