{"host":"Finnegan","time":1614374333,"event":{"mods":["AchievementEnabler","BaseMod","Colored Map","Colored Powertips","Highlight Path","Minty Spire (QoL Compilation)","Permanent Neow","Quick Restart","Rare Cards Sparkle","Relic Stats","StSLib","everything is the same but u backflip on backflip","slay the spire mod where everything is the same but ironclad has a cowboy hat"],"gold_per_floor":[109,119,135,285,61,88,88,107,132,165,182,182,211,211,211,287,287,304,36,56,68,87,87,87],"floor_reached":23,"language":"ENG","playtime":1103,"items_purged":["Doubt"],"score":355,"play_id":"c5447d10-ba7d-4fe9-b50c-d453e2a94c24","local_time":"20210226221853","is_ascension_mode":true,"campfire_choices":[{"floor":7.0,"key":"REST"},{"floor":12.0,"key":"REST"},{"data":"Sucker Punch","floor":15.0,"key":"SMITH"}],"circlet_count":0,"master_deck":["AscendersBane","Strike_G","Strike_G","Strike_G","Strike_G","Strike_G","Defend_G","Defend_G","Defend_G","Defend_G","Defend_G","Survivor","Neutralize","Sucker Punch+1","Dagger Spray","Blade Dance","Backflip","Terror","Cloak And Dagger","Leg Sweep+1","Unload","Blur","Acrobatics","Footwork","Dodge and Roll"],"relics":["Ring of the Snake","Pen Nib","Happy Flower","Tiny Chest","Toy Ornithopter","Odd Mushroom","HoveringKite","HornCleat"],"acts_visited":["Exordium","TheCity"],"potions_floor_usage":[23],"damage_taken":[{"damage":0.0,"enemies":"Cultist","floor":1.0,"turns":5.0},{"damage":4.0,"enemies":"Jaw Worm","floor":2.0,"turns":7.0},{"damage":0.0,"enemies":"2 Louse","floor":3.0,"turns":2.0},{"damage":30.0,"enemies":"3 Sentries","floor":6.0,"turns":10.0},{"damage":15.0,"enemies":"Lots of Slimes","floor":8.0,"turns":4.0},{"damage":4.0,"enemies":"Lagavulin","floor":10.0,"turns":6.0},{"damage":10.0,"enemies":"2 Fungi Beasts","floor":11.0,"turns":3.0},{"damage":0.0,"enemies":"The Mushroom Lair","floor":13.0,"turns":7.0},{"damage":23.0,"enemies":"Hexaghost","floor":16.0,"turns":13.0},{"damage":8.0,"enemies":"Shell Parasite","floor":18.0,"turns":5.0},{"damage":0.0,"enemies":"Chosen","floor":20.0,"turns":5.0},{"damage":0.0,"enemies":"Centurion and Healer","floor":21.0,"turns":7.0},{"damage":0.0,"enemies":"Snecko","floor":22.0,"turns":11.0},{"damage":51,"enemies":"Gremlin Leader","floor":23,"turns":6}],"seed_played":"-5737553800746335310","potions_obtained":[{"floor":1.0,"key":"SpeedPotion"},{"floor":13.0,"key":"DistilledChaos"},{"floor":16.0,"key":"DuplicationPotion"},{"floor":22.0,"key":"SpeedPotion"}],"is_trial":false,"path_per_floor":["M","M","M","?","$","E","R","M","T","E","M","R","?","?","R","B",null,"M","$","M","M","M","E"],"character_chosen":"THE_SILENT","items_purchased":["CultistPotion","Backflip","HornCleat","Acrobatics"],"campfire_rested":2,"item_purchase_floors":[5,5,19,19],"current_hp_per_floor":[59,55,55,55,55,25,44,29,29,25,15,34,39,39,39,21,55,47,47,47,47,47,1,1],"gold":87,"neow_bonus":"RANDOM_COMMON_RELIC","is_daily":false,"chose_seed":false,"campfire_upgraded":1,"win_rate":0.0,"timestamp":1614374333,"path_taken":["M","M","M","?","$","E","R","M","T","E","M","R","?","?","R","BOSS","M","$","?","M","M","E"],"items_purchased_type":["Potion","Card","Relic","Card"],"build_version":"2020-12-18","purchased_purges":1,"victory":false,"max_hp_per_floor":[66,66,66,66,66,66,66,66,66,66,66,66,66,66,66,66,66,66,66,66,66,66,66,66],"relic_stats":{"Happy Flower":[22],"counters":[14,91],"HoveringKite":[15],"Tiny Chest":0,"Pen Nib":[19],"obtain_stats":[{"HornCleat":19,"Happy Flower":6,"HoveringKite":17,"Tiny Chest":9,"Pen Nib":0,"Odd Mushroom":13,"Toy Ornithopter":10,"Ring of the Snake":0},{"HornCleat":10,"Happy Flower":4,"HoveringKite":9,"Tiny Chest":5,"Pen Nib":0,"Odd Mushroom":8,"Toy Ornithopter":6,"Ring of the Snake":0},{"HornCleat":62,"Happy Flower":24,"HoveringKite":57,"Tiny Chest":28,"Pen Nib":0,"Odd Mushroom":44,"Toy Ornithopter":34,"Ring of the Snake":0}],"Toy Ornithopter":15,"Ring of the Snake":[28]},"card_choices":[{"not_picked":["Crippling Poison","Bane"],"picked":"Sucker Punch","floor":1.0},{"not_picked":["Noxious Fumes","Riddle With Holes"],"picked":"Dagger Spray","floor":2.0},{"not_picked":["Skewer","Masterful Stab"],"picked":"Blade Dance","floor":3.0},{"not_picked":["Distraction","Prepared"],"picked":"Terror","floor":6.0},{"not_picked":["Bane","Prepared"],"picked":"Cloak And Dagger","floor":8.0},{"not_picked":["Quick Slash","Flying Knee","Escape Plan"],"picked":"SKIP","floor":10.0},{"not_picked":["Slice","Acrobatics"],"picked":"Leg Sweep","floor":11.0},{"not_picked":["Venomology","Tools of the Trade"],"picked":"Unload","floor":16.0},{"not_picked":["Bane","Flying Knee+1"],"picked":"Blur","floor":18.0},{"not_picked":["Riddle With Holes","Sucker Punch"],"picked":"Footwork","floor":20.0},{"not_picked":["Deflect","Expertise","Backflip"],"picked":"SKIP","floor":21.0},{"not_picked":["Crippling Poison","Dagger Spray"],"picked":"Dodge and Roll","floor":22.0}],"player_experience":919888,"relics_obtained":[{"floor":6.0,"key":"Happy Flower"},{"floor":9.0,"key":"Tiny Chest"},{"floor":10.0,"key":"Toy Ornithopter"},{"floor":13.0,"key":"Odd Mushroom"}],"event_choices":[{"damage_healed":0.0,"max_hp_gain":0.0,"max_hp_loss":0.0,"gold_gain":150.0,"event_name":"Liars Game","player_choice":"AGREE","floor":4.0,"gold_loss":0.0,"damage_taken":0.0,"cards_obtained":["Doubt"]},{"damage_healed":0.0,"max_hp_gain":0.0,"max_hp_loss":0.0,"gold_gain":0.0,"event_name":"Mushrooms","player_choice":"Fought Mushrooms","floor":13.0,"gold_loss":0.0,"damage_taken":0.0},{"damage_healed":0.0,"max_hp_gain":0.0,"max_hp_loss":0.0,"gold_gain":0.0,"event_name":"Accursed Blacksmith","player_choice":"Forge","floor":14.0,"gold_loss":0.0,"damage_taken":0.0,"cards_upgraded":["Leg Sweep"]}],"is_beta":true,"boss_relics":[{"not_picked":["Runic Pyramid","Runic Dome"],"picked":"HoveringKite"}],"items_purged_floors":[5],"is_endless":false,"potions_floor_spawned":[1,8,13,16,22],"killed_by":"Gremlin Leader","ascension_level":15}}