{"host":"dyzdf8svqmiivg97","time":1614342793,"event":{"mods":["AchievementEnabler","BaseMod","Colored Map","DeckTracker","Minty Spire (QoL Compilation)","Quick Restart","Rare Cards Sparkle","SuperFastMode"],"gold_per_floor":[113,123,123,139,158,158,175,175,175,209,226,241,274,274,274,348,348,364,42,53,53,53],"floor_reached":21,"language":"KOR","playtime":4625,"items_purged":["Strike_P"],"score":357,"play_id":"a87f9947-8618-40c3-8b25-ca8cc5ad646b","local_time":"20210226213313","is_ascension_mode":true,"campfire_choices":[{"data":"EmptyFist","floor":6,"key":"SMITH"},{"floor":8,"key":"REST"},{"floor":15,"key":"REST"}],"circlet_count":0,"master_deck":["AscendersBane","Strike_P","Strike_P","Defend_P","Defend_P","Defend_P","Defend_P","Eruption+1","Vigilance","Tantrum","InnerPeace","EmptyFist+1","FollowUp","Ragnarok+1","InnerPeace","Indignation"],"relics":["PureWater","Calipers","Ginger","GoldenEye","SacredBark","Orrery"],"acts_visited":["Exordium","TheCity"],"potions_floor_usage":[5,13,16,21],"damage_taken":[{"damage":7,"enemies":"Small Slimes","floor":1,"turns":3},{"damage":2,"enemies":"Cultist","floor":2,"turns":3},{"damage":9,"enemies":"Jaw Worm","floor":4,"turns":4},{"damage":3,"enemies":"Exordium Wildlife","floor":5,"turns":4},{"damage":0,"enemies":"2 Fungi Beasts","floor":7,"turns":2},{"damage":20,"enemies":"Lagavulin","floor":10,"turns":5},{"damage":5,"enemies":"Red Slaver","floor":11,"turns":3},{"damage":0,"enemies":"Exordium Wildlife","floor":12,"turns":2},{"damage":6,"enemies":"3 Sentries","floor":13,"turns":4},{"damage":27,"enemies":"Hexaghost","floor":16,"turns":7},{"damage":0,"enemies":"Spheric Guardian","floor":18,"turns":2},{"damage":19,"enemies":"Shell Parasite","floor":20,"turns":3},{"damage":65,"enemies":"Cultist and Chosen","floor":21,"turns":3}],"seed_played":"6873107360657498333","potions_obtained":[{"floor":4,"key":"BlessingOfTheForge"},{"floor":10,"key":"Energy Potion"},{"floor":11,"key":"EssenceOfSteel"},{"floor":16,"key":"GamblersBrew"},{"floor":20,"key":"LiquidBronze"}],"is_trial":false,"path_per_floor":["M","M","?","M","M","R","M","R","T","E","M","M","E","?","R","B",null,"M","$","M","M"],"character_chosen":"WATCHER","items_purchased":["Orrery","Indignation"],"campfire_rested":2,"item_purchase_floors":[19,19],"current_hp_per_floor":[54,52,45,36,33,33,33,53,53,33,28,28,22,22,42,15,55,55,55,36,0,0],"gold":53,"neow_bonus":"UPGRADE_CARD","is_daily":false,"chose_seed":false,"campfire_upgraded":1,"win_rate":0.0,"timestamp":1614342793,"path_taken":["M","M","?","M","M","R","M","R","T","E","M","M","E","?","R","BOSS","M","$","M","M"],"items_purchased_type":["Relic","Card"],"build_version":"2020-12-22","purchased_purges":1,"victory":false,"max_hp_per_floor":[68,68,68,68,68,68,68,68,68,68,68,68,68,68,68,68,68,68,68,68,68,68],"card_choices":[{"not_picked":["CrushJoints","EmptyBody"],"picked":"Tantrum","floor":1},{"not_picked":["Consecrate","BowlingBash"],"picked":"InnerPeace","floor":2},{"not_picked":["Worship","ThirdEye"],"picked":"EmptyFist","floor":4},{"not_picked":["ThirdEye","Wireheading","Perseverance"],"picked":"SKIP","floor":5},{"not_picked":["Prostrate","FlurryOfBlows"],"picked":"FollowUp","floor":7},{"not_picked":["ThirdEye","Conclude"],"picked":"Ragnarok","floor":10},{"not_picked":["ThirdEye","SashWhip","LikeWater"],"picked":"SKIP","floor":11},{"not_picked":["FollowUp","ReachHeaven","EmptyBody"],"picked":"SKIP","floor":12},{"not_picked":["CutThroughFate","CarveReality","Protect"],"picked":"SKIP","floor":13},{"not_picked":["Meditate","Sanctity","BowlingBash"],"picked":"SKIP","floor":18},{"not_picked":["Wallop","Ragnarok"],"picked":"InnerPeace","floor":19},{"not_picked":["Fasting2+1","CutThroughFate","FollowUp"],"picked":"SKIP","floor":20}],"player_experience":615060,"relics_obtained":[{"floor":9,"key":"Calipers"},{"floor":10,"key":"Ginger"},{"floor":13,"key":"GoldenEye"}],"event_choices":[{"cards_removed":["Strike_P"],"damage_healed":0,"gold_gain":0,"player_choice":"Card Removal","damage_taken":7,"max_hp_gain":0,"max_hp_loss":0,"event_name":"Golden Wing","floor":3,"gold_loss":0},{"damage_healed":0,"gold_gain":0,"player_choice":"Upgraded","damage_taken":0,"max_hp_gain":0,"max_hp_loss":0,"event_name":"Upgrade Shrine","floor":14,"gold_loss":0,"cards_upgraded":["Ragnarok"]}],"is_beta":false,"boss_relics":[{"not_picked":["Runic Pyramid","Runic Dome"],"picked":"SacredBark"}],"items_purged_floors":[19],"is_endless":false,"potions_floor_spawned":[4,10,11,12,16,20],"killed_by":"Cultist and Chosen","ascension_level":17}}