{"host":"7wi4qgm5yw4j7oz0","time":1614339586,"event":{"mods":["AchievementEnabler","BaseMod","Block Reminder","Colored Map","Colored Powertips","Highlight Path","Minty Spire (QoL Compilation)","Permanent Neow","Random Character Button","StSLib","SuperFastMode","everything is the same but u backflip on backflip"],"gold_per_floor":[113,113,131,157,174,174,205,217,299,299,299,315,315,332,332,409,409,424,441,441,39,57,57,67,101,101,101,101,101],"floor_reached":28,"language":"KOR","playtime":1567,"items_purged":["Strike_R"],"score":456,"play_id":"6f5bb118-9c98-4121-884d-9aeb489e3ba9","local_time":"20210226203946","is_ascension_mode":true,"campfire_choices":[{"data":"Heavy Blade","floor":6.0,"key":"SMITH"},{"data":"Body Slam","floor":11.0,"key":"SMITH"},{"data":"Armaments","floor":15.0,"key":"SMITH"},{"floor":23,"key":"REST"}],"circlet_count":0,"master_deck":["AscendersBane","Strike_R","Strike_R","Strike_R","Defend_R","Defend_R","Defend_R","Defend_R","Bash","Brutality","Spot Weakness","Power Through","Headbutt","Heavy Blade+1","Body Slam+1","Battle Trance","Intimidate","Armaments+1","Immolate","Shockwave","Shrug It Off","Shrug It Off","Burning Pact","Decay"],"relics":["Burning Blood","Strawberry","Girya","HornCleat","Mark of Pain","Nilry\u0027s Codex","Membership Card","Turnip","Matryoshka","Toy Ornithopter","Mercury Hourglass"],"acts_visited":["Exordium","TheCity"],"potions_floor_usage":[19,25,25],"damage_taken":[{"damage":9.0,"enemies":"Jaw Worm","floor":1.0,"turns":4.0},{"damage":7.0,"enemies":"2 Louse","floor":3.0,"turns":2.0},{"damage":10.0,"enemies":"Small Slimes","floor":5.0,"turns":4.0},{"damage":25.0,"enemies":"Lagavulin","floor":7.0,"turns":5.0},{"damage":12.0,"enemies":"Looter","floor":8.0,"turns":3.0},{"damage":4.0,"enemies":"Large Slime","floor":12.0,"turns":5.0},{"damage":1.0,"enemies":"2 Fungi Beasts","floor":14.0,"turns":3.0},{"damage":29.0,"enemies":"The Guardian","floor":16.0,"turns":11.0},{"damage":12.0,"enemies":"2 Thieves","floor":18.0,"turns":3.0},{"damage":25,"enemies":"Spheric Guardian","floor":19,"turns":5},{"damage":5,"enemies":"Snake Plant","floor":22,"turns":3},{"damage":15,"enemies":"Centurion and Healer","floor":24,"turns":9},{"damage":30,"enemies":"Slavers","floor":25,"turns":7},{"damage":21,"enemies":"Book of Stabbing","floor":28,"turns":4}],"seed_played":"-6534146470896040222","potions_obtained":[{"floor":3.0,"key":"BlessingOfTheForge"},{"floor":7.0,"key":"CultistPotion"},{"floor":14.0,"key":"Strength Potion"},{"floor":18.0,"key":"Energy Potion"},{"floor":24,"key":"SpeedPotion"}],"is_trial":false,"path_per_floor":["M","?","M","T","M","R","E","M","T","?","R","M","?","M","R","B",null,"M","M","?","$","M","R","M","E","T","?","E"],"character_chosen":"IRONCLAD","items_purchased":["Membership Card","Shrug It Off","Turnip"],"campfire_rested":1,"item_purchase_floors":[21,21,21],"current_hp_per_floor":[65,65,64,71,67,67,48,42,42,42,42,44,71,76,76,53,75,69,50,29,29,30,54,45,21,21,21,0,0],"gold":101,"neow_bonus":"ONE_RANDOM_RARE_CARD","is_daily":false,"chose_seed":false,"campfire_upgraded":3,"win_rate":0.0,"timestamp":1614339586,"path_taken":["M","?","M","?","M","R","E","M","T","?","R","M","?","M","R","BOSS","M","M","?","$","M","R","M","E","T","?","E"],"items_purchased_type":["Relic","Card","Relic"],"build_version":"2020-12-22","purchased_purges":1,"victory":false,"max_hp_per_floor":[75,75,75,82,82,82,82,82,82,82,82,82,82,82,82,82,82,82,82,82,82,82,82,82,82,82,82,82,82],"card_choices":[{"not_picked":["Cleave","Metallicize"],"picked":"Spot Weakness","floor":1.0},{"not_picked":["Rupture","Sword Boomerang"],"picked":"Headbutt","floor":3.0},{"not_picked":["Havoc","Warcry"],"picked":"Heavy Blade","floor":5.0},{"not_picked":["Dropkick","Clothesline"],"picked":"Body Slam","floor":7.0},{"not_picked":["Perfected Strike","True Grit"],"picked":"Battle Trance","floor":8.0},{"not_picked":["Clothesline","Warcry"],"picked":"Intimidate","floor":12.0},{"not_picked":["Uppercut","Thunderclap"],"picked":"Armaments","floor":14.0},{"not_picked":["Brutality","Berserk"],"picked":"Immolate","floor":16.0},{"not_picked":["True Grit","Uppercut"],"picked":"Shockwave","floor":18.0},{"not_picked":["Perfected Strike","Inflame","Cleave+1"],"picked":"SKIP","floor":19},{"not_picked":["Twin Strike","Headbutt"],"picked":"Shrug It Off","floor":22},{"not_picked":["Perfected Strike","Clash"],"picked":"Burning Pact","floor":24},{"not_picked":["Metallicize","Exhume","Heavy Blade"],"picked":"SKIP","floor":25}],"player_experience":372979,"relics_obtained":[{"floor":4.0,"key":"Strawberry"},{"floor":7.0,"key":"Girya"},{"floor":9.0,"key":"HornCleat"},{"floor":20,"key":"Nilry\u0027s Codex"},{"floor":25,"key":"Matryoshka"},{"floor":26,"key":"Toy Ornithopter"},{"floor":26,"key":"Mercury Hourglass"}],"event_choices":[{"damage_healed":0.0,"max_hp_gain":0.0,"max_hp_loss":0.0,"gold_gain":0.0,"cards_transformed":["Strike_R"],"event_name":"Living Wall","player_choice":"Change","floor":2.0,"gold_loss":0.0,"damage_taken":0.0,"cards_obtained":["Power Through"]},{"damage_healed":0.0,"max_hp_gain":0.0,"max_hp_loss":0.0,"gold_gain":0.0,"event_name":"Liars Game","player_choice":"Ignored","floor":10.0,"gold_loss":0.0,"damage_taken":0.0},{"damage_healed":27.0,"max_hp_gain":0.0,"max_hp_loss":0.0,"gold_gain":0.0,"event_name":"Big Fish","player_choice":"Banana","floor":13.0,"gold_loss":0.0,"damage_taken":0.0},{"damage_healed":0,"gold_gain":0,"player_choice":"Obtained Book","damage_taken":21,"max_hp_gain":0,"max_hp_loss":0,"event_name":"Cursed Tome","floor":20,"gold_loss":0},{"damage_healed":0,"gold_gain":0,"player_choice":"Smashed Altar","damage_taken":0,"max_hp_gain":0,"max_hp_loss":0,"event_name":"Forgotten Altar","floor":27,"gold_loss":0,"cards_obtained":["Decay"]}],"is_beta":false,"boss_relics":[{"not_picked":["Philosopher\u0027s Stone","SacredBark"],"picked":"Mark of Pain"}],"items_purged_floors":[21],"is_endless":false,"potions_floor_spawned":[3,7,14,18,24],"killed_by":"Book of Stabbing","ascension_level":18}}