{"host":"70zhvo5nwrhp1mbg","time":1614371104,"event":{"mods":["AchievementEnabler","BaseMod","Bestiary","Colored Map","Colored Powertips","Minty Spire (QoL Compilation)","Rare Cards Sparkle","Relic Stats","StSLib","ojb\u0027s Better Paths Mod","ojb\u0027s Info Mod: The sequel"],"gold_per_floor":[113,113,113,41,51,78,78,104,130,145,145,145,145,70,70,193,193,216,241,256,256,256,256],"floor_reached":22,"language":"ENG","playtime":1308,"items_purged":["Strike_G"],"score":250,"play_id":"39a3c06b-cec0-46ed-b0bc-daf39a51e04f","local_time":"20210226152504","is_ascension_mode":true,"campfire_choices":[{"data":"Flechettes","floor":7,"key":"SMITH"},{"data":"Terror","floor":11,"key":"SMITH"},{"data":"Flying Knee","floor":15,"key":"SMITH"}],"circlet_count":0,"master_deck":["Strike_G","Strike_G","Strike_G","Defend_G","Defend_G","Defend_G","Defend_G","Defend_G","Survivor","Neutralize","Finisher+1","Flechettes+1","Flying Knee+1","Sucker Punch","Terror+1","Poisoned Stab","Injury","Bullet Time","Blade Dance","Dodge and Roll","Dagger Spray","Pain","Neutralize","Leg Sweep"],"relics":["Ring of the Snake","NeowsBlessing","Toy Ornithopter","Juzu Bracelet","Bag of Marbles","Bottled Flame","Golden Idol","Fusion Hammer"],"acts_visited":["Exordium","TheCity"],"potions_floor_usage":[8,20],"damage_taken":[{"damage":0,"enemies":"Small Slimes","floor":1,"turns":1},{"damage":0,"enemies":"Jaw Worm","floor":5,"turns":1},{"damage":0,"enemies":"3 Sentries","floor":6,"turns":1},{"damage":5,"enemies":"Gremlin Nob","floor":8,"turns":4},{"damage":0,"enemies":"Cultist","floor":10,"turns":1},{"damage":12,"enemies":"Slime Boss","floor":16,"turns":8},{"damage":5,"enemies":"Shell Parasite","floor":18,"turns":3},{"damage":20,"enemies":"2 Thieves","floor":19,"turns":3},{"damage":33,"enemies":"Cultist and Chosen","floor":20,"turns":5},{"damage":21,"enemies":"Shelled Parasite and Fungi","floor":22,"turns":3}],"seed_played":"-7658066357485377967","potions_obtained":[{"floor":5,"key":"GhostInAJar"},{"floor":10,"key":"Strength Potion"},{"floor":16,"key":"GamblersBrew"},{"floor":19,"key":"SteroidPotion"}],"is_trial":false,"path_per_floor":["M","?","?","$","M","E","R","E","T","M","R","T","?","$","R","B",null,"M","M","M","?","M"],"character_chosen":"THE_SILENT","items_purchased":["Flechettes"],"campfire_rested":0,"item_purchase_floors":[4],"current_hp_per_floor":[70,63,63,63,63,63,63,63,63,63,63,63,63,63,63,51,70,65,45,17,17,0,0],"gold":256,"neow_bonus":"THREE_ENEMY_KILL","is_daily":false,"chose_seed":false,"campfire_upgraded":3,"win_rate":0.0,"timestamp":1614371104,"path_taken":["M","?","?","$","?","E","R","E","T","M","R","?","?","?","R","BOSS","M","M","M","?","M"],"items_purchased_type":["Card"],"build_version":"2020-12-22","purchased_purges":1,"victory":false,"max_hp_per_floor":[70,70,70,70,70,70,70,70,70,70,70,70,70,70,70,70,70,70,70,70,70,70,70],"relic_stats":{"counters":[10,30],"Golden Idol":38,"Juzu Bracelet":0,"obtain_stats":[{"Bottled Flame":12,"NeowsBlessing":0,"Golden Idol":13,"Fusion Hammer":17,"Juzu Bracelet":8,"Bag of Marbles":9,"Toy Ornithopter":6,"Ring of the Snake":0},{"Bottled Flame":5,"NeowsBlessing":0,"Golden Idol":5,"Fusion Hammer":6,"Juzu Bracelet":4,"Bag of Marbles":4,"Toy Ornithopter":3,"Ring of the Snake":0},{"Bottled Flame":8,"NeowsBlessing":0,"Golden Idol":8,"Fusion Hammer":16,"Juzu Bracelet":7,"Bag of Marbles":7,"Toy Ornithopter":3,"Ring of the Snake":0}],"Toy Ornithopter":10,"Ring of the Snake":[20]},"card_choices":[{"not_picked":["Slice","Dodge and Roll"],"picked":"Finisher","floor":1},{"not_picked":["Predator","Bane"],"picked":"Flying Knee","floor":5},{"not_picked":["Riddle With Holes","Acrobatics"],"picked":"Sucker Punch","floor":6},{"not_picked":["Accuracy","Glass Knife"],"picked":"Terror","floor":8},{"not_picked":["Dodge and Roll","Outmaneuver"],"picked":"Poisoned Stab","floor":10},{"not_picked":["After Image","Envenom"],"picked":"Bullet Time","floor":16},{"not_picked":["Flying Knee","Caltrops"],"picked":"Blade Dance","floor":18},{"not_picked":["Sucker Punch","Tactician"],"picked":"Dodge and Roll","floor":19},{"not_picked":["Underhanded Strike","Tactician"],"picked":"Dagger Spray","floor":20}],"player_experience":743524,"relics_obtained":[{"floor":6,"key":"Toy Ornithopter"},{"floor":8,"key":"Juzu Bracelet"},{"floor":9,"key":"Bag of Marbles"},{"floor":12,"key":"Bottled Flame"}],"event_choices":[{"cards_removed":["Strike_G"],"damage_healed":0,"gold_gain":0,"player_choice":"Card Removal","damage_taken":7,"max_hp_gain":0,"max_hp_loss":0,"event_name":"Golden Wing","floor":2,"gold_loss":0},{"damage_healed":0,"gold_gain":0,"player_choice":"Forge","damage_taken":0,"max_hp_gain":0,"max_hp_loss":0,"event_name":"Accursed Blacksmith","floor":3,"gold_loss":0,"cards_upgraded":["Finisher"]},{"damage_healed":0,"gold_gain":0,"player_choice":"Take Wound","damage_taken":0,"relics_obtained":["Golden Idol"],"max_hp_gain":0,"max_hp_loss":0,"event_name":"Golden Idol","floor":13,"gold_loss":0,"cards_obtained":["Injury"]},{"damage_healed":0,"gold_gain":0,"player_choice":"3 cards matched","damage_taken":0,"max_hp_gain":0,"max_hp_loss":0,"event_name":"Match and Keep!","floor":21,"gold_loss":0,"cards_obtained":["Pain","Neutralize","Leg Sweep"]}],"is_beta":false,"boss_relics":[{"not_picked":["Astrolabe","Pandora\u0027s Box"],"picked":"Fusion Hammer"}],"items_purged_floors":[14],"is_endless":false,"potions_floor_spawned":[5,10,16,19],"killed_by":"Shelled Parasite and Fungi","ascension_level":3}}