{"host":"y13mj1mxwnd5xx1x","time":1614307479,"event":{"mods":["AchievementEnabler","BaseMod","Minty Spire (QoL Compilation)"],"gold_per_floor":[110,120,120,136,153,153,184,184,209,219,249,249,280,293,293,391,391,404,314,314,314,314],"floor_reached":21,"language":"ENG","playtime":909,"items_purged":[],"score":229,"play_id":"5339e1bf-0ce1-4d79-92ce-4d9ca92b7e03","local_time":"20210225204439","is_ascension_mode":true,"campfire_choices":[{"data":"Zap","floor":6,"key":"SMITH"},{"floor":8,"key":"REST"},{"floor":15,"key":"REST"}],"circlet_count":0,"master_deck":["Strike_B+1","Strike_B+1","Strike_B","Defend_B","Defend_B","Defend_B","Defend_B","Zap+1","Dualcast","Coolheaded","Rebound","Lockon","Conserve Battery","Self Repair","Streamline","White Noise","Barrage","Buffer","Cold Snap","Melter+1"],"relics":["Cracked Core","Strawberry","Bag of Marbles","Bronze Scales","Pantograph","Regal Pillow","Snecko Eye"],"acts_visited":["Exordium","TheCity"],"potions_floor_usage":[11,13,19],"damage_taken":[{"damage":7,"enemies":"Jaw Worm","floor":1,"turns":3},{"damage":7,"enemies":"Small Slimes","floor":2,"turns":4},{"damage":1,"enemies":"Cultist","floor":4,"turns":4},{"damage":12,"enemies":"Blue Slaver","floor":5,"turns":3},{"damage":32,"enemies":"3 Sentries","floor":7,"turns":7},{"damage":12,"enemies":"Exordium Thugs","floor":10,"turns":6},{"damage":2,"enemies":"Gremlin Nob","floor":11,"turns":3},{"damage":21,"enemies":"Lagavulin","floor":13,"turns":6},{"damage":4,"enemies":"Red Slaver","floor":14,"turns":2},{"damage":32,"enemies":"Slime Boss","floor":16,"turns":9},{"damage":26,"enemies":"3 Byrds","floor":18,"turns":3},{"damage":50,"enemies":"2 Thieves","floor":19,"turns":5},{"damage":25,"enemies":"3 Cultists","floor":21,"turns":3}],"seed_played":"4349186407794611437","potions_obtained":[{"floor":1,"key":"SpeedPotion"},{"floor":2,"key":"Explosive Potion"},{"floor":4,"key":"DistilledChaos"},{"floor":7,"key":"PotionOfCapacity"},{"floor":11,"key":"Energy Potion"},{"floor":16,"key":"Strength Potion"},{"floor":18,"key":"DuplicationPotion"}],"is_trial":false,"path_per_floor":["M","M","?","M","M","R","E","R","T","M","E","?","E","M","R","B",null,"M","M","?","M"],"character_chosen":"DEFECT","items_purchased":[],"campfire_rested":2,"item_purchase_floors":[],"current_hp_per_floor":[75,68,52,51,39,39,14,40,40,28,33,26,12,8,49,49,89,63,20,20,0,0],"gold":314,"neow_bonus":"TEN_PERCENT_HP_BONUS","is_daily":false,"chose_seed":false,"campfire_upgraded":1,"win_rate":0.0,"timestamp":1614307479,"path_taken":["M","M","?","M","M","R","E","R","T","M","E","?","E","M","R","BOSS","M","M","?","?"],"items_purchased_type":[],"build_version":"2020-12-22","purchased_purges":0,"victory":false,"max_hp_per_floor":[82,82,82,82,82,82,89,89,89,89,89,89,89,89,89,89,89,89,89,89,89,89],"card_choices":[{"not_picked":["Tempest","Go for the Eyes"],"picked":"Coolheaded","floor":1},{"not_picked":["Tempest","Reinforced Body","Gash"],"picked":"SKIP","floor":2},{"not_picked":["Fusion","Gash"],"picked":"Rebound","floor":4},{"not_picked":["Barrage","Cold Snap"],"picked":"Lockon","floor":5},{"not_picked":["Skim","Beam Cell"],"picked":"Conserve Battery","floor":7},{"not_picked":["Redo","Streamline"],"picked":"Self Repair","floor":10},{"not_picked":["Coolheaded","Turbo"],"picked":"Streamline","floor":11},{"not_picked":["Reinforced Body","Capacitor"],"picked":"White Noise","floor":13},{"not_picked":["Fusion","Steam Power"],"picked":"Barrage","floor":14},{"not_picked":["Biased Cognition","Multi-Cast"],"picked":"Buffer","floor":16},{"not_picked":["Ball Lightning","Turbo"],"picked":"Cold Snap","floor":18},{"not_picked":["Leap","Hologram"],"picked":"Melter+1","floor":19}],"player_experience":228636,"relics_obtained":[{"floor":7,"key":"Strawberry"},{"floor":9,"key":"Bag of Marbles"},{"floor":11,"key":"Bronze Scales"},{"floor":13,"key":"Regal Pillow"}],"event_choices":[{"damage_healed":0,"gold_gain":0,"player_choice":"Entered Light","damage_taken":16,"max_hp_gain":0,"max_hp_loss":0,"event_name":"Shining Light","floor":3,"gold_loss":0,"cards_upgraded":["Strike_B","Strike_B"]},{"damage_healed":0,"gold_gain":0,"player_choice":"Success","damage_taken":7,"relics_obtained":["Pantograph"],"max_hp_gain":0,"max_hp_loss":0,"event_name":"Scrap Ooze","floor":12,"gold_loss":0},{"cards_removed":["Strike_B"],"damage_healed":0,"gold_gain":0,"player_choice":"Purged","damage_taken":0,"max_hp_gain":0,"max_hp_loss":0,"event_name":"Purifier","floor":20,"gold_loss":0}],"is_beta":false,"boss_relics":[{"not_picked":["Coffee Dripper","Runic Pyramid"],"picked":"Snecko Eye"}],"items_purged_floors":[],"is_endless":false,"potions_floor_spawned":[1,2,4,7,11,16,18],"killed_by":"3 Cultists","ascension_level":3}}