{"host":"onfdonezo2qmaex3","time":1614348805,"event":{"mods":["2.2 Compatiblity","AchievementEnabler","Act Like it!","Aspiration","Bard","BaseMod","Colored Powertips","Downfall","Elementarium","Friendly Minions","Gensokyo","Hallownest","Hermit","Highlight Path","Jorbs\u0027s Wanderer Trilogy","Marisa????????","Marked Mod","Menagerie","Minty Spire (QoL Compilation)","Pale of the Ancients","Permanent Neow","Quick Restart","Reliquary","Ruina","Shop Mod","StSLib","The Bug Knight","The Disciple","The Hayseed","The Hierophant","The Marked","The Runesmith"],"gold_per_floor":[118,137,38,38,4,4,4],"floor_reached":6,"language":"ENG","playtime":288,"items_purged":["hermit:Strike_Hermit"],"score":37,"play_id":"64e7b712-7b7a-4c84-9901-4fe1be5a73a7","local_time":"20210226151325","is_ascension_mode":true,"campfire_choices":[],"circlet_count":0,"master_deck":["hermit:Strike_Hermit","hermit:Strike_Hermit","hermit:Strike_Hermit","hermit:Defend_Hermit","hermit:Defend_Hermit","hermit:Defend_Hermit","hermit:Snapshot","hermit:Covet","CurseOfTheBell","hermit:ShadowCloak","hermit:Misfire","Menagerie:Tinker","hermit:Determination"],"relics":["Calling Bell","Juzu Bracelet","aspiration:FrozenJewel","Bird Faced Urn"],"acts_visited":["Menagerie:Menagerie"],"potions_floor_usage":[],"damage_taken":[{"damage":7,"enemies":"Menagerie:MonstrousExperiment","floor":1,"turns":3},{"damage":0,"enemies":"Menagerie:WhisperingWraith","floor":2,"turns":4},{"damage":34,"enemies":"Menagerie:MaskedSummoner","floor":6,"turns":8}],"seed_played":"-1556689379073722135","potions_obtained":[{"floor":2,"key":"FairyPotion"}],"is_trial":false,"path_per_floor":["M","M","$","?","$","E"],"character_chosen":"HERMIT","items_purchased":["hermit:Misfire","hermit:Determination"],"campfire_rested":0,"item_purchase_floors":[3,5],"current_hp_per_floor":[68,70,70,70,70,40,40],"gold":4,"neow_bonus":"BOSS_RELIC","is_daily":false,"chose_seed":false,"campfire_upgraded":0,"win_rate":0.0,"timestamp":1614348805,"path_taken":["M","M","$","?","?","E"],"items_purchased_type":["Card","Card"],"build_version":"2020-12-22","purchased_purges":1,"victory":false,"max_hp_per_floor":[75,75,75,75,75,75,75],"card_choices":[{"not_picked":["hermit:Headshot","hermit:Spite"],"picked":"hermit:ShadowCloak","floor":1},{"not_picked":["hermit:HighCaliber","hermit:Horror","hermit:FullyLoaded"],"picked":"SKIP","floor":2}],"player_experience":246260,"relics_obtained":[{"floor":0,"key":"Juzu Bracelet"},{"floor":0,"key":"aspiration:FrozenJewel"},{"floor":0,"key":"Bird Faced Urn"}],"event_choices":[{"damage_healed":0,"gold_gain":0,"cards_transformed":["hermit:Defend_Hermit"],"player_choice":"Grasp","damage_taken":0,"max_hp_gain":0,"max_hp_loss":0,"event_name":"Menagerie:MagesHand","floor":4,"gold_loss":0,"cards_obtained":["Menagerie:Tinker"]}],"is_beta":false,"boss_relics":[],"items_purged_floors":[3],"is_endless":false,"potions_floor_spawned":[2],"killed_by":"Menagerie:MaskedSummoner","ascension_level":2}}