{"host":"snggrqcauaf0m8fe","time":1614344907,"event":{"mods":["BaseMod","Minty Spire (QoL Compilation)","Quick Restart"],"gold_per_floor":[118,118,137,137,147,147,147,160,160,160,184,227,227,241,241,241,241],"floor_reached":16,"language":"ENG","playtime":296,"items_purged":[],"score":122,"play_id":"f72e5a1d-c22e-46ec-8bbe-da04bc2d904f","local_time":"20210226140827","is_ascension_mode":true,"campfire_choices":[{"data":"Genetic Algorithm","floor":6,"key":"SMITH"},{"data":"Dualcast","floor":10,"key":"SMITH"},{"data":"Glacier","floor":13,"key":"SMITH"},{"floor":15,"key":"REST"}],"circlet_count":0,"master_deck":["Strike_B","Strike_B","Strike_B","Strike_B","Defend_B","Defend_B","Defend_B","Defend_B","Zap","Dualcast+1","Genetic Algorithm+1","Glacier+1"],"relics":["Cracked Core","NeowsBlessing","Ornamental Fan","Golden Idol","MealTicket","Happy Flower"],"acts_visited":["Exordium"],"potions_floor_usage":[8,11],"damage_taken":[{"damage":0,"enemies":"Jaw Worm","floor":1,"turns":1},{"damage":0,"enemies":"Cultist","floor":3,"turns":1},{"damage":0,"enemies":"Small Slimes","floor":5,"turns":1},{"damage":0,"enemies":"2 Fungi Beasts","floor":8,"turns":2},{"damage":2,"enemies":"Large Slime","floor":11,"turns":5},{"damage":15,"enemies":"Lagavulin","floor":12,"turns":11},{"damage":20,"enemies":"Exordium Thugs","floor":14,"turns":8},{"damage":0,"enemies":"Slime Boss","floor":16,"turns":1}],"seed_played":"-6041172270339467649","potions_obtained":[{"floor":2,"key":"Swift Potion"},{"floor":2,"key":"FocusPotion"},{"floor":2,"key":"GamblersBrew"},{"floor":3,"key":"Swift Potion"},{"floor":5,"key":"PowerPotion"}],"is_trial":false,"path_per_floor":["M","?","M","?","M","R","?","M","T","R","M","E","R","M","R","B"],"character_chosen":"DEFECT","items_purchased":[],"campfire_rested":1,"item_purchase_floors":[],"current_hp_per_floor":[75,75,75,68,68,68,68,68,68,68,66,51,51,31,51,51,51],"gold":241,"neow_bonus":"THREE_ENEMY_KILL","is_daily":false,"chose_seed":false,"campfire_upgraded":3,"win_rate":0.0,"timestamp":1614344907,"path_taken":["M","?","?","?","M","R","?","M","T","R","M","E","R","M","R","BOSS"],"items_purchased_type":[],"build_version":"2020-12-22","purchased_purges":0,"victory":false,"max_hp_per_floor":[75,75,75,75,75,75,69,69,69,69,69,69,69,69,69,69,69],"card_choices":[{"not_picked":["Redo","Rebound"],"picked":"Genetic Algorithm","floor":1},{"not_picked":["Sweeping Beam","Turbo","Steam"],"picked":"SKIP","floor":3},{"not_picked":["Barrage","Doom and Gloom"],"picked":"Glacier","floor":5},{"not_picked":["Force Field","Cold Snap","Steam"],"picked":"SKIP","floor":8},{"not_picked":["Ball Lightning","Reboot","Compile Driver"],"picked":"SKIP","floor":11},{"not_picked":["Steam","Sweeping Beam","Heatsinks"],"picked":"SKIP","floor":12},{"not_picked":["Gash","Cold Snap","Undo"],"picked":"SKIP","floor":14}],"player_experience":826231,"relics_obtained":[{"floor":9,"key":"MealTicket"},{"floor":12,"key":"Happy Flower"}],"event_choices":[{"damage_healed":0,"gold_gain":0,"player_choice":"Got Potions","damage_taken":0,"max_hp_gain":0,"max_hp_loss":0,"event_name":"Lab","floor":2,"gold_loss":0},{"damage_healed":0,"gold_gain":0,"player_choice":"Success","damage_taken":7,"relics_obtained":["Ornamental Fan"],"max_hp_gain":0,"max_hp_loss":0,"event_name":"Scrap Ooze","floor":4,"gold_loss":0},{"damage_healed":0,"gold_gain":0,"player_choice":"Lose Max HP","damage_taken":0,"relics_obtained":["Golden Idol"],"max_hp_gain":0,"max_hp_loss":6,"event_name":"Golden Idol","floor":7,"gold_loss":0}],"is_beta":false,"boss_relics":[],"items_purged_floors":[],"is_endless":false,"potions_floor_spawned":[3,5],"killed_by":"Slime Boss","ascension_level":4}}