{"host":"y13mj1mxwnd5xx1x","time":1614309621,"event":{"mods":["AchievementEnabler","BaseMod","Minty Spire (QoL Compilation)"],"gold_per_floor":[110,110,126,1,1,45,45,88,88,122,122,135,135,160,160,286,286,241,241,241,241,191,191,191,191,191,191,191,191,51,51,51,51,51,51,51,51,51,51,51,51,51,51,51,51],"floor_reached":44,"language":"ENG","playtime":2128,"items_purged":["Strike_R","Strike_R+1"],"score":672,"play_id":"a3d5e203-b633-4b25-bc53-528d7723e282","local_time":"20210225212021","is_ascension_mode":true,"campfire_choices":[{"data":"Wild Strike","floor":7,"key":"SMITH"},{"floor":11,"key":"REST"},{"data":"Demon Form","floor":15,"key":"SMITH"},{"floor":24,"key":"REST"},{"floor":32,"key":"REST"},{"data":"Ghostly","floor":40,"key":"SMITH"}],"circlet_count":0,"master_deck":["Strike_R+1","Strike_R+1","Defend_R+1","Defend_R+1","Defend_R+1","Defend_R+1","Bash","Dark Embrace","Clothesline","Wild Strike+1","Shrug It Off","Spot Weakness","Demon Form+1","Havoc","Fire Breathing","Immolate","True Grit","Ghostly","Ghostly+1","Ghostly","Ghostly","Ghostly","Disarm+1","Burning Pact","Shockwave","Impervious","Evolve","Impervious","True Grit","Limit Break","Heavy Blade+1"],"relics":["Burning Blood","NeowsBlessing","Golden Idol","Peace Pipe","Bag of Marbles","Pantograph","Du-Vu Doll","Ectoplasm","Molten Egg 2","Centennial Puzzle","Gremlin Horn","HornCleat","Mark of Pain","Girya","Orichalcum"],"acts_visited":["Exordium","TheCity","TheBeyond"],"potions_floor_usage":[44],"damage_taken":[{"damage":0,"enemies":"2 Louse","floor":1,"turns":1},{"damage":0,"enemies":"Jaw Worm","floor":3,"turns":1},{"damage":0,"enemies":"3 Sentries","floor":6,"turns":2},{"damage":37,"enemies":"Lagavulin","floor":8,"turns":6},{"damage":29,"enemies":"3 Sentries","floor":10,"turns":7},{"damage":2,"enemies":"Small Slimes","floor":12,"turns":2},{"damage":0,"enemies":"3 Louse","floor":14,"turns":4},{"damage":66,"enemies":"The Guardian","floor":16,"turns":10},{"damage":20,"enemies":"2 Thieves","floor":18,"turns":3},{"damage":7,"enemies":"Shell Parasite","floor":20,"turns":6},{"damage":36,"enemies":"Book of Stabbing","floor":23,"turns":8},{"damage":12,"enemies":"3 Cultists","floor":25,"turns":7},{"damage":8,"enemies":"Slavers","floor":27,"turns":6},{"damage":1,"enemies":"Gremlin Leader","floor":29,"turns":6},{"damage":2,"enemies":"Shelled Parasite and Fungi","floor":31,"turns":6},{"damage":8,"enemies":"Collector","floor":33,"turns":10},{"damage":14,"enemies":"3 Darklings","floor":35,"turns":7},{"damage":2,"enemies":"Orb Walker","floor":36,"turns":5},{"damage":1,"enemies":"4 Shapes","floor":38,"turns":6},{"damage":6,"enemies":"Spire Growth","floor":39,"turns":7},{"damage":20,"enemies":"Nemesis","floor":41,"turns":7},{"damage":36,"enemies":"Maw","floor":44,"turns":9}],"seed_played":"-1487979009957297107","potions_obtained":[{"floor":1,"key":"LiquidBronze"},{"floor":3,"key":"Explosive Potion"},{"floor":10,"key":"SmokeBomb"},{"floor":14,"key":"AttackPotion"},{"floor":31,"key":"Energy Potion"},{"floor":35,"key":"GamblersBrew"},{"floor":38,"key":"DuplicationPotion"}],"is_trial":false,"path_per_floor":["M","?","M","$","?","E","R","E","T","E","R","M","?","M","R","B",null,"M","?","M","?","?","E","R","M","T","E","?","E","$","M","R","B",null,"M","M","?","M","M","R","E","?","T","M"],"character_chosen":"IRONCLAD","items_purchased":["Wild Strike","Evolve"],"campfire_rested":3,"item_purchase_floors":[4,30],"current_hp_per_floor":[80,85,85,85,64,70,70,39,39,16,41,45,38,44,44,9,85,71,42,41,41,41,11,23,17,17,15,15,20,20,24,36,40,42,34,38,38,42,42,42,28,28,28,0,0],"gold":51,"neow_bonus":"THREE_ENEMY_KILL","is_daily":false,"chose_seed":false,"campfire_upgraded":3,"win_rate":0.0,"timestamp":1614309621,"path_taken":["M","?","M","$","?","E","R","E","T","E","R","M","?","M","R","BOSS","M","?","M","?","?","E","R","?","T","E","?","E","$","M","R","BOSS","M","M","?","M","M","R","E","?","T","M"],"items_purchased_type":["Card","Card"],"build_version":"2020-12-22","purchased_purges":2,"victory":false,"max_hp_per_floor":[80,85,85,85,85,85,85,85,85,85,85,85,85,85,85,85,85,85,42,42,42,42,42,42,42,42,42,42,42,42,42,42,42,42,42,42,42,42,42,42,42,42,42,42,42],"card_choices":[{"not_picked":["Second Wind","Heavy Blade"],"picked":"Dark Embrace","floor":1},{"not_picked":["Headbutt","Entrench"],"picked":"Clothesline","floor":3},{"not_picked":["Carnage","Heavy Blade"],"picked":"Shrug It Off","floor":6},{"not_picked":["Heavy Blade","Sword Boomerang"],"picked":"Spot Weakness","floor":8},{"not_picked":["Pommel Strike","Rupture"],"picked":"Demon Form","floor":10},{"not_picked":["Carnage","Clash"],"picked":"Havoc","floor":12},{"not_picked":["Blood for Blood","Armaments"],"picked":"Fire Breathing","floor":14},{"not_picked":["Berserk","Feed"],"picked":"Immolate","floor":16},{"not_picked":["Shrug It Off","Heavy Blade"],"picked":"True Grit","floor":18},{"not_picked":["Armaments+1","Second Wind"],"picked":"Disarm+1","floor":20},{"not_picked":["Headbutt+1","Body Slam+1"],"picked":"Burning Pact","floor":23},{"not_picked":["Clash+1","Anger+1","Spot Weakness"],"picked":"SKIP","floor":25},{"not_picked":["Body Slam+1","Thunderclap+1"],"picked":"Shockwave","floor":27},{"not_picked":["Thunderclap+1","Cleave+1"],"picked":"Impervious","floor":29},{"not_picked":["Thunderclap+1","Clothesline+1"],"picked":"Wild Strike+1","floor":31},{"not_picked":["Berserk","Immolate+1"],"picked":"Impervious","floor":33},{"not_picked":["Flex+1","Thunderclap+1","Intimidate"],"picked":"SKIP","floor":35},{"not_picked":["Anger+1","Iron Wave+1"],"picked":"True Grit","floor":36},{"not_picked":["Armaments+1","Iron Wave+1"],"picked":"Limit Break","floor":38},{"not_picked":["Warcry","Iron Wave+1"],"picked":"Heavy Blade+1","floor":39},{"not_picked":["Spot Weakness","Cleave+1","Hemokinesis+1"],"picked":"SKIP","floor":41}],"player_experience":229545,"relics_obtained":[{"floor":6,"key":"Peace Pipe"},{"floor":8,"key":"Bag of Marbles"},{"floor":9,"key":"Pantograph"},{"floor":10,"key":"Du-Vu Doll"},{"floor":23,"key":"Molten Egg 2"},{"floor":26,"key":"Centennial Puzzle"},{"floor":27,"key":"Gremlin Horn"},{"floor":29,"key":"HornCleat"},{"floor":41,"key":"Girya"},{"floor":43,"key":"Orichalcum"}],"event_choices":[{"damage_healed":0,"gold_gain":0,"player_choice":"Donut","damage_taken":0,"max_hp_gain":5,"max_hp_loss":0,"event_name":"Big Fish","floor":2,"gold_loss":0},{"damage_healed":0,"gold_gain":0,"player_choice":"Take Damage","damage_taken":21,"relics_obtained":["Golden Idol"],"max_hp_gain":0,"max_hp_loss":0,"event_name":"Golden Idol","floor":5,"gold_loss":0},{"cards_removed":["Strike_R"],"damage_healed":0,"gold_gain":0,"player_choice":"Card Removal","damage_taken":7,"max_hp_gain":0,"max_hp_loss":0,"event_name":"Golden Wing","floor":13,"gold_loss":0},{"damage_healed":0,"gold_gain":0,"player_choice":"Became a Ghost","damage_taken":0,"max_hp_gain":0,"max_hp_loss":43,"event_name":"Ghosts","floor":19,"gold_loss":0,"cards_obtained":["Ghostly","Ghostly","Ghostly","Ghostly","Ghostly"]},{"damage_healed":0,"gold_gain":0,"player_choice":"Ignored","damage_taken":0,"max_hp_gain":0,"max_hp_loss":0,"event_name":"Beggar","floor":21,"gold_loss":0},{"damage_healed":0,"gold_gain":100,"player_choice":"Bet on Murderer","damage_taken":0,"max_hp_gain":0,"max_hp_loss":0,"event_name":"The Joust","floor":22,"gold_loss":50},{"damage_healed":0,"gold_gain":0,"player_choice":"Simplicity","damage_taken":0,"max_hp_gain":0,"max_hp_loss":0,"event_name":"Back to Basics","floor":28,"gold_loss":0,"cards_upgraded":["Strike_R","Strike_R","Strike_R","Defend_R","Defend_R","Defend_R","Defend_R"]},{"cards_removed":["Wild Strike"],"damage_healed":0,"gold_gain":0,"player_choice":"Removed Attack","damage_taken":0,"max_hp_gain":0,"max_hp_loss":0,"event_name":"Falling","floor":37,"gold_loss":0},{"damage_healed":0,"gold_gain":300,"player_choice":"Gold","damage_taken":0,"max_hp_gain":0,"max_hp_loss":0,"event_name":"Wheel of Change","floor":42,"gold_loss":0}],"is_beta":false,"boss_relics":[{"not_picked":["Philosopher\u0027s Stone","Fusion Hammer"],"picked":"Ectoplasm"},{"not_picked":["Runic Dome","Sozu"],"picked":"Mark of Pain"}],"items_purged_floors":[4,30],"is_endless":false,"potions_floor_spawned":[1,3,10,14,18,27,29,31,35,38],"killed_by":"Maw","ascension_level":4}}