{"host":"lwys0gbp6t40j7jh","time":1614339561,"event":{"mods":["BaseMod","Minty Spire (QoL Compilation)","StSLib","SuperFastMode"],"gold_per_floor":[112,131,31,50,50,50,83,101,101,101,116,116,134,134,134,234,234,246,263,280,298,298,298,298,298],"floor_reached":24,"language":"ENG","playtime":373,"items_purged":["Defend_P"],"score":230,"play_id":"95002b40-36da-4b9b-b04a-79b1bedfe600","local_time":"20210226123921","is_ascension_mode":true,"campfire_choices":[{"data":"Eruption","floor":6,"key":"SMITH"},{"data":"BowlingBash","floor":10,"key":"SMITH"},{"floor":12,"key":"REST"},{"data":"Strike_P","floor":15,"key":"SMITH"},{"data":"Strike_P","floor":23,"key":"SMITH"}],"circlet_count":0,"master_deck":["Strike_P+1","Strike_P","Strike_P+1","Defend_P","Defend_P","Defend_P","Eruption+1","Vigilance","BowlingBash+1","Conclude+1"],"relics":["PureWater","Oddly Smooth Stone","Gremlin Horn","SlaversCollar"],"acts_visited":["Exordium","TheCity"],"potions_floor_usage":[7,16],"damage_taken":[{"damage":7,"enemies":"Small Slimes","floor":1,"turns":4},{"damage":0,"enemies":"2 Louse","floor":2,"turns":2},{"damage":0,"enemies":"Cultist","floor":4,"turns":3},{"damage":32,"enemies":"Gremlin Nob","floor":7,"turns":3},{"damage":0,"enemies":"Large Slime","floor":8,"turns":2},{"damage":0,"enemies":"Exordium Wildlife","floor":11,"turns":1},{"damage":0,"enemies":"2 Fungi Beasts","floor":13,"turns":2},{"damage":34,"enemies":"The Guardian","floor":16,"turns":13},{"damage":0,"enemies":"Spheric Guardian","floor":18,"turns":1},{"damage":10,"enemies":"2 Thieves","floor":19,"turns":2},{"damage":0,"enemies":"Centurion and Healer","floor":20,"turns":3},{"damage":37,"enemies":"Cultist and Chosen","floor":21,"turns":6},{"damage":54,"enemies":"Book of Stabbing","floor":24,"turns":5}],"seed_played":"7846725604321032060","potions_obtained":[{"floor":4,"key":"Fire Potion"},{"floor":8,"key":"PowerPotion"},{"floor":16,"key":"EssenceOfSteel"},{"floor":19,"key":"PowerPotion"}],"is_trial":false,"path_per_floor":["M","M","$","M","?","R","E","M","T","R","M","R","M","?","R","B",null,"M","M","M","M","?","R","E"],"character_chosen":"WATCHER","items_purchased":["BowlingBash"],"campfire_rested":1,"item_purchase_floors":[3],"current_hp_per_floor":[65,65,65,65,65,65,33,33,33,33,33,54,54,54,54,20,72,72,62,62,25,49,49,0,0],"gold":298,"neow_bonus":"REMOVE_CARD","is_daily":false,"chose_seed":false,"campfire_upgraded":4,"win_rate":0.0,"timestamp":1614339561,"path_taken":["M","M","$","M","?","R","E","M","T","R","M","R","M","?","R","BOSS","M","M","M","M","?","R","E"],"items_purchased_type":["Card"],"build_version":"2020-12-22","purchased_purges":1,"victory":false,"max_hp_per_floor":[72,72,72,72,72,72,72,72,72,72,72,72,72,72,72,72,72,72,72,72,72,72,72,72,72],"card_choices":[{"not_picked":["CutThroughFate","ClearTheMind","Protect"],"picked":"SKIP","floor":1},{"not_picked":["ClearTheMind","EmptyFist","JustLucky"],"picked":"SKIP","floor":2},{"not_picked":["WindmillStrike","Crescendo"],"picked":"Conclude","floor":4},{"not_picked":["WindmillStrike","Meditate","SignatureMove"],"picked":"SKIP","floor":7},{"not_picked":["Perseverance","SashWhip","ClearTheMind"],"picked":"SKIP","floor":8},{"not_picked":["MasterReality","Prostrate","SandsOfTime"],"picked":"SKIP","floor":11},{"not_picked":["EmptyFist","PathToVictory","SashWhip"],"picked":"SKIP","floor":13},{"not_picked":["Consecrate","FlurryOfBlows","FlyingSleeves"],"picked":"SKIP","floor":18},{"not_picked":["WreathOfFlame","JustLucky+1","Consecrate"],"picked":"SKIP","floor":19},{"not_picked":["EmptyFist+1","Pray","BattleHymn"],"picked":"SKIP","floor":20},{"not_picked":["Crescendo","PathToVictory+1","JustLucky"],"picked":"SKIP","floor":21}],"player_experience":1228892,"relics_obtained":[{"floor":7,"key":"Oddly Smooth Stone"},{"floor":9,"key":"Gremlin Horn"}],"event_choices":[{"damage_healed":0,"gold_gain":0,"player_choice":"Ignored","damage_taken":0,"max_hp_gain":0,"max_hp_loss":0,"event_name":"Shining Light","floor":5,"gold_loss":0},{"damage_healed":0,"gold_gain":0,"player_choice":"Upgraded","damage_taken":0,"max_hp_gain":0,"max_hp_loss":0,"event_name":"Upgrade Shrine","floor":14,"gold_loss":0,"cards_upgraded":["Conclude"]},{"damage_healed":24,"gold_gain":0,"player_choice":"Heal","damage_taken":0,"max_hp_gain":0,"max_hp_loss":0,"event_name":"The Library","floor":22,"gold_loss":0}],"is_beta":false,"boss_relics":[{"not_picked":["Snecko Eye","Sozu"],"picked":"SlaversCollar"}],"items_purged_floors":[3],"is_endless":false,"potions_floor_spawned":[4,8,16,19],"killed_by":"Book of Stabbing","ascension_level":3}}