{"host":"nihqlga4zpmrcpl9","time":1614309191,"event":{"mods":["BaseMod","LagranYue(拉格朗・月)","Marisa（F雨　魔理沙）","Minty Spire (QoL Compilation)","Replay The Spire","Shop Mod","StSLib","The Bug Knight","The Cursed","The Hierophant","The Servant 0.9.4"],"gold_per_floor":[115,115,139,152,152,152,196,211,211,226,259,110,110,110],"floor_reached":13,"language":"ZHS","playtime":552,"items_purged":["CommonCold"],"score":143,"play_id":"0391932f-7eaa-4ca8-9337-1e5cd4c162c7","local_time":"20210226111311","is_ascension_mode":true,"campfire_choices":[{"data":"Seeing Red","floor":6,"key":"SMITH"}],"circlet_count":0,"master_deck":["AscendersBane","Strike_R","Strike_R","Strike_R","Strike_R","Strike_R","Defend_R","Defend_R","Defend_R","Defend_R","Bash","Sword Boomerang","Seeing Red+1","Dropkick","Clash","Thunderclap","Iron Wave","Reckless Charge","Metallicize"],"relics":["Burning Blood","LagranYue:RandomDrawCardRelic","Champion Belt","Golden Idol","Ring of Misfortune","Blue Doll","Bottled Flame","Ginger"],"acts_visited":["Exordium"],"potions_floor_usage":[7,11],"damage_taken":[{"damage":5,"enemies":"Jaw Worm","floor":1,"turns":6},{"damage":0,"enemies":"Small Slimes","floor":3,"turns":3},{"damage":1,"enemies":"Cultist","floor":4,"turns":3},{"damage":10,"enemies":"3 Sentries","floor":7,"turns":5},{"damage":3,"enemies":"Blue Slaver","floor":8,"turns":4},{"damage":6,"enemies":"Red Slaver","floor":10,"turns":2},{"damage":39,"enemies":"Gremlin Nob","floor":11,"turns":6},{"damage":11,"enemies":"Replay:BlueRogue","floor":13,"turns":3}],"seed_played":"-8082805668657962548","potions_obtained":[{"floor":3,"key":"AttackPotion"},{"floor":8,"key":"SteroidPotion"},{"floor":11,"key":"EssenceOfSteel"}],"is_trial":false,"path_per_floor":["M","?","M","M","?","R","E","M","T","M","E","$","E"],"character_chosen":"IRONCLAD","items_purchased":["Metallicize"],"campfire_rested":0,"item_purchase_floors":[12],"current_hp_per_floor":[52,32,38,43,43,43,39,42,42,42,9,9,0,0],"gold":110,"neow_bonus":"ONE_RARE_RELIC","is_daily":false,"chose_seed":false,"campfire_upgraded":1,"win_rate":0.0,"timestamp":1614309191,"path_taken":["M","?","M","M","?","R","E","?","T","M","E","$","E"],"items_purchased_type":["Card"],"build_version":"2020-12-22","purchased_purges":1,"victory":false,"max_hp_per_floor":[80,80,80,80,80,80,80,80,80,80,80,80,80,80],"card_choices":[{"not_picked":["ReplayTheSpireMod:Muscle Training","Havoc"],"picked":"Sword Boomerang","floor":1},{"not_picked":["Sentinel","Run Through"],"picked":"Seeing Red","floor":3},{"not_picked":["Headbutt","Rage"],"picked":"Dropkick","floor":4},{"not_picked":["ReplayTheSpireMod:Limb From Limb","Perfected Strike"],"picked":"Clash","floor":7},{"not_picked":["Heavy Blade","Uppercut"],"picked":"Thunderclap","floor":8},{"not_picked":["ReplayTheSpireMod:Muscle Training","Whirlwind"],"picked":"Iron Wave","floor":10},{"not_picked":["Bloodletting","Massacre"],"picked":"Reckless Charge","floor":11}],"player_experience":833953,"relics_obtained":[{"floor":5,"key":"Ring of Misfortune"},{"floor":7,"key":"Blue Doll"},{"floor":9,"key":"Bottled Flame"},{"floor":11,"key":"Ginger"}],"event_choices":[{"damage_healed":0,"gold_gain":0,"player_choice":"Take Damage","damage_taken":20,"relics_obtained":["Golden Idol"],"max_hp_gain":0,"max_hp_loss":0,"event_name":"Golden Idol","floor":2,"gold_loss":0}],"is_beta":false,"boss_relics":[],"items_purged_floors":[12],"is_endless":false,"potions_floor_spawned":[3,8,11],"killed_by":"Replay:BlueRogue","ascension_level":10}}