{"host":"050ensmz1fh1c58u","time":1614336675,"event":{"mods":["BaseMod","Downfall","Hubris","JesterMod","Minty Spire (QoL Compilation)","READ ME - Guardian Mod","StSLib","The Disciple","The Marked","The Necromancer","The Servant 0.9.4"],"gold_per_floor":[99,113,131,147,147,181,204,204,215,15,15,0,0,13,32,129,129,129,140,152,172,172,199,199,230,230,257,275,275,289,99,115,213,213,213,223,223,273,425,425,425,442,317,335,235,284,284,296,312,312,312,346,50,50,50,50],"floor_reached":55,"language":"ENG","playtime":4718,"items_purged":["Strike_W","Defend_W","Normality"],"score":999,"play_id":"3e55670e-fe7c-4c74-a2a6-f9bd53156360","local_time":"20210226115115","is_ascension_mode":true,"campfire_choices":[{"data":"Acid_Javelin","floor":1.0,"key":"SMITH"},{"data":"Pandemic","floor":10.0,"key":"SMITH"},{"floor":13.0,"key":"REST"},{"data":"Summon_Vampire_Lady","floor":18.0,"key":"SMITH"},{"data":"Spectral_Walk","floor":29.0,"key":"SMITH"},{"floor":35,"key":"RECALL"},{"data":"Spectral_Walk","floor":45,"key":"SMITH"},{"floor":47,"key":"REST"},{"floor":54,"key":"REST"}],"circlet_count":0,"master_deck":["Strike_W+1","Defend_W","Defend_W","Defend_W","Negative_Energy_Arrows+1","Bone_Wall","Acid_Javelin+1","Shade_Step","Pandemic+1","Violent_Necrosis","Blood_Is_Power","Shade_Step","Summon_Vampire_Lady+1","Acid_Javelin+1","Thousand_Bone_Knives+1","Spectral_Walk+1","Toxic_Smoke_Screen","Reap_The_Weak","Grasp_Heart","Shackles_Of_Pain+1","Spectral_Walk+1","expansioncontent:AwakenDeath","Siphon_Strength"],"relics":["Vampire_Amulet","Bag of Preparation","downfall:HeartBlessingGreen","downfall:HeartBlessingBlue","SacredBark","hubris:Towel","Whetstone","Sundial","Boot","hubris:SlimyHat","Cursed Key","Ice Cream","Vajra","downfall:HeartBlessingRed","hubris:FunFungus","Ornamental Fan","Pen Nib","hubris:HerbalPaste"],"acts_visited":["Exordium","TheCity","TheBeyond","TheEnding"],"potions_floor_usage":[42,44,50],"damage_taken":[{"damage":1.0,"enemies":"Jaw Worm","floor":2.0,"turns":4.0},{"damage":0.0,"enemies":"2 Louse","floor":3.0,"turns":2.0},{"damage":4.0,"enemies":"Small Slimes","floor":4.0,"turns":5.0},{"damage":40.0,"enemies":"Gremlin Nob","floor":6.0,"turns":5.0},{"damage":0.0,"enemies":"Blue Slaver","floor":9.0,"turns":5.0},{"damage":3.0,"enemies":"downfall:FleeingMerchant","floor":12.0,"turns":4.0},{"damage":2.0,"enemies":"3 Louse","floor":14.0,"turns":4.0},{"damage":1.0,"enemies":"Red Slaver","floor":15.0,"turns":4.0},{"damage":20.0,"enemies":"IC_STATUS_ARCHETYPE","floor":16.0,"turns":7.0},{"damage":7.0,"enemies":"Shell Parasite","floor":19.0,"turns":7.0},{"damage":15.0,"enemies":"Chosen","floor":20.0,"turns":6.0},{"damage":5.0,"enemies":"Snecko","floor":21.0,"turns":5.0},{"damage":34.0,"enemies":"Gremlin Leader","floor":23.0,"turns":5.0},{"damage":17.0,"enemies":"Slavers","floor":25.0,"turns":4.0},{"damage":7.0,"enemies":"Book of Stabbing","floor":27.0,"turns":4.0},{"damage":16.0,"enemies":"Centurion and Healer","floor":28.0,"turns":12.0},{"damage":10.0,"enemies":"3 Cultists","floor":30.0,"turns":5.0},{"damage":3.0,"enemies":"downfall:FleeingMerchant","floor":31.0,"turns":4.0},{"damage":11.0,"enemies":"Sentry and Sphere","floor":32.0,"turns":5.0},{"damage":9.0,"enemies":"WA_ARCHETYPE_CALM","floor":33.0,"turns":7.0},{"damage":1,"enemies":"3 Shapes","floor":36,"turns":5},{"damage":5,"enemies":"3 Shapes","floor":38,"turns":7},{"damage":3,"enemies":"downfall:FleeingMerchant","floor":39,"turns":4},{"damage":2,"enemies":"Orb Walker","floor":42,"turns":5},{"damage":2,"enemies":"Maw","floor":44,"turns":6},{"damage":68,"enemies":"2 Orb Walkers","floor":46,"turns":7},{"damage":0,"enemies":"Transient","floor":48,"turns":5},{"damage":27,"enemies":"Jaw Worm Horde","floor":49,"turns":6},{"damage":111,"enemies":"DF_ARCHETYPE_ORBS","floor":50,"turns":8},{"damage":111,"enemies":"downfall:CharBossMerchant","floor":52,"turns":7},{"damage":122,"enemies":"downfall:NeowBoss","floor":55,"turns":15}],"seed_played":"-8286191612626177803","potions_obtained":[{"floor":2.0,"key":"SneckoOil"},{"floor":3.0,"key":"Swift Potion"},{"floor":4.0,"key":"Swift Potion"},{"floor":14.0,"key":"Swift Potion"},{"floor":19.0,"key":"ColorlessPotion"},{"floor":23.0,"key":"AttackPotion"},{"floor":25.0,"key":"SteroidPotion"},{"floor":26.0,"key":"PowerPotion"},{"floor":26.0,"key":"FearPotion"},{"floor":28.0,"key":"DuplicationPotion"},{"floor":42,"key":"Block Potion"},{"floor":44,"key":"Fruit Juice"}],"is_trial":false,"path_per_floor":["R","M","M","M","?","E","T","?","M","R","?","$","R","M","M","B",null,"R","M","M","M","?","E","T","E","?","E","M","R","M","$","M","B",null,"R","M","?","?","$","?","T","M","$","M","R","?","R","M","M","B",null,"E","$","R","B"],"character_chosen":"NECROMANCER","items_purchased":["CultistPotion","Spectral_Walk","Pen Nib","hubris:HerbalPaste"],"campfire_rested":3,"item_purchase_floors":[31,39,53,53],"current_hp_per_floor":[75,75,75,75,75,37,37,37,39,49,49,46,71,75,76,58,85,85,85,85,85,85,56,56,45,45,43,67,67,85,85,76,85,85,85,85,85,84,85,85,85,85,85,95,95,46,74,91,85,23,95,22,22,50,0,0],"gold":50,"neow_bonus":"THREE_CARDS","is_daily":false,"chose_seed":false,"campfire_upgraded":5,"win_rate":0.0,"timestamp":1614336675,"path_taken":["R","M","M","M","?","E","T","?","M","R","?","$","R","M","M","BOSS","R","M","M","?","?","E","T","E","?","E","M","R","M","$","M","BOSS","R","M","?","?","?","?","T","?","$","M","R","?","R","M","M","BOSS","E","$","R","BOSS"],"items_purchased_type":["Potion","Card","Relic","Relic"],"build_version":"2020-12-22","purchased_purges":3,"victory":false,"max_hp_per_floor":[75,75,75,75,75,75,75,75,75,85,85,85,85,85,85,85,85,85,85,85,85,85,85,85,85,85,85,85,85,85,85,85,85,85,85,85,85,85,85,85,85,85,85,95,95,95,95,95,95,95,95,95,95,95,95,95],"card_choices":[{"not_picked":["Bones_to_Steel","Death_Coil"],"picked":"Acid_Javelin","floor":0.0},{"not_picked":["Death_March_Dance","Uncharnel"],"picked":"Shade_Step","floor":2.0},{"not_picked":["Bone_Shift","Blood_Whip"],"picked":"Pandemic","floor":3.0},{"not_picked":["Finger_Of_Death","Bone_Spikes","Strike_from_Beyond"],"picked":"SKIP","floor":4.0},{"not_picked":["Chill_Blood","Consume_Illness"],"picked":"Negative_Energy_Shield","floor":6.0},{"not_picked":["Blood_Whip","Bone_Bullets","Shade_Step"],"picked":"SKIP","floor":9.0},{"not_picked":["Life_Tap","Whirlwind_of_Bones","Blood_Curse"],"picked":"SKIP","floor":12.0},{"not_picked":["Shade_Step","Bone_Shift","Blood_Wake"],"picked":"SKIP","floor":14.0},{"not_picked":["Bone_Shift","Blood_Wake"],"picked":"Shade_Step","floor":14.0},{"not_picked":["Scare","Bone_Prison","Blood_Shield"],"picked":"SKIP","floor":15.0},{"not_picked":["Skeleton_Dragon","Negative_Energy_Bomb"],"picked":"Summon_Vampire_Lady","floor":16.0},{"not_picked":["Blood_Whip+1","Negative_Energy_Sphere","Scare"],"picked":"SKIP","floor":19.0},{"not_picked":["Scare+1","Blood_Whip"],"picked":"Acid_Javelin+1","floor":20.0},{"not_picked":["Negative_Energy_Shield","Blood_Curse"],"picked":"Thousand_Bone_Knives+1","floor":21.0},{"not_picked":["Summon_Lich+1","Blood_Curse"],"picked":"Spectral_Walk","floor":23.0},{"not_picked":["Uncharnel","Exploit","Acid_Javelin"],"picked":"SKIP","floor":25.0},{"not_picked":["Chill_Blood","Death_Coil","Shackles_Of_Pain"],"picked":"SKIP","floor":27.0},{"not_picked":["Negative_Energy_Shield","Consume_Illness+1","Death_March_Dance"],"picked":"SKIP","floor":28.0},{"not_picked":["Negative_Energy_Sphere","Deaths_Shadow"],"picked":"Toxic_Smoke_Screen","floor":30.0},{"not_picked":["Negative_Energy_Shield","Deaths_Shadow+1","Life_Tap+1"],"picked":"SKIP","floor":31.0},{"not_picked":["Negative_Energy_Sphere","Negative_Energy_Javelin","Bone_Spikes+1"],"picked":"SKIP","floor":32.0},{"not_picked":["Requiem","Blood_Magic"],"picked":"Reap_The_Weak","floor":33.0},{"not_picked":["Toxic_Smoke_Screen+1","Uncharnel","Shackles_Of_Pain"],"picked":"SKIP","floor":36},{"not_picked":["Exploit+1","Blood_for_Blood+1"],"picked":"Grasp_Heart","floor":38},{"not_picked":["Death_March_Dance","Life_Drain"],"picked":"Shackles_Of_Pain+1","floor":39},{"not_picked":["expansioncontent:HyperBeam","expansioncontent:InvincibleStrength"],"picked":"expansioncontent:AwakenDeath","floor":40},{"not_picked":["Bone_Shift+1","Violent_Necrosis+1"],"picked":"Siphon_Strength","floor":42},{"not_picked":["Bone_Bullets","Death_March_Dance","Blood_Whip"],"picked":"SKIP","floor":44},{"not_picked":["Deaths_Shadow+1","Plague_Bolt","Grasp_Heart"],"picked":"SKIP","floor":48},{"not_picked":["Summon_Lich","Death_March_Dance","Bone_Spikes+1"],"picked":"SKIP","floor":49},{"not_picked":["Negative_Energy_Sphere+1","Death_Knell","Reap_The_Weak"],"picked":"SKIP","floor":52}],"player_experience":1434602,"relics_obtained":[{"floor":6.0,"key":"Bag of Preparation"},{"floor":23.0,"key":"Whetstone"},{"floor":24.0,"key":"Sundial"},{"floor":25.0,"key":"Boot"},{"floor":27.0,"key":"hubris:SlimyHat"},{"floor":38,"key":"Ice Cream"},{"floor":41,"key":"Vajra"},{"floor":46,"key":"hubris:FunFungus"},{"floor":52,"key":"Ornamental Fan"}],"event_choices":[{"cards_removed":["Strike_W"],"damage_healed":0.0,"max_hp_gain":0.0,"max_hp_loss":0.0,"gold_gain":0.0,"event_name":"Living Wall","player_choice":"Forget","floor":8.0,"gold_loss":0.0,"damage_taken":0.0},{"damage_healed":0.0,"max_hp_gain":0.0,"max_hp_loss":0.0,"gold_gain":0.0,"event_name":"Lab","player_choice":"Got Potions","floor":26.0,"gold_loss":0.0,"damage_taken":0.0},{"cards_removed":["Negative_Energy_Shield"],"damage_healed":0,"gold_gain":0,"player_choice":"Removed Skill","damage_taken":0,"max_hp_gain":0,"max_hp_loss":0,"event_name":"Falling","floor":37,"gold_loss":0},{"damage_healed":0,"gold_gain":0,"player_choice":"Fight","damage_taken":0,"max_hp_gain":0,"max_hp_loss":0,"event_name":"Mysterious Sphere","floor":46,"gold_loss":0}],"is_beta":false,"boss_relics":[{"not_picked":["Tiny House","hubris:RunicObelisk"],"picked":"SacredBark"},{"not_picked":["Runic Dome","SlaversCollar"],"picked":"Cursed Key"}],"items_purged_floors":[31,39,43],"is_endless":false,"potions_floor_spawned":[2,3,4,14,19,23,25,28,42,44],"killed_by":"downfall:NeowBoss","ascension_level":1}}