{"host":"ovcza0gnr2tscsgg","time":1614366063,"event":{"mods":["BaseMod","Colored Powertips","Marisa£®ÏF”Í°°ƒß¿Ì…≥£©","Minty Spire (QoL Compilation)","StSLib","The Bug Knight","UnlockEverythingMod","noobMod"],"gold_per_floor":[112,131,147,1,18,43,43,57,57,84,96,96,25,43,43,142,142,153,173,73,73,85,115,115,140,140,140,140,140,151,168,168,267,317,337,212,62,74,86,86,114,114,182,210,82,102,102,121,121,121,121,121,121,154,154],"floor_reached":56,"language":"ZHS","playtime":1482,"items_purged":["Defend_R","Strike_R","Strike_R","Strike_R","Strike_R"],"score":2044,"play_id":"b2ec95d2-1df3-408f-9636-1ce47c868db6","local_time":"20210227030103","is_ascension_mode":true,"campfire_choices":[{"data":"Inflame","floor":7,"key":"SMITH"},{"data":"Inflame","floor":15,"key":"SMITH"},{"data":"Heavy Blade","floor":24,"key":"SMITH"},{"data":"Heavy Blade","floor":28,"key":"SMITH"},{"data":"Heavy Blade","floor":32,"key":"SMITH"},{"data":"Inflame","floor":40,"key":"SMITH"},{"floor":42,"key":"RECALL"},{"data":"Limit Break","floor":47,"key":"SMITH"},{"data":"Demon Form","floor":49,"key":"SMITH"},{"data":"Double Tap","floor":52,"key":"SMITH"}],"circlet_count":0,"master_deck":["AscendersBane","Defend_R","Defend_R+1","Bash","Flex","Inflame+1","Burning Pact","Heavy Blade+1","Heavy Blade+1","Warcry","Flex","Inflame+1","Limit Break+1","Necronomicurse","Pommel Strike","Heavy Blade+1","Inflame+1","Demon Form+1","Double Tap+1","Seeing Red+1"],"relics":["Burning Blood","ice","NeowsBlessing","HollowMod:StagPassRelic","Thread and Needle","Singing Bowl","Empty Cage","Necronomicon","Dream Catcher","Blood Vial","Bottled Tornado","Tiny House","The Courier","Gremlin Horn","MawBank","Blue Candle"],"acts_visited":["Exordium","TheCity","TheBeyond","TheEnding"],"potions_floor_usage":[6,10,29,54,55,55],"damage_taken":[{"damage":0,"enemies":"Cultist","floor":1,"turns":1},{"damage":0,"enemies":"2 Louse","floor":2,"turns":1},{"damage":0,"enemies":"Jaw Worm","floor":3,"turns":1},{"damage":7,"enemies":"2 Fungi Beasts","floor":5,"turns":3},{"damage":50,"enemies":"Lagavulin","floor":6,"turns":8},{"damage":10,"enemies":"Large Slime","floor":8,"turns":5},{"damage":23,"enemies":"Gremlin Nob","floor":10,"turns":4},{"damage":29,"enemies":"Lots of Slimes","floor":11,"turns":5},{"damage":10,"enemies":"Red Slaver","floor":14,"turns":4},{"damage":0,"enemies":"Slime Boss","floor":16,"turns":7},{"damage":8,"enemies":"Chosen","floor":18,"turns":3},{"damage":65,"enemies":"3 Byrds","floor":19,"turns":5},{"damage":19,"enemies":"Shelled Parasite and Fungi","floor":22,"turns":3},{"damage":7,"enemies":"Gremlin Leader","floor":23,"turns":2},{"damage":10,"enemies":"Book of Stabbing","floor":25,"turns":2},{"damage":0,"enemies":"Snake Plant","floor":30,"turns":1},{"damage":0,"enemies":"Centurion and Healer","floor":31,"turns":2},{"damage":0,"enemies":"Collector","floor":33,"turns":2},{"damage":0,"enemies":"Orb Walker","floor":35,"turns":1},{"damage":12,"enemies":"3 Shapes","floor":38,"turns":3},{"damage":17,"enemies":"3 Darklings","floor":39,"turns":3},{"damage":45,"enemies":"Nemesis","floor":41,"turns":3},{"damage":79,"enemies":"Reptomancer","floor":44,"turns":3},{"damage":0,"enemies":"Maw","floor":46,"turns":2},{"damage":8,"enemies":"Spire Growth","floor":48,"turns":3},{"damage":28,"enemies":"Time Eater","floor":50,"turns":2},{"damage":7,"enemies":"Shield and Spear","floor":54,"turns":3},{"damage":126,"enemies":"The Heart","floor":55,"turns":5}],"seed_played":"-6505877513075216501","potions_obtained":[{"floor":3,"key":"BloodPotion"},{"floor":6,"key":"EssenceOfSteel"},{"floor":8,"key":"SkillPotion"},{"floor":16,"key":"SteroidPotion"},{"floor":19,"key":"Block Potion"},{"floor":29,"key":"GamblersBrew"},{"floor":29,"key":"Fruit Juice"},{"floor":29,"key":"GamblersBrew"},{"floor":54,"key":"Dexterity Potion"}],"is_trial":false,"path_per_floor":["M","M","M","$","M","E","R","M","T","E","M","?","$","M","R","B",null,"M","M","$","?","M","E","R","E","T","?","R","?","M","M","R","B",null,"M","$","$","M","M","R","E","R","T","E","$","M","R","M","R","B",null,"R","$","E","B",null],"character_chosen":"IRONCLAD","items_purchased":["Inflame","Warcry","Flex"],"campfire_rested":0,"item_purchase_floors":[4,13,13],"current_hp_per_floor":[78,80,80,80,79,51,51,47,47,30,80,80,80,76,76,82,83,83,26,26,10,108,109,109,105,105,105,105,110,120,128,128,131,138,140,140,140,136,129,129,94,94,94,23,23,33,33,35,35,15,131,131,131,132,14],"gold":154,"neow_bonus":"THREE_ENEMY_KILL","is_daily":false,"chose_seed":false,"campfire_upgraded":9,"win_rate":0.0,"timestamp":1614366063,"path_taken":["M","?","M","$","?","E","R","?","T","E","M","?","?","M","R","BOSS","M","M","$","?","M","E","R","E","T","?","R","?","M","M","R","BOSS","M","?","$","?","M","R","E","R","T","E","$","M","R","?","R","BOSS","R","$","E","BOSS"],"items_purchased_type":["Card","Card","Card"],"build_version":"2020-12-22","purchased_purges":5,"victory":true,"max_hp_per_floor":[80,80,80,80,80,80,80,80,80,80,80,80,80,82,82,83,83,87,115,115,115,118,122,122,124,124,124,124,129,131,131,131,131,138,140,140,140,146,151,151,157,157,157,163,163,165,165,169,169,170,170,170,170,173,216],"card_choices":[{"not_picked":["Cleave","Rage"],"picked":"Flex","floor":1},{"not_picked":["Iron Wave","Reckless Charge","Armaments"],"picked":"SKIP","floor":2},{"not_picked":["Fire Breathing","Ghostly Armor","Clothesline"],"picked":"SKIP","floor":3},{"not_picked":["Power Through","Wild Strike","Rage"],"picked":"SKIP","floor":5},{"not_picked":["Carnage","Body Slam"],"picked":"Burning Pact","floor":6},{"not_picked":["Iron Wave","Metallicize","True Grit"],"picked":"SKIP","floor":8},{"not_picked":["Rampage","Armaments"],"picked":"Heavy Blade","floor":10},{"not_picked":["Barricade","Clothesline"],"picked":"Heavy Blade","floor":11},{"not_picked":["Warcry","Shockwave"],"picked":"Inflame","floor":14},{"not_picked":["Brutality","Reaper"],"picked":"Limit Break","floor":16},{"not_picked":["Hemokinesis","Shrug It Off","Blood for Blood"],"picked":"Singing Bowl","floor":18},{"not_picked":["Iron Wave","Sword Boomerang","Evolve"],"picked":"Singing Bowl","floor":19},{"not_picked":["Bloodletting","Wild Strike"],"picked":"Pommel Strike","floor":22},{"not_picked":["Thunderclap","Whirlwind","Twin Strike+1"],"picked":"Singing Bowl","floor":23},{"not_picked":["Iron Wave","Clash"],"picked":"Heavy Blade","floor":25},{"not_picked":["Havoc","True Grit","Rampage+1"],"picked":"Singing Bowl","floor":30},{"not_picked":["Perfected Strike","Flex"],"picked":"Inflame","floor":31},{"not_picked":["Impervious","Limit Break"],"picked":"Demon Form","floor":33},{"not_picked":["Wild Strike","Sword Boomerang+1","Body Slam"],"picked":"Singing Bowl","floor":34},{"not_picked":["Cleave","Hemokinesis","Wild Strike"],"picked":"Singing Bowl","floor":35},{"not_picked":["Iron Wave","Sword Boomerang","Flex"],"picked":"Singing Bowl","floor":38},{"not_picked":["Clothesline","Anger+1","Intimidate"],"picked":"Singing Bowl","floor":39},{"not_picked":["Twin Strike","Sword Boomerang+1","Spot Weakness"],"picked":"Singing Bowl","floor":41},{"not_picked":["Second Wind+1","Inflame"],"picked":"Double Tap","floor":44},{"not_picked":["Rage+1","Iron Wave","Power Through"],"picked":"Singing Bowl","floor":46},{"not_picked":["Havoc+1","Sever Soul","Thunderclap"],"picked":"Singing Bowl","floor":48},{"not_picked":["Cleave+1","Armaments+1"],"picked":"Seeing Red+1","floor":54}],"player_experience":173502,"relics_obtained":[{"floor":6,"key":"HollowMod:StagPassRelic"},{"floor":10,"key":"Thread and Needle"},{"floor":21,"key":"Necronomicon"},{"floor":23,"key":"Dream Catcher"},{"floor":25,"key":"Blood Vial"},{"floor":26,"key":"Bottled Tornado"},{"floor":41,"key":"The Courier"},{"floor":43,"key":"Gremlin Horn"},{"floor":44,"key":"MawBank"},{"floor":54,"key":"Blue Candle"}],"event_choices":[{"damage_healed":0,"gold_gain":0,"player_choice":"Gave Potion","damage_taken":0,"relics_obtained":["Singing Bowl"],"max_hp_gain":0,"max_hp_loss":0,"event_name":"WeMeetAgain","floor":12,"gold_loss":0},{"damage_healed":0,"gold_gain":0,"player_choice":"Obtained Book","damage_taken":16,"max_hp_gain":0,"max_hp_loss":0,"event_name":"Cursed Tome","floor":21,"gold_loss":0},{"damage_healed":0,"gold_gain":0,"player_choice":"Ignored","damage_taken":0,"max_hp_gain":0,"max_hp_loss":0,"event_name":"The Mausoleum","floor":27,"gold_loss":0},{"damage_healed":0,"gold_gain":0,"player_choice":"Got Potions","damage_taken":0,"max_hp_gain":0,"max_hp_loss":0,"event_name":"Lab","floor":29,"gold_loss":0}],"is_beta":false,"boss_relics":[{"not_picked":["Black Star","Runic Cube"],"picked":"Empty Cage"},{"not_picked":["Runic Pyramid","Cursed Key"],"picked":"Tiny House"}],"items_purged_floors":[4,20,36,37,45],"is_endless":false,"potions_floor_spawned":[3,6,8,16,19,22,35,41,44,48,54],"ascension_level":12}}