{"host":"d0btaf6p0msba79e","time":1614364509,"event":{"mods":["BaseMod","BetterRewards","Minty Spire (QoL Compilation)"],"gold_per_floor":[111,111,36,36,47,78,78,106,130,130,155,202,247,277,289,397,409,431,353,385,408,420,459,532,573,585,597,609,956,968,330,330,431,431,445,495,599,749,815,844,861,891,891,922,922,470,483,583,583,583,583,583,458,488,488],"floor_reached":56,"language":"ENG","playtime":3479,"items_purged":["Strike_P","Strike_P","Defend_P"],"score":2698,"play_id":"13191d26-2e03-49ef-aebd-51c671e2546f","local_time":"20210227053509","is_ascension_mode":true,"campfire_choices":[{"floor":7,"key":"REST"},{"data":"Apotheosis","floor":15,"key":"SMITH"},{"data":"TalkToTheHand","floor":27,"key":"SMITH"},{"data":"Defend_P","floor":28,"key":"PURGE"},{"data":"Strike_P","floor":30,"key":"PURGE"},{"floor":32,"key":"RECALL"},{"data":"Parasite","floor":45,"key":"PURGE"},{"data":"Defend_P+1","floor":49,"key":"PURGE"},{"data":"BattleHymn","floor":52,"key":"SMITH"}],"circlet_count":0,"master_deck":["Eruption","Vigilance+1","Tantrum+1","CutThroughFate","Apotheosis+1","CutThroughFate","FearNoEvil","Wallop","TalkToTheHand+1","Protect","SandsOfTime","FollowUp+1","ConjureBlade","WheelKick+1","BattleHymn+1"],"relics":["PureWater","FossilizedHelix","WingedGreaves","StoneCalendar","Peace Pipe","Incense Burner","Melange","Bag of Preparation","Happy Flower","War Paint","MawBank","Unceasing Top","Ornamental Fan","Sozu","SsserpentHead","Turnip","Mercury Hourglass","Old Coin","Yang","Gambling Chip","SlaversCollar","Oddly Smooth Stone","PreservedInsect","Lantern","Du-Vu Doll","Potion Belt","Membership Card","Shuriken","HornCleat","CaptainsWheel","TeardropLocket","Calipers"],"acts_visited":["Exordium","TheCity","TheBeyond","TheEnding"],"potions_floor_usage":[13,13,16,55],"damage_taken":[{"damage":0,"enemies":"2 Louse","floor":1,"turns":4},{"damage":0,"enemies":"Cultist","floor":5,"turns":2},{"damage":2,"enemies":"3 Sentries","floor":6,"turns":6},{"damage":0,"enemies":"Lagavulin","floor":8,"turns":3},{"damage":0,"enemies":"Gremlin Nob","floor":11,"turns":3},{"damage":0,"enemies":"Lagavulin","floor":12,"turns":3},{"damage":0,"enemies":"3 Sentries","floor":13,"turns":6},{"damage":0,"enemies":"Small Slimes","floor":14,"turns":2},{"damage":0,"enemies":"The Guardian","floor":16,"turns":8},{"damage":0,"enemies":"Shell Parasite","floor":18,"turns":3},{"damage":0,"enemies":"Chosen","floor":20,"turns":2},{"damage":0,"enemies":"Snecko","floor":21,"turns":3},{"damage":0,"enemies":"Book of Stabbing","floor":23,"turns":4},{"damage":0,"enemies":"Chosen and Byrds","floor":24,"turns":3},{"damage":0,"enemies":"Gremlin Leader","floor":25,"turns":3},{"damage":0,"enemies":"Slavers","floor":29,"turns":4},{"damage":0,"enemies":"Automaton","floor":33,"turns":5},{"damage":0,"enemies":"3 Darklings","floor":35,"turns":3},{"damage":0,"enemies":"Orb Walker","floor":39,"turns":2},{"damage":0,"enemies":"Giant Head","floor":40,"turns":5},{"damage":0,"enemies":"Writhing Mass","floor":41,"turns":4},{"damage":0,"enemies":"Reptomancer","floor":42,"turns":3},{"damage":14,"enemies":"Nemesis","floor":44,"turns":3},{"damage":0,"enemies":"4 Shapes","floor":47,"turns":3},{"damage":0,"enemies":"Mind Bloom Boss Battle","floor":48,"turns":3},{"damage":5,"enemies":"Awakened One","floor":50,"turns":5},{"damage":0,"enemies":"Shield and Spear","floor":54,"turns":2},{"damage":21,"enemies":"The Heart","floor":55,"turns":5}],"seed_played":"4705056126693208055","potions_obtained":[{"floor":6,"key":"Swift Potion"},{"floor":10,"key":"Fire Potion"},{"floor":10,"key":"SkillPotion"},{"floor":14,"key":"SkillPotion"},{"floor":16,"key":"StancePotion"}],"is_trial":false,"path_per_floor":["M","?","$","?","M","E","R","E","T","?","E","E","E","M","R","B",null,"M","?","M","M","?","E","M","E","T","R","R","E","R","$","R","B",null,"M","?","T","?","M","E","M","E","T","E","R","$","M","?","R","B",null,"R","$","E","B",null],"character_chosen":"WATCHER","items_purchased":["FossilizedHelix","Tantrum","CutThroughFate","Apotheosis","CutThroughFate","Incense Burner","Melange","Yang","Gambling Chip","Membership Card","Shuriken","HornCleat","TeardropLocket"],"campfire_rested":1,"item_purchase_floors":[0,0,0,0,0,0,0,31,31,46,46,46,53],"current_hp_per_floor":[23,23,23,28,28,26,49,49,49,49,49,49,49,49,49,49,70,70,70,70,70,70,70,70,70,70,70,70,70,70,70,70,70,75,75,75,75,75,75,75,75,75,75,61,61,61,61,61,61,56,70,70,70,70,49],"gold":488,"neow_bonus":"","is_daily":false,"chose_seed":false,"campfire_upgraded":3,"win_rate":0.0,"timestamp":1614364509,"path_taken":["M","?","?","?","?","E","R","E","T","?","E","E","E","?","R","BOSS","M","?","M","?","?","E","?","E","T","R","R","E","R","$","R","BOSS","M","?","?","?","?","E","M","E","T","E","R","$","M","?","R","BOSS","R","$","E","BOSS"],"items_purchased_type":["Relic","Card","Card","Card","Card","Relic","Relic","Relic","Relic","Relic","Relic","Relic","Relic"],"build_version":"2020-12-22","purchased_purges":3,"victory":true,"max_hp_per_floor":[72,72,72,77,77,77,77,77,77,77,77,77,77,77,77,77,77,77,77,77,77,77,77,77,77,77,77,77,77,77,77,77,77,77,77,77,77,77,77,77,77,77,77,77,74,74,74,74,74,74,74,74,74,74,74],"card_choices":[{"not_picked":["WindmillStrike","Adaptation","FlyingSleeves"],"picked":"SKIP","floor":1},{"not_picked":["JustLucky","EmptyFist"],"picked":"FearNoEvil","floor":5},{"not_picked":["PathToVictory","ClearTheMind","FlyingSleeves"],"picked":"SKIP","floor":6},{"not_picked":["FlyingSleeves","CrushJoints","BowlingBash"],"picked":"SKIP","floor":8},{"not_picked":["FearNoEvil","ClearTheMind","EmptyFist"],"picked":"SKIP","floor":11},{"not_picked":["ThirdEye","LikeWater","PathToVictory"],"picked":"SKIP","floor":12},{"not_picked":["PathToVictory","Meditate","CrushJoints"],"picked":"SKIP","floor":13},{"not_picked":["FearNoEvil","Crescendo"],"picked":"Wallop","floor":14},{"not_picked":["JustLucky","Evaluate+1"],"picked":"TalkToTheHand","floor":18},{"not_picked":["Swivel","ThirdEye","CrushJoints+1"],"picked":"SKIP","floor":20},{"not_picked":["DeceiveReality","ThirdEye","PathToVictory+1"],"picked":"SKIP","floor":21},{"not_picked":["Crescendo","Judgement"],"picked":"Protect","floor":23},{"not_picked":["FlyingSleeves+1","Pray","Evaluate"],"picked":"SKIP","floor":24},{"not_picked":["Halt","JustLucky"],"picked":"SandsOfTime","floor":25},{"not_picked":["PathToVictory","ThirdEye"],"picked":"FollowUp+1","floor":29},{"not_picked":["Judgement","LessonLearned"],"picked":"ConjureBlade","floor":33},{"not_picked":["Consecrate+1","Pray+1","PathToVictory"],"picked":"SKIP","floor":35},{"not_picked":["Meditate","Halt"],"picked":"WheelKick+1","floor":39},{"not_picked":["Conclude+1","PathToVictory"],"picked":"BattleHymn","floor":40},{"not_picked":["FollowUp+1","Evaluate+1","Wish"],"picked":"SKIP","floor":41},{"not_picked":["FlyingSleeves","Omniscience","Pray"],"picked":"SKIP","floor":42},{"not_picked":["CrushJoints","EmptyMind","Halt"],"picked":"SKIP","floor":44},{"not_picked":["Consecrate+1","FollowUp+1","ReachHeaven"],"picked":"SKIP","floor":47},{"not_picked":["Study+1","MasterReality","FlyingSleeves"],"picked":"SKIP","floor":54}],"player_experience":1106027,"relics_obtained":[{"floor":6,"key":"Bag of Preparation"},{"floor":8,"key":"Happy Flower"},{"floor":9,"key":"War Paint"},{"floor":11,"key":"MawBank"},{"floor":12,"key":"Unceasing Top"},{"floor":13,"key":"Ornamental Fan"},{"floor":23,"key":"Turnip"},{"floor":25,"key":"Mercury Hourglass"},{"floor":29,"key":"Old Coin"},{"floor":37,"key":"Oddly Smooth Stone"},{"floor":40,"key":"PreservedInsect"},{"floor":42,"key":"Lantern"},{"floor":43,"key":"Du-Vu Doll"},{"floor":44,"key":"Potion Belt"},{"floor":48,"key":"CaptainsWheel"},{"floor":54,"key":"Calipers"}],"event_choices":[{"cards_removed":["Strike_P"],"damage_healed":0,"gold_gain":0,"player_choice":"Offered Basic","damage_taken":0,"max_hp_gain":0,"max_hp_loss":0,"event_name":"Bonfire Elementals","floor":2,"gold_loss":0},{"damage_healed":0,"gold_gain":0,"player_choice":"Donut","damage_taken":0,"max_hp_gain":5,"max_hp_loss":0,"event_name":"Big Fish","floor":4,"gold_loss":0},{"damage_healed":0,"gold_gain":0,"player_choice":"Got Potions","damage_taken":0,"max_hp_gain":0,"max_hp_loss":0,"event_name":"Lab","floor":10,"gold_loss":0},{"cards_removed":["Defend_P"],"damage_healed":0,"gold_gain":0,"player_choice":"Upgrade and Remove","damage_taken":0,"max_hp_gain":0,"max_hp_loss":0,"event_name":"Designer","floor":19,"gold_loss":90,"cards_upgraded":["Tantrum"]},{"damage_healed":0,"gold_gain":0,"player_choice":"Trade","damage_taken":0,"relics_obtained":["SsserpentHead"],"max_hp_gain":0,"max_hp_loss":0,"event_name":"FaceTrader","floor":22,"gold_loss":0},{"damage_healed":0,"gold_gain":0,"player_choice":"Memory 1","damage_taken":0,"max_hp_gain":0,"max_hp_loss":0,"event_name":"SensoryStone","floor":36,"gold_loss":0},{"damage_healed":0,"gold_gain":100,"player_choice":"Pray","damage_taken":0,"max_hp_gain":0,"max_hp_loss":0,"event_name":"Golden Shrine","floor":38,"gold_loss":0},{"damage_healed":0,"gold_gain":0,"player_choice":"Fight","damage_taken":0,"max_hp_gain":0,"max_hp_loss":0,"event_name":"MindBloom","floor":48,"gold_loss":0}],"is_beta":false,"boss_relics":[{"not_picked":["Runic Pyramid","Tiny House"],"picked":"Sozu"},{"not_picked":["Busted Crown","Pandora\u0027s Box"],"picked":"SlaversCollar"}],"items_purged_floors":[3,31,46],"is_endless":false,"potions_floor_spawned":[6,14,16,18,23,29,33,40,47,48],"ascension_level":9}}