{"host":"yassvrowvc2yfwp2","time":1614315676,"event":{"mods":["2.2 Compatiblity","Act Like it!","BaseMod","Better Note","Curses Come First","Dota2Spire","Downfall","HololiveMod","Jorbs\u0027s Wanderer Trilogy","Minty Spire (QoL Compilation)","Prisma Mod","Rare Cards Sparkle","Reimu£®≤©¿ˆ¡È√Œ£©","Replay The Spire","Say the Spire","Spicy Shops","StSLib","The Bug Knight","The Cursed","The Servant 0.9.4"],"gold_per_floor":[339,339,359,376,118,118,155,169,241,276,298,298,315,47,47,155,155,178,217,202,226,226,281,281,316,339,339,404,404,404,490,490,595,595,612,612,634,170,214,246,246,262,312,546,587,66,92,92,92,106],"floor_reached":51,"language":"ZHS","playtime":3046,"items_purged":["Voices"],"score":1302,"play_id":"fc9a1213-ef9e-48ba-9090-8bc44a033a0b","local_time":"20210226130116","is_ascension_mode":true,"campfire_choices":[{"data":"Hololive_CallYozoraMel","floor":6,"key":"SMITH"},{"data":"Hololive_CallHoshimachiSuisei","floor":12,"key":"SMITH"},{"data":"Hololive_MaximGun","floor":15,"key":"SMITH"},{"data":"Hololive_StrengthChampion","floor":24,"key":"SMITH"},{"data":"Hololive_CallOkamiMio","floor":30,"key":"SMITH"},{"data":"Hololive_FlareMind","floor":32,"key":"SMITH"},{"data":"Hololive_FlareMind","floor":49,"key":"SMITH"}],"circlet_count":0,"master_deck":["Hololive_CallMinatoAqua","Hololive_CallUsadaPekora","Hololive_CallMurasakiShion","Hololive_CallShiranuiFlare","Hololive_CallSpadeEcho","Hololive_CallYukihanaLamy","Hololive_CallYozoraMel+1","Hololive_LuckPotion","Hololive_CallCivia","Hololive_Yoholoon","Hololive_Yoholoon","Hololive_CallHimemoriLuna","Hololive_StarCraft","Hololive_CallHoshimachiSuisei+1","Hololive_LuckPotion","Hololive_CallAmaneKanata","Hololive_MaximGun+1","Hololive_CallTokoyamiTowa","Hololive_CallYuzukiChoco","Hololive_StrengthChampion+1","Hololive_FlareMind+1","Hololive_Yoholoon","Hololive_FlyingPonyTail","Hololive_CallOmaruPolka","Hololive_CallFriendA","Hololive_CallInugamiKorone","Hololive_CallOkamiMio+1","Hololive_CallMomosuzuNene+10","Looming Evil","Hololive_CocoNews","Hololive_CallShirakamiFubuki","Hololive_CallTokoyamiTowa","Hololive_ScarfAndHalo+1","Hololive_Rebirth+1","Hololive_CallShishiroBotan","Hololive_CallRosalyn","Hololive_StrengthChampion","Hololive_FlareMind+1","Hololive_Trident+1","Hololive_Nanodesu+1","Hololive_Rebirth+1","Hololive_Yoholoon","Hololive_CallManoAloe+1","Hololive_CallOkamiMio","Hololive_Rebound+1","Hololive_CallKiryuuCoco","Hololive_LuckPotion","Hololive_CandyCastle","Hololive_CallDoris","Hololive_Spy+1","Hallucinations","Hololive_CallAkiRosenthal","Panacea","Hololive_CallSpadeEcho","Hololive_CallSpadeEcho","Hololive_FlareMind+1","Madness","Madness"],"relics":["Hololive_TheStar","Dota2Spire:CrimsonGuard","Prayer Wheel","InkBottle","Dota2Spire:ArcaneBoots","Dota2Spire:EyeOfSkadi","Toolbox","Replay:Bronze Core","Red Mask","ReplayTheSpireMod:Ring of Collecting","Centennial Puzzle","White Beast Statue","ReplayTheSpireMod:Ring of Challenge","Simple Rune","Blue Candle","Replay:Grab Bag","Runic Dome","SlaversCollar","Astrolabe","Potion Belt","ClockworkSouvenir","ReplayTheSpireMod:Shallot","CrazyTorch:ReiMu","Dota2Spire:MaskOfMadness","Ring of Greed","Ornamental Fan","MawBank","Membership Card","Gremlin Horn","Guide Book","PureWhite:ReiMu","Divine Protection","HandDrill"],"acts_visited":["Exordium","TheCity","TheBeyond"],"potions_floor_usage":[],"damage_taken":[{"damage":0,"enemies":"Cultist","floor":1,"turns":3},{"damage":0,"enemies":"Jaw Worm","floor":3,"turns":3},{"damage":4,"enemies":"Small Slimes","floor":4,"turns":3},{"damage":0,"enemies":"3 Sentries","floor":7,"turns":6},{"damage":2,"enemies":"3 Louse","floor":8,"turns":4},{"damage":0,"enemies":"Lagavulin","floor":10,"turns":5},{"damage":5,"enemies":"Lots of Slimes","floor":11,"turns":4},{"damage":0,"enemies":"Blue Slaver","floor":13,"turns":2},{"damage":0,"enemies":"Hexaghost","floor":16,"turns":5},{"damage":0,"enemies":"3 Byrds","floor":18,"turns":3},{"damage":0,"enemies":"Masked Bandits","floor":19,"turns":4},{"damage":0,"enemies":"2 Thieves","floor":20,"turns":5},{"damage":0,"enemies":"Snake Plant","floor":21,"turns":4},{"damage":0,"enemies":"Gremlin Leader","floor":23,"turns":6},{"damage":0,"enemies":"Book of Stabbing","floor":25,"turns":6},{"damage":0,"enemies":"Snecko","floor":28,"turns":6},{"damage":0,"enemies":"Centurion and Healer","floor":31,"turns":6},{"damage":0,"enemies":"Collector","floor":33,"turns":7},{"damage":0,"enemies":"Orb Walker","floor":35,"turns":3},{"damage":0,"enemies":"3 Darklings","floor":37,"turns":3},{"damage":0,"enemies":"R_Hoarder","floor":40,"turns":5},{"damage":0,"enemies":"Maw","floor":42,"turns":4},{"damage":0,"enemies":"HollowMod:StalkingDevout","floor":45,"turns":5},{"damage":0,"enemies":"Sphere and 2 Shapes","floor":47,"turns":3},{"damage":0,"enemies":"Replay:Hell Engine","floor":50,"turns":4}],"seed_played":"8613983979142992930","potions_obtained":[{"floor":4,"key":"Energy Potion"},{"floor":8,"key":"PowerPotion"},{"floor":11,"key":"LifebloodPotion"},{"floor":39,"key":"Fire Potion"},{"floor":40,"key":"Flashbang"}],"is_trial":false,"path_per_floor":["M","?","M","M","$","R","E","M","T","E","M","R","M","$","R","B",null,"M","?","M","M","?","E","R","E","T","?","M","?","R","M","R","B",null,"M","?","M","$","?","E","?","M","T","?","E","$","M","?","R","B",null],"character_chosen":"Hololive_HololiveCharacter","items_purchased":["Dota2Spire:CrimsonGuard","Hololive_CallCivia","Hololive_Yoholoon","Dota2Spire:EyeOfSkadi","Toolbox","Hololive_StrengthChampion","Potion Belt","ClockworkSouvenir","ReplayTheSpireMod:Shallot","Guide Book","PureWhite:ReiMu","Divine Protection","Panacea","Hololive_CallSpadeEcho","HandDrill"],"campfire_rested":0,"item_purchase_floors":[5,5,5,14,14,14,38,38,38,46,46,46,46,46,46],"current_hp_per_floor":[32,32,32,28,28,28,32,32,32,32,27,27,32,37,37,37,37,37,37,37,37,37,37,37,37,37,37,37,32,32,37,37,37,37,37,37,37,37,23,23,23,37,37,37,37,37,37,32,32,32],"gold":106,"neow_bonus":"TWO_FIFTY_GOLD","is_daily":false,"chose_seed":false,"campfire_upgraded":7,"win_rate":0.0,"timestamp":1614315676,"path_taken":["M","?","M","M","$","R","E","M","T","E","M","R","?","$","R","BOSS","M","?","M","M","?","E","R","E","T","?","?","?","R","M","R","BOSS","M","?","?","$","?","E","?","?","T","?","E","$","M","?","R","BOSS"],"items_purchased_type":["Relic","Card","Card","Relic","Relic","Card","Relic","Relic","Relic","Relic","Relic","Relic","Card","Card","Relic"],"build_version":"2020-12-22","purchased_purges":1,"victory":true,"max_hp_per_floor":[32,32,32,32,32,32,32,32,32,32,32,32,32,37,37,37,37,37,37,37,37,37,37,37,37,37,37,37,37,37,37,37,37,37,37,37,37,37,37,37,37,37,37,37,37,37,37,37,37,37],"card_choices":[{"not_picked":["Hololive_Trident","Hololive_CocoNews","Hololive_CallYogiri"],"picked":"Hololive_CallYukihanaLamy","floor":1},{"not_picked":["Hololive_StrengthChampion","Hololive_FlyingPonyTail","Hololive_Breathe"],"picked":"Hololive_CallYozoraMel","floor":3},{"not_picked":["Hololive_StrengthChampion","Hololive_Sequa","Hololive_FlyingPonyTail"],"picked":"Hololive_LuckPotion","floor":4},{"not_picked":["Hololive_Drill","Hololive_Psychosis","Hololive_CocoNews"],"picked":"Hololive_CallHimemoriLuna","floor":7},{"not_picked":["Hololive_CallAkiRosenthal","Hololive_CocoNews","Hololive_Breathe"],"picked":"Hololive_StarCraft","floor":8},{"not_picked":["Hololive_CallFriendA","Hololive_DevilCharm","Hololive_CocoNews"],"picked":"Hololive_CallHoshimachiSuisei","floor":8},{"not_picked":["Hololive_OvertimeWork","Hololive_Rebound","Hololive_Trident"],"picked":"Hololive_LuckPotion","floor":10},{"not_picked":["Hololive_LuckPotion","Hololive_Psychosis","Hololive_OvertimeWork"],"picked":"Hololive_CallAmaneKanata","floor":11},{"not_picked":["Hololive_CallNakiriAyame","Hololive_CallKiryuuCoco","Hololive_Drill"],"picked":"Hololive_MaximGun","floor":11},{"not_picked":["Hololive_Trident","Hololive_LuckPotion","Hololive_Sequa"],"picked":"Hololive_CallTokoyamiTowa","floor":13},{"not_picked":["Hololive_Trident","Hololive_Teleport","Hololive_StrengthChampion"],"picked":"Hololive_CallYuzukiChoco","floor":13},{"not_picked":["Hololive_StarCraft","Hololive_Recruit","Hololive_DDD"],"picked":"Hololive_FlareMind","floor":16},{"not_picked":["Hololive_HuntDinosaur","Hololive_Trident","Hololive_Rebound"],"picked":"Hololive_Yoholoon","floor":18},{"not_picked":["Hololive_Rebound","Hololive_CallYuzukiChoco","Hololive_CocoNews"],"picked":"Hololive_FlyingPonyTail","floor":18},{"not_picked":["Hololive_RevenueBasedLive+1","Hololive_Drill+1","Hololive_HuntDinosaur"],"picked":"Hololive_CallOmaruPolka","floor":19},{"not_picked":["Hololive_Nanodesu","Hololive_OvertimeWork","Hololive_Trident"],"picked":"Hololive_CallFriendA","floor":20},{"not_picked":["Hololive_Breathe","Hololive_Psychosis","Hololive_StrengthChampion"],"picked":"Hololive_CallInugamiKorone","floor":20},{"not_picked":["Hololive_CocoNews","Hololive_CallTokinoSora","Hololive_CallArtia"],"picked":"Hololive_CallOkamiMio","floor":21},{"not_picked":["Hololive_OvertimeWork","Hololive_Trident","Hololive_Rebound"],"picked":"Hololive_CallMomosuzuNene+1","floor":21},{"not_picked":["Hololive_Drill+1","Hololive_CallAmaneKanata","Hololive_WolfAndLamb"],"picked":"Hololive_CocoNews","floor":23},{"not_picked":["Hololive_Psychosis","Hololive_SummonFox+1","Hololive_Sequa"],"picked":"Hololive_CallShirakamiFubuki","floor":25},{"not_picked":["Hololive_CallRosalyn","Hololive_HuntDinosaur","Hololive_Trident"],"picked":"Hololive_Rebirth","floor":28},{"not_picked":["Hololive_Breathe","Hololive_FlyingPonyTail","Hololive_Rebound"],"picked":"Hololive_CallShishiroBotan","floor":28},{"not_picked":["Hololive_RevenueBasedLive+1","Hololive_Breathe","Hololive_Sequa"],"picked":"Hololive_CallRosalyn","floor":31},{"not_picked":["Hololive_Sequa","Hololive_HuntDinosaur","Hololive_Breathe"],"picked":"Hololive_StrengthChampion","floor":31},{"not_picked":["Hololive_Thief","Hololive_MaximGun","Hololive_ASMR"],"picked":"Hololive_FlareMind","floor":33},{"not_picked":["Hololive_HuntDinosaur","Hololive_CallMomosuzuNene+1","Hololive_CallCivia"],"picked":"Hololive_Yoholoon","floor":35},{"not_picked":["Hololive_OvertimeWork+1","Hololive_StrengthChampion+1","Hololive_CocoNews+1"],"picked":"Hololive_CallManoAloe+1","floor":35},{"not_picked":["Hololive_Drill","Hololive_Trident+1","Hololive_Sequa"],"picked":"Hololive_CallOkamiMio","floor":37},{"not_picked":["Hololive_Drill+1","Hololive_HuntDinosaur+1","Hololive_StrengthChampion+1"],"picked":"Hololive_Rebound+1","floor":37},{"not_picked":["Hololive_ScarfAndHalo","Hololive_LuckPotion","Hololive_Psychosis+1"],"picked":"Hololive_CallKiryuuCoco","floor":39},{"not_picked":["Hololive_Trident+1","Hololive_CallUsadaPekora","Hololive_HuntDinosaur+1"],"picked":"Hololive_LuckPotion","floor":40},{"not_picked":["Hololive_Breathe+1","Hololive_Yoholoon","Hololive_Psychosis"],"picked":"Hololive_CallDoris","floor":42},{"not_picked":["Hololive_ScarfAndHalo","Hololive_Breathe","Hololive_CallNakiriAyame+1"],"picked":"Hololive_Spy+1","floor":42},{"not_picked":["Hololive_CocoNews+1","Hololive_Nanodesu","Hololive_LuckPotion"],"picked":"Hololive_CallAkiRosenthal","floor":45},{"not_picked":["Hololive_CallArtia+1","Hololive_Sequa+1","Hololive_CallCivia"],"picked":"Hololive_FlareMind","floor":47},{"not_picked":["Hololive_RevenueBasedLive","Hololive_Trident","Hololive_FlyingPonyTail","Hololive_HuntDinosaur+1"],"picked":"SKIP","floor":47}],"player_experience":2216811,"relics_obtained":[{"floor":7,"key":"Prayer Wheel"},{"floor":9,"key":"InkBottle"},{"floor":10,"key":"Dota2Spire:ArcaneBoots"},{"floor":19,"key":"Red Mask"},{"floor":22,"key":"ReplayTheSpireMod:Ring of Collecting"},{"floor":23,"key":"Centennial Puzzle"},{"floor":25,"key":"White Beast Statue"},{"floor":26,"key":"ReplayTheSpireMod:Ring of Challenge"},{"floor":26,"key":"Simple Rune"},{"floor":39,"key":"CrazyTorch:ReiMu"},{"floor":40,"key":"Dota2Spire:MaskOfMadness"},{"floor":43,"key":"Ring of Greed"},{"floor":43,"key":"Ornamental Fan"},{"floor":43,"key":"MawBank"},{"floor":43,"key":"Membership Card"},{"floor":45,"key":"Gremlin Horn"}],"event_choices":[{"cards_removed":["Hololive_Strike"],"damage_healed":0,"gold_gain":0,"player_choice":"Purged","damage_taken":0,"max_hp_gain":0,"max_hp_loss":0,"event_name":"Purifier","floor":2,"gold_loss":0},{"damage_healed":0,"gold_gain":0,"player_choice":"Fought Bandits","damage_taken":0,"max_hp_gain":0,"max_hp_loss":0,"event_name":"Masked Bandits","floor":19,"gold_loss":0},{"damage_healed":0,"gold_gain":0,"player_choice":"2 cards matched","damage_taken":0,"max_hp_gain":0,"max_hp_loss":0,"event_name":"Match and Keep!","floor":27,"gold_loss":0,"cards_obtained":["Hololive_CallTokoyamiTowa","Hololive_ScarfAndHalo"]},{"damage_healed":0,"gold_gain":0,"player_choice":"Upgraded","damage_taken":0,"max_hp_gain":0,"max_hp_loss":0,"event_name":"Upgrade Shrine","floor":36,"gold_loss":0,"cards_upgraded":["Hololive_FlareMind"]},{"damage_healed":0,"gold_gain":0,"cards_transformed":["Hololive_Breathe"],"player_choice":"Transformed","damage_taken":0,"max_hp_gain":0,"max_hp_loss":0,"event_name":"Transmorgrifier","floor":41,"gold_loss":0,"cards_obtained":["Hololive_CandyCastle"]},{"damage_healed":0,"gold_gain":222,"player_choice":"Wore Mask","damage_taken":0,"max_hp_gain":0,"max_hp_loss":0,"event_name":"Tomb of Lord Red Mask","floor":44,"gold_loss":0},{"damage_healed":0,"gold_gain":0,"player_choice":"Embrace Madness","damage_taken":5,"max_hp_gain":0,"max_hp_loss":0,"event_name":"Winding Halls","floor":48,"gold_loss":0,"cards_obtained":["Madness","Madness"]}],"is_beta":false,"boss_relics":[{"not_picked":["Fusion Hammer","Pandora\u0027s Box"],"picked":"Replay:Bronze Core"},{"not_picked":["expansioncontent:StudyCardRelic","Kintsugi"],"picked":"Replay:Grab Bag"},{"not_picked":["Philosopher\u0027s Stone","Sozu"],"picked":"Runic Dome"},{"not_picked":["Busted Crown","Velvet Choker"],"picked":"SlaversCollar"},{"not_picked":["Runic Pyramid","SacredBark"],"picked":"Astrolabe"}],"items_purged_floors":[46],"is_endless":false,"potions_floor_spawned":[4,8,11,13,16,19,20,25,28,31,33,35,37,40,42,45,47],"ascension_level":8}}