{"host":"q8ewzd1tf4mqkgtb","time":1614324072,"event":{"mods":["Ascension Unlocker","BaseMod","Colored Map","Faster Ascension Climbing","Minty Spire (QoL Compilation)","Relic Stats","StSLib","UnlockEverythingMod"],"gold_per_floor":[118,135,187,187,187,220,220,248,300,300,312,331,341,341,341,413,413,431,356,406,69,87,121,121,131,183,214,489,503,518,518,518,593,593,609,609,654,654,654],"floor_reached":38,"language":"ENG","playtime":12940,"items_purged":["Strike_R"],"score":948,"play_id":"e4d52e79-9b1b-4b39-babd-7e998185deed","local_time":"20210226012112","is_ascension_mode":true,"campfire_choices":[{"data":"Carnage","floor":7,"key":"SMITH"},{"data":"Battle Trance","floor":10,"key":"SMITH"},{"data":"Metamorphosis","floor":15,"key":"SMITH"},{"data":"Disarm","floor":32,"key":"SMITH"}],"circlet_count":0,"master_deck":["AscendersBane","Strike_R+1","Strike_R","Defend_R","Defend_R","Defend_R","Defend_R","Bash+1","Metamorphosis+1","Pommel Strike","Warcry","Carnage+1","Battle Trance+1","Whirlwind","Flame Barrier","Dark Embrace","Limit Break","Burning Pact","Impervious","Disarm+1","Regret","Warcry+1","Offering","Second Wind"],"relics":["Burning Blood","Vajra","Bag of Marbles","Whetstone","Matryoshka","Orichalcum","Toy Ornithopter","SlaversCollar","Strange Spoon","StrikeDummy","Bronze Scales","Strawberry","Runic Pyramid","Shovel"],"acts_visited":["Exordium","TheCity","TheBeyond"],"potions_floor_usage":[8,18,18,23,24,29,33,35,37],"damage_taken":[{"damage":1,"enemies":"Cultist","floor":1,"turns":3},{"damage":10,"enemies":"Small Slimes","floor":2,"turns":5},{"damage":20,"enemies":"Lagavulin","floor":6,"turns":7},{"damage":10,"enemies":"3 Sentries","floor":8,"turns":4},{"damage":0,"enemies":"2 Louse","floor":11,"turns":3},{"damage":2,"enemies":"2 Fungi Beasts","floor":12,"turns":3},{"damage":2,"enemies":"Large Slime","floor":13,"turns":4},{"damage":0,"enemies":"Slime Boss","floor":16,"turns":5},{"damage":7,"enemies":"Chosen","floor":18,"turns":3},{"damage":19,"enemies":"Spheric Guardian","floor":22,"turns":4},{"damage":8,"enemies":"Slavers","floor":23,"turns":4},{"damage":0,"enemies":"Snake Plant","floor":24,"turns":1},{"damage":11,"enemies":"Snecko","floor":25,"turns":4},{"damage":27,"enemies":"Gremlin Leader","floor":27,"turns":5},{"damage":16,"enemies":"Cultist and Chosen","floor":29,"turns":3},{"damage":24,"enemies":"Centurion and Healer","floor":30,"turns":6},{"damage":32,"enemies":"Collector","floor":33,"turns":7},{"damage":13,"enemies":"3 Darklings","floor":35,"turns":3},{"damage":39,"enemies":"2 Orb Walkers","floor":37,"turns":4},{"damage":37,"enemies":"3 Shapes","floor":38,"turns":13}],"seed_played":"7817221612049139623","potions_obtained":[{"floor":2,"key":"Fire Potion"},{"floor":6,"key":"Fire Potion"},{"floor":12,"key":"FearPotion"},{"floor":18,"key":"AttackPotion"},{"floor":23,"key":"SmokeBomb"},{"floor":27,"key":"BlessingOfTheForge"},{"floor":30,"key":"DuplicationPotion"},{"floor":33,"key":"Explosive Potion"},{"floor":35,"key":"FearPotion"}],"is_trial":false,"path_per_floor":["M","M","T","?","?","E","R","E","T","R","M","M","M","?","R","B",null,"M","?","?","$","M","E","M","M","T","E","?","M","M","?","R","B",null,"M","?","?","M"],"character_chosen":"IRONCLAD","items_purchased":["Impervious","Strange Spoon"],"campfire_rested":0,"item_purchase_floors":[21,21],"current_hp_per_floor":[55,51,51,33,33,19,19,15,15,15,21,25,29,29,29,35,65,74,74,74,74,61,64,75,70,70,56,56,51,33,33,33,12,65,63,63,35,0,0],"gold":654,"neow_bonus":"RANDOM_COLORLESS_2","is_daily":false,"chose_seed":false,"campfire_upgraded":4,"win_rate":0.0,"timestamp":1614324072,"path_taken":["M","M","?","?","?","E","R","E","T","R","M","M","M","?","R","BOSS","M","?","?","$","M","E","M","M","T","E","?","?","?","?","R","BOSS","M","?","?","M"],"items_purchased_type":["Card","Relic"],"build_version":"2020-12-22","purchased_purges":1,"victory":false,"max_hp_per_floor":[75,75,75,75,75,75,75,75,75,75,75,75,75,75,75,75,75,75,75,75,75,75,75,75,75,75,82,82,82,82,82,82,82,82,82,78,78,78,78],"relic_stats":{"Strange Spoon":[28],"Shovel":0,"counters":[20,91],"Bronze Scales":[98],"Whetstone":["Bash","Strike_R"],"Orichalcum":[222],"obtain_stats":[{"Vajra":3,"Whetstone":6,"Orichalcum":9,"Burning Blood":0,"SlaversCollar":17,"Strange Spoon":21,"Matryoshka":8,"Shovel":37,"Bronze Scales":26,"Strawberry":27,"Bag of Marbles":4,"StrikeDummy":23,"Toy Ornithopter":9,"Runic Pyramid":34},{"Vajra":2,"Whetstone":3,"Orichalcum":4,"Burning Blood":0,"SlaversCollar":8,"Strange Spoon":9,"Matryoshka":4,"Shovel":19,"Bronze Scales":13,"Strawberry":14,"Bag of Marbles":2,"StrikeDummy":11,"Toy Ornithopter":4,"Runic Pyramid":17},{"Vajra":8,"Whetstone":15,"Orichalcum":19,"Burning Blood":0,"SlaversCollar":34,"Strange Spoon":37,"Matryoshka":19,"Shovel":78,"Bronze Scales":50,"Strawberry":55,"Bag of Marbles":8,"StrikeDummy":45,"Toy Ornithopter":19,"Runic Pyramid":71}],"Burning Blood":114,"Toy Ornithopter":40},"card_choices":[{"not_picked":["Chrysalis","Mayhem"],"picked":"Metamorphosis","floor":0},{"not_picked":["Dropkick","Power Through"],"picked":"Pommel Strike","floor":1},{"not_picked":["True Grit","Dropkick"],"picked":"Warcry","floor":2},{"not_picked":["Flex","Demon Form"],"picked":"Carnage","floor":6},{"not_picked":["Twin Strike","Clash"],"picked":"Battle Trance","floor":8},{"not_picked":["Cleave","Clothesline"],"picked":"Whirlwind","floor":11},{"not_picked":["Dropkick","Havoc","Sever Soul"],"picked":"SKIP","floor":12},{"not_picked":["Infernal Blade","Intimidate"],"picked":"Flame Barrier","floor":13},{"not_picked":["Double Tap","Reaper"],"picked":"Limit Break","floor":16},{"not_picked":["Armaments","Iron Wave"],"picked":"Burning Pact","floor":18},{"not_picked":["Entrench","Rampage","Warcry"],"picked":"SKIP","floor":22},{"not_picked":["Dark Embrace","Pommel Strike","Wild Strike"],"picked":"SKIP","floor":23},{"not_picked":["Armaments","Seeing Red","Twin Strike"],"picked":"SKIP","floor":25},{"not_picked":["Ghostly Armor","Dropkick"],"picked":"Disarm","floor":27},{"not_picked":["Clothesline","Rage"],"picked":"Warcry+1","floor":29},{"not_picked":["Berserk","Ghostly Armor","Whirlwind"],"picked":"SKIP","floor":30},{"not_picked":["Brutality","Barricade"],"picked":"Offering","floor":33},{"not_picked":["Havoc","Body Slam","Thunderclap+1"],"picked":"SKIP","floor":35},{"not_picked":["Sword Boomerang","Clothesline"],"picked":"Second Wind","floor":37}],"player_experience":595201,"relics_obtained":[{"floor":3,"key":"Vajra"},{"floor":6,"key":"Whetstone"},{"floor":8,"key":"Matryoshka"},{"floor":9,"key":"Orichalcum"},{"floor":9,"key":"Toy Ornithopter"},{"floor":23,"key":"StrikeDummy"},{"floor":26,"key":"Bronze Scales"},{"floor":27,"key":"Strawberry"},{"floor":37,"key":"Shovel"}],"event_choices":[{"damage_healed":0,"gold_gain":0,"player_choice":"Success","damage_taken":18,"relics_obtained":["Bag of Marbles"],"max_hp_gain":0,"max_hp_loss":0,"event_name":"Scrap Ooze","floor":4,"gold_loss":0},{"damage_healed":0,"gold_gain":0,"player_choice":"Ignored","damage_taken":0,"max_hp_gain":0,"max_hp_loss":0,"event_name":"Shining Light","floor":5,"gold_loss":0},{"damage_healed":0,"gold_gain":0,"cards_transformed":["Strike_R"],"player_choice":"Change","damage_taken":0,"max_hp_gain":0,"max_hp_loss":0,"event_name":"Living Wall","floor":14,"gold_loss":0,"cards_obtained":["Dark Embrace"]},{"cards_removed":["Strike_R"],"damage_healed":0,"gold_gain":0,"player_choice":"Gave Gold","damage_taken":0,"max_hp_gain":0,"max_hp_loss":0,"event_name":"Beggar","floor":19,"gold_loss":75},{"damage_healed":0,"gold_gain":50,"player_choice":"Stole From Cult","damage_taken":0,"max_hp_gain":0,"max_hp_loss":0,"event_name":"Nest","floor":20,"gold_loss":0},{"damage_healed":0,"gold_gain":275,"player_choice":"Desecrate","damage_taken":0,"max_hp_gain":0,"max_hp_loss":0,"event_name":"Golden Shrine","floor":28,"gold_loss":0,"cards_obtained":["Regret"]},{"damage_healed":0,"gold_gain":0,"player_choice":"Ignored","damage_taken":0,"max_hp_gain":0,"max_hp_loss":0,"event_name":"The Mausoleum","floor":31,"gold_loss":0},{"damage_healed":0,"gold_gain":0,"player_choice":"Max HP","damage_taken":0,"max_hp_gain":0,"max_hp_loss":4,"event_name":"Winding Halls","floor":36,"gold_loss":0},{"damage_healed":0,"gold_gain":0,"player_choice":"Fight","damage_taken":0,"max_hp_gain":0,"max_hp_loss":0,"event_name":"Mysterious Sphere","floor":37,"gold_loss":0}],"is_beta":false,"boss_relics":[{"not_picked":["Ectoplasm","Tiny House"],"picked":"SlaversCollar"},{"not_picked":["Black Blood","Sozu"],"picked":"Runic Pyramid"}],"items_purged_floors":[21],"is_endless":false,"potions_floor_spawned":[2,6,12,18,23,27,30,33,35],"killed_by":"3 Shapes","ascension_level":20}}