{"host":"36nosutyzulbwemu","time":1614339999,"event":{"mods":["ATMod(∞¢Ë™Mod)","BaseMod","Lobotomy","Minty Spire (QoL Compilation)","Reimu£®≤©¿ˆ¡È√Œ£©","Reliquary","Replay The Spire","StSLib","The Servant 0.9.4"],"gold_per_floor":[144,144,201,201,201,303,396,396,396,483,483,579,579,829,829,1135,1135,1471,1571,483,483,483,570,570,570,570,124,124,124],"floor_reached":28,"language":"ZHS","playtime":4142,"items_purged":["SpreadBorder2:ReiMu"],"score":374,"play_id":"e0b0f6f8-f771-4e43-9852-8d8410541438","local_time":"20210226194639","daily_mods":["Draft","Specialized","Vintage","Allstar","Heirloom","Flight","DeadlyEvents","Elite Swarm","Midas"],"is_ascension_mode":true,"campfire_choices":[{"floor":15,"key":"REST"}],"circlet_count":0,"master_deck":["Demon Form","Wraith Form v2","Echo Form","DevaForm","FlawlessForm","Enchanting:ReiMu","Enchanting:ReiMu","Enchanting:ReiMu","Enchanting:ReiMu","Enchanting:ReiMu","AT_FamilyPortrait+1","CareerPray:ReiMu","EmergencyTakeOff:ReiMu","SafetyPray:ReiMu","SubAcupoint:ReiMu","DoubleButterfly:ReiMu","SpiritualOutbreak2:ReiMu","SpreadBorder2:ReiMu","MikOfLucky:ReiMu","WonderfulDomain:ReiMu","RainPray2:ReiMu","AlertArray:ReiMu","SubcavityInstant:ReiMu","Gathering:ReiMu","SpreadBorder2:ReiMu","FantasyBorder:ReiMu","PaleAim","Shading:ReiMu","KamiRite:ReiMu","CrumblingArmor","CleanRite:ReiMu","KyokaiOfKami:ReiMu","ShyLook","SubcavityFantasy:ReiMu","RunawayExorcism:ReiMu","QueenOfHatred","SubcavityFantasy:ReiMu","SpiderBud","Panache","NineCharacters:ReiMu","NineCharacters:ReiMu","PrepareRite:ReiMu","SubcavityFantasy:ReiMu","Free:ReiMu","MeatLantern","UniversalSpiritual:ReiMu"],"relics":["Unceasing Top","replay:Trail_Library","AT_ATBox","Peace Pipe","reliquary:Sod","AT_GoldPhoenixTree","Question Card","Bird Faced Urn","CogitoBucket","reliquary:TuningFork","Torii","Replay:Bottled Flurry","DonationBox:ReiMu","Old Coin","Chemical X","Lizard Tail","KaguraBell:ReiMu","reliquary:Sideboard","AT_BladeRuinedKing","Strange Spoon"],"acts_visited":["Exordium","TheCity"],"potions_floor_usage":[7,7,28],"damage_taken":[{"damage":7,"enemies":"Cultist","floor":1,"turns":6},{"damage":1,"enemies":"2 Louse","floor":3,"turns":6},{"damage":9,"enemies":"Replay:BlueRogue","floor":6,"turns":7},{"damage":18,"enemies":"Gremlin Nob","floor":7,"turns":5},{"damage":19,"enemies":"3 Sentries","floor":10,"turns":5},{"damage":29,"enemies":"Lagavulin","floor":12,"turns":8},{"damage":24,"enemies":"Slime Boss","floor":16,"turns":8},{"damage":33,"enemies":"Spheric Guardian","floor":18,"turns":8},{"damage":56,"enemies":"Gremlin Leader","floor":23,"turns":5},{"damage":0,"enemies":"Slavers","floor":28,"turns":1}],"seed_played":"646153687993019989","potions_obtained":[{"floor":1,"key":"Energy Potion"},{"floor":6,"key":"PinkPotion:ReiMu"},{"floor":16,"key":"Energy Potion"}],"is_trial":true,"path_per_floor":["M","WH","M","WH","WH","E","E","WH","T","E","WH","E","WH","WH","R","B",null,"M","WH","$","WH","WH","E","WH","WH","T","$","E"],"character_chosen":"REIMU","items_purchased":["Chemical X","Lizard Tail","KaguraBell:ReiMu","Panache","NineCharacters:ReiMu","PrepareRite:ReiMu","AT_BladeRuinedKing","Strange Spoon","UniversalSpiritual:ReiMu"],"campfire_rested":1,"item_purchase_floors":[20,20,20,20,20,20,27,27,27],"current_hp_per_floor":[52,52,51,51,75,66,48,48,48,37,37,24,24,16,38,24,62,54,54,54,54,54,12,12,12,12,12,14,14],"gold":124,"neow_bonus":"RANDOM_COLORLESS","is_daily":false,"chose_seed":false,"campfire_upgraded":0,"win_rate":0.0,"timestamp":1614339999,"path_taken":["M","WH","?","WH","WH","E","E","WH","T","E","WH","E","WH","WH","R","BOSS","M","WH","$","WH","WH","E","WH","WH","T","$","E"],"items_purchased_type":["Relic","Relic","Relic","Card","Card","Card","Relic","Relic","Card"],"build_version":"2020-12-22","purchased_purges":1,"victory":false,"max_hp_per_floor":[65,65,65,65,75,75,75,75,75,75,75,75,75,75,75,75,75,75,75,75,68,68,68,68,68,68,68,68,68],"card_choices":[{"not_picked":["AirStrike:ReiMu","Intuition:ReiMu"],"picked":"CareerPray:ReiMu","floor":0},{"not_picked":["PhosphorusFlame:ReiMu","TightArray:ReiMu"],"picked":"EmergencyTakeOff:ReiMu","floor":0},{"not_picked":["Enchanting:ReiMu","RainPray2:ReiMu"],"picked":"SafetyPray:ReiMu","floor":0},{"not_picked":["ManaGlint:ReiMu","Meditation:ReiMu"],"picked":"SubAcupoint:ReiMu","floor":0},{"not_picked":["RainPray2:ReiMu","Intuition:ReiMu"],"picked":"DoubleButterfly:ReiMu","floor":0},{"not_picked":["Amulet:ReiMu","Intuition:ReiMu"],"picked":"SpiritualOutbreak2:ReiMu","floor":0},{"not_picked":["SpringWay:ReiMu","WonderfulDomain:ReiMu"],"picked":"SpreadBorder2:ReiMu","floor":0},{"not_picked":["YinYangSign:ReiMu","AlertArray:ReiMu"],"picked":"MikOfLucky:ReiMu","floor":0},{"not_picked":["PhosphorusFlame:ReiMu","YinYangSign:ReiMu"],"picked":"WonderfulDomain:ReiMu","floor":0},{"not_picked":["PhosphorusFlame:ReiMu","Enchanting:ReiMu"],"picked":"RainPray2:ReiMu","floor":0},{"not_picked":["TightArray:ReiMu","RainPray2:ReiMu"],"picked":"AlertArray:ReiMu","floor":0},{"not_picked":["Intuition:ReiMu","TightArray:ReiMu"],"picked":"SubcavityInstant:ReiMu","floor":0},{"not_picked":["UniversalSpiritual:ReiMu","EmergencyTakeOff:ReiMu"],"picked":"Gathering:ReiMu","floor":0},{"not_picked":["OrbThrow:ReiMu","FantasyBorder:ReiMu"],"picked":"SpreadBorder2:ReiMu","floor":0},{"not_picked":["Meditation:ReiMu","SubAcupoint:ReiMu"],"picked":"FantasyBorder:ReiMu","floor":0},{"not_picked":["Thinking Ahead","ReplayTheSpireMod:Necrogeddon"],"picked":"Violence","floor":2},{"not_picked":["BlastKick2:ReiMu","CleanRite:ReiMu"],"picked":"KamiRite:ReiMu","floor":6},{"not_picked":["HakureiPhantom:ReiMu","DependentForm:ReiMu","RunawayExorcism:ReiMu"],"picked":"KyokaiOfKami:ReiMu","floor":7},{"not_picked":["MHz","Freischutz"],"picked":"CrumblingArmor","floor":10},{"not_picked":["OctopathSalyBorderN:ReiMu","Authority:ReiMu","YinYang:ReiMu"],"picked":"CleanRite:ReiMu","floor":10},{"not_picked":["CherryBlossoms","OldLady"],"picked":"ShyLook","floor":12},{"not_picked":["OctopathSalyBorderN:ReiMu","CardOfSanctity:ReiMu","Determination:ReiMu"],"picked":"SubcavityFantasy:ReiMu","floor":12},{"not_picked":["Variant","Funeral"],"picked":"QueenOfHatred","floor":16},{"not_picked":["Shading:ReiMu","CardOfSanctity:ReiMu","OctopathSalyBorderN:ReiMu"],"picked":"SubcavityFantasy:ReiMu","floor":16},{"not_picked":["FairyFestival","LongBird","Mercenary"],"picked":"Singing Bowl","floor":18},{"not_picked":["LittleHelper","FieryBird"],"picked":"SpiderBud","floor":18},{"not_picked":["OctopathSalyBorderN:ReiMu","CeremonyResonance:ReiMu"],"picked":"SubcavityFantasy:ReiMu","floor":21},{"not_picked":["Wellcheers","FieryBird","GalaxyChild"],"picked":"Singing Bowl","floor":23},{"not_picked":["WallGazer","FairyFestival"],"picked":"MeatLantern","floor":23},{"not_picked":["Dreaming:ReiMu","OctopathSalyBorderN:ReiMu","Authority:ReiMu"],"picked":"PrayRite:ReiMu","floor":23},{"not_picked":["Replay:Sssssssssshield","AT_PowerWithin"],"picked":"Panacea","floor":25}],"player_experience":461767,"relics_obtained":[{"floor":1,"key":"reliquary:Sod"},{"floor":3,"key":"AT_GoldPhoenixTree"},{"floor":6,"key":"Question Card"},{"floor":7,"key":"Bird Faced Urn"},{"floor":9,"key":"reliquary:TuningFork"},{"floor":10,"key":"Torii"},{"floor":12,"key":"Replay:Bottled Flurry"},{"floor":18,"key":"Old Coin"},{"floor":23,"key":"reliquary:Sideboard"}],"event_choices":[{"cards_removed":["Violence"],"damage_healed":14,"gold_gain":0,"player_choice":"Offered Rare","damage_taken":0,"max_hp_gain":10,"max_hp_loss":0,"event_name":"Bonfire Elementals","floor":5,"gold_loss":0}],"is_beta":false,"boss_relics":[{"not_picked":["reliquary:RedPaperclip","Replay:Grab Bag"],"picked":"DonationBox:ReiMu"}],"items_purged_floors":[27],"is_endless":false,"potions_floor_spawned":[1,6,16],"killed_by":"Slavers","ascension_level":9}}