{"host":"gsef4mntx4mq50d0","time":1614372196,"event":{"mods":["Act Like it!","Arknights","Aspiration","BaseMod","Block Reminder","Colored Map","Downfall","GifTheSpireLib","Hallownest","HololiveMod","Hubris","Infinite Spire","MarisaÅiñ∂âJÅ@ñÇóùçπÅj","Minty Spire (QoL Compilation)","SIMod","StSLib","The Alterego","The Bug Knight","The Exalted","The Forsaken","The Servant 0.9.4","TheSwordswoman"],"gold_per_floor":[109,109,25,44,56,71,103,116,140,140,168,93,93,93,93,189,239,255,255,255,255],"floor_reached":20,"language":"ENG","playtime":854,"items_purged":["HollowMod:SiblingsShadow"],"score":182,"play_id":"96807c76-4c61-4e94-9488-b462c2b706c8","local_time":"20210227064316","is_ascension_mode":false,"campfire_choices":[{"floor":10,"key":"REST"},{"floor":15,"key":"REST"}],"circlet_count":0,"master_deck":["HollowMod:NailStrikeStart","HollowMod:NailStrikeStart","HollowMod:NailStrikeStart","HollowMod:NailStrikeStart","HollowMod:QuickDashStart+1","HollowMod:QuickDashStart","HollowMod:QuickDashStart","HollowMod:QuickDashStart","HollowMod:FocusHealStart+1","HollowMod:PogoStrike","Good Instincts","HollowMod:DesolateDive","HollowMod:TaintedHusks","HollowMod:VengefulSpirit","HollowMod:InfectedCysts","HollowMod:InfectedAttack","HollowMod:BrokenVessel","HollowMod:DashSlash","HollowMod:DesolateDive","HollowMod:PaleKingsBlessing","HollowMod:DesolateDive","HollowMod:SoulStrike+1"],"relics":["HollowMod:VesselMask","NeowsBlessing","aspiration:Lifesprig","theForsaken:Lifeblossom","hubris:CrystalStatue","Tiny House","aspiration:RitualStick"],"acts_visited":["Exordium","TheCity"],"potions_floor_usage":[11,11,16,16,20],"damage_taken":[{"damage":0,"enemies":"Small Slimes","floor":1,"turns":1},{"damage":0,"enemies":"Cultist","floor":4,"turns":2},{"damage":0,"enemies":"2 Louse","floor":5,"turns":1},{"damage":3,"enemies":"Exordium Wildlife","floor":6,"turns":4},{"damage":33,"enemies":"Lagavulin","floor":7,"turns":5},{"damage":16,"enemies":"3 Louse","floor":8,"turns":3},{"damage":17,"enemies":"HollowMod:MossKnight","floor":11,"turns":4},{"damage":59,"enemies":"The Guardian","floor":16,"turns":7},{"damage":65,"enemies":"2 Thieves","floor":18,"turns":5},{"damage":0,"enemies":"3 Byrds","floor":20,"turns":2}],"seed_played":"-8411110351081609501","potions_obtained":[{"floor":4,"key":"AttackPotion"},{"floor":6,"key":"Guardian:BlockOnCardUsePotion"},{"floor":8,"key":"champ:CounterPotion"},{"floor":11,"key":"SkillPotion"},{"floor":17,"key":"LiquidBronze"}],"is_trial":false,"path_per_floor":["M","?","$","M","M","M","E","M","T","R","E","$","?","?","R","B",null,"M","?","M"],"character_chosen":"THE_BUGKNIGHT","items_purchased":["HollowMod:DesolateDive","HollowMod:TaintedHusks"],"campfire_rested":2,"item_purchase_floors":[3,3],"current_hp_per_floor":[75,75,75,75,75,72,39,23,23,45,34,34,59,59,75,23,80,24,8,20,20],"gold":255,"neow_bonus":"THREE_ENEMY_KILL","is_daily":false,"chose_seed":false,"campfire_upgraded":0,"win_rate":0.0,"timestamp":1614372196,"path_taken":["M","?","$","M","M","M","E","M","T","R","E","?","?","?","R","BOSS","M","?","M"],"items_purchased_type":["Card","Card"],"build_version":"2020-12-22","purchased_purges":1,"victory":false,"max_hp_per_floor":[75,75,75,75,75,75,75,75,75,75,75,75,75,75,75,75,80,80,80,80,80],"card_choices":[{"not_picked":["HollowMod:PureNailStrike","HollowMod:NewLittleFool"],"picked":"HollowMod:SiblingsShadow","floor":1},{"not_picked":["HollowMod:FallenFury","HollowMod:GoodIntentions"],"picked":"HollowMod:VengefulSpirit","floor":4},{"not_picked":["HollowMod:HuntersJournal","HollowMod:BrokenVessel"],"picked":"HollowMod:InfectedCysts","floor":5},{"not_picked":["HollowMod:SharpenedShadows","HollowMod:VengefulVoid"],"picked":"HollowMod:InfectedAttack","floor":6},{"not_picked":["HollowMod:MonarchWings","HollowMod:DreamGate"],"picked":"HollowMod:BrokenVessel","floor":7},{"not_picked":["HollowMod:VoidDash","HollowMod:GrimmsGift"],"picked":"HollowMod:DashSlash","floor":8},{"not_picked":["HollowMod:ElderbugsWisdom","HollowMod:GrimmsGift"],"picked":"HollowMod:DesolateDive","floor":11},{"not_picked":["HollowMod:LifebloodCore","HollowMod:LordofShades"],"picked":"HollowMod:PaleKingsBlessing","floor":16},{"not_picked":["HollowMod:HeavyBlow","HollowMod:LifebloodCocoon"],"picked":"HollowMod:DesolateDive","floor":17},{"not_picked":["HollowMod:DreamGate+1","HollowMod:InfectedCysts"],"picked":"HollowMod:SoulStrike+1","floor":18}],"player_experience":192800,"relics_obtained":[{"floor":7,"key":"aspiration:Lifesprig"},{"floor":9,"key":"theForsaken:Lifeblossom"},{"floor":11,"key":"hubris:CrystalStatue"}],"event_choices":[{"damage_healed":0,"gold_gain":0,"player_choice":"1 cards matched","damage_taken":0,"max_hp_gain":0,"max_hp_loss":0,"event_name":"Match and Keep!","floor":2,"gold_loss":0,"cards_obtained":["Good Instincts"]},{"damage_healed":25,"gold_gain":0,"player_choice":"Banana","damage_taken":0,"max_hp_gain":0,"max_hp_loss":0,"event_name":"Big Fish","floor":13,"gold_loss":0}],"is_beta":false,"boss_relics":[{"not_picked":["Runic Pyramid","Bromod:ArcaneEnergize"],"picked":"Tiny House"}],"items_purged_floors":[12],"is_endless":false,"potions_floor_spawned":[4,6,8,11],"killed_by":"3 Byrds","ascension_level":0}}