{"host":"w2kjv12xyhtt0cv2","time":1614356496,"event":{"mods":["10 clothes from DAL","100% Spire Juice","Act Like it!","BaseMod","Colored Map","Friendly Minions","Gensokyo","GifTheSpireLib","Highlight Path","Hubris","Library of Ruina","Minty Spire (QoL Compilation)","Quick Restart","Relic Stats","Reliquary","Replay The Spire","Ring Of Destiny","Robot Space Explorer","Shop Mod","Spicy Shops","StSLib","The Dragon Tamer","UnlockEverythingMod","Waifu the Spire","[IsaacMod]以撒尖塔","[功能]功能增强和修复MOD","【功能Mod】Neow奖励","【功能Mod】聪明的最终Boss","【遗物卡牌】REMEMod","没有小屋子和绿帽子啦"],"gold_per_floor":[209,209,4,24,40,70,90,119,145,164,193,193,209,235,235,339,339,358,191,286,286,286],"floor_reached":21,"language":"ZHS","playtime":1566,"items_purged":[],"score":337,"play_id":"fdc1c572-b509-4c04-aee0-a454483aeb7d","local_time":"20210227002136","is_ascension_mode":true,"campfire_choices":[{"data":"RingOfDestiny:AngerSword","floor":12.0,"key":"SMITH"},{"data":"RingOfDestiny:Doomsday","floor":15,"key":"SMITH"}],"circlet_count":0,"master_deck":["RingOfDestiny:Defend_SU","RingOfDestiny:Defend_SU","RingOfDestiny:Defend_SU","RingOfDestiny:Strike_SU","RingOfDestiny:Strike_SU","RingOfDestiny:Strike_SU","RingOfDestiny:MaliciousBarrier","RingOfDestiny:DoomsdayStrike","RingOfDestiny:PowerOfGreed","RingOfDestiny:PowerOfEnvy","EpicFetus+1","Establishment","RingOfDestiny:MaliciousBarrier","RingOfDestiny:AngerSword+1","RingOfDestiny:Doomsday","RingOfDestiny:Doomsday+1","RingOfDestiny:DoomsdayMadness","RingOfDestiny:PowerOfWrath","RingOfDestiny:GreedySummon+1"],"relics":["REME_ComplimentaryCards","HushsDoor","Replay:Wanted Poster","PageOfApocalypseBird","BloodDonationBag","reliquary:FingerTrap","REME_HourglassOfDeath","HowToJump","PageOfSpiderBud","hubris:Reverence","GuppysTail","hubris:Backtick","hubris:TinFlute"],"acts_visited":["Exordium","Gensokyo:Gensokyoer"],"potions_floor_usage":[],"damage_taken":[{"damage":0.0,"enemies":"Cultist","floor":1.0,"turns":3.0},{"damage":0.0,"enemies":"Small Slimes","floor":4.0,"turns":2.0},{"damage":0.0,"enemies":"Jaw Worm","floor":5.0,"turns":3.0},{"damage":16.0,"enemies":"Gremlin Nob","floor":6.0,"turns":4.0},{"damage":0.0,"enemies":"Exordium Wildlife","floor":7.0,"turns":2.0},{"damage":0.0,"enemies":"Lagavulin","floor":8.0,"turns":4.0},{"damage":0.0,"enemies":"Blue Slaver","floor":10.0,"turns":2.0},{"damage":0.0,"enemies":"3 Sentries","floor":11.0,"turns":3.0},{"damage":1.0,"enemies":"Large Slime","floor":13.0,"turns":3.0},{"damage":1,"enemies":"Lagavulin","floor":14,"turns":4},{"damage":8,"enemies":"Fading Forest","floor":16,"turns":10},{"damage":0,"enemies":"Gensokyo:AngelMirror","floor":18,"turns":2},{"damage":0,"enemies":"Gensokyo:CosmicMonolith","floor":21,"turns":2}],"seed_played":"-1453018656461651074","potions_obtained":[{"floor":7.0,"key":"SkillPotion"},{"floor":8.0,"key":"EssenceOfSteel"},{"floor":10.0,"key":"ColorlessPotion"},{"floor":11.0,"key":"Swift Potion"},{"floor":18,"key":"Explosive Potion"}],"is_trial":false,"path_per_floor":["M","?","$","M","M","E","M","E","T","M","E","R","M","E","R","B",null,"M","$","?","M"],"character_chosen":"Summoner","items_purchased":["PageOfApocalypseBird","reliquary:FingerTrap","SuicideKing"],"campfire_rested":0,"item_purchase_floors":[3,3,19],"current_hp_per_floor":[79,79,38,38,38,23,23,23,23,23,26,26,26,28,28,46,78,78,78,63,-999999,-999999],"gold":286,"neow_bonus":"BOSS_RELIC","is_daily":false,"chose_seed":false,"campfire_upgraded":2,"win_rate":0.0,"timestamp":1614356496,"path_taken":["M","?","$","?","M","E","M","E","T","M","E","R","M","E","R","BOSS","M","$","?","M"],"items_purchased_type":["Relic","Relic","Card"],"build_version":"2020-12-22","purchased_purges":0,"victory":false,"max_hp_per_floor":[88,88,88,88,88,88,88,88,88,88,88,88,88,88,88,88,88,88,88,88,88,88],"relic_stats":{"counters":[13,44],"obtain_stats":[{"KeepersGift":0,"GuppysTail":14,"HowToJump":8,"RingOfDestiny:DemonicContract":0,"PageOfSpiderBud":9,"Replay:Wanted Poster":0,"hubris:Backtick":17,"REME_HourglassOfDeath":6,"BloodDonationBag":3,"reliquary:FingerTrap":3,"PageOfApocalypseBird":3,"HushsDoor":0,"hubris:TinFlute":17,"REME_ComplimentaryCards":0,"BloodDonationMachine":0,"hubris:Reverence":11},{"KeepersGift":0,"GuppysTail":10,"HowToJump":6,"RingOfDestiny:DemonicContract":0,"PageOfSpiderBud":6,"Replay:Wanted Poster":0,"hubris:Backtick":11,"REME_HourglassOfDeath":4,"BloodDonationBag":1,"reliquary:FingerTrap":1,"PageOfApocalypseBird":1,"HushsDoor":0,"hubris:TinFlute":11,"REME_ComplimentaryCards":0,"BloodDonationMachine":0,"hubris:Reverence":8},{"KeepersGift":0,"GuppysTail":30,"HowToJump":18,"RingOfDestiny:DemonicContract":0,"PageOfSpiderBud":18,"Replay:Wanted Poster":0,"hubris:Backtick":40,"REME_HourglassOfDeath":12,"BloodDonationBag":3,"reliquary:FingerTrap":3,"PageOfApocalypseBird":3,"HushsDoor":0,"hubris:TinFlute":40,"REME_ComplimentaryCards":0,"BloodDonationMachine":0,"hubris:Reverence":23}]},"card_choices":[{"not_picked":[],"picked":"EpicFetus","floor":0.0},{"not_picked":["RingOfDestiny:DemonVanguard","RingOfDestiny:TortureBlade"],"picked":"RingOfDestiny:MaliciousBarrier","floor":1.0},{"not_picked":["RingOfDestiny:MemoryBlade","RingOfDestiny:SoulDiversion"],"picked":"RingOfDestiny:AngerSword","floor":4.0},{"not_picked":["RingOfDestiny:RingOfGreed","RingOfDestiny:GreedySummon"],"picked":"RingOfDestiny:Doomsday","floor":5.0},{"not_picked":["RingOfDestiny:SarcasticSword","RingOfDestiny:CupOfDesire"],"picked":"RingOfDestiny:Doomsday","floor":6.0},{"not_picked":["RingOfDestiny:SongOfDoomsday","RingOfDestiny:PowerOfEnvy","RingOfDestiny:MaliciousBarrier"],"picked":"SKIP","floor":7.0},{"not_picked":["RingOfDestiny:MaliciousSuppress","RingOfDestiny:MaliciousFang","RingOfDestiny:CrownOfPride"],"picked":"SKIP","floor":8.0},{"not_picked":["RingOfDestiny:SarcasticSword","RingOfDestiny:PowerOfEnvy","RingOfDestiny:SongOfDoomsday"],"picked":"SKIP","floor":10.0},{"not_picked":["RingOfDestiny:EnvyNecklace","RingOfDestiny:RingOfGreed","RingOfDestiny:Demonic"],"picked":"SKIP","floor":11.0},{"not_picked":["RingOfDestiny:RingOfGreed","RingOfDestiny:FeastOfDoomsday","RingOfDestiny:PowerOfGreed"],"picked":"SKIP","floor":13.0},{"not_picked":["RingOfDestiny:EnvyNecklace","RingOfDestiny:PowerOfEnvy"],"picked":"RingOfDestiny:DoomsdayMadness","floor":14},{"not_picked":["RingOfDestiny:ChainBlade","RingOfDestiny:DoomsdayBlade"],"picked":"RingOfDestiny:PowerOfWrath","floor":16},{"not_picked":["RingOfDestiny:MaliciousConversion+1","RingOfDestiny:MemoryBlade+1"],"picked":"RingOfDestiny:GreedySummon+1","floor":18}],"player_experience":84193,"relics_obtained":[{"floor":6.0,"key":"REME_HourglassOfDeath"},{"floor":8.0,"key":"HowToJump"},{"floor":9.0,"key":"PageOfSpiderBud"},{"floor":11.0,"key":"hubris:Reverence"},{"floor":14,"key":"GuppysTail"}],"event_choices":[{"damage_healed":0.0,"max_hp_gain":0.0,"max_hp_loss":0.0,"gold_gain":0.0,"event_name":"Upgrade Shrine","player_choice":"Upgraded","floor":2.0,"gold_loss":0.0,"damage_taken":0.0,"cards_upgraded":["EpicFetus"]}],"is_beta":false,"boss_relics":[{"not_picked":["hubris:HollowSoul","reliquary:RedPaperclip"],"picked":"hubris:Backtick"},{"not_picked":[]}],"items_purged_floors":[],"is_endless":false,"potions_floor_spawned":[7,8,10,11,18],"killed_by":"Gensokyo:CosmicMonolith","ascension_level":6}}