{"host":"qgrlfjrqk9z96gfi","time":1614376029,"event":{"mods":["BaseMod","Block Reminder","Colored Map","Custom Start","DeckTracker","Minty Spire (QoL Compilation)"],"gold_per_floor":[113,113,113,131,142,142,167,167,167,62,82,82,115,130,130,203,203,214,54,54,73,84,115,131,131,155,184,184,216,227,227,227,305,305,315,665,678,57,74,107,107,137,137,169,169,180,195,206,206,206,206],"floor_reached":52,"language":"ENG","playtime":2823,"items_purged":["Bite"],"score":2124,"play_id":"fc21ab87-2638-4f2b-a21e-27009274d5b6","local_time":"20210226114709","is_ascension_mode":true,"campfire_choices":[{"data":"Blade Dance","floor":6.0,"key":"SMITH"},{"data":"Crippling Poison","floor":12.0,"key":"SMITH"},{"data":"Noxious Fumes","floor":15.0,"key":"SMITH"},{"data":"Wraith Form v2","floor":25.0,"key":"SMITH"},{"data":"Burst","floor":28.0,"key":"SMITH"},{"data":"Accuracy","floor":32.0,"key":"SMITH"},{"floor":49.0,"key":"RECALL"}],"circlet_count":0,"master_deck":["AscendersBane","Defend_G","Defend_G","Defend_G+1","Defend_G","Defend_G","Survivor","Neutralize+1","Blade Dance+1","Caltrops","Backstab","Crippling Poison+1","Parasite","PiercingWail","Calculated Gamble","Endless Agony+1","Cloak And Dagger","Noxious Fumes+1","Wraith Form v2+1","Backflip","Cloak And Dagger+1","Bite","Bite","Bite","Bite","Endless Agony","Leg Sweep","Burst+1","Adrenaline","Accuracy+1","Blade Dance","After Image","Terror","Acrobatics","Cloak And Dagger+1","Well Laid Plans","Prepared+1","Panacea","Acrobatics","Terror"],"relics":["Ring of the Snake","Ginger","Torii","Prayer Wheel","Shuriken","Coffee Dripper","War Paint","Potion Belt","Bronze Scales","Bag of Preparation","The Courier","Fusion Hammer","Old Coin","Meat on the Bone","Mercury Hourglass","Whetstone","Vajra","Ninja Scroll","Art of War"],"acts_visited":["Exordium","TheCity","TheBeyond"],"potions_floor_usage":[50,51,51],"damage_taken":[{"damage":9.0,"enemies":"Jaw Worm","floor":1.0,"turns":7.0},{"damage":0.0,"enemies":"2 Louse","floor":4.0,"turns":3.0},{"damage":4.0,"enemies":"Small Slimes","floor":5.0,"turns":3.0},{"damage":32.0,"enemies":"Lagavulin","floor":7.0,"turns":8.0},{"damage":1.0,"enemies":"3 Louse","floor":11.0,"turns":3.0},{"damage":11.0,"enemies":"3 Sentries","floor":13.0,"turns":8.0},{"damage":1.0,"enemies":"2 Fungi Beasts","floor":14.0,"turns":3.0},{"damage":9.0,"enemies":"Hexaghost","floor":16.0,"turns":8.0},{"damage":0.0,"enemies":"Chosen","floor":18.0,"turns":4.0},{"damage":7.0,"enemies":"2 Thieves","floor":21.0,"turns":4.0},{"damage":2.0,"enemies":"Shelled Parasite and Fungi","floor":22.0,"turns":3.0},{"damage":26.0,"enemies":"Gremlin Leader","floor":23.0,"turns":8.0},{"damage":1.0,"enemies":"Centurion and Healer","floor":24.0,"turns":8.0},{"damage":13.0,"enemies":"Slavers","floor":27.0,"turns":5.0},{"damage":3.0,"enemies":"Book of Stabbing","floor":29.0,"turns":5.0},{"damage":0.0,"enemies":"Snecko","floor":30.0,"turns":3.0},{"damage":41.0,"enemies":"Champ","floor":33.0,"turns":11.0},{"damage":0.0,"enemies":"3 Shapes","floor":35.0,"turns":4.0},{"damage":2.0,"enemies":"2 Orb Walkers","floor":36.0,"turns":4.0},{"damage":12.0,"enemies":"3 Darklings","floor":37.0,"turns":5.0},{"damage":0.0,"enemies":"4 Shapes","floor":39.0,"turns":5.0},{"damage":35.0,"enemies":"Reptomancer","floor":40.0,"turns":7.0},{"damage":0.0,"enemies":"Nemesis","floor":42.0,"turns":5.0},{"damage":0.0,"enemies":"Reptomancer","floor":44.0,"turns":5.0},{"damage":7.0,"enemies":"Jaw Worm Horde","floor":46.0,"turns":3.0},{"damage":7.0,"enemies":"Transient","floor":47.0,"turns":6.0},{"damage":1.0,"enemies":"Spire Growth","floor":48.0,"turns":5.0},{"damage":33,"enemies":"Awakened One","floor":50,"turns":11},{"damage":21,"enemies":"Donu and Deca","floor":51,"turns":8}],"seed_played":"-2756771560442553099","potions_obtained":[{"floor":4.0,"key":"FearPotion"},{"floor":11.0,"key":"EssenceOfSteel"},{"floor":13.0,"key":"Energy Potion"},{"floor":16.0,"key":"CunningPotion"},{"floor":22.0,"key":"AttackPotion"},{"floor":24.0,"key":"Regen Potion"},{"floor":33.0,"key":"Strength Potion"},{"floor":35.0,"key":"FearPotion"},{"floor":37.0,"key":"LiquidMemories"},{"floor":45.0,"key":"ColorlessPotion"},{"floor":45.0,"key":"BlessingOfTheForge"},{"floor":46.0,"key":"AttackPotion"},{"floor":47.0,"key":"Weak Potion"}],"is_trial":false,"path_per_floor":["M","?","?","M","M","R","E","?","T","$","M","R","E","M","R","B",null,"M","$","?","M","M","E","M","R","T","E","R","E","M","?","R","B",null,"M","?","M","$","M","E","?","E","T","E","?","M","M","M","R","B","B",null],"character_chosen":"THE_SILENT","items_purchased":["PiercingWail","Regen Potion","War Paint","Well Laid Plans","Meat on the Bone","Mercury Hourglass","DistilledChaos"],"campfire_rested":0,"item_purchase_floors":[10,10,19,38,38,38,38],"current_hp_per_floor":[50,55,48,48,44,44,12,28,28,28,27,27,31,30,30,21,54,54,54,45,42,42,30,45,45,45,45,45,45,45,45,45,20,39,45,45,37,37,43,28,28,34,34,40,40,39,42,45,45,29,30],"gold":206,"neow_bonus":"ONE_RARE_RELIC","is_daily":false,"chose_seed":false,"campfire_upgraded":6,"win_rate":0.0,"timestamp":1614376029,"path_taken":["M","?","?","M","M","R","E","?","T","$","?","R","E","M","R","BOSS","M","$","?","M","M","E","M","R","T","E","R","E","M","?","R","BOSS","M","?","M","$","M","E","?","E","T","E","?","M","M","M","R","BOSS","BOSS"],"items_purchased_type":["Card","Potion","Relic","Card","Relic","Relic","Potion"],"build_version":"2020-12-22","purchased_purges":1,"victory":true,"max_hp_per_floor":[60,65,65,65,65,65,65,65,65,65,65,65,65,65,65,65,65,65,65,45,45,45,45,45,45,45,45,45,45,45,45,45,45,45,45,45,45,45,45,45,45,45,45,45,45,45,45,45,45,45,45],"card_choices":[{"not_picked":["Deflect","Acrobatics"],"picked":"Blade Dance","floor":1.0},{"not_picked":["Deadly Poison","Backflip"],"picked":"Caltrops","floor":4.0},{"not_picked":["Concentrate","Underhanded Strike"],"picked":"Backstab","floor":5.0},{"not_picked":["Outmaneuver","Calculated Gamble"],"picked":"Crippling Poison","floor":7.0},{"not_picked":["Quick Slash","Acrobatics"],"picked":"Calculated Gamble","floor":11.0},{"not_picked":["Flying Knee","Dagger Throw"],"picked":"Endless Agony","floor":11.0},{"not_picked":["Skewer","Predator"],"picked":"Cloak And Dagger","floor":13.0},{"not_picked":["Acrobatics","Cloak And Dagger"],"picked":"Noxious Fumes","floor":14.0},{"not_picked":["Deadly Poison","Sucker Punch","Unload"],"picked":"SKIP","floor":14.0},{"not_picked":["A Thousand Cuts","Bullet Time"],"picked":"Wraith Form v2","floor":16.0},{"not_picked":["Escape Plan","Bane"],"picked":"Backflip","floor":18.0},{"not_picked":["Underhanded Strike","Expertise"],"picked":"Cloak And Dagger","floor":18.0},{"not_picked":["Slice","Backflip"],"picked":"Endless Agony","floor":21.0},{"not_picked":["Calculated Gamble","Endless Agony"],"picked":"Leg Sweep","floor":21.0},{"not_picked":["Cloak And Dagger","Acrobatics+1"],"picked":"Burst","floor":22.0},{"not_picked":["Backflip","Slice","Dagger Spray"],"picked":"SKIP","floor":22.0},{"not_picked":["Dagger Spray","Flechettes","Crippling Poison"],"picked":"SKIP","floor":23.0},{"not_picked":["Riddle With Holes","Deadly Poison"],"picked":"Adrenaline","floor":24.0},{"not_picked":["Deflect","Dodge and Roll","Predator"],"picked":"SKIP","floor":24.0},{"not_picked":["Noxious Fumes+1","Concentrate","Infinite Blades"],"picked":"SKIP","floor":27.0},{"not_picked":["Catalyst","Outmaneuver","Deadly Poison"],"picked":"SKIP","floor":29.0},{"not_picked":["Prepared","Footwork"],"picked":"Accuracy","floor":30.0},{"not_picked":["Heel Hook","Slice","Dagger Throw"],"picked":"SKIP","floor":30.0},{"not_picked":["Malaise","Wraith Form v2"],"picked":"After Image","floor":33.0},{"not_picked":["Sucker Punch","PiercingWail"],"picked":"Terror","floor":35.0},{"not_picked":["Dagger Throw","Underhanded Strike+1","All Out Attack"],"picked":"SKIP","floor":35.0},{"not_picked":["Dagger Throw","Eviscerate"],"picked":"Acrobatics","floor":36.0},{"not_picked":["Backflip","Distraction"],"picked":"Cloak And Dagger+1","floor":37.0},{"not_picked":["Underhanded Strike+1","Dagger Throw","Leg Sweep"],"picked":"SKIP","floor":37.0},{"not_picked":["Infinite Blades+1","Quick Slash","Outmaneuver"],"picked":"SKIP","floor":39.0},{"not_picked":["Sucker Punch+1","Bullet Time","Acrobatics"],"picked":"SKIP","floor":39.0},{"not_picked":["Slice","Dodge and Roll"],"picked":"Prepared+1","floor":40.0},{"not_picked":["Master of Strategy","Forethought"],"picked":"Panacea","floor":41.0},{"not_picked":["Dodge and Roll","Poisoned Stab","Distraction+1"],"picked":"SKIP","floor":42.0},{"not_picked":["Dagger Spray","Bane","Outmaneuver+1"],"picked":"SKIP","floor":44.0},{"not_picked":["Dagger Spray","Prepared"],"picked":"Acrobatics","floor":46.0},{"not_picked":["Quick Slash+1","Outmaneuver","Sucker Punch+1"],"picked":"SKIP","floor":46.0},{"not_picked":["Setup","Backflip+1"],"picked":"Terror","floor":47.0},{"not_picked":["Flying Knee","Bouncing Flask","Predator"],"picked":"SKIP","floor":47.0},{"not_picked":["Deflect","Backflip","Choke"],"picked":"SKIP","floor":48.0},{"not_picked":["Tactician","Caltrops","Leg Sweep"],"picked":"SKIP","floor":48.0}],"player_experience":1198532,"relics_obtained":[{"floor":7.0,"key":"Torii"},{"floor":9.0,"key":"Prayer Wheel"},{"floor":13.0,"key":"Shuriken"},{"floor":23.0,"key":"Potion Belt"},{"floor":26.0,"key":"Bronze Scales"},{"floor":27.0,"key":"Bag of Preparation"},{"floor":29.0,"key":"The Courier"},{"floor":36.0,"key":"Old Coin"},{"floor":40.0,"key":"Whetstone"},{"floor":42.0,"key":"Vajra"},{"floor":43.0,"key":"Ninja Scroll"},{"floor":44.0,"key":"Art of War"}],"event_choices":[{"damage_healed":0.0,"max_hp_gain":5.0,"max_hp_loss":0.0,"gold_gain":0.0,"event_name":"Big Fish","player_choice":"Donut","floor":2.0,"gold_loss":0.0,"damage_taken":0.0},{"cards_removed":["Strike_G"],"damage_healed":0.0,"max_hp_gain":0.0,"max_hp_loss":0.0,"gold_gain":0.0,"event_name":"Golden Wing","player_choice":"Card Removal","floor":3.0,"gold_loss":0.0,"damage_taken":7.0},{"damage_healed":16.0,"max_hp_gain":0.0,"max_hp_loss":0.0,"gold_gain":0.0,"event_name":"Mushrooms","player_choice":"Healed and dodged fight","floor":8.0,"gold_loss":0.0,"damage_taken":0.0,"cards_obtained":["Parasite"]},{"damage_healed":0.0,"max_hp_gain":0.0,"max_hp_loss":20.0,"gold_gain":0.0,"event_name":"Vampires","player_choice":"Became a vampire","floor":20.0,"gold_loss":0.0,"damage_taken":0.0,"cards_obtained":["Bite","Bite","Bite","Bite","Bite"]},{"damage_healed":0.0,"max_hp_gain":0.0,"max_hp_loss":0.0,"gold_gain":0.0,"event_name":"The Library","player_choice":"Read","floor":31.0,"gold_loss":0.0,"damage_taken":0.0,"cards_obtained":["Blade Dance"]},{"damage_healed":0.0,"max_hp_gain":0.0,"max_hp_loss":0.0,"gold_gain":0.0,"event_name":"Mysterious Sphere","player_choice":"Fight","floor":36.0,"gold_loss":0.0,"damage_taken":0.0},{"damage_healed":0.0,"max_hp_gain":0.0,"max_hp_loss":0.0,"gold_gain":0.0,"event_name":"SensoryStone","player_choice":"Memory 1","floor":41.0,"gold_loss":0.0,"damage_taken":0.0},{"damage_healed":0.0,"max_hp_gain":0.0,"max_hp_loss":0.0,"gold_gain":0.0,"event_name":"Lab","player_choice":"Got Potions","floor":45.0,"gold_loss":0.0,"damage_taken":0.0}],"is_beta":false,"boss_relics":[{"not_picked":["Tiny House","Snecko Eye"],"picked":"Coffee Dripper"},{"not_picked":["Philosopher\u0027s Stone","Sozu"],"picked":"Fusion Hammer"}],"items_purged_floors":[38],"is_endless":false,"potions_floor_spawned":[4,11,13,16,21,22,24,33,35,37,46,47,48],"ascension_level":20}}