{"host":"lmshf3swj20gmdor","time":1614340071,"event":{"mods":["2.2 Compatiblity","BaseMod","Conspire","Downfall","Googly Eyes","Hubris","Minty Spire (QoL Compilation)","Replay The Spire","Spikes Relics","StSLib","Synergy Search","The Servant 0.9.4"],"gold_per_floor":[110,110,125,150,160,192,192,206,206,171,190,205,222,254,254,349,349,331,344,344,29,42,42,42,42,121,140,140,140,140],"floor_reached":29,"language":"ENG","playtime":1034,"items_purged":[],"score":324,"play_id":"c267dc83-cd25-4d6b-ad2d-55de19b9799e","local_time":"20210226114751","is_ascension_mode":true,"campfire_choices":[{"data":"KidneyShot","floor":7.0,"key":"SMITH"},{"data":"Spin","floor":15.0,"key":"SMITH"},{"floor":24,"key":"REST"}],"circlet_count":0,"master_deck":["Strike_S","Strike_S","Strike_S+1","Strike_S","Defend_S","Defend_S","Defend_S","Defend_S","KidneyShot+1","Exchange","GearUp","Misdirection","Unruled","Spin+1","Barrier","InstantArmor","TimeWarp","Defy","TheWorld+1","Orbit+1","DoubleEdge","Orbit","Gouge","Necronomicurse"],"relics":["Uniform","NeowsBlessing","Pet Ghost","Golden Egg","Ornamental Fan","SuspiciousGoo","Ring of Chaos","Replay:PocketPolymizer","Necronomicon"],"acts_visited":["Exordium","TheCity"],"potions_floor_usage":[23,23,23,23,29],"damage_taken":[{"damage":0.0,"enemies":"Jaw Worm","floor":1.0,"turns":1.0},{"damage":0.0,"enemies":"Cultist","floor":3.0,"turns":1.0},{"damage":0.0,"enemies":"2 Louse","floor":5.0,"turns":1.0},{"damage":25.0,"enemies":"Gremlin Nob","floor":6.0,"turns":5.0},{"damage":2.0,"enemies":"Looter","floor":8.0,"turns":3.0},{"damage":11.0,"enemies":"Large Slime","floor":11.0,"turns":6.0},{"damage":2.0,"enemies":"3 Louse","floor":12.0,"turns":2.0},{"damage":0.0,"enemies":"Exordium Thugs","floor":13.0,"turns":5.0},{"damage":0.0,"enemies":"Lagavulin","floor":14.0,"turns":8.0},{"damage":8.0,"enemies":"The Guardian","floor":16.0,"turns":12.0},{"damage":3,"enemies":"2 Thieves","floor":18,"turns":4},{"damage":8,"enemies":"Chosen","floor":19,"turns":5},{"damage":0,"enemies":"Snecko","floor":22,"turns":3},{"damage":48,"enemies":"Gremlin Leader","floor":23,"turns":7},{"damage":0,"enemies":"Snake Plant","floor":27,"turns":2},{"damage":15,"enemies":"Book of Stabbing","floor":29,"turns":4}],"seed_played":"-4664058090386477226","potions_obtained":[{"floor":1.0,"key":"BlessingOfTheForge"},{"floor":3.0,"key":"sneckomod:MuddlingPotion"},{"floor":8.0,"key":"AttackPotion"},{"floor":11.0,"key":"ColorlessPotion"},{"floor":12.0,"key":"SkillPotion"},{"floor":18,"key":"champ:CounterPotion"}],"is_trial":false,"path_per_floor":["M","?","M","T","M","E","R","M","T","?","M","M","M","E","R","B",null,"M","M","?","$","M","E","R","$","T","M","?","E"],"character_chosen":"THE_SERVANT","items_purchased":["Replay:PocketPolymizer"],"campfire_rested":1,"item_purchase_floors":[21],"current_hp_per_floor":[65,65,65,65,65,40,40,38,38,54,43,41,41,41,41,33,65,62,54,54,54,54,6,25,25,25,25,9,0,0],"gold":140,"neow_bonus":"THREE_ENEMY_KILL","is_daily":false,"chose_seed":false,"campfire_upgraded":2,"win_rate":0.0,"timestamp":1614340071,"path_taken":["M","?","M","?","?","E","R","M","T","?","M","M","M","E","R","BOSS","M","M","?","$","M","E","R","$","T","M","?","E"],"items_purchased_type":["Relic"],"build_version":"2020-12-22","purchased_purges":0,"victory":false,"max_hp_per_floor":[65,65,65,65,65,65,65,65,65,65,65,65,65,65,65,65,65,65,65,65,65,65,65,65,65,65,65,65,65,65],"card_choices":[{"not_picked":["ReturningBlade","FanOfKnives"],"picked":"GearUp","floor":1.0},{"not_picked":["Hightail","BottledTime"],"picked":"Misdirection","floor":3.0},{"not_picked":["ShiftingGears","FastForward","Revamp"],"picked":"SKIP","floor":5.0},{"not_picked":["BottledTime","Defy"],"picked":"Unruled","floor":6.0},{"not_picked":["Sabotage","MoonPhase"],"picked":"Spin","floor":8.0},{"not_picked":["Starlight","BottledTime"],"picked":"Barrier","floor":11.0},{"not_picked":["FastForward","Hightail"],"picked":"InstantArmor","floor":12.0},{"not_picked":["Starlight","Spin"],"picked":"TimeWarp","floor":13.0},{"not_picked":["Potential","Collapse"],"picked":"Defy","floor":14.0},{"not_picked":["Duplication","Solidify"],"picked":"TheWorld","floor":16.0},{"not_picked":["Advance","WasteNot"],"picked":"Orbit","floor":18},{"not_picked":["Unruled","Replace"],"picked":"DoubleEdge","floor":19},{"not_picked":["ShatteredReality","Barrier"],"picked":"Orbit","floor":22},{"not_picked":["Rewind","Replace+1"],"picked":"Gouge","floor":27}],"player_experience":853374,"relics_obtained":[{"floor":4.0,"key":"Pet Ghost"},{"floor":6.0,"key":"Golden Egg"},{"floor":9.0,"key":"Ornamental Fan"},{"floor":14.0,"key":"SuspiciousGoo"},{"floor":28,"key":"Necronomicon"}],"event_choices":[{"damage_healed":16.0,"max_hp_gain":0.0,"max_hp_loss":0.0,"gold_gain":0.0,"event_name":"The Cleric","player_choice":"Healed","floor":10.0,"gold_loss":35.0,"damage_taken":0.0},{"damage_healed":0,"gold_gain":0,"player_choice":"Obtained Book","damage_taken":16,"max_hp_gain":0,"max_hp_loss":0,"event_name":"Cursed Tome","floor":28,"gold_loss":0}],"is_beta":false,"boss_relics":[{"not_picked":["hubris:GrandSneckoEye","SplendidAttire"],"picked":"Ring of Chaos"}],"items_purged_floors":[],"is_endless":false,"potions_floor_spawned":[1,3,8,11,12,18,23],"killed_by":"Book of Stabbing","ascension_level":3}}