{"host":"5tzvto3beate6p8b","time":1614340846,"event":{"mods":["BaseMod","Colored Map","DeckTracker","Minty Spire (QoL Compilation)","Relic Stats","StSLib","SuperFastMode"],"gold_per_floor":[114,125,70,70,70,70,98,98,98,16,27,55,55,69,69,69,69],"floor_reached":16,"language":"JPN","playtime":403,"items_purged":[],"score":266,"play_id":"bd53626c-730b-4075-b6a1-73a1002819b2","local_time":"20210226210046","is_ascension_mode":true,"campfire_choices":[{"data":"Poisoned Stab","floor":6,"key":"SMITH"},{"data":"Well Laid Plans","floor":8,"key":"SMITH"},{"data":"Deadly Poison","floor":13,"key":"SMITH"},{"data":"Night Terror","floor":15,"key":"SMITH"}],"circlet_count":0,"master_deck":["AscendersBane","Strike_G","Strike_G","Strike_G","Strike_G","Defend_G","Defend_G","Defend_G","Defend_G","Defend_G","Survivor","Neutralize","Well Laid Plans+1","Dash","Poisoned Stab+1","PiercingWail","Deadly Poison+1","Deadly Poison","PiercingWail","Night Terror+1"],"relics":["Ring of the Snake","NeowsBlessing","Snake Skull","InkBottle","Gambling Chip"],"acts_visited":["Exordium"],"potions_floor_usage":[16,16],"damage_taken":[{"damage":0,"enemies":"2 Louse","floor":1,"turns":1},{"damage":0,"enemies":"Cultist","floor":2,"turns":1},{"damage":0,"enemies":"3 Sentries","floor":7,"turns":1},{"damage":7,"enemies":"Jaw Worm","floor":11,"turns":4},{"damage":21,"enemies":"Lagavulin","floor":12,"turns":8},{"damage":19,"enemies":"Exordium Thugs","floor":14,"turns":5},{"damage":12,"enemies":"Slime Boss","floor":16,"turns":6}],"seed_played":"-317382489664075464","potions_obtained":[{"floor":7,"key":"AttackPotion"}],"is_trial":false,"path_per_floor":["M","M","$","?","?","R","E","R","T","$","M","E","R","M","R","B"],"character_chosen":"THE_SILENT","items_purchased":["Poisoned Stab","Fire Potion","Deadly Poison"],"campfire_rested":0,"item_purchase_floors":[3,10,10],"current_hp_per_floor":[59,59,59,59,59,59,59,59,59,59,52,31,31,12,12,0,0],"gold":69,"neow_bonus":"THREE_ENEMY_KILL","is_daily":false,"chose_seed":false,"campfire_upgraded":4,"win_rate":0.0,"timestamp":1614340846,"path_taken":["M","M","$","?","?","R","E","R","T","$","M","E","R","?","R","BOSS"],"items_purchased_type":["Card","Potion","Card"],"build_version":"2020-12-22","purchased_purges":0,"victory":false,"max_hp_per_floor":[66,66,66,66,66,66,66,66,66,66,66,66,66,66,66,66,66],"relic_stats":{"counters":[7,26],"Gambling Chip":[2],"Snake Skull":[12],"obtain_stats":[{"NeowsBlessing":0,"Gambling Chip":12,"Snake Skull":7,"InkBottle":9,"Ring of the Snake":0},{"NeowsBlessing":0,"Gambling Chip":5,"Snake Skull":3,"InkBottle":3,"Ring of the Snake":0},{"NeowsBlessing":0,"Gambling Chip":15,"Snake Skull":3,"InkBottle":3,"Ring of the Snake":0}],"InkBottle":[5],"Ring of the Snake":[14]},"card_choices":[{"not_picked":["Dagger Spray","Backflip"],"picked":"Well Laid Plans","floor":1},{"not_picked":["Deflect","Poisoned Stab"],"picked":"Dash","floor":2},{"not_picked":["Acrobatics","Dagger Throw"],"picked":"PiercingWail","floor":7},{"not_picked":["Dodge and Roll","Outmaneuver"],"picked":"Deadly Poison","floor":11},{"not_picked":["Skewer","Bane"],"picked":"PiercingWail","floor":12},{"not_picked":["Quick Slash","Underhanded Strike"],"picked":"Night Terror","floor":14}],"player_experience":898371,"relics_obtained":[{"floor":7,"key":"Snake Skull"},{"floor":9,"key":"InkBottle"},{"floor":12,"key":"Gambling Chip"}],"event_choices":[{"damage_healed":0,"gold_gain":0,"player_choice":"Leave","damage_taken":0,"max_hp_gain":0,"max_hp_loss":0,"event_name":"The Cleric","floor":4,"gold_loss":0},{"cards_removed":["Strike_G"],"damage_healed":0,"gold_gain":0,"player_choice":"Purged","damage_taken":0,"max_hp_gain":0,"max_hp_loss":0,"event_name":"Purifier","floor":5,"gold_loss":0}],"is_beta":false,"boss_relics":[],"items_purged_floors":[],"is_endless":false,"potions_floor_spawned":[7,14],"killed_by":"Slime Boss","ascension_level":20}}