{"host":"5ffrjkuvgrxgllwx","time":1614301732,"event":{"mods":["AchievementEnabler","BaseMod","Colored Map","Colored Powertips","Minty Spire (QoL Compilation)","Quick Restart","Rare Cards Sparkle","StSLib","everything is the same but u backflip on backflip"],"gold_per_floor":[112,128,128,5,21,55,55,88,112,72,72,72,72,15,15,15,15],"floor_reached":16,"language":"ENG","playtime":344,"items_purged":[],"score":186,"play_id":"5a8b6862-ebba-4a28-bbb6-6dd43a18286c","local_time":"20210225200852","is_ascension_mode":true,"campfire_choices":[{"floor":7,"key":"REST"},{"floor":11,"key":"REST"},{"floor":13,"key":"REST"},{"floor":15,"key":"REST"}],"circlet_count":0,"master_deck":["AscendersBane","Strike_G","Strike_G","Strike_G","Strike_G","Strike_G","Defend_G","Defend_G","Defend_G","Defend_G","Defend_G","Survivor","Neutralize","Sucker Punch+1","Well Laid Plans","Predator","Accuracy","Dagger Spray","Crippling Poison","Poisoned Stab","Dash"],"relics":["Ring of the Snake","NeowsBlessing","MealTicket","Tiny Chest","Juzu Bracelet","Kunai"],"acts_visited":["Exordium"],"potions_floor_usage":[8],"damage_taken":[{"damage":0,"enemies":"2 Louse","floor":1,"turns":1},{"damage":0,"enemies":"Cultist","floor":2,"turns":1},{"damage":0,"enemies":"Small Slimes","floor":5,"turns":1},{"damage":42,"enemies":"Gremlin Nob","floor":6,"turns":5},{"damage":10,"enemies":"Exordium Thugs","floor":8,"turns":4},{"damage":6,"enemies":"Looter","floor":10,"turns":4},{"damage":62,"enemies":"Slime Boss","floor":16,"turns":8}],"seed_played":"-8044532069324708607","potions_obtained":[{"floor":6,"key":"ColorlessPotion"}],"is_trial":false,"path_per_floor":["M","M","?","$","M","E","R","M","T","M","R","?","R","?","R","B"],"character_chosen":"THE_SILENT","items_purchased":["Predator","Accuracy"],"campfire_rested":4,"item_purchase_floors":[4,4],"current_hp_per_floor":[59,59,59,59,59,17,36,26,26,20,39,21,40,40,59,0,0],"gold":15,"neow_bonus":"THREE_ENEMY_KILL","is_daily":false,"chose_seed":false,"campfire_upgraded":0,"win_rate":0.0,"timestamp":1614301732,"path_taken":["M","M","?","?","?","E","R","M","T","M","R","?","R","?","R","BOSS"],"items_purchased_type":["Card","Card"],"build_version":"2020-12-22","purchased_purges":0,"victory":false,"max_hp_per_floor":[66,66,66,66,66,66,66,66,66,66,66,66,66,66,66,66,66],"card_choices":[{"not_picked":["All Out Attack","Slice"],"picked":"Sucker Punch","floor":1},{"not_picked":["Flechettes","Dodge and Roll"],"picked":"Well Laid Plans","floor":2},{"not_picked":["Heel Hook","Distraction"],"picked":"Dagger Spray","floor":5},{"not_picked":["Deflect","Outmaneuver"],"picked":"Crippling Poison","floor":6},{"not_picked":["Prepared","Concentrate"],"picked":"Poisoned Stab","floor":8},{"not_picked":["Sucker Punch","Deadly Poison"],"picked":"Dash","floor":10}],"player_experience":1413560,"relics_obtained":[{"floor":6,"key":"MealTicket"},{"floor":9,"key":"Tiny Chest"}],"event_choices":[{"damage_healed":0,"gold_gain":0,"player_choice":"Forge","damage_taken":0,"max_hp_gain":0,"max_hp_loss":0,"event_name":"Accursed Blacksmith","floor":3,"gold_loss":0,"cards_upgraded":["Sucker Punch"]},{"damage_healed":0,"gold_gain":0,"player_choice":"Success","damage_taken":18,"relics_obtained":["Juzu Bracelet"],"max_hp_gain":0,"max_hp_loss":0,"event_name":"Scrap Ooze","floor":12,"gold_loss":0},{"damage_healed":0,"gold_gain":0,"player_choice":"Paid Gold","damage_taken":0,"relics_obtained":["Kunai"],"max_hp_gain":0,"max_hp_loss":0,"event_name":"WeMeetAgain","floor":14,"gold_loss":57}],"is_beta":false,"boss_relics":[],"items_purged_floors":[],"is_endless":false,"potions_floor_spawned":[6],"killed_by":"Slime Boss","ascension_level":18}}