{"host":"e0rtortnmozl44qq","time":1614341064,"event":{"mods":["AchievementEnabler","Act Like it!","BaseMod","Better Third Choice","Colored Map","Downfall","Gensokyo","Hermit","Highlight Path","Marisa????????","Minty Spire (QoL Compilation)","Permanent Neow","Quick Restart","Remilia??????","Shop Mod","StSLib","SuperFastMode","The Cursed","The Jungle","The Senshi","The Servant 0.9.4"],"gold_per_floor":[99,99,99,113,113,213,213,232,24,38,50,50,75,75,93,189,189,189,205,219,219,219,219,219,219,238,238,272,286,286,21,37,136,136,136,150,150,164,182,182,209,114,127,144,144,144,176,76,90,90,90,90],"floor_reached":50,"language":"ENG","playtime":4119,"items_purged":[],"score":617,"play_id":"bd5a3a02-7150-4d32-935a-37f5cccedf2c","local_time":"20210226130424","is_ascension_mode":false,"campfire_choices":[{"data":"Guardian:TwinSlam","floor":1.0,"key":"SMITH"},{"data":"Guardian:TimeSifter","floor":12.0,"key":"SMITH"},{"data":"expansioncontent:StudyTheSpire","floor":18.0,"key":"SMITH"},{"data":"Guardian:ConstructionForm","floor":23.0,"key":"SMITH"},{"data":"Guardian:TimeSifter","floor":27.0,"key":"SMITH"},{"data":"Guardian:BronzeOrb","floor":30.0,"key":"SMITH"},{"data":"Guardian:ArmoredProtocol","floor":35.0,"key":"SMITH"},{"data":"Guardian:RefractedBeam+1","floor":40,"key":"SMITH"},{"data":"Guardian:RefractedBeam+2","floor":46,"key":"SMITH"},{"data":"Guardian:RefractedBeam+3","floor":48,"key":"SMITH"}],"circlet_count":0,"master_deck":["Guardian:Strike_Guardian","Guardian:Strike_Guardian","Guardian:Strike_Guardian","Guardian:Defend_Guardian","Guardian:Defend_Guardian","Guardian:CurlUp","Guardian:TwinSlam+1","Guardian:SentryBeam","Guardian:ShieldCharger","Guardian:StasisField","expansioncontent:StudyTheSpire+1","Guardian:TimeSifter+1","Guardian:ArmoredProtocol+1","Guardian:ConstructionForm+1","Guardian:BronzeOrb+1","Guardian:SphericShield","Guardian:TimeSifter+1","Guardian:RefractedBeam+4","Guardian:PrismaticBeam","Guardian:PrimingBeam+1"],"relics":["Guardian:ModeShifterPlus","TungstenRod","Dead Branch","Blue Candle","downfall:RedIOU","theSenshi:FeatherClipsRelic","Dream Catcher","Singing Bowl","SlaversCollar","Blood Vial","Unceasing Top","downfall:HeartBlessingGreen"],"acts_visited":["Exordium","TheCity","TheBeyond"],"potions_floor_usage":[47,47,47,50,50],"damage_taken":[{"damage":0.0,"enemies":"2 Louse","floor":4.0,"turns":4.0},{"damage":1.0,"enemies":"Jaw Worm","floor":8.0,"turns":4.0},{"damage":0.0,"enemies":"downfall:FleeingMerchant","floor":9.0,"turns":4.0},{"damage":7.0,"enemies":"Small Slimes","floor":10.0,"turns":4.0},{"damage":0.0,"enemies":"3 Louse","floor":11.0,"turns":4.0},{"damage":0.0,"enemies":"Lagavulin","floor":13.0,"turns":3.0},{"damage":2.0,"enemies":"Lots of Slimes","floor":15.0,"turns":6.0},{"damage":1.0,"enemies":"SI_SHIV_ARCHETYPE","floor":16.0,"turns":7.0},{"damage":0.0,"enemies":"3 Byrds","floor":19.0,"turns":3.0},{"damage":0.0,"enemies":"Spheric Guardian","floor":20.0,"turns":5.0},{"damage":0.0,"enemies":"Shelled Parasite and Fungi","floor":26.0,"turns":7.0},{"damage":10.0,"enemies":"Gremlin Leader","floor":28.0,"turns":8.0},{"damage":0.0,"enemies":"Centurion and Healer","floor":29.0,"turns":7.0},{"damage":0.0,"enemies":"downfall:FleeingMerchant","floor":31.0,"turns":4.0},{"damage":10.0,"enemies":"3 Cultists","floor":32.0,"turns":7.0},{"damage":0.0,"enemies":"WA_ARCHETYPE_CALM","floor":33.0,"turns":13.0},{"damage":0.0,"enemies":"Orb Walker","floor":36.0,"turns":4.0},{"damage":0.0,"enemies":"3 Shapes","floor":38.0,"turns":7.0},{"damage":0,"enemies":"Jaw Worm Horde","floor":39,"turns":6},{"damage":0,"enemies":"downfall:FleeingMerchant","floor":42,"turns":4},{"damage":0,"enemies":"Sphere and 2 Shapes","floor":43,"turns":5},{"damage":0,"enemies":"Spire Growth","floor":44,"turns":5},{"damage":0,"enemies":"Giant Head","floor":47,"turns":9},{"damage":17,"enemies":"Transient","floor":49,"turns":5},{"damage":99,"enemies":"DF_ARCHETYPE_ORBS","floor":50,"turns":11}],"seed_played":"-189796150116591857","potions_obtained":[{"floor":4.0,"key":"Guardian:AcceleratePotion"},{"floor":8.0,"key":"SteroidPotion"},{"floor":15.0,"key":"PowerPotion"},{"floor":16.0,"key":"champ:CounterPotion"},{"floor":26.0,"key":"Swift Potion"},{"floor":29.0,"key":"hexamod:SoulburnPotion"},{"floor":32.0,"key":"Explosive Potion"},{"floor":36.0,"key":"Regen Potion"},{"floor":38,"key":"BlessingOfTheForge"},{"floor":47,"key":"Fruit Juice"},{"floor":49,"key":"Energy Potion"}],"is_trial":false,"path_per_floor":["R","?","?","M","?","?","T","M","$","M","M","R","E","?","M","B",null,"R","M","M","?","?","R","T","?","M","R","E","M","R","$","M","B",null,"R","M","?","M","M","R","T","$","M","M","?","R","E","R","M","B"],"character_chosen":"GUARDIAN","items_purchased":["expansioncontent:StudyTheSpire","Singing Bowl","Guardian:PrismaticBeam"],"campfire_rested":0,"item_purchase_floors":[9,31,42],"current_hp_per_floor":[72,77,77,77,77,77,77,76,76,69,69,69,69,69,67,66,77,77,77,77,73,73,73,73,73,77,77,73,77,77,77,73,79,79,79,79,79,79,81,81,81,83,85,87,89,89,94,94,85,0,0,0],"gold":90,"neow_bonus":"ONE_RARE_RELIC","is_daily":false,"chose_seed":false,"campfire_upgraded":10,"win_rate":0.0,"timestamp":1614341064,"path_taken":["R","?","?","M","?","?","T","M","$","M","?","R","E","?","M","BOSS","R","M","M","?","?","R","T","?","?","R","E","M","R","$","M","BOSS","R","M","?","M","M","R","T","$","M","?","?","R","E","R","M","BOSS"],"items_purchased_type":["Card","Relic","Card"],"build_version":"2020-12-22","purchased_purges":0,"victory":false,"max_hp_per_floor":[72,77,77,77,77,77,77,77,77,77,77,77,77,77,77,77,77,77,77,77,77,77,77,77,77,77,77,77,77,77,77,77,79,79,79,79,79,79,81,81,81,83,85,87,89,89,94,94,96,96,96,96],"card_choices":[{"not_picked":["Guardian:Incinerate","Guardian:PiercingHide"],"picked":"Guardian:SentryBeam","floor":4.0},{"not_picked":["Guardian:Suspension","Guardian:PrimingBeam"],"picked":"Guardian:ShieldCharger","floor":8.0},{"not_picked":["Guardian:RollAttack","Guardian:TemporalStrike"],"picked":"Guardian:StasisField","floor":9.0},{"not_picked":["Guardian:TemporalStrike","Guardian:Gem_Red"],"picked":"Guardian:Gem_Purple","floor":10.0},{"not_picked":["Guardian:VentSteam","Guardian:Preprogram"],"picked":"Guardian:TimeSifter","floor":11.0},{"not_picked":["Guardian:PrimingBeam","Guardian:TemporalStrike","Guardian:PrismaticBarrier"],"picked":"SKIP","floor":13.0},{"not_picked":["Guardian:EvasiveProtocol","Guardian:Suspension"],"picked":"Guardian:ArmoredProtocol","floor":15.0},{"not_picked":["Guardian:StasisField","Guardian:SphericShield"],"picked":"Guardian:ConstructionForm","floor":16.0},{"not_picked":["Guardian:CrystalBeam","Guardian:ShieldCharger+1"],"picked":"Guardian:BronzeOrb","floor":19.0},{"not_picked":["Guardian:Recover","Guardian:PrimingBeam","Guardian:PiercingHide"],"picked":"SKIP","floor":20.0},{"not_picked":["Guardian:SpikerProtocol","Guardian:Gem_Cyan"],"picked":"Guardian:TimeSifter","floor":26.0},{"not_picked":["Guardian:PrimingBeam","Guardian:Preprogram+1"],"picked":"Guardian:Gem_Crimson","floor":28.0},{"not_picked":["Guardian:ShieldCharger","Guardian:SpikerProtocol"],"picked":"Guardian:Gem_Blue","floor":29.0},{"not_picked":["Guardian:ChargeCore","Guardian:VentSteam","Guardian:TemporalShield"],"picked":"SKIP","floor":31.0},{"not_picked":["Guardian:PrimingBeam","Guardian:Recover+1"],"picked":"Guardian:Gem_Orange","floor":32.0},{"not_picked":["Guardian:StasisField","Guardian:FastForward","Guardian:ExploitGems"],"picked":"Singing Bowl","floor":33.0},{"not_picked":["Guardian:EvasiveProtocol","Guardian:Clone"],"picked":"Guardian:RefractedBeam+1","floor":36.0},{"not_picked":["Guardian:ShieldSpikes","Guardian:Preprogram+1"],"picked":"Guardian:Gem_White","floor":38},{"not_picked":["Guardian:DecasProtection+1","Guardian:Gem_Green","Guardian:WalkerClaw"],"picked":"Singing Bowl","floor":39},{"not_picked":["Guardian:BaubleBeam","Guardian:ChargeCore+1","Guardian:PrismaticBeam"],"picked":"Singing Bowl","floor":42},{"not_picked":["Guardian:RollAttack","Guardian:Reroute+1","Guardian:StasisField"],"picked":"Singing Bowl","floor":43},{"not_picked":["Guardian:ArmoredProtocol","Guardian:RefractedBeam","Guardian:TemporalShield"],"picked":"Singing Bowl","floor":44},{"not_picked":["expansioncontent:Hexaburn","expansioncontent:LastStand","expansioncontent:PrepareCrush"],"picked":"Singing Bowl","floor":45},{"not_picked":["Guardian:Incinerate","Guardian:SphericShield"],"picked":"Guardian:PrimingBeam+1","floor":47},{"not_picked":["Guardian:VentSteam+1","Guardian:DonusPower","Guardian:TemporalShield"],"picked":"Singing Bowl","floor":49}],"player_experience":102189,"relics_obtained":[{"floor":7.0,"key":"Pen Nib"},{"floor":13.0,"key":"Dead Branch"},{"floor":24.0,"key":"theSenshi:FeatherClipsRelic"},{"floor":28.0,"key":"Dream Catcher"},{"floor":41,"key":"Blood Vial"},{"floor":47,"key":"Unceasing Top"}],"event_choices":[{"damage_healed":0.0,"max_hp_gain":5.0,"max_hp_loss":0.0,"gold_gain":0.0,"event_name":"Big Fish","player_choice":"Donut","floor":2.0,"gold_loss":0.0,"damage_taken":0.0},{"damage_healed":0.0,"max_hp_gain":0.0,"max_hp_loss":0.0,"gold_gain":0.0,"event_name":"NoteForYourself","player_choice":"Ignored","floor":37.0,"gold_loss":0.0,"damage_taken":0.0}],"is_beta":false,"boss_relics":[{"not_picked":["Guardian:StasisSlotReductionRelic","Runic Pyramid"],"picked":"Guardian:ModeShifterPlus"},{"not_picked":["Coffee Dripper","Runic Dome"],"picked":"SlaversCollar"}],"items_purged_floors":[],"is_endless":false,"potions_floor_spawned":[4,8,15,16,26,29,32,36,38,39,47,49],"killed_by":"DF_ARCHETYPE_ORBS","ascension_level":0}}