{"host":"ju1b3c4x8n2jtjm7","time":1614371927,"event":{"mods":["AchievementEnabler","BaseMod","Colored Map","Colored Powertips","Highlight Path","Minty Spire (QoL Compilation)","Quick Restart","Rare Cards Sparkle","Relic Stats","StSLib"],"gold_per_floor":[12,32,32,32,47,82,82,82,82,82,95,111,36,49,49,144,144,158,73,73,91,91,91,124,124,124,144,169,183,14,30,30,102,102,114,127,127,145,145,145,179,193,193,193,193,193],"floor_reached":45,"language":"ENG","playtime":2628,"items_purged":["Injury"],"score":892,"play_id":"a032f878-2063-4b4d-b2ea-9d354cd9b1df","local_time":"20210226213847","is_ascension_mode":true,"campfire_choices":[{"data":"Zap","floor":7.0,"key":"SMITH"},{"data":"White Noise","floor":10.0,"key":"SMITH"},{"data":"Go for the Eyes","floor":15.0,"key":"SMITH"},{"data":"1","floor":23.0,"key":"LIFT"},{"data":"2","floor":25.0,"key":"LIFT"},{"data":"3","floor":32.0,"key":"LIFT"},{"data":"Recycle","floor":40.0,"key":"SMITH"},{"data":"Seek","floor":44.0,"key":"SMITH"}],"circlet_count":0,"master_deck":["AscendersBane","Strike_B","Strike_B","Strike_B","Defend_B","Defend_B","Defend_B","Defend_B","Zap+1","Dualcast","Go for the Eyes+1","Rebound","Scrape+1","White Noise+1","Electrodynamics","Scrape","Steam","Seek+1","Gash+1","Steam","Steam Power","Defragment+1","Consume","Leap","Gash","Coolheaded","Magnetism+1","Beam Cell","Electrodynamics+1","Conserve Battery","Recycle+1","Coolheaded","Force Field+1","Gash+1","Force Field+1","Aggregate+1"],"relics":["Cracked Core","Girya","Bloody Idol","MealTicket","Gambling Chip","Bottled Flame","Black Star","Matryoshka","Bronze Scales","Pantograph","Prayer Wheel","Regal Pillow","Frozen Egg 2","Smiling Mask","Mercury Hourglass","Whetstone","Inserter","Akabeko","Toxic Egg 2"],"acts_visited":["Exordium","TheCity","TheBeyond"],"potions_floor_usage":[],"damage_taken":[{"damage":0.0,"enemies":"Small Slimes","floor":1.0,"turns":3.0},{"damage":0.0,"enemies":"Jaw Worm","floor":2.0,"turns":3.0},{"damage":0.0,"enemies":"2 Louse","floor":5.0,"turns":3.0},{"damage":20.0,"enemies":"Lagavulin","floor":6.0,"turns":7.0},{"damage":4.0,"enemies":"Large Slime","floor":11.0,"turns":5.0},{"damage":11.0,"enemies":"Looter","floor":12.0,"turns":2.0},{"damage":3.0,"enemies":"Blue Slaver","floor":14.0,"turns":3.0},{"damage":11.0,"enemies":"Hexaghost","floor":16.0,"turns":9.0},{"damage":11.0,"enemies":"Spheric Guardian","floor":18.0,"turns":3.0},{"damage":16.0,"enemies":"Shell Parasite","floor":21.0,"turns":5.0},{"damage":0.0,"enemies":"Gremlin Leader","floor":24.0,"turns":6.0},{"damage":9.0,"enemies":"Snecko","floor":27.0,"turns":4.0},{"damage":17.0,"enemies":"Slavers","floor":28.0,"turns":4.0},{"damage":7.0,"enemies":"Chosen and Byrds","floor":29.0,"turns":4.0},{"damage":4.0,"enemies":"3 Cultists","floor":31.0,"turns":3.0},{"damage":73.0,"enemies":"Collector","floor":33.0,"turns":7.0},{"damage":0.0,"enemies":"3 Darklings","floor":35.0,"turns":2.0},{"damage":5.0,"enemies":"3 Shapes","floor":36.0,"turns":6.0},{"damage":12.0,"enemies":"Spire Growth","floor":38.0,"turns":5.0},{"damage":12.0,"enemies":"Giant Head","floor":41.0,"turns":7.0},{"damage":29.0,"enemies":"Maw","floor":42.0,"turns":6.0},{"damage":27,"enemies":"Reptomancer","floor":45,"turns":2}],"seed_played":"897051662981364973","potions_obtained":[{"floor":2.0,"key":"PowerPotion"},{"floor":6.0,"key":"FairyPotion"},{"floor":11.0,"key":"Swift Potion"},{"floor":16.0,"key":"Fire Potion"},{"floor":29.0,"key":"FearPotion"},{"floor":33.0,"key":"Fire Potion"},{"floor":38.0,"key":"Strength Potion"}],"is_trial":false,"path_per_floor":["M","M","?","?","M","E","R","?","T","R","M","M","$","M","R","B",null,"M","?","?","M","T","R","E","R","T","M","E","M","$","M","R","B",null,"M","M","?","M","?","R","E","M","T","R","E"],"character_chosen":"DEFECT","items_purchased":["Magnetism+1"],"campfire_rested":0,"item_purchase_floors":[30],"current_hp_per_floor":[64,64,64,57,57,37,37,37,37,37,33,22,37,34,34,23,59,48,48,48,37,37,37,42,42,42,38,26,24,39,40,40,26,60,65,65,65,58,58,58,51,27,27,27,0,0],"gold":193,"neow_bonus":"ONE_RARE_RELIC","is_daily":false,"chose_seed":false,"campfire_upgraded":5,"win_rate":0.0,"timestamp":1614371927,"path_taken":["M","M","?","?","M","E","R","?","T","R","M","M","$","M","R","BOSS","M","?","?","M","?","R","E","R","T","M","E","M","$","M","R","BOSS","M","M","?","?","?","R","E","M","T","R","E"],"items_purchased_type":["Card"],"build_version":"2020-12-22","purchased_purges":1,"victory":false,"max_hp_per_floor":[71,71,71,71,71,71,71,71,71,71,71,71,71,71,71,71,71,71,71,71,71,71,71,71,71,71,71,71,71,71,71,71,71,71,71,71,71,71,71,71,71,71,71,71,71,71],"relic_stats":{"Regal Pillow":0,"Inserter":[14],"counters":[22,99],"Whetstone":["Gash","Scrape"],"Smiling Mask":0,"Mercury Hourglass":[204],"Bloody Idol":60,"Gambling Chip":[42],"Bronze Scales":[108],"Pantograph":25,"MealTicket":30,"Prayer Wheel":7,"Black Star":3,"obtain_stats":[{"Girya":0,"Regal Pillow":24,"Inserter":34,"Golden Idol":3,"Whetstone":28,"Frozen Egg 2":26,"Smiling Mask":26,"Akabeko":41,"Mercury Hourglass":28,"Bottled Flame":9,"Matryoshka":19,"Gambling Chip":6,"Bloody Idol":20,"Bronze Scales":22,"Pantograph":22,"MealTicket":4,"Prayer Wheel":24,"Black Star":17,"Toxic Egg 2":41,"Cracked Core":0},{"Girya":0,"Regal Pillow":11,"Inserter":16,"Golden Idol":2,"Whetstone":13,"Frozen Egg 2":11,"Smiling Mask":11,"Akabeko":20,"Mercury Hourglass":13,"Bottled Flame":4,"Matryoshka":9,"Gambling Chip":4,"Bloody Idol":9,"Bronze Scales":10,"Pantograph":10,"MealTicket":2,"Prayer Wheel":11,"Black Star":8,"Toxic Egg 2":20,"Cracked Core":0},{"Girya":0,"Regal Pillow":49,"Inserter":71,"Golden Idol":6,"Whetstone":57,"Frozen Egg 2":49,"Smiling Mask":49,"Akabeko":91,"Mercury Hourglass":57,"Bottled Flame":16,"Matryoshka":38,"Gambling Chip":16,"Bloody Idol":38,"Bronze Scales":43,"Pantograph":43,"MealTicket":6,"Prayer Wheel":49,"Black Star":35,"Toxic Egg 2":91,"Cracked Core":0}]},"card_choices":[{"not_picked":["Leap","Streamline"],"picked":"Go for the Eyes","floor":1.0},{"not_picked":["BootSequence","Darkness"],"picked":"Rebound","floor":2.0},{"not_picked":["Blizzard","Barrage"],"picked":"Scrape","floor":5.0},{"not_picked":["Reinforced Body","Barrage"],"picked":"White Noise","floor":6.0},{"not_picked":["Sweeping Beam","Coolheaded"],"picked":"Electrodynamics","floor":11.0},{"not_picked":["White Noise","Fusion"],"picked":"Scrape","floor":12.0},{"not_picked":["Compile Driver","Melter"],"picked":"Steam","floor":14.0},{"not_picked":["Rainbow","Meteor Strike"],"picked":"Seek","floor":16.0},{"not_picked":["Genetic Algorithm+1","Lockon"],"picked":"Gash","floor":18.0},{"not_picked":["Redo","Leap"],"picked":"Steam","floor":21.0},{"not_picked":["Sweeping Beam","Tempest"],"picked":"Steam Power","floor":24.0},{"not_picked":["Steam","Auto Shields"],"picked":"Defragment+1","floor":27.0},{"not_picked":["Compile Driver","Steam Power"],"picked":"Consume","floor":27.0},{"not_picked":["Sweeping Beam+1","Barrage"],"picked":"Leap","floor":28.0},{"not_picked":["Aggregate","Auto Shields"],"picked":"Gash","floor":29.0},{"not_picked":["Cold Snap","Genetic Algorithm"],"picked":"Coolheaded","floor":29.0},{"not_picked":["Conserve Battery","Coolheaded"],"picked":"Beam Cell","floor":31.0},{"not_picked":["Sweeping Beam","Ball Lightning","Storm+1"],"picked":"SKIP","floor":31.0},{"not_picked":["Thunder Strike","Multi-Cast"],"picked":"Electrodynamics+1","floor":33.0},{"not_picked":["Barrage+1","Rebound"],"picked":"Conserve Battery","floor":35.0},{"not_picked":["Barrage","Rebound+1","White Noise"],"picked":"SKIP","floor":35.0},{"not_picked":["Seek","Ball Lightning"],"picked":"Recycle","floor":36.0},{"not_picked":["Turbo","Beam Cell"],"picked":"Coolheaded","floor":36.0},{"not_picked":["Ball Lightning","Coolheaded"],"picked":"Force Field+1","floor":38.0},{"not_picked":["Hologram","Undo"],"picked":"Gash+1","floor":38.0},{"not_picked":["Ball Lightning","Sweeping Beam","Rebound"],"picked":"SKIP","floor":41.0},{"not_picked":["Hello World+1","Redo+1"],"picked":"Force Field+1","floor":42.0},{"not_picked":["Melter","Leap+1"],"picked":"Aggregate+1","floor":42.0}],"player_experience":568706,"relics_obtained":[{"floor":6.0,"key":"Gambling Chip"},{"floor":9.0,"key":"Bottled Flame"},{"floor":22.0,"key":"Bronze Scales"},{"floor":22.0,"key":"Pantograph"},{"floor":24.0,"key":"Prayer Wheel"},{"floor":24.0,"key":"Regal Pillow"},{"floor":26.0,"key":"Frozen Egg 2"},{"floor":26.0,"key":"Smiling Mask"},{"floor":28.0,"key":"Mercury Hourglass"},{"floor":28.0,"key":"Whetstone"},{"floor":41.0,"key":"Akabeko"},{"floor":41.0,"key":"Toxic Egg 2"}],"event_choices":[{"damage_healed":0.0,"max_hp_gain":0.0,"max_hp_loss":0.0,"gold_gain":0.0,"event_name":"Golden Idol","player_choice":"Take Wound","floor":3.0,"gold_loss":0.0,"damage_taken":0.0,"relics_obtained":["Golden Idol"],"cards_obtained":["Injury"]},{"damage_healed":0.0,"max_hp_gain":0.0,"max_hp_loss":0.0,"gold_gain":0.0,"event_name":"Scrap Ooze","player_choice":"Success","floor":4.0,"gold_loss":0.0,"damage_taken":7.0,"relics_obtained":["MealTicket"]},{"damage_healed":0.0,"max_hp_gain":0.0,"max_hp_loss":0.0,"gold_gain":0.0,"event_name":"Liars Game","player_choice":"Ignored","floor":8.0,"gold_loss":0.0,"damage_taken":0.0},{"damage_healed":0.0,"max_hp_gain":0.0,"max_hp_loss":0.0,"gold_gain":0.0,"event_name":"Addict","player_choice":"Obtained Relic","floor":19.0,"gold_loss":85.0,"damage_taken":0.0,"relics_obtained":["Matryoshka"]},{"damage_healed":0.0,"max_hp_gain":0.0,"max_hp_loss":0.0,"gold_gain":0.0,"event_name":"Forgotten Altar","player_choice":"Gave Idol","floor":20.0,"relics_lost":["Golden Idol"],"gold_loss":0.0,"damage_taken":0.0,"relics_obtained":["Bloody Idol"]},{"damage_healed":0.0,"max_hp_gain":0.0,"max_hp_loss":0.0,"gold_gain":0.0,"event_name":"Match and Keep!","player_choice":"0 cards matched","floor":37.0,"gold_loss":0.0,"damage_taken":0.0,"cards_obtained":[]},{"cards_removed":["Strike_B"],"damage_healed":0.0,"max_hp_gain":0.0,"max_hp_loss":0.0,"gold_gain":0.0,"event_name":"Purifier","player_choice":"Purged","floor":39.0,"gold_loss":0.0,"damage_taken":0.0}],"is_beta":false,"boss_relics":[{"not_picked":["Fusion Hammer","Calling Bell"],"picked":"Black Star"},{"not_picked":["Runic Dome","Sozu"],"picked":"Inserter"}],"items_purged_floors":[13],"is_endless":false,"potions_floor_spawned":[2,6,11,16,24,29,33,38,41],"killed_by":"Reptomancer","ascension_level":14}}