{"host":"11728qvdvolffudn","time":1614363768,"event":{"mods":["BaseMod","Block Reminder","Colored Powertips","Curses Come First","Custom Start","Displayed Cursed Tome","Highlight Path","Minty Spire (QoL Compilation)","Permanent Neow","Quick Restart","Rare Cards Sparkle","Relic Stats","StSLib","Weighted Paths"],"gold_per_floor":[114,114,114,124,53,53,86,86,86,86,105,118,138,157,157,255,255,270,290,205,205,163,163,163],"floor_reached":23,"language":"ENG","playtime":1326,"items_purged":[],"score":210,"play_id":"5638e43d-2d2f-4e75-9b8c-e9afaa280407","local_time":"20210226182248","is_ascension_mode":true,"campfire_choices":[{"data":"Inflame","floor":6,"key":"SMITH"},{"data":"Defend_R","floor":8,"key":"SMITH"},{"data":"Bash","floor":15,"key":"SMITH"}],"circlet_count":0,"master_deck":["Strike_R","Defend_R+1","Defend_R+1","Defend_R+1","Defend_R+1","Bash+1","Inflame+1","Pummel","Dropkick","Feed","Whirlwind","Flex","Flex"],"relics":["Burning Blood","War Paint","Sundial","HornCleat","Empty Cage","The Courier"],"acts_visited":["Exordium","TheCity"],"potions_floor_usage":[7,16],"damage_taken":[{"damage":4,"enemies":"Jaw Worm","floor":1,"turns":3},{"damage":4,"enemies":"Small Slimes","floor":4,"turns":4},{"damage":16,"enemies":"Gremlin Nob","floor":7,"turns":4},{"damage":0,"enemies":"Cultist","floor":11,"turns":2},{"damage":4,"enemies":"2 Fungi Beasts","floor":12,"turns":3},{"damage":12,"enemies":"Exordium Wildlife","floor":13,"turns":4},{"damage":0,"enemies":"Large Slime","floor":14,"turns":4},{"damage":22,"enemies":"The Guardian","floor":16,"turns":8},{"damage":11,"enemies":"Shell Parasite","floor":18,"turns":5},{"damage":0,"enemies":"Chosen","floor":19,"turns":4},{"damage":93,"enemies":"Slavers","floor":23,"turns":6}],"seed_played":"1394807907275328244","potions_obtained":[{"floor":1,"key":"Block Potion"},{"floor":7,"key":"SkillPotion"},{"floor":13,"key":"Weak Potion"},{"floor":18,"key":"ColorlessPotion"}],"is_trial":false,"path_per_floor":["M","?","?","M","$","R","E","R","T","?","M","M","M","M","R","B",null,"M","M","?","?","$","E"],"character_chosen":"IRONCLAD","items_purchased":["Pummel","Flex"],"campfire_rested":0,"item_purchase_floors":[5,22],"current_hp_per_floor":[80,80,73,75,75,75,65,65,65,65,71,73,67,73,73,57,80,78,86,86,86,86,0,0],"gold":163,"neow_bonus":"RANDOM_COMMON_RELIC","is_daily":false,"chose_seed":false,"campfire_upgraded":3,"win_rate":0.0,"timestamp":1614363768,"path_taken":["M","?","?","M","$","R","E","R","T","?","?","M","M","M","R","BOSS","M","M","?","?","?","E"],"items_purchased_type":["Card","Card"],"build_version":"2020-12-22","purchased_purges":0,"victory":false,"max_hp_per_floor":[80,80,80,80,80,80,80,80,80,80,80,80,80,80,80,80,80,83,86,86,86,86,89,89],"relic_stats":{"counters":[11,47],"Sundial":[10],"War Paint":["Defend_R","Defend_R"],"obtain_stats":[{"HornCleat":9,"Sundial":7,"The Courier":20,"War Paint":0,"Empty Cage":17,"Burning Blood":0},{"HornCleat":3,"Sundial":3,"The Courier":10,"War Paint":0,"Empty Cage":8,"Burning Blood":0},{"HornCleat":11,"Sundial":11,"The Courier":41,"War Paint":0,"Empty Cage":32,"Burning Blood":0}],"Burning Blood":57},"card_choices":[{"not_picked":["Intimidate","Headbutt","Clothesline"],"picked":"SKIP","floor":1},{"not_picked":["Sword Boomerang","Havoc"],"picked":"Inflame","floor":4},{"not_picked":["Shrug It Off","Clothesline","Armaments"],"picked":"SKIP","floor":7},{"not_picked":["Second Wind","Ghostly Armor","Clothesline"],"picked":"SKIP","floor":11},{"not_picked":["Headbutt","Entrench","Searing Blow"],"picked":"SKIP","floor":12},{"not_picked":["Perfected Strike","Armaments","Iron Wave"],"picked":"SKIP","floor":13},{"not_picked":["Armaments","Blood for Blood","Demon Form"],"picked":"SKIP","floor":14},{"not_picked":["Fiend Fire","Offering"],"picked":"Feed","floor":16},{"not_picked":["Flex","Sword Boomerang"],"picked":"Whirlwind","floor":18},{"not_picked":["Hemokinesis+1","Armaments"],"picked":"Flex","floor":19}],"player_experience":139375,"relics_obtained":[{"floor":7,"key":"Sundial"},{"floor":9,"key":"HornCleat"}],"event_choices":[{"damage_healed":0,"gold_gain":0,"player_choice":"Grow","damage_taken":0,"max_hp_gain":0,"max_hp_loss":0,"event_name":"Living Wall","floor":2,"gold_loss":0,"cards_upgraded":["Defend_R"]},{"cards_removed":["Strike_R"],"damage_healed":0,"gold_gain":0,"player_choice":"Card Removal","damage_taken":7,"max_hp_gain":0,"max_hp_loss":0,"event_name":"Golden Wing","floor":3,"gold_loss":0},{"damage_healed":0,"gold_gain":0,"cards_transformed":["Strike_R"],"player_choice":"Transformed","damage_taken":0,"max_hp_gain":0,"max_hp_loss":0,"event_name":"Transmorgrifier","floor":10,"gold_loss":0,"cards_obtained":["Dropkick"]},{"damage_healed":0,"gold_gain":0,"player_choice":"Obtained Relic","damage_taken":0,"relics_obtained":["The Courier"],"max_hp_gain":0,"max_hp_loss":0,"event_name":"Addict","floor":20,"gold_loss":85},{"damage_healed":0,"gold_gain":0,"player_choice":"Ignored","damage_taken":0,"max_hp_gain":0,"max_hp_loss":0,"event_name":"Vampires","floor":21,"gold_loss":0}],"is_beta":false,"boss_relics":[{"not_picked":["Pandora\u0027s Box","Black Star"],"picked":"Empty Cage"}],"items_purged_floors":[],"is_endless":false,"potions_floor_spawned":[1,7,13,18],"killed_by":"Slavers","ascension_level":2}}