{"host":"avjwtc49fhlk6kym","time":1614309199,"event":{"mods":["AchievementEnabler","BaseMod","Better Match","Better Note","Better Third Choice","Colored Map","Colored Powertips","Displayed Cursed Tome","Highlight Path","Minty Spire (QoL Compilation)","Permanent Neow","Quick Restart","StSLib"],"gold_per_floor":[40,40,40,40,110,110,59,140,140,180,223,223,13,56,56,155,155,197,208,208,219,219,254,191,235,247,276,288,12,56,75,75,75,75],"floor_reached":33,"language":"ENG","playtime":1384,"items_purged":[],"score":316,"play_id":"35707261-bee1-499d-a365-ec2376a3e798","local_time":"20210225221319","is_ascension_mode":true,"campfire_choices":[{"data":"Eruption","floor":6,"key":"SMITH"},{"floor":12,"key":"REST"},{"data":"SashWhip","floor":15,"key":"SMITH"},{"floor":28,"key":"REST"},{"data":"Establishment","floor":32,"key":"SMITH"}],"circlet_count":0,"master_deck":["Strike_P","Strike_P","Strike_P+1","Defend_P","Defend_P","Defend_P","Eruption+1","Vigilance","HandOfGreed+1","FearNoEvil","ThirdEye","SashWhip+1","FlurryOfBlows","Swivel+1","Consecrate","Scrawl+1","Establishment+1","Protect+1","BowlingBash","Indignation+1","Conclude","PathToVictory+1","RitualDagger","ReachHeaven+1","Evaluate+1","Judgement+1","Wireheading","ThirdEye+1","ThirdEye+1"],"relics":["PureWater","Bronze Scales","Gremlin Horn","Letter Opener","Toxic Egg 2","Blood Vial","Sozu","MawBank","Bag of Marbles","Singing Bowl"],"acts_visited":["Exordium","TheCity"],"potions_floor_usage":[8,16,18],"damage_taken":[{"damage":0,"enemies":"2 Louse","floor":1,"turns":2},{"damage":4,"enemies":"Small Slimes","floor":5,"turns":4},{"damage":13,"enemies":"3 Sentries","floor":8,"turns":6},{"damage":0,"enemies":"Cultist","floor":10,"turns":2},{"damage":10,"enemies":"3 Louse","floor":11,"turns":2},{"damage":0,"enemies":"Blue Slaver","floor":14,"turns":2},{"damage":17,"enemies":"Hexaghost","floor":16,"turns":4},{"damage":6,"enemies":"Shell Parasite","floor":18,"turns":4},{"damage":0,"enemies":"Spheric Guardian","floor":19,"turns":2},{"damage":0,"enemies":"Centurion and Healer","floor":21,"turns":4},{"damage":12,"enemies":"Gremlin Leader","floor":23,"turns":4},{"damage":28,"enemies":"Book of Stabbing","floor":25,"turns":4},{"damage":0,"enemies":"Shelled Parasite and Fungi","floor":27,"turns":2},{"damage":1,"enemies":"Cultist and Chosen","floor":30,"turns":5},{"damage":0,"enemies":"3 Cultists","floor":31,"turns":4},{"damage":74,"enemies":"Champ","floor":33,"turns":9}],"seed_played":"-6866029355564918480","potions_obtained":[{"floor":5,"key":"Swift Potion"},{"floor":14,"key":"Ambrosia"},{"floor":16,"key":"Block Potion"}],"is_trial":false,"path_per_floor":["M","?","?","?","M","R","?","E","T","M","M","R","$","M","R","B",null,"M","M","?","M","?","E","?","E","T","M","R","$","M","M","R","B"],"character_chosen":"WATCHER","items_purchased":["Blood Vial","Consecrate","Singing Bowl","ThirdEye+1"],"campfire_rested":2,"item_purchase_floors":[13,13,29,29],"current_hp_per_floor":[72,58,72,69,65,65,65,52,52,52,42,63,63,65,65,50,72,66,68,68,70,64,54,54,28,28,30,51,51,54,56,56,0,0],"gold":75,"neow_bonus":"RANDOM_COLORLESS_2","is_daily":false,"chose_seed":false,"campfire_upgraded":3,"win_rate":0.0,"timestamp":1614309199,"path_taken":["M","?","?","?","M","R","?","E","T","M","?","R","$","M","R","BOSS","M","M","?","M","?","E","?","E","T","M","R","$","M","M","R","BOSS"],"items_purchased_type":["Relic","Card","Relic","Card"],"build_version":"2020-12-22","purchased_purges":0,"victory":false,"max_hp_per_floor":[72,72,72,72,72,72,72,72,72,72,72,72,72,72,72,72,72,72,72,72,72,72,72,72,72,72,72,72,72,74,74,74,74,74],"card_choices":[{"not_picked":["Chrysalis","The Bomb"],"picked":"HandOfGreed","floor":0},{"not_picked":["Crescendo","Evaluate"],"picked":"FearNoEvil","floor":1},{"not_picked":["JustLucky","EmptyBody"],"picked":"ThirdEye","floor":5},{"not_picked":["EmptyFist","JustLucky"],"picked":"SashWhip","floor":8},{"not_picked":["Pray+1","EmptyMind+1"],"picked":"FlurryOfBlows","floor":10},{"not_picked":["JustLucky","Crescendo+1"],"picked":"Swivel+1","floor":11},{"not_picked":["ClearTheMind+1","Nirvana"],"picked":"Scrawl+1","floor":14},{"not_picked":["Omniscience+1","Vault+1"],"picked":"Establishment","floor":16},{"not_picked":["Prostrate+1","Consecrate"],"picked":"Protect+1","floor":18},{"not_picked":["WaveOfTheHand+1","EmptyMind+1"],"picked":"BowlingBash","floor":19},{"not_picked":["CutThroughFate","SashWhip"],"picked":"PathToVictory+1","floor":21},{"not_picked":["SignatureMove","Wish+1"],"picked":"ReachHeaven+1","floor":23},{"not_picked":["ClearTheMind+1","CrushJoints+1"],"picked":"Evaluate+1","floor":24},{"not_picked":["ClearTheMind+1","PathToVictory+1"],"picked":"Judgement+1","floor":25},{"not_picked":["WindmillStrike","Conclude"],"picked":"Wireheading","floor":27},{"not_picked":["Weave","BowlingBash","DeceiveReality+1"],"picked":"Singing Bowl","floor":30},{"not_picked":["Halt+1","JustLucky"],"picked":"ThirdEye+1","floor":31}],"player_experience":467142,"relics_obtained":[{"floor":8,"key":"Letter Opener"},{"floor":9,"key":"Toxic Egg 2"},{"floor":23,"key":"MawBank"},{"floor":25,"key":"Bag of Marbles"}],"event_choices":[{"damage_healed":72,"gold_gain":0,"player_choice":"Upgrade","damage_taken":14,"max_hp_gain":0,"max_hp_loss":72,"event_name":"betterThird:BetterShining","floor":2,"gold_loss":0,"cards_upgraded":["HandOfGreed","Strike_P"]},{"damage_healed":24,"gold_gain":0,"player_choice":"Banana","damage_taken":0,"max_hp_gain":0,"max_hp_loss":0,"event_name":"Big Fish","floor":3,"gold_loss":0},{"damage_healed":0,"gold_gain":0,"player_choice":"Relic ","damage_taken":3,"max_hp_gain":0,"max_hp_loss":0,"event_name":"betterThird:BetterScrap","floor":4,"gold_loss":0,"cards_obtained":["Glacier"]},{"damage_healed":0,"gold_gain":0,"player_choice":"Paid Gold","damage_taken":0,"relics_obtained":["Gremlin Horn"],"max_hp_gain":0,"max_hp_loss":0,"event_name":"WeMeetAgain","floor":7,"gold_loss":51},{"damage_healed":0,"gold_gain":0,"cards_transformed":["Strike_P","Defend_P"],"player_choice":"Became Test Subject","damage_taken":0,"max_hp_gain":0,"max_hp_loss":0,"event_name":"Drug Dealer","floor":20,"gold_loss":0,"cards_obtained":["Indignation","Conclude"]},{"damage_healed":0,"gold_gain":0,"player_choice":"Dagger","damage_taken":6,"max_hp_gain":0,"max_hp_loss":0,"event_name":"betterThird:BetterNest","floor":22,"gold_loss":0,"cards_obtained":["RitualDagger"]},{"damage_healed":0,"gold_gain":0,"player_choice":"2","damage_taken":0,"max_hp_gain":0,"max_hp_loss":0,"event_name":"betterMatch:BetterMatch","floor":24,"gold_loss":0,"cards_obtained":["betterMatch:CommonCard"]}],"is_beta":false,"boss_relics":[{"not_picked":["SacredBark","HolyWater"],"picked":"Sozu"}],"items_purged_floors":[],"is_endless":false,"potions_floor_spawned":[5,14,16,19,27,30,31],"killed_by":"Champ","ascension_level":2}}