{"host":"kh6fvhxn285ncg0o","time":1614301835,"event":{"mods":["Act Like it!","BaseMod","Colored Map","Friendly Minions","Keyboard Shortcuts","Minty Spire (QoL Compilation)","Quick Restart","Relic Stats","StSLib","SuperFastMode","UnlockEverythingMod"],"gold_per_floor":[111,161,179,179,189,189,202,219,219,232,248,248,328,355,367,456,468,494,506,531,543,605,617,383,383,452,17,43,60,160,160,160],"floor_reached":31,"language":"KOR","playtime":654,"items_purged":["Strike_R","Strike_R"],"score":550,"play_id":"a6885f67-85f8-4392-957f-d5a363c296db","local_time":"20210226101035","is_ascension_mode":true,"campfire_choices":[{"data":"Hemokinesis","floor":6.0,"key":"SMITH"},{"data":"Body Slam","floor":12.0,"key":"SMITH"},{"data":"Shrug It Off","floor":15.0,"key":"SMITH"}],"circlet_count":0,"master_deck":["AscendersBane","Strike_R","Defend_R","Defend_R","Defend_R","Bash","Shockwave","Rampage","Hemokinesis+1","Shrug It Off+1","Body Slam+1","Whirlwind","Ghostly","Ghostly","Ghostly","Seeing Red","Dropkick"],"relics":["Burning Blood","Bag of Preparation","StrikeDummy","MawBank","Philosopher\u0027s Stone","Akabeko","Frozen Eye","Oddly Smooth Stone","Art of War","TungstenRod","Meat on the Bone"],"acts_visited":["Exordium","TheCity"],"potions_floor_usage":[31],"damage_taken":[{"damage":11.0,"enemies":"Jaw Worm","floor":1.0,"turns":6.0},{"damage":7.0,"enemies":"Cultist","floor":3.0,"turns":4.0},{"damage":10.0,"enemies":"Small Slimes","floor":5.0,"turns":4.0},{"damage":13.0,"enemies":"Exordium Wildlife","floor":7.0,"turns":5.0},{"damage":4.0,"enemies":"2 Fungi Beasts","floor":8.0,"turns":3.0},{"damage":6.0,"enemies":"Blue Slaver","floor":10.0,"turns":3.0},{"damage":5.0,"enemies":"Large Slime","floor":11.0,"turns":3.0},{"damage":19.0,"enemies":"Lagavulin","floor":14.0,"turns":5.0},{"damage":15.0,"enemies":"The Guardian","floor":16.0,"turns":11.0},{"damage":37.0,"enemies":"3 Byrds","floor":18.0,"turns":6.0},{"damage":2.0,"enemies":"Chosen","floor":20.0,"turns":3.0},{"damage":0.0,"enemies":"Gremlin Leader","floor":23.0,"turns":2.0},{"damage":4,"enemies":"Slavers","floor":28,"turns":3},{"damage":2,"enemies":"Snake Plant","floor":29,"turns":4},{"damage":0,"enemies":"Colosseum Slavers","floor":30,"turns":2},{"damage":12,"enemies":"Colosseum Nobs","floor":30,"turns":5},{"damage":34,"enemies":"Gremlin Leader","floor":31,"turns":4}],"seed_played":"7133962008876193987","potions_obtained":[{"floor":5.0,"key":"BlessingOfTheForge"},{"floor":7.0,"key":"Energy Potion"},{"floor":8.0,"key":"PowerPotion"},{"floor":10.0,"key":"Fruit Juice"},{"floor":11.0,"key":"CultistPotion"},{"floor":18.0,"key":"SmokeBomb"},{"floor":30,"key":"BlessingOfTheForge"}],"is_trial":false,"path_per_floor":["M","?","M","?","M","R","M","M","T","M","M","R","T","E","R","B",null,"M","?","M","?","?","E","$","?","T","$","E","M","?","E"],"character_chosen":"IRONCLAD","items_purchased":["Akabeko","Frozen Eye","Oddly Smooth Stone"],"campfire_rested":0,"item_purchase_floors":[24,27,27],"current_hp_per_floor":[63,57,56,56,52,52,45,47,47,47,53,53,53,40,40,31,63,32,32,36,15,15,21,21,21,21,21,23,27,27,0,0],"gold":160,"neow_bonus":"REMOVE_TWO","is_daily":false,"chose_seed":false,"campfire_upgraded":3,"win_rate":0.0,"timestamp":1614301835,"path_taken":["M","?","?","?","M","R","M","M","T","?","?","R","?","E","R","BOSS","M","?","M","?","?","E","?","?","T","$","E","M","?","E"],"items_purchased_type":["Relic","Relic","Relic"],"build_version":"2020-12-22","purchased_purges":2,"victory":false,"max_hp_per_floor":[68,68,68,68,68,68,68,68,68,68,73,73,73,73,73,73,73,73,73,73,78,78,78,78,39,39,39,39,39,39,39,39],"relic_stats":{"counters":[17,73],"Bag of Preparation":[24],"Art of War":[4],"MawBank":120,"obtain_stats":[{"Frozen Eye":27,"Oddly Smooth Stone":27,"Philosopher\u0027s Stone":17,"Bag of Preparation":9,"Art of War":28,"StrikeDummy":13,"MawBank":14,"Burning Blood":0,"Akabeko":24,"TungstenRod":30,"Meat on the Bone":30},{"Frozen Eye":12,"Oddly Smooth Stone":12,"Philosopher\u0027s Stone":9,"Bag of Preparation":5,"Art of War":13,"StrikeDummy":7,"MawBank":8,"Burning Blood":0,"Akabeko":12,"TungstenRod":16,"Meat on the Bone":16},{"Frozen Eye":55,"Oddly Smooth Stone":55,"Philosopher\u0027s Stone":44,"Bag of Preparation":22,"Art of War":58,"StrikeDummy":28,"MawBank":33,"Burning Blood":0,"Akabeko":55,"TungstenRod":69,"Meat on the Bone":69}],"Burning Blood":96,"TungstenRod":4,"Meat on the Bone":0},"card_choices":[{"not_picked":["Perfected Strike","Shrug It Off"],"picked":"Shockwave","floor":1.0},{"not_picked":["Shrug It Off","Wild Strike"],"picked":"Rampage","floor":3.0},{"not_picked":["Havoc","Clash"],"picked":"Hemokinesis","floor":5.0},{"not_picked":["Anger","Wild Strike"],"picked":"Shrug It Off","floor":7.0},{"not_picked":["Ghostly Armor","Bloodletting","Inflame"],"picked":"SKIP","floor":10.0},{"not_picked":["Clash","Rampage"],"picked":"Body Slam","floor":11.0},{"not_picked":["Blood for Blood","Dropkick","Shrug It Off"],"picked":"SKIP","floor":14.0},{"not_picked":["Blood for Blood","Dropkick","Shrug It Off"],"picked":"SKIP","floor":14.0},{"not_picked":["Uppercut","Shrug It Off"],"picked":"Whirlwind","floor":18.0},{"not_picked":["Metallicize","Whirlwind+1","Cleave"],"picked":"SKIP","floor":20.0},{"not_picked":["Blood for Blood","True Grit"],"picked":"Seeing Red","floor":28},{"not_picked":["Inflame","Anger","Flex"],"picked":"SKIP","floor":29},{"not_picked":["Shrug It Off","Searing Blow"],"picked":"Dropkick","floor":30}],"player_experience":1544948,"relics_obtained":[{"floor":9.0,"key":"Bag of Preparation"},{"floor":13.0,"key":"StrikeDummy"},{"floor":14.0,"key":"MawBank"},{"floor":28,"key":"Art of War"},{"floor":30,"key":"TungstenRod"},{"floor":30,"key":"Meat on the Bone"}],"event_choices":[{"damage_healed":0.0,"max_hp_gain":0.0,"max_hp_loss":0.0,"gold_gain":50.0,"event_name":"FaceTrader","player_choice":"Touch","floor":2.0,"gold_loss":0.0,"damage_taken":6.0},{"cards_removed":["Strike_R"],"damage_healed":0.0,"max_hp_gain":0.0,"max_hp_loss":0.0,"gold_gain":0.0,"event_name":"Bonfire Elementals","player_choice":"Offered Basic","floor":4.0,"gold_loss":0.0,"damage_taken":0.0},{"damage_healed":0.0,"max_hp_gain":0.0,"max_hp_loss":0.0,"gold_gain":0.0,"event_name":"The Mausoleum","player_choice":"Ignored","floor":19.0,"gold_loss":0.0,"damage_taken":0.0},{"damage_healed":0.0,"max_hp_gain":5.0,"max_hp_loss":0.0,"gold_gain":0.0,"event_name":"Forgotten Altar","player_choice":"Shed Blood","floor":21.0,"gold_loss":0.0,"damage_taken":26.0},{"damage_healed":0.0,"max_hp_gain":0.0,"max_hp_loss":0.0,"gold_gain":50.0,"event_name":"Nest","player_choice":"Stole From Cult","floor":22.0,"gold_loss":0.0,"damage_taken":0.0},{"damage_healed":0.0,"max_hp_gain":0.0,"max_hp_loss":39.0,"gold_gain":0.0,"event_name":"Ghosts","player_choice":"Became a Ghost","floor":25.0,"gold_loss":0.0,"damage_taken":0.0,"cards_obtained":["Ghostly","Ghostly","Ghostly"]},{"damage_healed":0,"gold_gain":0,"player_choice":"Fight","damage_taken":0,"max_hp_gain":0,"max_hp_loss":0,"event_name":"Colosseum","floor":30,"gold_loss":0},{"damage_healed":0,"gold_gain":0,"player_choice":"Fought Nobs","damage_taken":0,"max_hp_gain":0,"max_hp_loss":0,"event_name":"Colosseum","floor":30,"gold_loss":0}],"is_beta":false,"boss_relics":[{"not_picked":["Tiny House","Fusion Hammer"],"picked":"Philosopher\u0027s Stone"}],"items_purged_floors":[24,27],"is_endless":false,"potions_floor_spawned":[5,7,8,10,11,18,30,30],"killed_by":"Gremlin Leader","ascension_level":20}}