{"host":"9rqk712yu6s3287p","time":1614338215,"event":{"mods":["ATMod(°¢èªMod)","Act Like it!","BaseMod","CapriCore","Chen","Gensokyo","Googly Eyes","Marisa£¨ìFÓê¡¡Ä§ÀíÉ³£©","Minty Spire (QoL Compilation)","MostiFishMod","Onozuka Komachi Mod","Reimu£¨²©ÀöÁéÃÎ£©","Remilia_Scarlet Moed£¨ÀÙÃ×ÀòÑÇ¡¤Ë¹¿¨À×ÌØ£©3.3.5","Remilia£¨ÀÙÃ×ÀòÑÇ£©","Replay The Spire","RumiaBox-Â¶Ã×æ«µÄÉñÃØºÐ×Ó","StSLib","The Administrix","The Immortal","The Servant 0.9.4","Yakumo Yukari mod","Youmu£¨»êÆÇÑýÃÎ£©","Yuyuko","[IsaacMod]ÒÔÈö¼âËþ","¡¾ÒÅÎï¿¨ÅÆ¡¿REMEMod","²ÐÁôÖ®Îï"],"gold_per_floor":[109,120,120,137,62,95,95,114,114,114,114,114,114,132,173,193,193,326,326,344,91,109,122,200,200,241,241,296,296,303,303,303],"floor_reached":31,"language":"ZHS","playtime":1032,"items_purged":["PlaceholderMod:BaseStrike","PlaceholderMod:BaseDefend"],"score":288,"play_id":"dd934352-834b-47d5-83f4-b92f20df4be1","local_time":"20210226191655","is_ascension_mode":false,"campfire_choices":[{"data":"PlaceholderMod:HardStrike","floor":7.0,"key":"SMITH"},{"data":"PlaceholderMod:ReactionCatalyze","floor":10.0,"key":"SMITH"},{"data":"PlaceholderMod:CrystallizationStrike","floor":13.0,"key":"SMITH"},{"data":"PlaceholderMod:FinalSpray","floor":17.0,"key":"SMITH"},{"data":"PlaceholderMod:Activation","floor":25.0,"key":"SMITH"}],"circlet_count":0,"master_deck":["PlaceholderMod:BaseStrike","PlaceholderMod:BaseStrike","PlaceholderMod:BaseStrike","PlaceholderMod:BaseDefend","PlaceholderMod:BaseDefend","PlaceholderMod:BaseDefend","PlaceholderMod:Crystal","PlaceholderMod:PoisonWhip","PlaceholderMod:StressReaction","PlaceholderMod:HardStrike+1","PlaceholderMod:CrystallizationStrike+1","PlaceholderMod:TriggerStrike","PlaceholderMod:ReactionCatalyze+1","PlaceholderMod:Package","PlaceholderMod:FinalSpray+1","PlaceholderMod:DirectingGroup","PlaceholderMod:Activation+1","PlaceholderMod:SevereHeat+1","PlaceholderMod:RadicalHit+1","PlaceholderMod:FastReaction","PlaceholderMod:HealingAttack","Envy_TH"],"relics":["PlaceholderMod:Tancle","AT_ATBox","DaveBox","REME_ComplimentaryCards","HushsDoor","SalivaCoin","ShadowXiaoBlade","NeowsBlessing","SynthV:TestCard","PillsDrop","Replay:Wax Seal","Replay:Baseball","MagicMushroom","MostiFishMod:AdaptiveDefenses","Matryoshka","HowToJump","SynthV:C4","Strawberry"],"acts_visited":["Exordium","TheCity"],"potions_floor_usage":[26],"damage_taken":[{"damage":0.0,"enemies":"Cultist","floor":1.0,"turns":1.0},{"damage":0.0,"enemies":"Jaw Worm","floor":2.0,"turns":1.0},{"damage":0.0,"enemies":"Small Slimes","floor":4.0,"turns":1.0},{"damage":3.0,"enemies":"3 Sentries","floor":6.0,"turns":5.0},{"damage":2.0,"enemies":"Exordium Thugs","floor":8.0,"turns":3.0},{"damage":2.0,"enemies":"Gremlin Gang","floor":14.0,"turns":4.0},{"damage":9.0,"enemies":"Replay:BlueRogue","floor":15.0,"turns":4.0},{"damage":0.0,"enemies":"Looter","floor":16.0,"turns":2.0},{"damage":23.0,"enemies":"Hexaghost","floor":18.0,"turns":6.0},{"damage":7.0,"enemies":"2 Thieves","floor":20.0,"turns":3.0},{"damage":0.0,"enemies":"Shell Parasite","floor":22.0,"turns":2.0},{"damage":0.0,"enemies":"Sentry and Sphere","floor":23.0,"turns":2.0},{"damage":41.0,"enemies":"Hiden Room Battle","floor":24.0,"turns":2.0},{"damage":15,"enemies":"REME_1_Revenger","floor":26,"turns":3},{"damage":0,"enemies":"Snecko","floor":31,"turns":1}],"seed_played":"7379002937269271962","potions_obtained":[{"floor":2.0,"key":"Strength Potion"},{"floor":4.0,"key":"Energy Potion"},{"floor":18.0,"key":"ZuzhouPotion:ReiMu"},{"floor":22.0,"key":"Dexterity Potion"},{"floor":23.0,"key":"REME_GoldPotion"}],"is_trial":false,"path_per_floor":["M","M","?","M","$","E","R","M","T","R","PTL","PTL","R","M","E","M","R","B",null,"M","$","M","M","?","R","E","?","T","?","?","M"],"character_chosen":"THE_PLACEHOLDER","items_purchased":["MostiFishMod:AdaptiveDefenses"],"campfire_rested":0,"item_purchase_floors":[21],"current_hp_per_floor":[78,78,78,78,78,75,75,76,76,76,76,76,76,74,65,65,65,42,88,81,81,82,83,45,45,48,48,55,55,40,40,40],"gold":303,"neow_bonus":"THREE_ENEMY_KILL","is_daily":false,"chose_seed":false,"campfire_upgraded":5,"win_rate":0.0,"timestamp":1614338215,"path_taken":["M","?","?","M","$","E","R","M","T","R","PTL","PTL","R","M","E","?","R","BOSS","M","$","M","M","?","R","E","?","T","?","?","M"],"items_purchased_type":["Relic"],"build_version":"2020-12-22","purchased_purges":2,"victory":false,"max_hp_per_floor":[78,78,78,78,78,78,78,81,81,81,81,81,81,81,81,81,81,81,88,88,88,88,88,88,88,88,88,95,95,95,95,95],"card_choices":[{"not_picked":["PlaceholderMod:Internalization","PlaceholderMod:HealingAttack"],"picked":"PlaceholderMod:StressReaction","floor":1.0},{"not_picked":["PlaceholderMod:ProliferateStrike","PlaceholderMod:ConsolidateHit","Bomb","PlaceholderMod:ComplexForm"],"picked":"PlaceholderMod:HardStrike","floor":2.0},{"not_picked":["Bomb","PlaceholderMod:OHStrongAttack","PlaceholderMod:TriggerStrike","PlaceholderMod:Colorful"],"picked":"PlaceholderMod:CrystallizationStrike","floor":4.0},{"not_picked":["PlaceholderMod:Polyp","PlaceholderMod:FastReaction","PlaceholderMod:FinalSpray","PlaceholderMod:ProliferateStrike"],"picked":"PlaceholderMod:TriggerStrike","floor":6.0},{"not_picked":["PlaceholderMod:SeverePoisonStrike","PlaceholderMod:HardStrike","PlaceholderMod:Sweep","PlaceholderMod:SpinBlade"],"picked":"PlaceholderMod:ReactionCatalyze","floor":8.0},{"not_picked":["PlaceholderMod:ComplexForm","PlaceholderMod:ParasiteChange","PlaceholderMod:StressReaction","PlaceholderMod:SubstitutionNucleophilic1"],"picked":"PlaceholderMod:Package","floor":14.0},{"not_picked":["PlaceholderMod:EnergyAbsorb","PlaceholderMod:HornyBlast","PlaceholderMod:SpinBlade","PlaceholderMod:RadicalHit"],"picked":"PlaceholderMod:FinalSpray","floor":15.0},{"not_picked":["PlaceholderMod:StressReaction","PlaceholderMod:StrongAcid","PlaceholderMod:SeverePoisonStrike","PlaceholderMod:Hyperplasia"],"picked":"PlaceholderMod:DirectingGroup","floor":16.0},{"not_picked":["PlaceholderMod:DiffusionPoison","PlaceholderMod:SelfCoupling","PlaceholderMod:InnerSoften","PlaceholderMod:HornyCollision"],"picked":"PlaceholderMod:Activation","floor":18.0},{"not_picked":["PlaceholderMod:ParasiteChange","PlaceholderMod:ReactionCatalyze","PlaceholderMod:TriggerStrike","PlaceholderMod:DiffusionChemical"],"picked":"PlaceholderMod:SevereHeat+1","floor":20.0},{"not_picked":["PlaceholderMod:UnpureUse+1","PlaceholderMod:ConsolidateHit","PlaceholderMod:StressReaction+1","PlaceholderMod:OHStrongAttack+1"],"picked":"PlaceholderMod:RadicalHit+1","floor":22.0},{"not_picked":["PlaceholderMod:SpinBlade","PlaceholderMod:NearChange","PlaceholderMod:Crystallization","PlaceholderMod:Sweep"],"picked":"PlaceholderMod:FastReaction","floor":23.0},{"not_picked":["PlaceholderMod:HardStrike+1","PlaceholderMod:ConsolidateHit","PlaceholderMod:EvolutionSpray","PlaceholderMod:StrongAcid"],"picked":"PlaceholderMod:HealingAttack","floor":26}],"player_experience":620734,"relics_obtained":[{"floor":1.0,"key":"SynthV:TestCard"},{"floor":6.0,"key":"PillsDrop"},{"floor":9.0,"key":"Replay:Wax Seal"},{"floor":15.0,"key":"Replay:Baseball"},{"floor":24.0,"key":"Matryoshka"},{"floor":24.0,"key":"HowToJump"},{"floor":26,"key":"SynthV:C4"},{"floor":28,"key":"Strawberry"}],"event_choices":[{"damage_healed":0.0,"max_hp_gain":0.0,"max_hp_loss":0.0,"gold_gain":0.0,"event_name":"HidenRoomEvent","player_choice":"Fight","floor":24.0,"gold_loss":0.0,"damage_taken":0.0},{"damage_healed":0,"gold_gain":0,"player_choice":"Ignored","damage_taken":0,"max_hp_gain":0,"max_hp_loss":0,"event_name":"Ghosts","floor":27,"gold_loss":0}],"is_beta":false,"boss_relics":[{"not_picked":["Ectoplasm","Snecko Heart"],"picked":"MagicMushroom"},{"not_picked":[]}],"items_purged_floors":[5,21],"is_endless":false,"potions_floor_spawned":[2,4,18,22,23],"killed_by":"Snecko","ascension_level":0}}