{"host":"7sni158j623xchr2","time":1614321247,"event":{"mods":["BaseMod","Colored Map","Highlight Path","Minty Spire (QoL Compilation)","Permanent Neow","Potion Indicator Mod","Rare Cards Sparkle","Relic Sorter","Relic Stats","StSLib","everything is the same but u backflip on backflip"],"gold_per_floor":[118,137,137,154,166,166,241,276,299,299,299],"floor_reached":10,"language":"ENG","playtime":254,"items_purged":[],"score":71,"play_id":"8ef4c50f-2697-4f59-ad10-e06011df001b","local_time":"20210226003407","is_ascension_mode":true,"campfire_choices":[{"data":"All Out Attack","floor":6,"key":"SMITH"}],"circlet_count":0,"master_deck":["Strike_G","Strike_G","Strike_G","Strike_G","Strike_G+1","Defend_G","Defend_G","Defend_G","Defend_G","Defend_G","Survivor","Neutralize+1","All Out Attack+1","Dash","Deadly Poison","Caltrops","Terror"],"relics":["Ring of the Snake","Girya","Snake Skull","Lantern"],"acts_visited":["Exordium"],"potions_floor_usage":[10],"damage_taken":[{"damage":2,"enemies":"Cultist","floor":1,"turns":6},{"damage":0,"enemies":"2 Louse","floor":2,"turns":1},{"damage":1,"enemies":"Jaw Worm","floor":4,"turns":4},{"damage":0,"enemies":"Large Slime","floor":5,"turns":5},{"damage":10,"enemies":"3 Sentries","floor":8,"turns":7},{"damage":11,"enemies":"Lagavulin","floor":10,"turns":3}],"seed_played":"8228733716559485994","potions_obtained":[{"floor":1,"key":"LiquidBronze"},{"floor":2,"key":"Dexterity Potion"}],"is_trial":false,"path_per_floor":["M","M","?","M","M","R","?","E","T","E"],"character_chosen":"THE_SILENT","items_purchased":[],"campfire_rested":0,"item_purchase_floors":[],"current_hp_per_floor":[47,47,33,32,32,32,21,11,11,0,0],"gold":299,"neow_bonus":"ONE_RARE_RELIC","is_daily":false,"chose_seed":false,"campfire_upgraded":1,"win_rate":0.0,"timestamp":1614321247,"path_taken":["M","?","?","M","M","R","?","E","T","E"],"items_purchased_type":[],"build_version":"2020-12-22","purchased_purges":0,"victory":false,"max_hp_per_floor":[70,70,70,70,70,70,70,70,70,70,70],"relic_stats":{"counters":[6,26],"Snake Skull":[1],"obtain_stats":[{"Girya":0,"Lantern":9,"Snake Skull":8,"Ring of the Snake":0},{"Girya":0,"Lantern":5,"Snake Skull":5,"Ring of the Snake":0},{"Girya":0,"Lantern":23,"Snake Skull":23,"Ring of the Snake":0}],"Ring of the Snake":[12]},"card_choices":[{"not_picked":["Outmaneuver","Quick Slash"],"picked":"All Out Attack","floor":1},{"not_picked":["Flying Knee","Underhanded Strike"],"picked":"Dash","floor":2},{"not_picked":["Slice","Well Laid Plans"],"picked":"Deadly Poison","floor":4},{"not_picked":["Dagger Throw","Calculated Gamble"],"picked":"Caltrops","floor":5},{"not_picked":["Acrobatics","Tactician"],"picked":"Terror","floor":8}],"player_experience":1854272,"relics_obtained":[{"floor":8,"key":"Snake Skull"},{"floor":9,"key":"Lantern"}],"event_choices":[{"damage_healed":0,"gold_gain":0,"player_choice":"Entered Light","damage_taken":14,"max_hp_gain":0,"max_hp_loss":0,"event_name":"Shining Light","floor":3,"gold_loss":0,"cards_upgraded":["Strike_G","Neutralize"]},{"damage_healed":0,"gold_gain":75,"player_choice":"Gather Gold","damage_taken":11,"max_hp_gain":0,"max_hp_loss":0,"event_name":"World of Goop","floor":7,"gold_loss":0}],"is_beta":false,"boss_relics":[],"items_purged_floors":[],"is_endless":false,"potions_floor_spawned":[1,2],"killed_by":"Lagavulin","ascension_level":1}}