{"host":"7s0ipaqx8m4pdduf","time":1614383978,"event":{"mods":["BaseMod","BetterRewards","Colored Map","Infinite Spire","Minty Spire (QoL Compilation)","StSLib","SuperFastMode"],"gold_per_floor":[109,129,129,0,17,52,67,67,94,16,47,47,47,47,47],"floor_reached":14,"language":"ENG","playtime":312,"items_purged":["Strike_G"],"score":191,"play_id":"cf6ac5d0-fff2-4307-bf0d-fbc1840a8e9f","local_time":"20210227005938","is_ascension_mode":true,"campfire_choices":[{"data":"Mayhem","floor":8,"key":"SMITH"}],"circlet_count":0,"master_deck":["AscendersBane","Strike_G","Strike_G","Strike_G","Defend_G","Defend_G","Defend_G","Defend_G","Defend_G","Survivor","Neutralize","Terror","Mayhem+1","Slice","Sucker Punch","Dagger Spray","Cloak And Dagger","Bouncing Flask","Deadly Poison","All Out Attack","Infinite Blades","Burst","Adrenaline"],"relics":["Cracked Core","Boot","infinitespire:Beetle Shell","Lantern","infinitespire:Cubic Diamond"],"acts_visited":["Exordium"],"potions_floor_usage":[6,11],"damage_taken":[{"damage":3,"enemies":"Cultist","floor":1,"turns":4},{"damage":5,"enemies":"2 Louse","floor":2,"turns":3},{"damage":0,"enemies":"Small Slimes","floor":5,"turns":3},{"damage":6,"enemies":"Lagavulin","floor":6,"turns":6},{"damage":0,"enemies":"2 Fungi Beasts","floor":7,"turns":4},{"damage":30,"enemies":"Gremlin Nob","floor":11,"turns":4},{"damage":10,"enemies":"Lagavulin","floor":14,"turns":3}],"seed_played":"7369940156918914601","potions_obtained":[{"floor":1,"key":"SteroidPotion"},{"floor":7,"key":"DuplicationPotion"}],"is_trial":false,"path_per_floor":["M","M","?","$","M","E","M","R","T","$","E","?","?","E"],"character_chosen":"THE_SILENT","items_purchased":["Terror","Mayhem","Slice","Cloak And Dagger","Infinite Blades"],"campfire_rested":0,"item_purchase_floors":[0,0,0,4,10],"current_hp_per_floor":[48,43,43,43,43,37,37,37,37,37,7,7,7,0,0],"gold":47,"neow_bonus":"","is_daily":false,"chose_seed":false,"campfire_upgraded":1,"win_rate":0.0,"timestamp":1614383978,"path_taken":["M","?","?","$","M","E","M","R","T","?","E","?","?","E"],"items_purchased_type":["Card","Card","Card","Card","Card"],"build_version":"2020-12-22","purchased_purges":1,"victory":false,"max_hp_per_floor":[66,66,66,66,66,66,66,66,66,66,66,66,66,66,66],"card_choices":[{"not_picked":["Backflip","Caltrops"],"picked":"Sucker Punch","floor":1},{"not_picked":["Crippling Poison","Quick Slash"],"picked":"Dagger Spray","floor":2},{"not_picked":["Backflip","Finisher"],"picked":"Bouncing Flask","floor":5},{"not_picked":["Caltrops","Quick Slash"],"picked":"Deadly Poison","floor":6},{"not_picked":["Sucker Punch","Deflect"],"picked":"All Out Attack","floor":7},{"not_picked":["Catalyst","Deadly Poison"],"picked":"Burst","floor":11}],"player_experience":2148821,"relics_obtained":[{"floor":6,"key":"Boot"},{"floor":9,"key":"infinitespire:Beetle Shell"},{"floor":11,"key":"Lantern"}],"event_choices":[{"cards_removed":["Strike_G"],"damage_healed":0,"gold_gain":0,"player_choice":"Offered Basic","damage_taken":0,"max_hp_gain":0,"max_hp_loss":0,"event_name":"Bonfire Elementals","floor":3,"gold_loss":0},{"damage_healed":0,"gold_gain":0,"player_choice":"1 cards matched","damage_taken":0,"max_hp_gain":0,"max_hp_loss":0,"event_name":"Match and Keep!","floor":13,"gold_loss":0,"cards_obtained":["Adrenaline"]}],"is_beta":false,"boss_relics":[],"items_purged_floors":[4],"is_endless":false,"potions_floor_spawned":[1,7],"killed_by":"Lagavulin","ascension_level":19}}