{"host":"jtcnb1ci7jgjs1v0","time":1614354995,"event":{"mods":["BaseMod","Minty Spire (QoL Compilation)","StSLib"],"gold_per_floor":[116,116,116,39,58,58,92,92,92,92,92],"floor_reached":10,"language":"ENG","playtime":263,"items_purged":[],"score":112,"play_id":"67f2cc73-51e8-454b-9a02-d70af3b067c2","local_time":"20210226105635","is_ascension_mode":true,"campfire_choices":[{"data":"Wallop","floor":6,"key":"SMITH"}],"circlet_count":0,"master_deck":["AscendersBane","Strike_P","Strike_P","Strike_P","Defend_P","Defend_P","Defend_P","Eruption+1","Vigilance","CutThroughFate","Wallop+1","FlurryOfBlows","Consecrate+1"],"relics":["Empty Cage","TeardropLocket","Molten Egg 2","Singing Bowl"],"acts_visited":["Exordium"],"potions_floor_usage":[],"damage_taken":[{"damage":8,"enemies":"2 Louse","floor":1,"turns":3},{"damage":0,"enemies":"Jaw Worm","floor":5,"turns":1},{"damage":2,"enemies":"3 Sentries","floor":7,"turns":5},{"damage":19,"enemies":"Lagavulin","floor":10,"turns":5}],"seed_played":"3230678324014873185","potions_obtained":[],"is_trial":false,"path_per_floor":["M","?","?","$","M","R","E","?","T","E"],"character_chosen":"WATCHER","items_purchased":["Wallop"],"campfire_rested":0,"item_purchase_floors":[4],"current_hp_per_floor":[53,18,18,18,18,18,16,16,16,0,0],"gold":92,"neow_bonus":"BOSS_RELIC","is_daily":false,"chose_seed":false,"campfire_upgraded":1,"win_rate":0.0,"timestamp":1614354995,"path_taken":["M","?","?","?","?","R","E","?","T","E"],"items_purchased_type":["Card"],"build_version":"2020-12-22","purchased_purges":0,"victory":false,"max_hp_per_floor":[68,68,68,68,68,68,68,68,68,68,68],"card_choices":[{"not_picked":["Halt","FlurryOfBlows"],"picked":"CutThroughFate","floor":1},{"not_picked":["CarveReality","FlyingSleeves"],"picked":"FlurryOfBlows","floor":5},{"not_picked":["WindmillStrike+1","ForeignInfluence"],"picked":"Consecrate+1","floor":7}],"player_experience":1716980,"relics_obtained":[{"floor":7,"key":"Molten Egg 2"},{"floor":9,"key":"Singing Bowl"}],"event_choices":[{"damage_healed":0,"gold_gain":0,"player_choice":"Success","damage_taken":35,"relics_obtained":["TeardropLocket"],"max_hp_gain":0,"max_hp_loss":0,"event_name":"Scrap Ooze","floor":2,"gold_loss":0},{"damage_healed":0,"gold_gain":0,"player_choice":"Grow","damage_taken":0,"max_hp_gain":0,"max_hp_loss":0,"event_name":"Living Wall","floor":3,"gold_loss":0,"cards_upgraded":["Eruption"]},{"damage_healed":0,"gold_gain":0,"player_choice":"Ignored","damage_taken":0,"max_hp_gain":0,"max_hp_loss":0,"event_name":"Liars Game","floor":8,"gold_loss":0}],"is_beta":false,"boss_relics":[],"items_purged_floors":[],"is_endless":false,"potions_floor_spawned":[],"killed_by":"Lagavulin","ascension_level":15}}