{"host":"rm0ctv8qd8mnbkg1","time":1614345642,"event":{"mods":["Act Like it!","Aspiration","BaseMod","Beaked The Cultist","BetterRewards","Colored Map","DNKmod","Dark Map","Defuse TimeMaze Blight","Downfall","Friendly Minions","Gensokyo","Hubris","Library of Ruina","Library of Ruina Extra","Marisa????????","Minty Spire (QoL Compilation)","MostiFishMod","Permanent Neow","Rare Cards Sparkle","Relic Sorter","Reliquary","Replay The Spire","Ruina","RumiaBox-????????","Shade Mod","Shop Mod","Spicy Shops","Spire Arcade","StSLib","The Animator","The Construct","The Servant 0.9.4","TheVacant","Wandering Minibosses","??????REMEMod"],"gold_per_floor":[10000,10018,10079,9612,9612,9512,9512,9528,9546,9577,9057,9057,9075,8334,8346,8451,8451,8351,8366,8380,7521,7533,6744,6792,6804,6815,6815,6827,6727,6727,5985,6003,6102,6102,6102,6113,6113,5284,5325,5359,5412,5477,5477,5586,5586,5022,5047,5076,5099,5126,5126,5126,5171,4208,4208,4277,4301],"floor_reached":58,"language":"ENG","playtime":2031,"items_purged":["Writhe"],"score":5013,"play_id":"b70a9fb2-daad-4700-b435-0354c3e8db2e","local_time":"20210226132042","is_ascension_mode":false,"campfire_choices":[{"floor":1,"key":"RECALL"},{"data":"Guardian:Orbwalk","floor":6,"key":"SMITH"},{"data":"REME_FirmDetermination","floor":18,"key":"SMITH"},{"data":"ReplayUltimateDefense","floor":29,"key":"SMITH"},{"data":"Guardian:Orbwalk","floor":35,"key":"SMITH"},{"data":"Guardian:RevengeProtocol","floor":43,"key":"SMITH"},{"data":"Guardian:AncientConstruct","floor":45,"key":"SMITH"},{"data":"hubris:EnhanceAbility","floor":55,"key":"SMITH"}],"circlet_count":0,"master_deck":["Guardian:Strike_Guardian","Guardian:Strike_Guardian","Guardian:Strike_Guardian","Guardian:Strike_Guardian","Guardian:Defend_Guardian","Guardian:Defend_Guardian","Guardian:Defend_Guardian","Guardian:Defend_Guardian","Guardian:CurlUp","Guardian:TwinSlam","MostiFishMod:FrostNova","MostiFishMod:WinterMarkForm","bronze:HyperBeam+1","Guardian:CompilePackage","Guardian:SpikerProtocol","Guardian:Orbwalk+1","Guardian:Clone","Guardian:MultiBeam","Guardian:PiercingHide","Guardian:BronzeArmor+1","Guardian:SpikerProtocol","Guardian:WalkerClaw","Guardian:PolyBeam+1","Guardian:Orbwalk","Guardian:PrismaticBeam","Guardian:PrismaticBeam","ReplayUltimateDefense+1","Guardian:VentSteam","Guardian:SphericShield","Guardian:Orbwalk+1","Guardian:Gem_Crimson","Poisoned Strike","Guardian:ChargeUp","Guardian:ShieldCharger","hubris:EnhanceAbility+1","Guardian:ShieldCharger+1","Guardian:AncientConstruct+1","Guardian:ArmoredProtocol","REME_FirmDetermination","Guardian:GemFire+1","Guardian:ShieldSpikes+1","Guardian:RevengeProtocol+1","Guardian:Clone+1","Guardian:Reroute","Guardian:BronzeArmor","Guardian:ExploitGems","Swift Strike","Guardian:TimeCapacitor","Guardian:Gem_Green","Guardian:Gem_Red","Guardian:Repulse","Guardian:Gem_Fragmented"],"relics":["Guardian:ModeShifter","REME_ComplimentaryCards","DaveBox","FrostBlade","Iron Hammer","wanderingMiniBosses:Inkheart","Thread and Needle","Blue Doll","downfall:HeartBlessingRed","Omamori","Letter Opener","hubris:BottledRain","Guardian:SackOfGems","Replay:Grab Bag","Coffee Dripper","ChiXiaoBlade","FeatherPendant","downfall:HeartBlessingGreen","bronze:BronzeIdol","Chemical X","Dodecahedron","Replay:Towering Pillar of Hats","reliquary:Buckler","HandDrill","reliquary:Stiletto","Anchor","downfall:HeartBlessingBlue","hubris:SphereOfDissonance","SSSystem","Frozen Eye","TheAbacus","GuanYuAspect","REME_ArchaeologicalTools","hubris:FunFungus","PageOfMercenary","PageOfScarecrow","Vajra","downfall:GremlinSack","ReplayFunnel","ClockworkSouvenir","PageOfPorccubus","hubris:TinFlute","bronze:DonusWashers","hubris:Zylophone","GodSword5"],"acts_visited":[],"potions_floor_usage":[9],"damage_taken":[{"damage":0,"enemies":"Small Slimes","floor":2,"turns":1},{"damage":0,"enemies":"Lagavulin Event","floor":3,"turns":3},{"damage":5,"enemies":"downfall:FleeingMerchant","floor":4,"turns":7},{"damage":0,"enemies":"Jaw Worm","floor":8,"turns":1},{"damage":0,"enemies":"Cultist","floor":9,"turns":1},{"damage":0,"enemies":"3 Sentries","floor":10,"turns":2},{"damage":0,"enemies":"Blue Slaver","floor":13,"turns":1},{"damage":0,"enemies":"3 Louse","floor":15,"turns":1},{"damage":0,"enemies":"SI_SHIV_ARCHETYPE","floor":16,"turns":1},{"damage":0,"enemies":"3 Byrds","floor":19,"turns":2},{"damage":0,"enemies":"Chosen","floor":20,"turns":2},{"damage":0,"enemies":"Centurion and Healer","floor":22,"turns":1},{"damage":0,"enemies":"Snake Plant","floor":25,"turns":1},{"damage":0,"enemies":"Snecko","floor":26,"turns":2},{"damage":0,"enemies":"Shelled Parasite and Fungi","floor":28,"turns":2},{"damage":0,"enemies":"Snake Plant","floor":32,"turns":1},{"damage":0,"enemies":"IC_MUSHROOM_ARCHETYPE","floor":33,"turns":2},{"damage":0,"enemies":"Orb Walker","floor":36,"turns":1},{"damage":0,"enemies":"3 Shapes","floor":39,"turns":1},{"damage":0,"enemies":"Spire Growth","floor":40,"turns":1},{"damage":0,"enemies":"Jaw Worm Horde","floor":42,"turns":2},{"damage":0,"enemies":"Jaw Worm Horde","floor":44,"turns":1},{"damage":0,"enemies":"3 Darklings","floor":47,"turns":1},{"damage":0,"enemies":"Transient","floor":48,"turns":1},{"damage":0,"enemies":"Sphere and 2 Shapes","floor":49,"turns":1},{"damage":0,"enemies":"DF_ARCHETYPE_ORBS","floor":50,"turns":1},{"damage":0,"enemies":"downfall:CharBossMerchant","floor":53,"turns":1},{"damage":0,"enemies":"downfall:NeowBoss","floor":56,"turns":3},{"damage":0,"enemies":"downfall:NeowBossFinal","floor":57,"turns":3}],"seed_played":"636465881170373615","potions_obtained":[{"floor":2,"key":"sneckomod:MuddlingPotion"},{"floor":9,"key":"Fruit Juice"},{"floor":15,"key":"Swift Potion"},{"floor":47,"key":"Dexterity Potion"},{"floor":48,"key":"BlessingOfTheForge"}],"is_trial":false,"path_per_floor":["R","M","?","$","?","R","T","M","M","E","$","?","M","$","M","B",null,"R","M","M","$","M","$","T","M","M","?","M","R","?","$","M","B",null,"R","M","?","$","M","M","T","M","R","?","R","$","M","M","M","B",null,null,"E","$","R","B","B",null],"character_chosen":"GUARDIAN","items_purchased":["Thread and Needle","Guardian:Gem_Red","Guardian:MultiBeam","REME_FirmDetermination","Blue Doll","Guardian:PiercingHide","Guardian:SpikerProtocol","Guardian:Gem_Red","Guardian:WalkerClaw","Guardian:PolyBeam","hubris:BottledRain","Guardian:Orbwalk","Guardian:Gem_Fragmented","Guardian:PrismaticBeam","ReplayUltimateDefense","Guardian:SackOfGems","Guardian:Gem_White","bronze:BronzeIdol","Chemical X","Dodecahedron","Guardian:Orbwalk","Guardian:Gem_Crimson","Poisoned Strike","Guardian:ChargeUp","Replay:Towering Pillar of Hats","reliquary:Buckler","HandDrill","reliquary:Stiletto","Anchor","hubris:EnhanceAbility","hubris:SphereOfDissonance","SSSystem","Frozen Eye","REME_FirmDetermination","TheAbacus","REME_ArchaeologicalTools","hubris:FunFungus","PageOfMercenary","PageOfScarecrow","ReplayFunnel","Guardian:TimeCapacitor","Guardian:Gem_Green","ClockworkSouvenir","PageOfPorccubus","hubris:TinFlute","bronze:DonusWashers","hubris:Zylophone","GodSword5","Guardian:Gem_Lightblue"],"campfire_rested":0,"item_purchase_floors":[4,4,4,4,4,4,11,11,11,11,11,14,14,14,14,14,14,21,21,21,21,21,21,21,21,23,23,23,23,23,31,31,31,31,31,38,38,38,38,46,46,46,46,46,54,54,54,54,54],"current_hp_per_floor":[1000,1000,1000,995,1000,1000,1000,1000,1005,1005,1005,1005,1005,1005,1005,1005,1005,1005,1005,1005,1005,1005,1005,1005,1005,1005,1005,1005,1015,1015,1015,1015,1015,508,508,508,500,500,508,508,508,508,508,508,508,508,508,508,508,508,508,508,508,508,508,508,508],"gold":4301,"neow_bonus":"ONE_RANDOM_RARE_CARD","is_daily":false,"chose_seed":false,"campfire_upgraded":7,"win_rate":0.0,"timestamp":1614345642,"path_taken":["R","M","?","$","?","R","T","?","M","E","$","?","M","$","M","BOSS","R","M","M","$","M","$","T","M","M","?","M","R","?","$","M","BOSS","R","M","?","$","?","M","T","M","R","?","R","$","M","M","M","BOSS","E","$","R","BOSS","BOSS"],"items_purchased_type":["Relic","Card","Card","Card","Relic","Card","Card","Card","Card","Card","Relic","Card","Card","Card","Card","Relic","Card","Relic","Relic","Relic","Card","Card","Card","Card","Relic","Relic","Relic","Relic","Relic","Card","Relic","Relic","Relic","Card","Relic","Relic","Relic","Relic","Relic","Relic","Card","Card","Relic","Relic","Relic","Relic","Relic","Relic","Card"],"build_version":"2020-12-22","purchased_purges":1,"victory":true,"max_hp_per_floor":[1000,1000,1000,1000,1000,1000,1000,1000,1005,1005,1005,1005,1005,1005,1005,1005,1005,1005,1005,1005,1005,1005,1005,1005,1005,1005,1005,1005,1015,1015,1015,1015,1015,508,508,508,508,508,508,508,508,508,508,508,508,508,508,508,508,508,508,508,508,508,508,508,508],"card_choices":[{"not_picked":["Guardian:Planning","Guardian:ShieldCharger"],"picked":"Guardian:SpikerProtocol","floor":2},{"not_picked":["Guardian:FuturePlans","Guardian:Reroute"],"picked":"Guardian:Orbwalk","floor":3},{"not_picked":["Guardian:TemporalShield","Guardian:ArmoredProtocol"],"picked":"Guardian:Clone","floor":4},{"not_picked":["Guardian:Gem_Green","Guardian:BronzeOrb"],"picked":"Guardian:Gem_Orange","floor":8},{"not_picked":["Guardian:RollAttack","Guardian:Recover"],"picked":"Guardian:BronzeArmor","floor":9},{"not_picked":["Guardian:Preprogram","Guardian:BronzeArmor"],"picked":"Guardian:Gem_Red","floor":10},{"not_picked":["Guardian:Suspension","Guardian:ChargeCore"],"picked":"Guardian:Gem_Cyan","floor":13},{"not_picked":["Guardian:RefractedBeam","Guardian:TemporalShield"],"picked":"Guardian:VentSteam","floor":15},{"not_picked":["Guardian:StasisField","Guardian:GatlingBeam"],"picked":"Guardian:SphericShield","floor":16},{"not_picked":["Guardian:Planning+1","Guardian:Incinerate","Guardian:Gem_Fragmented"],"picked":"SKIP","floor":19},{"not_picked":["Guardian:ChargeCore","Guardian:PrimingBeam","Guardian:Gem_Green"],"picked":"SKIP","floor":20},{"not_picked":["Guardian:Planning+1","Guardian:TemporalStrike"],"picked":"Guardian:ShieldCharger","floor":22},{"not_picked":["Guardian:Gem_White","Guardian:Gem_Cyan"],"picked":"Guardian:ShieldCharger+1","floor":25},{"not_picked":["Guardian:Incinerate","Guardian:Preprogram"],"picked":"Guardian:AncientConstruct","floor":26},{"not_picked":["Guardian:ShieldCharger","Guardian:CrystalBeam"],"picked":"Guardian:ArmoredProtocol","floor":28},{"not_picked":["Guardian:Gem_Lightblue","Guardian:Incinerate+1","Guardian:CrystalBeam"],"picked":"SKIP","floor":32},{"not_picked":["Guardian:GemFinder","Guardian:FastForward"],"picked":"Guardian:GemFire","floor":33},{"not_picked":["Guardian:Planning","Guardian:PrismaticBarrier"],"picked":"Guardian:ShieldSpikes+1","floor":36},{"not_picked":["Guardian:BodySlam","Guardian:ChargeCore","Guardian:Reroute"],"picked":"SKIP","floor":39},{"not_picked":["Guardian:Recover","Guardian:Gem_Lightblue","Guardian:MultiBeam+1"],"picked":"SKIP","floor":40},{"not_picked":["Guardian:Reroute+1","Guardian:Gem_Red"],"picked":"Guardian:RevengeProtocol","floor":42},{"not_picked":["Guardian:Gem_Green","Guardian:Planning"],"picked":"Guardian:Clone+1","floor":44},{"not_picked":["Guardian:DecasProtection+1","Guardian:BronzeArmor+1"],"picked":"Guardian:Gem_Red","floor":47},{"not_picked":["Guardian:Clone","Guardian:Suspension+1"],"picked":"Guardian:Gem_Lightblue","floor":48},{"not_picked":["Guardian:BronzeArmor+1","Guardian:RollAttack+1"],"picked":"Guardian:Repulse","floor":49},{"not_picked":["Guardian:PrimingBeam+1","Guardian:PrismaticBeam+1"],"picked":"Guardian:Gem_Fragmented","floor":53}],"player_experience":445514,"relics_obtained":[{"floor":3,"key":"Iron Hammer"},{"floor":4,"key":"wanderingMiniBosses:Inkheart"},{"floor":7,"key":"Omamori"},{"floor":10,"key":"Letter Opener"},{"floor":41,"key":"Vajra"},{"floor":44,"key":"downfall:GremlinSack"}],"event_choices":[{"damage_healed":0,"gold_gain":0,"player_choice":"Grow","damage_taken":0,"max_hp_gain":0,"max_hp_loss":0,"event_name":"Living Wall","floor":12,"gold_loss":0,"cards_upgraded":["Guardian:PolyBeam"]}],"is_beta":false,"boss_relics":[{"not_picked":["hubris:CrackedHourglass","EasyGame_NEW"],"picked":"Replay:Grab Bag"},{"not_picked":["ReplayTheSpireMod:Onyx Gauntlets","hubris:RunicObelisk"],"picked":"Coffee Dripper"},{"not_picked":["aspiration:IroncladSkillbook","AddBug"],"picked":"ChiXiaoBlade"},{"not_picked":["Black Star","SoulBox"],"picked":"FeatherPendant"},{"not_picked":["Snecko Eye","Honey Jar"],"picked":"GuanYuAspect"}],"items_purged_floors":[46],"is_endless":false,"potions_floor_spawned":[2,9,15,19,22,32,36,47,48],"ascension_level":0}}