{"host":"lehbxtjrpalkmwwj","time":1614331747,"event":{"mods":["ATMod(°¢èªMod)","Aspiration","BaseMod","Challenge The Spire","Colored Map","Colored Powertips","Conspire","Dota2Spire","Energized Spire","Hunter ÁÔÈË","Minty Spire (QoL Compilation)","Quick Restart","Relic Stats","Reliquary","Replay The Spire","Spicy Shops","StSLib","TestMod","The Cursed","The IronCluck","The Poker Player","Waifu the Spire","Wide Potions","[IsaacMod]ÒÔÈö¼âËþ","¡¾ÒÅÎï¿¨ÅÆ¡¿REMEMod","É³µñ²ÄÖÊ°ümod","óô»ðÖ¸ÄÏ"],"gold_per_floor":[116,170,170,190,203,203,203],"floor_reached":6,"language":"ZHS","playtime":154,"items_purged":[],"score":54,"play_id":"5c83ccac-9e24-4600-ad3d-11c98ab2b1d1","local_time":"20210226172907","is_ascension_mode":true,"campfire_choices":[],"circlet_count":0,"master_deck":["AscendersBane","Strike_G","Strike_G","Strike_G","Strike_G","Strike_G","Defend_G","Defend_G","Defend_G","Defend_G","Defend_G","Survivor","Neutralize","EpicFetus+1","AT_FamilyPortrait","REME_HeartOfCthun+1","Deadly Poison","Escape Plan","aspiration:Lunge"],"relics":["Ring of the Snake","HushsDoor","AT_ATBox","testmod-TestBox","REME_ComplimentaryCards","TheBible","testmod-PortableAltar","NeowsBlessing","reliquary:Buckler"],"acts_visited":["Exordium"],"potions_floor_usage":[5],"damage_taken":[{"damage":1,"enemies":"2 Louse","floor":1,"turns":1},{"damage":1,"enemies":"Jaw Worm","floor":4,"turns":1},{"damage":1,"enemies":"Small Slimes","floor":5,"turns":2},{"damage":15,"enemies":"Lagavulin","floor":6,"turns":6}],"seed_played":"-4567129281093028996","potions_obtained":[{"floor":5,"key":"Fruit Juice"}],"is_trial":false,"path_per_floor":["M","?","?","M","M","E"],"character_chosen":"THE_SILENT","items_purchased":[],"campfire_rested":0,"item_purchase_floors":[],"current_hp_per_floor":[62,62,59,58,62,47,47],"gold":203,"neow_bonus":"THREE_ENEMY_KILL","is_daily":false,"chose_seed":false,"campfire_upgraded":0,"win_rate":0.0,"timestamp":1614331747,"path_taken":["M","?","?","M","?","E"],"items_purchased_type":[],"build_version":"2020-12-22","purchased_purges":0,"victory":false,"max_hp_per_floor":[69,68,67,66,70,69,69],"relic_stats":{"counters":[4,10],"obtain_stats":[{"KeepersGift":0,"AT_ATBox":0,"testmod-TestBox":0,"TheBible":0,"NeowsBlessing":0,"reliquary:Buckler":3,"testmod-PortableAltar":0,"HushsDoor":0,"Ring of the Snake":0,"REME_ComplimentaryCards":0},{"KeepersGift":0,"AT_ATBox":0,"testmod-TestBox":0,"TheBible":0,"NeowsBlessing":0,"reliquary:Buckler":1,"testmod-PortableAltar":0,"HushsDoor":0,"Ring of the Snake":0,"REME_ComplimentaryCards":0},{"KeepersGift":0,"AT_ATBox":0,"testmod-TestBox":0,"TheBible":0,"NeowsBlessing":0,"reliquary:Buckler":1,"testmod-PortableAltar":0,"HushsDoor":0,"Ring of the Snake":0,"REME_ComplimentaryCards":0}],"Ring of the Snake":[8]},"card_choices":[{"not_picked":[],"picked":"EpicFetus","floor":0},{"not_picked":["Slice","AT_TinkerSharpsword"],"picked":"Deadly Poison","floor":1},{"not_picked":["Bane","Outmaneuver"],"picked":"Escape Plan","floor":4},{"not_picked":["Leg Sweep","Deadly Poison"],"picked":"aspiration:Lunge","floor":5}],"player_experience":237213,"relics_obtained":[],"event_choices":[{"damage_healed":0,"gold_gain":54,"player_choice":"Gained Gold","damage_taken":0,"max_hp_gain":0,"max_hp_loss":0,"event_name":"Golden Wing","floor":2,"gold_loss":0},{"damage_healed":0,"gold_gain":0,"player_choice":"Success","damage_taken":3,"relics_obtained":["reliquary:Buckler"],"max_hp_gain":0,"max_hp_loss":0,"event_name":"Scrap Ooze","floor":3,"gold_loss":0}],"is_beta":false,"boss_relics":[],"items_purged_floors":[],"is_endless":false,"potions_floor_spawned":[5],"killed_by":"Lagavulin","ascension_level":10}}