{"host":"ez9lh5a3k31ytd04","time":1614313183,"event":{"mods":["Act Like it!","Arknights","Aspiration","BaseMod","Conspire","Downfall","Energized Spire","Jedi Mod","Minty Spire (QoL Compilation)","Quarter Circle Forward PUNCH!","Quick Restart","Relic Filter Mod","Reliquary","Replay The Spire","Spicy Shops","StSLib","TestMod","noobMod","¡¾ÒÅÎï¿¨ÅÆ¡¿REMEMod"],"gold_per_floor":[118,38,38,52,65,93,106,28,54,73,87,87,87,19,19,19,19],"floor_reached":16,"language":"ZHS","playtime":1122,"items_purged":[],"score":102,"play_id":"062f3ee6-fb65-4642-a4f5-5f13647243f6","local_time":"20210226121943","is_ascension_mode":false,"campfire_choices":[{"floor":13,"key":"REST"}],"circlet_count":0,"master_deck":["Strike_B","Strike_B","Strike_B","Strike_B","Defend_B","Defend_B","Defend_B","Defend_B","Zap","Dualcast","ReplayTheSpireMod:Brewmster","Barrage","Time Bomb+1","Time Bomb","Coolheaded","conspire:Rain","Consume","jedi:readyaimfire","Storm","FIFO Queue","Barrage","Coolheaded","Chaos"],"relics":["Cracked Core","testmod-TestBox","REME_ComplimentaryCards","ice","testmod-CardMagician","conspire:Boomerang","jedi:laserpointer","reliquary:TatteredRug","Toy Ornithopter"],"acts_visited":["Exordium"],"potions_floor_usage":[5,5,6,6,6,6,6,6,6,7,7,8],"damage_taken":[{"damage":0,"enemies":"2 Louse","floor":1,"turns":2},{"damage":1,"enemies":"Jaw Worm","floor":4,"turns":2},{"damage":7,"enemies":"Small Slimes","floor":5,"turns":5},{"damage":29,"enemies":"Gremlin Nob","floor":6,"turns":4},{"damage":12,"enemies":"Exordium Thugs","floor":7,"turns":4},{"damage":8,"enemies":"conspire:2 RoseBushes","floor":10,"turns":4},{"damage":15,"enemies":"Looter","floor":11,"turns":3},{"damage":20,"enemies":"Fading Forest","floor":16,"turns":11}],"seed_played":"6389539506918189725","potions_obtained":[{"floor":4,"key":"DuplicationPotion"},{"floor":6,"key":"PowerPotion"},{"floor":7,"key":"REME_GoldPotion"},{"floor":10,"key":"ColorlessPotion"}],"is_trial":false,"path_per_floor":["M","$","?","M","M","E","M","$","T","M","M","?","R","$","R","B"],"character_chosen":"DEFECT","items_purchased":["Time Bomb","Storm","Coolheaded","Chaos","Toy Ornithopter"],"campfire_rested":1,"item_purchase_floors":[2,8,14,14,14],"current_hp_per_floor":[82,82,75,74,67,38,26,26,26,18,3,3,27,27,51,41,41],"gold":19,"neow_bonus":"TEN_PERCENT_HP_BONUS","is_daily":false,"chose_seed":false,"campfire_upgraded":0,"win_rate":0.0,"timestamp":1614313183,"path_taken":["M","$","?","M","M","E","M","?","T","?","M","?","R","$","R","BOSS"],"items_purchased_type":["Card","Card","Card","Card","Relic"],"build_version":"2020-12-22","purchased_purges":0,"victory":false,"max_hp_per_floor":[82,82,82,82,82,82,82,82,82,82,82,82,82,82,82,82,82],"card_choices":[{"not_picked":["conspire:SharedLibrary","Steam"],"picked":"Barrage","floor":1},{"not_picked":["Compile Driver","Streamline"],"picked":"Coolheaded","floor":4},{"not_picked":["Glacier","Melter"],"picked":"conspire:Rain","floor":5},{"not_picked":["BootSequence","BasicCrystalCard"],"picked":"Consume","floor":6},{"not_picked":["Go for the Eyes","Stack"],"picked":"jedi:readyaimfire","floor":7},{"not_picked":["Crystallizer","Leap"],"picked":"FIFO Queue","floor":10},{"not_picked":["Stack","Sweeping Beam"],"picked":"Barrage","floor":11}],"player_experience":73916,"relics_obtained":[{"floor":6,"key":"jedi:laserpointer"},{"floor":9,"key":"reliquary:TatteredRug"}],"event_choices":[{"damage_healed":0,"gold_gain":0,"player_choice":"Success","damage_taken":7,"relics_obtained":["conspire:Boomerang"],"max_hp_gain":0,"max_hp_loss":0,"event_name":"Scrap Ooze","floor":3,"gold_loss":0},{"damage_healed":0,"gold_gain":0,"player_choice":"0 cards matched","damage_taken":0,"max_hp_gain":0,"max_hp_loss":0,"event_name":"Match and Keep!","floor":12,"gold_loss":0,"cards_obtained":[]}],"is_beta":false,"boss_relics":[],"items_purged_floors":[],"is_endless":false,"potions_floor_spawned":[4,6,7,10,11],"killed_by":"Fading Forest","ascension_level":0}}