{"host":"wshh0nphwn6jv7vj","time":1614304727,"event":{"mods":["BaseMod","Bestiary","Minty Spire (QoL Compilation)","Relic Stats"],"gold_per_floor":[116,266,266,278,288,288,288,288],"floor_reached":7,"language":"ENG","playtime":310,"items_purged":[],"score":76,"play_id":"75fbe8b3-69bd-4d54-88aa-85cea68a08a1","local_time":"20210225205847","is_ascension_mode":true,"campfire_choices":[{"data":"Perseverance","floor":6,"key":"SMITH"}],"circlet_count":0,"master_deck":["AscendersBane","Strike_P","Strike_P","Strike_P","Defend_P","Defend_P","Defend_P","Defend_P","Eruption","Vigilance","Perseverance+1","Doubt","DevaForm","Conclude","LikeWater"],"relics":["Coffee Dripper"],"acts_visited":["Exordium"],"potions_floor_usage":[7],"damage_taken":[{"damage":2,"enemies":"Jaw Worm","floor":1,"turns":6},{"damage":15,"enemies":"Small Slimes","floor":4,"turns":10},{"damage":0,"enemies":"Cultist","floor":5,"turns":3},{"damage":53,"enemies":"3 Sentries","floor":7,"turns":12}],"seed_played":"7504825115637532289","potions_obtained":[{"floor":4,"key":"Dexterity Potion"}],"is_trial":false,"path_per_floor":["M","?","?","M","M","R","E"],"character_chosen":"WATCHER","items_purchased":[],"campfire_rested":0,"item_purchase_floors":[],"current_hp_per_floor":[59,59,59,44,44,44,0,0],"gold":288,"neow_bonus":"BOSS_RELIC","is_daily":false,"chose_seed":false,"campfire_upgraded":1,"win_rate":0.0,"timestamp":1614304727,"path_taken":["M","?","?","M","M","R","E"],"items_purchased_type":[],"build_version":"2020-12-22","purchased_purges":0,"victory":false,"max_hp_per_floor":[68,68,68,68,68,68,68,68],"relic_stats":{"counters":[4,31],"obtain_stats":[{"Coffee Dripper":0,"PureWater":0},{"Coffee Dripper":0,"PureWater":0},{"Coffee Dripper":0,"PureWater":0}]},"card_choices":[{"not_picked":["SashWhip","Wireheading"],"picked":"Perseverance","floor":1},{"not_picked":["FlyingSleeves","PathToVictory"],"picked":"Conclude","floor":4},{"not_picked":["Collect","ForeignInfluence"],"picked":"LikeWater","floor":5}],"player_experience":1676908,"relics_obtained":[],"event_choices":[{"damage_healed":0,"gold_gain":150,"player_choice":"AGREE","damage_taken":0,"max_hp_gain":0,"max_hp_loss":0,"event_name":"Liars Game","floor":2,"gold_loss":0,"cards_obtained":["Doubt"]},{"damage_healed":0,"gold_gain":0,"cards_transformed":["Strike_P"],"player_choice":"Change","damage_taken":0,"max_hp_gain":0,"max_hp_loss":0,"event_name":"Living Wall","floor":3,"gold_loss":0,"cards_obtained":["DevaForm"]}],"is_beta":false,"boss_relics":[],"items_purged_floors":[],"is_endless":false,"potions_floor_spawned":[4],"killed_by":"3 Sentries","ascension_level":17}}