{"host":"13crfpsgpirtz3r4","time":1614340343,"event":{"mods":["Act Like it!","Ascension Reborn","Aspiration","BaseMod","BetterRewards","CapriCore","Clockwork Mod","Colored Powertips","Downfall","Friendly Minions","Gold Saver","Hermit","Highlight Path","Hubris","Jorbs\u0027s Wanderer Trilogy","Minty Spire (QoL Compilation)","Rare Cards Sparkle","Replay The Spire","Shade Mod","Shop Mod","StSLib","The Animator","The Bug Knight","The Construct","The Cursed","The Disciple","The Forsaken","The Hierophant","The Immortal","The Marked","The Necromancer","The Runesmith","TheBandit","Wandering Minibosses","everything is the same but u backflip on backflip"],"gold_per_floor":[595,473,483,35,51,84,96,96,96,112,158,168,196,220,247,277,277,373,373,386,386,102,115,7,21,21,37,37,87,39,56,82,118,118,219,219,232,246,246,258,307,307,323,342,368,402,402,417,417,489,489,489,489,489,102,134,134,134],"floor_reached":57,"language":"ENG","playtime":9151,"items_purged":[],"score":980,"play_id":"f217b87c-eefc-4a28-934a-d4f9b76df74b","local_time":"20210226035223","is_ascension_mode":false,"campfire_choices":[{"floor":17,"key":"REST"},{"floor":26,"key":"RECALL"},{"data":"Apotheosis","floor":34,"key":"SMITH"},{"data":"Fission","floor":42,"key":"SMITH"},{"data":"Self Repair","floor":47,"key":"SMITH"},{"data":"Darkness","floor":49,"key":"SMITH"},{"data":"Fusion","floor":51,"key":"SMITH"},{"data":"White Noise","floor":54,"key":"SMITH"}],"circlet_count":0,"master_deck":["Strike_B","Strike_B","Strike_B","Strike_B","Defend_B","Defend_B","Defend_B","Defend_B","Zap","Dualcast","Glacier","BasicCrystalCard","Body Slam","Leap","Fusion+1","Capacitor","Redo","Swift Strike+1","Redo","Darkness+1","White Noise+1","Shrug It Off","White Noise","Metallicize","Crystallizer","Defragment","Cold Snap+1","Mirror Shield","Conserve Battery","Apotheosis+1","Self Repair+1","Panic Button+1","Lockon+1","Aggregate","Rip and Tear+1","Conserve Battery","Coolheaded","All For One+1","Hello World+1","Coolheaded","Barrage+1","Defragment","Conserve Battery","Fission+1","Go for the Eyes+1","Ball Lightning+1","Consume","ReplayTheSpireMod:Calculation Training+1","BootSequence","Sunder+1","Cold Snap+1","Conserve Battery+1","Capacitor+1","Leap","Ball Lightning+1","ReplayTheSpireMod:Fabricate Wheel","Doom and Gloom+1","Stack","Self Repair","Creative AI"],"relics":["Cracked Core","aspiration:Nostalgia","m_BronzeBlood","Molten Egg 2","Lizard Tail","aspiration:StickyExplosives_weak","aspiration:Lifesprig","Dream Catcher","Painkiller Herb","Onion Ring","Shuriken","Regal Pillow","hubris:VirtuousBlindfold","aspiration:AnachronicSnailShell","Juzu Bracelet","aspiration:FetidBarrel","Membership Card","Nunchaku"],"acts_visited":["Exordium","TheCity","TheBeyond","TheEnding"],"potions_floor_usage":[6,7,13,15,27,31,32,32,40,41,46,52,56,57,57,57,57,57],"damage_taken":[{"damage":0,"enemies":"Cultist","floor":1,"turns":4},{"damage":0,"enemies":"2 Louse","floor":3,"turns":5},{"damage":0,"enemies":"Jaw Worm","floor":5,"turns":3},{"damage":10,"enemies":"HollowMod:MossKnight","floor":6,"turns":7},{"damage":14,"enemies":"Exordium Wildlife","floor":7,"turns":5},{"damage":20,"enemies":"Exordium Thugs","floor":10,"turns":6},{"damage":2,"enemies":"Lots of Slimes","floor":12,"turns":5},{"damage":6,"enemies":"Replay:BlueRogue","floor":13,"turns":6},{"damage":30,"enemies":"3 Louse","floor":15,"turns":5},{"damage":34,"enemies":"Gremlin Nob","floor":16,"turns":6},{"damage":29,"enemies":"Slime Boss","floor":18,"turns":10},{"damage":13,"enemies":"Shell Parasite","floor":20,"turns":6},{"damage":27,"enemies":"3 Byrds","floor":23,"turns":6},{"damage":6,"enemies":"Snecko","floor":25,"turns":5},{"damage":13,"enemies":"Cultist and Chosen","floor":27,"turns":7},{"damage":1,"enemies":"Centurion and Healer","floor":31,"turns":8},{"damage":5,"enemies":"Book of Stabbing","floor":32,"turns":5},{"damage":3,"enemies":"3 Cultists","floor":33,"turns":6},{"damage":26,"enemies":"Pondfish","floor":35,"turns":15},{"damage":7,"enemies":"Orb Walker","floor":37,"turns":4},{"damage":11,"enemies":"3 Shapes","floor":38,"turns":5},{"damage":5,"enemies":"Maw","floor":40,"turns":7},{"damage":17,"enemies":"2 Orb Walkers","floor":41,"turns":6},{"damage":13,"enemies":"4 Shapes","floor":43,"turns":5},{"damage":0,"enemies":"Spire Growth","floor":44,"turns":6},{"damage":24,"enemies":"Giant Head","floor":46,"turns":8},{"damage":0,"enemies":"Jaw Worm Horde","floor":48,"turns":6},{"damage":15,"enemies":"4 Shapes","floor":50,"turns":8},{"damage":67,"enemies":"Donu and Deca","floor":52,"turns":8},{"damage":34,"enemies":"Shield and Spear","floor":56,"turns":8},{"damage":121,"enemies":"The Heart","floor":57,"turns":10}],"seed_played":"-4552916672837777743","potions_obtained":[{"floor":1,"key":"Swift Potion"},{"floor":3,"key":"AttackPotion"},{"floor":12,"key":"PowerPotion"},{"floor":13,"key":"Regen Potion"},{"floor":18,"key":"EssenceOfSteel"},{"floor":23,"key":"sneckomod:MuddlingPotion"},{"floor":25,"key":"Block Potion"},{"floor":31,"key":"Strength Potion"},{"floor":33,"key":"Venom Potion"},{"floor":38,"key":"Adrenaline Potion"},{"floor":40,"key":"Block Potion"},{"floor":41,"key":"ColorlessPotion"},{"floor":50,"key":"FocusPotion"},{"floor":56,"key":"EntropicBrew"}],"is_trial":false,"path_per_floor":["M","$","M","$","M","E","M","PTL","PTL","M","T","M","E","T","M","E","R","B",null,"?","?","T","?","T","?","T","?","T","?","T","?","E","?","T","B",null,"?","?","?","?","?","T","?","?","T","E","T","?","T","?","T","B",null,"T","T","E","B"],"character_chosen":"DEFECT","items_purchased":["BasicCrystalCard","Body Slam","Leap","Capacitor","Molten Egg 2","Redo","Swift Strike+1","Apotheosis","Self Repair","Panic Button+1","Aggregate","Rip and Tear+1","Coolheaded","Membership Card","Ball Lightning+1","ReplayTheSpireMod:Fabricate Wheel","Doom and Gloom+1","Stack","Self Repair","SteroidPotion","Fire Potion"],"campfire_rested":1,"item_purchase_floors":[2,2,2,4,4,4,4,22,22,22,24,24,30,55,55,55,55,55,55,55,55],"current_hp_per_floor":[75,75,75,75,75,71,63,63,63,49,49,53,53,53,41,13,35,12,75,68,54,54,40,40,47,47,47,47,47,47,59,70,80,80,67,80,79,75,80,80,79,80,73,80,80,69,75,80,80,80,80,29,80,80,80,69,0,0],"gold":134,"neow_bonus":"NOSTALGIA","is_daily":false,"chose_seed":false,"campfire_upgraded":6,"win_rate":0.0,"timestamp":1614340343,"path_taken":["M","$","M","$","M","E","M","PTL","PTL","M","T","M","E","?","M","E","R","BOSS","?","?","T","?","T","?","T","?","T","?","T","?","E","?","T","BOSS","?","?","?","?","?","T","?","?","T","E","T","?","T","?","T","BOSS","T","T","E","BOSS"],"items_purchased_type":["Card","Card","Card","Card","Relic","Card","Card","Card","Card","Card","Card","Card","Card","Relic","Card","Card","Card","Card","Card","Potion","Potion"],"build_version":"2020-12-22","purchased_purges":0,"victory":false,"max_hp_per_floor":[75,75,75,75,75,75,75,75,75,75,75,75,75,75,75,75,75,75,75,75,80,80,80,80,80,80,80,80,80,80,80,80,80,80,80,80,80,80,80,80,80,80,80,80,80,80,80,80,80,80,80,80,80,80,80,80,80,80],"card_choices":[{"not_picked":["Rebound","Ball Lightning"],"picked":"Glacier","floor":1},{"not_picked":["bronze:BugBarrage","Shrug It Off"],"picked":"Fusion","floor":3},{"not_picked":["bronze:Shield","Turbo"],"picked":"Redo","floor":5},{"not_picked":["bronze:Repulsor","Hologram"],"picked":"Darkness","floor":6},{"not_picked":["Go for the Eyes+1","Conserve Battery"],"picked":"White Noise","floor":7},{"not_picked":["Hologram","hubris:DoWhile"],"picked":"Shrug It Off","floor":10},{"not_picked":["Stack","Conserve Battery"],"picked":"White Noise","floor":12},{"not_picked":["Reckless Charge+1","Tempest"],"picked":"Metallicize","floor":13},{"not_picked":["Go for the Eyes+1","Leap"],"picked":"Crystallizer","floor":15},{"not_picked":["Wild Strike+1","Leap"],"picked":"Defragment","floor":16},{"not_picked":["Reckless Charge+1","Rebound+1"],"picked":"Cold Snap+1","floor":17},{"not_picked":["hubris:Prefetch","ReplayRNGCard"],"picked":"Mirror Shield","floor":18},{"not_picked":["Undo","Gash+1"],"picked":"Conserve Battery","floor":20},{"not_picked":["Go for the Eyes+1","ReplayTheSpireMod:System Scan"],"picked":"Lockon+1","floor":23},{"not_picked":["Gash+1","Go for the Eyes+1"],"picked":"Conserve Battery","floor":25},{"not_picked":["Hologram","Compile Driver+1"],"picked":"Coolheaded","floor":27},{"not_picked":["Coolheaded+1","Reprogram"],"picked":"All For One+1","floor":29},{"not_picked":["Go for the Eyes+1","FTL+1"],"picked":"Hello World+1","floor":29},{"not_picked":["Capacitor+1","Reinforced Body"],"picked":"Barrage+1","floor":31},{"not_picked":["Sweeping Beam+1","Steam"],"picked":"Defragment","floor":32},{"not_picked":["Compile Driver+1","hubris:SpecializedCircuitry"],"picked":"Conserve Battery","floor":33},{"not_picked":["ReplayTheSpireMod:Omega Cannon+1","Core Surge+1"],"picked":"Fission","floor":35},{"not_picked":["Redo","Panic Button+1"],"picked":"Go for the Eyes+1","floor":37},{"not_picked":["Steam+1","Sweeping Beam+1"],"picked":"Ball Lightning+1","floor":38},{"not_picked":["ReplayTheSpireMod:System Scan+1","Scrape+1"],"picked":"ReplayTheSpireMod:Calculation Training+1","floor":40},{"not_picked":["Thunder Strike+1","Skim+1"],"picked":"BootSequence","floor":41},{"not_picked":["Streamline+1","Tempest"],"picked":"Sunder+1","floor":43},{"not_picked":["Compile Driver+1","Redo+1"],"picked":"Cold Snap+1","floor":44},{"not_picked":["Stack","Beam Cell+1"],"picked":"Conserve Battery+1","floor":46},{"not_picked":["Hologram","Go for the Eyes+1"],"picked":"Capacitor+1","floor":48},{"not_picked":["Undo+1","Lockon+1"],"picked":"Leap","floor":50},{"not_picked":["Barrage+1","Hologram+1"],"picked":"Creative AI","floor":56}],"player_experience":180928,"relics_obtained":[{"floor":6,"key":"Lizard Tail"},{"floor":13,"key":"aspiration:StickyExplosives_weak"},{"floor":14,"key":"aspiration:Lifesprig"},{"floor":16,"key":"Dream Catcher"},{"floor":28,"key":"Onion Ring"},{"floor":29,"key":"Shuriken"},{"floor":32,"key":"Regal Pillow"},{"floor":41,"key":"aspiration:AnachronicSnailShell"},{"floor":45,"key":"Juzu Bracelet"},{"floor":46,"key":"aspiration:FetidBarrel"},{"floor":56,"key":"Nunchaku"}],"event_choices":[{"damage_healed":0,"gold_gain":0,"player_choice":"Shed Blood","damage_taken":19,"max_hp_gain":5,"max_hp_loss":0,"event_name":"Forgotten Altar","floor":21,"gold_loss":0},{"damage_healed":0,"gold_gain":0,"player_choice":"Fight","damage_taken":0,"max_hp_gain":0,"max_hp_loss":0,"event_name":"Mysterious Sphere","floor":41,"gold_loss":0}],"is_beta":false,"boss_relics":[{"not_picked":["aspiration:RunicSpoon","Coffee Dripper"],"picked":"Painkiller Herb"},{"not_picked":["aspiration:PoetsPen_weak","aspiration:FutureDiary"],"picked":"hubris:VirtuousBlindfold"}],"items_purged_floors":[],"is_endless":false,"potions_floor_spawned":[1,3,12,13,18,23,25,31,33,38,40,41,50,56],"killed_by":"The Heart","ascension_level":0}}