{"host":"ibckqdmmf9y74ymf","time":1614380962,"event":{"mods":["2.2 Compatiblity","Ascension Unlocker","BaseMod","Colored Map","Curses Come First","Highlight Path","Minty Spire (QoL Compilation)","Quick Restart","Rare Cards Sparkle","Relic Stats","StSLib"],"gold_per_floor":[122,146,172,191,210,250,250,293,293,333,333,15,81,81,81,161,233,233],"floor_reached":17,"language":"ENG","playtime":647,"items_purged":[],"score":400,"play_id":"99d5e009-6de2-428a-8754-4a398fdaf72a","local_time":"20210227000922","is_ascension_mode":true,"campfire_choices":[{"floor":7,"key":"REST"},{"data":"SashWhip","floor":11,"key":"SMITH"},{"floor":15,"key":"REST"}],"circlet_count":0,"master_deck":["AscendersBane","Eruption","Vigilance","Conclude","SashWhip+1","BowlingBash","CutThroughFate","EmptyFist","Adaptation","FollowUp","Crescendo","JustLucky","LessonLearned","MentalFortress","FearNoEvil","SashWhip","Indignation","Judgement","BattleHymn","SignatureMove","Sanctity"],"relics":["PureWater","CeramicFish","Regal Pillow","Ornamental Fan","Yang","Darkstone Periapt","Question Card","Matryoshka","Sundial","Pandora\u0027s Box"],"acts_visited":["Exordium","TheCity"],"potions_floor_usage":[6,8,16],"damage_taken":[{"damage":0,"enemies":"Cultist","floor":1,"turns":3},{"damage":7,"enemies":"Jaw Worm","floor":2,"turns":4},{"damage":0,"enemies":"2 Louse","floor":3,"turns":2},{"damage":3,"enemies":"Blue Slaver","floor":4,"turns":6},{"damage":0,"enemies":"3 Louse","floor":5,"turns":3},{"damage":30,"enemies":"Lagavulin","floor":6,"turns":5},{"damage":0,"enemies":"Gremlin Nob","floor":8,"turns":2},{"damage":21,"enemies":"3 Sentries","floor":10,"turns":6},{"damage":8,"enemies":"Gremlin Nob","floor":13,"turns":3},{"damage":25,"enemies":"The Guardian","floor":16,"turns":15}],"seed_played":"-2568446903808255167","potions_obtained":[{"floor":3,"key":"Strength Potion"},{"floor":6,"key":"AttackPotion"},{"floor":10,"key":"Block Potion"},{"floor":16,"key":"Ambrosia"}],"is_trial":false,"path_per_floor":["M","M","M","M","M","E","R","E","T","E","R","$","?","?","R","B",null],"character_chosen":"WATCHER","items_purchased":["Question Card","Crescendo"],"campfire_rested":2,"item_purchase_floors":[12,12],"current_hp_per_floor":[61,54,54,51,51,21,56,56,56,35,35,35,27,16,51,26,58,58],"gold":233,"neow_bonus":"RANDOM_COMMON_RELIC","is_daily":false,"chose_seed":false,"campfire_upgraded":1,"win_rate":0.0,"timestamp":1614380962,"path_taken":["M","M","M","M","M","E","R","E","T","E","R","$","?","?","R","BOSS"],"items_purchased_type":["Relic","Card"],"build_version":"2020-12-22","purchased_purges":0,"victory":false,"max_hp_per_floor":[68,68,68,68,68,68,68,68,68,68,68,68,68,68,68,68,68,68],"relic_stats":{"Darkstone Periapt":0,"Regal Pillow":30,"counters":[10,49],"Ornamental Fan":[28],"Sundial":[2],"CeramicFish":162,"Yang":[43],"Pandora\u0027s Box":["MentalFortress","FearNoEvil","SashWhip","Indignation","Judgement","BattleHymn","SignatureMove","Sanctity"],"Question Card":2,"obtain_stats":[{"Darkstone Periapt":10,"Regal Pillow":6,"Matryoshka":13,"Ornamental Fan":8,"Sundial":14,"CeramicFish":0,"Yang":9,"Pandora\u0027s Box":17,"PureWater":0,"Question Card":12},{"Darkstone Periapt":8,"Regal Pillow":6,"Matryoshka":9,"Ornamental Fan":7,"Sundial":9,"CeramicFish":0,"Yang":7,"Pandora\u0027s Box":10,"PureWater":0,"Question Card":8},{"Darkstone Periapt":31,"Regal Pillow":23,"Matryoshka":34,"Ornamental Fan":25,"Sundial":34,"CeramicFish":0,"Yang":25,"Pandora\u0027s Box":49,"PureWater":0,"Question Card":31}]},"card_choices":[{"not_picked":["EmptyBody","FlyingSleeves"],"picked":"Conclude","floor":1},{"not_picked":["Sanctity","Consecrate"],"picked":"SashWhip","floor":2},{"not_picked":["ForeignInfluence","EmptyFist"],"picked":"BowlingBash","floor":3},{"not_picked":["BowlingBash","Weave","CrushJoints"],"picked":"SKIP","floor":4},{"not_picked":["Collect","Consecrate"],"picked":"CutThroughFate","floor":5},{"not_picked":["FollowUp","ThirdEye"],"picked":"EmptyFist","floor":6},{"not_picked":["Devotion","Consecrate"],"picked":"Adaptation","floor":8},{"not_picked":["BowlingBash","BattleHymn"],"picked":"FollowUp","floor":10},{"not_picked":["Prostrate","Crescendo","FollowUp"],"picked":"JustLucky","floor":13},{"not_picked":["SpiritShield","ConjureBlade","DeusExMachina"],"picked":"LessonLearned","floor":16}],"player_experience":575421,"relics_obtained":[{"floor":6,"key":"Regal Pillow"},{"floor":8,"key":"Ornamental Fan"},{"floor":9,"key":"Yang"},{"floor":10,"key":"Darkstone Periapt"},{"floor":13,"key":"Matryoshka"}],"event_choices":[{"damage_healed":0,"gold_gain":0,"player_choice":"Searched \u00271\u0027 times","damage_taken":0,"max_hp_gain":0,"max_hp_loss":0,"event_name":"Dead Adventurer","floor":13,"gold_loss":0},{"damage_healed":0,"gold_gain":0,"player_choice":"Success","damage_taken":11,"relics_obtained":["Sundial"],"max_hp_gain":0,"max_hp_loss":0,"event_name":"Scrap Ooze","floor":14,"gold_loss":0}],"is_beta":false,"boss_relics":[{"not_picked":["Snecko Eye","Cursed Key"],"picked":"Pandora\u0027s Box"}],"items_purged_floors":[],"is_endless":false,"potions_floor_spawned":[3,6,10,16],"ascension_level":20}}