{"host":"d0btaf6p0msba79e","time":1614356715,"event":{"mods":["BaseMod","BetterRewards","Minty Spire (QoL Compilation)"],"gold_per_floor":[110,124,124,13,13,13,44,44,89,108,108,108,108,139,139,237,237,255,180,229,2,20,48,48,81,81,110,110,123,155,172,172,268,268,288,340,358,121,136,171,171,185,185,185,185,185,203,231,231,231,231,231,38,68,68],"floor_reached":56,"language":"ENG","playtime":4014,"items_purged":["Strike_P","Defend_P","Strike_P"],"score":2200,"play_id":"a234884d-54ce-4fd7-bdb1-422afd15f7df","local_time":"20210227032515","is_ascension_mode":true,"campfire_choices":[{"floor":6.0,"key":"REST"},{"data":"Wallop","floor":11.0,"key":"SMITH"},{"data":"Establishment","floor":13.0,"key":"SMITH"},{"data":"BattleHymn","floor":15.0,"key":"SMITH"},{"floor":24.0,"key":"REST"},{"floor":28,"key":"REST"},{"data":"DevaForm","floor":32,"key":"SMITH"},{"floor":41,"key":"RECALL"},{"floor":45,"key":"REST"},{"floor":49,"key":"REST"},{"floor":52,"key":"REST"}],"circlet_count":0,"master_deck":["Strike_P","Strike_P","Defend_P","Defend_P","Eruption+1","Vigilance","WheelKick","Wallop+1","Establishment+1","SandsOfTime","BattleHymn+1","ClearTheMind","Evaluate","Protect+1","DevaForm+1","Wireheading","CutThroughFate","Swivel","CutThroughFate+1","Vault+1","CutThroughFate+1","Tantrum","CutThroughFate+1"],"relics":["PureWater","ClockworkSouvenir","Lizard Tail","Shuriken","HornCleat","Smiling Mask","Bottled Flame","Pen Nib","Meat on the Bone","Ancient Tea Set","Runic Pyramid","Regal Pillow","Membership Card","White Beast Statue","Ornamental Fan","Yang","Blue Candle","Fusion Hammer","StoneCalendar","War Paint","Art of War","Vajra","Mercury Hourglass","Eternal Feather","CloakClasp","Bag of Preparation"],"acts_visited":["Exordium","TheCity","TheBeyond","TheEnding"],"potions_floor_usage":[27,36,36,37,48,54,55],"damage_taken":[{"damage":0.0,"enemies":"Cultist","floor":1.0,"turns":3.0},{"damage":1.0,"enemies":"2 Louse","floor":2.0,"turns":2.0},{"damage":0.0,"enemies":"Lagavulin","floor":7.0,"turns":4.0},{"damage":0.0,"enemies":"Jaw Worm","floor":10.0,"turns":2.0},{"damage":0.0,"enemies":"Gremlin Nob","floor":14.0,"turns":3.0},{"damage":0.0,"enemies":"Slime Boss","floor":16.0,"turns":5.0},{"damage":28.0,"enemies":"2 Thieves","floor":18.0,"turns":4.0},{"damage":26.0,"enemies":"Shell Parasite","floor":22.0,"turns":5.0},{"damage":23.0,"enemies":"Gremlin Leader","floor":23.0,"turns":6.0},{"damage":31.0,"enemies":"Book of Stabbing","floor":25.0,"turns":5.0},{"damage":36,"enemies":"Slavers","floor":27,"turns":4},{"damage":0,"enemies":"Snake Plant","floor":29,"turns":3},{"damage":32,"enemies":"Book of Stabbing","floor":30,"turns":4},{"damage":1,"enemies":"Sentry and Sphere","floor":31,"turns":3},{"damage":20,"enemies":"Automaton","floor":33,"turns":8},{"damage":5,"enemies":"3 Shapes","floor":35,"turns":3},{"damage":0,"enemies":"2 Orb Walkers","floor":36,"turns":2},{"damage":3,"enemies":"3 Darklings","floor":37,"turns":5},{"damage":5,"enemies":"Sphere and 2 Shapes","floor":39,"turns":4},{"damage":0,"enemies":"Giant Head","floor":40,"turns":5},{"damage":40,"enemies":"Writhing Mass","floor":42,"turns":3},{"damage":26,"enemies":"Jaw Worm Horde","floor":47,"turns":4},{"damage":0,"enemies":"Reptomancer","floor":48,"turns":3},{"damage":52,"enemies":"Time Eater","floor":50,"turns":6},{"damage":14,"enemies":"Shield and Spear","floor":54,"turns":4},{"damage":59,"enemies":"The Heart","floor":55,"turns":7}],"seed_played":"5003777173170117638","potions_obtained":[{"floor":1.0,"key":"ColorlessPotion"},{"floor":7.0,"key":"FearPotion"},{"floor":14.0,"key":"CultistPotion"},{"floor":25.0,"key":"ColorlessPotion"},{"floor":27,"key":"AttackPotion"},{"floor":29,"key":"Ambrosia"},{"floor":36,"key":"Energy Potion"},{"floor":37,"key":"Ambrosia"},{"floor":39,"key":"FairyPotion"},{"floor":48,"key":"Weak Potion"},{"floor":54,"key":"Weak Potion"}],"is_trial":false,"path_per_floor":["M","M","?","$","$","R","E","T","T","M","R","T","R","E","R","B",null,"M","?","T","$","M","E","R","E","T","E","R","M","E","M","R","B",null,"M","?","M","$","M","E","R","M","T","?","R","?","M","E","R","B",null,"R","$","E","B",null],"character_chosen":"WATCHER","items_purchased":["ClockworkSouvenir","WheelKick","Shuriken","Wallop","SandsOfTime","BattleHymn","Membership Card","Wireheading","War Paint","Art of War","LiquidMemories","CloakClasp","Tantrum"],"campfire_rested":6,"item_purchase_floors":[0,0,0,0,4,4,21,21,38,38,38,53,53],"current_hp_per_floor":[21,20,20,20,20,41,41,41,41,41,41,41,41,41,41,41,64,48,48,48,48,34,23,59,40,40,16,52,52,32,43,43,35,63,58,58,55,55,50,50,50,22,22,22,57,57,43,43,68,28,58,68,68,54,27],"gold":68,"neow_bonus":"","is_daily":false,"chose_seed":false,"campfire_upgraded":4,"win_rate":0.0,"timestamp":1614356715,"path_taken":["M","?","?","?","$","R","E","?","T","M","R","?","R","E","R","BOSS","M","?","?","$","?","E","R","E","T","E","R","M","E","M","R","BOSS","M","?","M","$","M","E","R","M","T","?","R","?","?","E","R","BOSS","R","$","E","BOSS"],"items_purchased_type":["Relic","Card","Relic","Card","Card","Card","Relic","Card","Relic","Relic","Potion","Relic","Card"],"build_version":"2020-12-22","purchased_purges":3,"victory":true,"max_hp_per_floor":[72,72,72,72,72,72,72,72,72,72,72,72,72,72,72,72,72,72,72,72,72,72,72,72,72,72,72,72,72,72,72,72,72,72,72,72,72,72,72,72,72,72,72,68,68,68,68,68,68,68,68,68,68,68,68],"card_choices":[{"not_picked":["ClearTheMind","FlyingSleeves","Fasting2"],"picked":"SKIP","floor":1.0},{"not_picked":["EmptyFist","Consecrate"],"picked":"Establishment","floor":2.0},{"not_picked":["Weave","EmptyMind"],"picked":"ClearTheMind","floor":7.0},{"not_picked":["JustLucky","Crescendo"],"picked":"Evaluate","floor":10.0},{"not_picked":["SignatureMove","WreathOfFlame"],"picked":"Protect","floor":14.0},{"not_picked":["LessonLearned","Devotion"],"picked":"DevaForm","floor":16.0},{"not_picked":["MentalFortress","EmptyBody+1","FlurryOfBlows+1"],"picked":"SKIP","floor":18.0},{"not_picked":["Evaluate","FearNoEvil"],"picked":"CutThroughFate","floor":22.0},{"not_picked":["JustLucky","Nirvana"],"picked":"Swivel","floor":23.0},{"not_picked":["EmptyFist","Swivel","Brilliance"],"picked":"SKIP","floor":25.0},{"not_picked":["Prostrate","EmptyFist","BowlingBash"],"picked":"SKIP","floor":27},{"not_picked":["ReachHeaven","Vengeance"],"picked":"CutThroughFate+1","floor":29},{"not_picked":["Fasting2","Establishment","ConjureBlade"],"picked":"SKIP","floor":30},{"not_picked":["Prostrate","EmptyBody","Nirvana"],"picked":"SKIP","floor":31},{"not_picked":["Blasphemy","Wish"],"picked":"Vault","floor":33},{"not_picked":["Protect+1","Halt+1","Evaluate"],"picked":"SKIP","floor":35},{"not_picked":["ReachHeaven+1","SashWhip","BowlingBash+1"],"picked":"SKIP","floor":37},{"not_picked":["BowlingBash","SashWhip","Crescendo"],"picked":"SKIP","floor":39},{"not_picked":["Weave","PathToVictory+1"],"picked":"CutThroughFate+1","floor":40},{"not_picked":["LikeWater+1","Nirvana","SignatureMove+1"],"picked":"SKIP","floor":42},{"not_picked":["ThirdEye+1","Prostrate+1","SashWhip"],"picked":"SKIP","floor":47},{"not_picked":["BowlingBash+1","FlyingSleeves","DevaForm"],"picked":"SKIP","floor":48},{"not_picked":["SashWhip+1","Prostrate"],"picked":"CutThroughFate+1","floor":54}],"player_experience":1097836,"relics_obtained":[{"floor":7.0,"key":"Smiling Mask"},{"floor":8.0,"key":"Bottled Flame"},{"floor":9.0,"key":"Pen Nib"},{"floor":12.0,"key":"Meat on the Bone"},{"floor":14.0,"key":"Ancient Tea Set"},{"floor":20.0,"key":"Regal Pillow"},{"floor":23.0,"key":"White Beast Statue"},{"floor":25.0,"key":"Ornamental Fan"},{"floor":27,"key":"Yang"},{"floor":30,"key":"Blue Candle"},{"floor":36,"key":"StoneCalendar"},{"floor":40,"key":"Vajra"},{"floor":43,"key":"Mercury Hourglass"},{"floor":48,"key":"Eternal Feather"},{"floor":54,"key":"Bag of Preparation"}],"event_choices":[{"damage_healed":0.0,"max_hp_gain":0.0,"max_hp_loss":0.0,"gold_gain":0.0,"event_name":"Living Wall","player_choice":"Grow","floor":3.0,"gold_loss":0.0,"damage_taken":0.0,"cards_upgraded":["Eruption"]},{"cards_removed":["Defend_P"],"damage_healed":0.0,"max_hp_gain":0.0,"max_hp_loss":0.0,"gold_gain":0.0,"event_name":"Beggar","player_choice":"Gave Gold","floor":19.0,"gold_loss":75.0,"damage_taken":0.0},{"damage_healed":0,"gold_gain":0,"player_choice":"Fight","damage_taken":0,"max_hp_gain":0,"max_hp_loss":0,"event_name":"Mysterious Sphere","floor":36,"gold_loss":0},{"damage_healed":0,"gold_gain":0,"player_choice":"Max HP","damage_taken":0,"max_hp_gain":0,"max_hp_loss":4,"event_name":"Winding Halls","floor":44,"gold_loss":0},{"damage_healed":0,"gold_gain":0,"player_choice":"0 cards matched","damage_taken":0,"max_hp_gain":0,"max_hp_loss":0,"event_name":"Match and Keep!","floor":46,"gold_loss":0,"cards_obtained":[]}],"is_beta":false,"boss_relics":[{"not_picked":["VioletLotus","Snecko Eye"],"picked":"Runic Pyramid"},{"not_picked":["Pandora\u0027s Box","HolyWater"],"picked":"Fusion Hammer"}],"items_purged_floors":[0,21,38],"is_endless":false,"potions_floor_spawned":[1,7,14,25,27,29,30,31,33,35,36,37,39,40,42,47,48,54],"ascension_level":7}}