{"host":"k9djwzw02bmhn5cl","time":1614349912,"event":{"mods":["AchievementEnabler","BaseMod","Colored Map","Colored Powertips","Highlight Path","Minty Spire (QoL Compilation)","Quick Restart","Rare Cards Sparkle","StSLib"],"gold_per_floor":[117,135,135,135,135,135,158,193,193,193,268,304,304,340,340,468,468,481,8,8,21,39,39,73,73,120,220,220,220,237,254,254,357,357,370,130,146,106,125,125,153,167,190,67,17,0,0,16,16,16,16],"floor_reached":50,"language":"JPN","playtime":2980,"items_purged":[],"score":581,"play_id":"673e70d7-ebf8-4800-9a80-e4d5ec7db2ea","local_time":"20210226233152","is_ascension_mode":false,"campfire_choices":[{"data":"Rampage","floor":6,"key":"SMITH"},{"floor":13,"key":"REST"},{"floor":15,"key":"REST"},{"data":"Infernal Blade","floor":23,"key":"SMITH"},{"data":"Strike_R","floor":29,"key":"PURGE"},{"floor":32,"key":"RECALL"},{"data":"Dark Embrace","floor":40,"key":"SMITH"},{"data":"Bash","floor":49,"key":"SMITH"}],"circlet_count":0,"master_deck":["Strike_R+1","Strike_R","Defend_R","Defend_R","Defend_R","Bash+1","Rampage+1","Infernal Blade+1","Battle Trance+1","Double Tap+1","True Grit+1","Anger+1","Offering+1","CurseOfTheBell","Shrug It Off+1","Inflame+1","Rage+1","Exhume+1","Dark Embrace+1","Limit Break+1","Metallicize+1","Cleave+1","Limit Break+1","Sever Soul+1","Dark Shackles+1","Heavy Blade+1","Flex+1","Blood for Blood+1","Pummel+1","Fiend Fire","Body Slam"],"relics":["Burning Blood","NeowsBlessing","Bloody Idol","Toxic Egg 2","Self Forming Clay","Potion Belt","Ornamental Fan","InkBottle","Singing Bowl","Calling Bell","Pen Nib","Shuriken","Turnip","Paper Frog","Whetstone","Dream Catcher","Bronze Scales","Peace Pipe","Bottled Flame","Runic Cube","Bag of Preparation","Oddly Smooth Stone","Red Mask"],"acts_visited":["Exordium","TheCity","TheBeyond"],"potions_floor_usage":[8,8,42,42,50,50,50,50],"damage_taken":[{"damage":0,"enemies":"Jaw Worm","floor":1,"turns":1},{"damage":0,"enemies":"Small Slimes","floor":2,"turns":2},{"damage":0,"enemies":"2 Louse","floor":7,"turns":1},{"damage":0,"enemies":"Gremlin Nob","floor":8,"turns":2},{"damage":35,"enemies":"3 Sentries","floor":12,"turns":10},{"damage":24,"enemies":"Lagavulin","floor":14,"turns":6},{"damage":27,"enemies":"Hexaghost","floor":16,"turns":9},{"damage":14,"enemies":"Shell Parasite","floor":18,"turns":3},{"damage":16,"enemies":"Chosen","floor":21,"turns":3},{"damage":6,"enemies":"3 Cultists","floor":22,"turns":4},{"damage":7,"enemies":"Book of Stabbing","floor":24,"turns":3},{"damage":6,"enemies":"Colosseum Slavers","floor":27,"turns":4},{"damage":13,"enemies":"Colosseum Nobs","floor":27,"turns":2},{"damage":12,"enemies":"Shelled Parasite and Fungi","floor":30,"turns":2},{"damage":18,"enemies":"Centurion and Healer","floor":31,"turns":3},{"damage":26,"enemies":"Collector","floor":33,"turns":4},{"damage":11,"enemies":"3 Shapes","floor":35,"turns":3},{"damage":41,"enemies":"3 Darklings","floor":37,"turns":3},{"damage":9,"enemies":"4 Shapes","floor":39,"turns":1},{"damage":19,"enemies":"Reptomancer","floor":41,"turns":3},{"damage":6,"enemies":"Transient","floor":42,"turns":5},{"damage":33,"enemies":"Writhing Mass","floor":48,"turns":4},{"damage":63,"enemies":"Time Eater","floor":50,"turns":6}],"seed_played":"-8490899632721615573","potions_obtained":[{"floor":1,"key":"Strength Potion"},{"floor":2,"key":"SteroidPotion"},{"floor":16,"key":"Fire Potion"},{"floor":21,"key":"Weak Potion"},{"floor":22,"key":"Dexterity Potion"},{"floor":35,"key":"EssenceOfSteel"},{"floor":37,"key":"BloodPotion"}],"is_trial":false,"path_per_floor":["M","M","?","?","?","R","M","E","T","?","?","E","R","E","R","B",null,"M","$","?","M","M","R","E","?","T","?","?","R","M","M","R","B",null,"M","$","M","?","M","R","E","M","T","$","$","?","$","M","R","B"],"character_chosen":"IRONCLAD","items_purchased":["Inflame","Paper Frog","Whetstone","Dark Shackles+1","Bag of Preparation","Fiend Fire","Body Slam","FearPotion"],"campfire_rested":2,"item_purchase_floors":[19,19,19,36,36,44,44,45],"current_hp_per_floor":[80,80,60,53,35,35,41,47,47,47,36,7,31,13,37,16,80,72,72,72,69,74,74,80,80,84,84,84,84,83,76,76,61,86,86,86,56,56,58,58,50,72,77,77,77,77,77,57,57,0,0],"gold":16,"neow_bonus":"THREE_ENEMY_KILL","is_daily":false,"chose_seed":false,"campfire_upgraded":4,"win_rate":0.0,"timestamp":1614349912,"path_taken":["M","M","?","?","?","R","M","E","T","?","?","E","R","E","R","BOSS","M","$","?","M","M","R","E","?","T","?","?","R","M","?","R","BOSS","M","$","M","?","M","R","E","M","T","?","$","?","?","?","R","BOSS"],"items_purchased_type":["Card","Relic","Relic","Card","Relic","Card","Card","Potion"],"build_version":"2020-12-22","purchased_purges":0,"victory":false,"max_hp_per_floor":[80,80,80,80,80,80,80,80,80,80,80,80,80,80,80,80,80,80,80,80,82,82,82,84,84,84,86,86,86,86,86,86,86,86,86,86,86,86,86,86,86,86,86,86,86,86,86,88,88,88,88],"card_choices":[{"not_picked":["Pummel","Rage"],"picked":"Rampage","floor":1},{"not_picked":["Shrug It Off","Combust"],"picked":"Infernal Blade","floor":2},{"not_picked":["Pommel Strike","Second Wind+1"],"picked":"Battle Trance+1","floor":7},{"not_picked":["Burning Pact+1","Limit Break+1"],"picked":"Double Tap+1","floor":8},{"not_picked":["Sword Boomerang","Thunderclap"],"picked":"True Grit+1","floor":12},{"not_picked":["Wild Strike","Sword Boomerang"],"picked":"Anger","floor":14},{"not_picked":["Berserk","Impervious+1"],"picked":"Offering+1","floor":16},{"not_picked":["Wild Strike","Warcry+1"],"picked":"Shrug It Off+1","floor":18},{"not_picked":["Armaments+1","Flame Barrier+1","Sword Boomerang"],"picked":"Singing Bowl","floor":21},{"not_picked":["Warcry+1","Twin Strike"],"picked":"Rage+1","floor":22},{"not_picked":["Cleave+1","Battle Trance+1","Sword Boomerang+1"],"picked":"Singing Bowl","floor":24},{"not_picked":["Second Wind+1","Searing Blow+1","Headbutt"],"picked":"Singing Bowl","floor":27},{"not_picked":["Headbutt","True Grit+1"],"picked":"Metallicize+1","floor":30},{"not_picked":["Wild Strike","Carnage"],"picked":"Cleave+1","floor":31},{"not_picked":["Brutality","Reaper"],"picked":"Limit Break+1","floor":33},{"not_picked":["Perfected Strike+1","Wild Strike+1"],"picked":"Sever Soul+1","floor":35},{"not_picked":["Battle Trance+1","Twin Strike+1"],"picked":"Heavy Blade+1","floor":37},{"not_picked":["Cleave+1","Burning Pact+1"],"picked":"Flex+1","floor":39},{"not_picked":["Reckless Charge","Searing Blow"],"picked":"Blood for Blood+1","floor":41},{"not_picked":["Sword Boomerang","Perfected Strike"],"picked":"Pummel+1","floor":42},{"not_picked":["Sword Boomerang+1","Anger","Havoc+1"],"picked":"Singing Bowl","floor":48}],"player_experience":190980,"relics_obtained":[{"floor":8,"key":"Self Forming Clay"},{"floor":9,"key":"Potion Belt"},{"floor":12,"key":"InkBottle"},{"floor":14,"key":"Singing Bowl"},{"floor":17,"key":"Pen Nib"},{"floor":17,"key":"Shuriken"},{"floor":17,"key":"Turnip"},{"floor":24,"key":"Dream Catcher"},{"floor":26,"key":"Bronze Scales"},{"floor":27,"key":"Peace Pipe"},{"floor":27,"key":"Bottled Flame"},{"floor":41,"key":"Oddly Smooth Stone"}],"event_choices":[{"damage_healed":0,"gold_gain":0,"player_choice":"Take Damage","damage_taken":20,"relics_obtained":["Golden Idol"],"max_hp_gain":0,"max_hp_loss":0,"event_name":"Golden Idol","floor":3,"gold_loss":0},{"cards_removed":["Defend_R"],"damage_healed":0,"gold_gain":0,"player_choice":"Card Removal","damage_taken":7,"max_hp_gain":0,"max_hp_loss":0,"event_name":"Golden Wing","floor":4,"gold_loss":0},{"damage_healed":0,"gold_gain":0,"player_choice":"Success","damage_taken":18,"relics_obtained":["Toxic Egg 2"],"max_hp_gain":0,"max_hp_loss":0,"event_name":"Scrap Ooze","floor":5,"gold_loss":0},{"damage_healed":0,"gold_gain":0,"player_choice":"Searched \u00272\u0027 times","damage_taken":0,"relics_obtained":["Ornamental Fan"],"max_hp_gain":0,"max_hp_loss":0,"event_name":"Dead Adventurer","floor":10,"gold_loss":0},{"damage_healed":0,"gold_gain":75,"player_choice":"Gather Gold","damage_taken":11,"max_hp_gain":0,"max_hp_loss":0,"event_name":"World of Goop","floor":11,"gold_loss":0},{"damage_healed":0,"gold_gain":0,"player_choice":"Gave Idol","damage_taken":0,"relics_obtained":["Bloody Idol"],"max_hp_gain":0,"max_hp_loss":0,"event_name":"Forgotten Altar","floor":20,"relics_lost":["Golden Idol"],"gold_loss":0},{"damage_healed":0,"gold_gain":0,"cards_transformed":["Strike_R","Strike_R"],"player_choice":"Became Test Subject","damage_taken":0,"max_hp_gain":0,"max_hp_loss":0,"event_name":"Drug Dealer","floor":25,"gold_loss":0,"cards_obtained":["Exhume","Dark Embrace"]},{"damage_healed":0,"gold_gain":0,"player_choice":"Fight","damage_taken":0,"max_hp_gain":0,"max_hp_loss":0,"event_name":"Colosseum","floor":27,"gold_loss":0},{"damage_healed":0,"gold_gain":0,"player_choice":"Fought Nobs","damage_taken":0,"max_hp_gain":0,"max_hp_loss":0,"event_name":"Colosseum","floor":27,"gold_loss":0},{"damage_healed":0,"gold_gain":0,"player_choice":"Read","damage_taken":0,"max_hp_gain":0,"max_hp_loss":0,"event_name":"The Library","floor":28,"gold_loss":0,"cards_obtained":["Limit Break"]},{"damage_healed":0,"gold_gain":0,"player_choice":"Upgrade","damage_taken":0,"max_hp_gain":0,"max_hp_loss":0,"event_name":"Designer","floor":38,"gold_loss":40,"cards_upgraded":["Inflame"]},{"damage_healed":0,"gold_gain":0,"player_choice":"Paid","damage_taken":0,"relics_obtained":["Red Mask"],"max_hp_gain":0,"max_hp_loss":0,"event_name":"Tomb of Lord Red Mask","floor":46,"gold_loss":17}],"is_beta":false,"boss_relics":[{"not_picked":["Cursed Key","Black Blood"],"picked":"Calling Bell"},{"not_picked":["Sozu","Runic Pyramid"],"picked":"Runic Cube"}],"items_purged_floors":[],"is_endless":false,"potions_floor_spawned":[1,2,16,21,22,27,35,37,39],"killed_by":"Time Eater","ascension_level":0}}