{"host":"2haferq23ht5nrlk","time":1614342244,"event":{"mods":["ATMod(阿瑾Mod)","AchievementEnabler","Alarm Clock","Aspiration","BaseMod","BetterRewards","Colored Powertips","Conspire","Dota2Spire","Faster Ascension Climbing","Infinite Spire","KomeijiMod","Library of Ruina","Library of Ruina Extra","Lobotomy","LobotomyExtend","Marked Mod","Minty Spire (QoL Compilation)","Quick Restart","Relic Filter Mod","Relic Stats","Reliquary","Replay The Spire","RumiaBox-露米娅的神秘盒子","Spicy Shops","StSLib","TestMod","The Cursed","The Jungle","UnlockEverythingMod","【遗物卡牌】REMEMod"],"gold_per_floor":[119,119,38,313,332,389,411,462,489,489,489,489,511,511,511,625,625,651,1051,1051,1051,1083,1132,1132,1165,1190,1190,1220,1220],"floor_reached":28,"language":"ZHS","playtime":1467,"items_purged":[],"score":463,"play_id":"25f989de-d88e-4b09-8e7f-e3f621891c41","local_time":"20210226202404","is_ascension_mode":true,"campfire_choices":[{"floor":11,"key":"REST"},{"data":"TheCursedMod:SpitefulPlan","floor":15,"key":"SMITH"},{"data":"TheCursedMod:TacticalStrike","floor":24,"key":"SMITH"},{"data":"TheCursedMod:SpitefulPray","floor":27,"key":"SMITH"}],"circlet_count":0,"master_deck":["TheCursedMod:Strike_TheCursed","TheCursedMod:CleanUpWorkshop","TheCursedMod:SpitefulStrike","TheCursedMod:TacticalStrike","TheCursedMod:VitalStrike+1","TheCursedMod:FuryStrike","TheCursedMod:FuryStrike","TheCursedMod:CircleOfWindfury","TheCursedMod:CursedSpellbook","TheCursedMod:StunningStrike","AT_IchimonjiDouble+1","testmod-Provocation","TheCursedMod:LuckyCharm","Languid","TheCursedMod:ReleasedStrength","TheCursedMod:CursedShiv","TheCursedMod:AntiAging","TheCursedMod:SpitefulStrike","TheCursedMod:TacticalStrike+1","Regret","TheCursedMod:CursedBlade","TheCursedMod:CursedMace+1","TheCursedMod:SpitefulPlan+1","TheCursedMod:LuckyCharm","Injury","TheCursedMod:VitalStrike+1","TheCursedMod:NeowsMight+1","TheCursedMod:LuckyCharm","TheCursedMod:WearCloak+1","TheCursedMod:Evocation+1","TheCursedMod:SpitefulPray+1"],"relics":["TheCursedMod:FourLeafCloverCharm","AT_ATBox","testmod-TestBox","ReplayTheSpireMod:CursedCoin","Replay:Bandana","SSSystem","LetterFromLob","Pocketwatch","reliquary:Vitrine","Molten Egg 2","EasyGame_NEW","HonorFeather","testmod-CyclicPeriapt","Vajra","reliquary:SharkskinSheath"],"acts_visited":["Exordium","TheCity"],"potions_floor_usage":[18,18,22],"damage_taken":[{"damage":10,"enemies":"Small Slimes","floor":1,"turns":2},{"damage":4,"enemies":"Cultist","floor":5,"turns":3},{"damage":0,"enemies":"Lagavulin","floor":6,"turns":3},{"damage":0,"enemies":"2 Louse","floor":7,"turns":1},{"damage":12,"enemies":"3 Sentries","floor":8,"turns":4},{"damage":1,"enemies":"2 Fungi Beasts","floor":13,"turns":3},{"damage":8,"enemies":"Fading Forest","floor":16,"turns":10},{"damage":5,"enemies":"Shell Parasite","floor":18,"turns":3},{"damage":10,"enemies":"Shell Parasite","floor":22,"turns":3},{"damage":0,"enemies":"Gremlin Leader","floor":23,"turns":4},{"damage":10,"enemies":"Chosen","floor":25,"turns":2},{"damage":95,"enemies":"Nightmare","floor":28,"turns":4}],"seed_played":"-3464143970759625634","potions_obtained":[{"floor":1,"key":"Strength Potion"},{"floor":6,"key":"Dexterity Potion"},{"floor":7,"key":"TheCursedMod:DregsPotion"},{"floor":25,"key":"Ancient Potion"}],"is_trial":false,"path_per_floor":["M","?","$","?","M","E","M","E","T","?","R","?","M","?","R","B",null,"M","?","AVR","?","M","E","R","M","T","R","NM"],"character_chosen":"THE_CURSED","items_purchased":["TheCursedMod:LuckyCharm","ReplayTheSpireMod:CursedCoin","Replay:Bandana","TheCursedMod:ReleasedStrength","TheCursedMod:CursedShiv","SSSystem","TheCursedMod:AntiAging","TheCursedMod:TacticalStrike"],"campfire_rested":1,"item_purchase_floors":[0,0,0,0,0,0,0,3],"current_hp_per_floor":[57,57,57,57,53,55,55,43,43,28,51,51,52,52,52,56,81,67,67,67,67,57,57,83,73,73,83,0,0],"gold":1220,"neow_bonus":"","is_daily":false,"chose_seed":false,"campfire_upgraded":3,"win_rate":0.0,"timestamp":1614342244,"path_taken":["M","?","$","?","M","E","?","E","T","?","R","?","M","?","R","BOSS","M","?","AVR","?","M","E","R","?","T","R","NM"],"items_purchased_type":["Card","Relic","Relic","Card","Card","Relic","Card","Card"],"build_version":"2020-12-22","purchased_purges":0,"victory":false,"max_hp_per_floor":[75,75,75,75,75,77,77,77,77,77,77,77,79,79,79,81,81,83,83,83,83,83,83,83,83,83,83,85,85],"relic_stats":{"counters":[42,144],"obtain_stats":[{"reliquary:OuijaBoard":45,"TheCursedMod:FourLeafCloverCharm":2,"HonorFeather":18,"AT_ATBox":0,"Torii":20,"SSSystem":0,"Vajra":23,"Dota2Spire:RefresherOrb":34,"Replay:Bandana":0,"AT_Kusabimaru":0,"testmod-InjuryResistance":26,"MealTicket":9,"Chemical X":19,"reliquary:Vitrine":8,"ZombieArmy":24,"reliquary:SharkskinSheath":26,"TheCursedMod:BlackMagic101":0,"testmod-TestBox":0,"aspiration:FetidBarrel":36,"ReplayTheSpireMod:CursedCoin":0,"Astrolabe":17,"testmod-CyclicPeriapt":20,"AT_SilvercatRing":28,"testmod-IndustrialRevolution":46,"AT_ImmortalShieldbow":6,"PageOfHappyTeddyBear":44,"reliquary:Craggleroot":51,"Molten Egg 2":12,"LetterFromLob":1,"EasyGame_NEW":17,"REME_ComplimentaryCards":0,"GodSword1":30,"Pocketwatch":6},{"reliquary:OuijaBoard":25,"TheCursedMod:FourLeafCloverCharm":31,"HonorFeather":38,"AT_ATBox":0,"Torii":11,"SSSystem":30,"Vajra":40,"Dota2Spire:RefresherOrb":17,"Replay:Bandana":30,"AT_Kusabimaru":0,"testmod-InjuryResistance":12,"MealTicket":5,"Chemical X":11,"reliquary:Vitrine":35,"ZombieArmy":12,"reliquary:SharkskinSheath":41,"TheCursedMod:BlackMagic101":0,"testmod-TestBox":0,"aspiration:FetidBarrel":18,"ReplayTheSpireMod:CursedCoin":30,"Astrolabe":10,"testmod-CyclicPeriapt":38,"AT_SilvercatRing":14,"testmod-IndustrialRevolution":25,"AT_ImmortalShieldbow":4,"PageOfHappyTeddyBear":24,"reliquary:Craggleroot":28,"Molten Egg 2":35,"LetterFromLob":1,"EasyGame_NEW":37,"REME_ComplimentaryCards":0,"GodSword1":15,"Pocketwatch":33},{"reliquary:OuijaBoard":82,"TheCursedMod:FourLeafCloverCharm":104,"HonorFeather":131,"AT_ATBox":0,"Torii":25,"SSSystem":102,"Vajra":138,"Dota2Spire:RefresherOrb":57,"Replay:Bandana":102,"AT_Kusabimaru":0,"testmod-InjuryResistance":31,"MealTicket":13,"Chemical X":25,"reliquary:Vitrine":115,"ZombieArmy":31,"reliquary:SharkskinSheath":140,"TheCursedMod:BlackMagic101":0,"testmod-TestBox":0,"aspiration:FetidBarrel":60,"ReplayTheSpireMod:CursedCoin":102,"Astrolabe":24,"testmod-CyclicPeriapt":131,"AT_SilvercatRing":37,"testmod-IndustrialRevolution":82,"AT_ImmortalShieldbow":10,"PageOfHappyTeddyBear":80,"reliquary:Craggleroot":94,"Molten Egg 2":115,"LetterFromLob":2,"EasyGame_NEW":128,"REME_ComplimentaryCards":0,"GodSword1":41,"Pocketwatch":110}],"Pocketwatch":[24]},"card_choices":[{"not_picked":["TheCursedMod:CursedBlade","TheCursedMod:SpreadPlague"],"picked":"TheCursedMod:SpitefulStrike","floor":1},{"not_picked":["TheCursedMod:Torture","TheCursedMod:SmokeScreen"],"picked":"TheCursedMod:CursedBlade","floor":5},{"not_picked":["TheCursedMod:RavingStaff","TheCursedMod:Obscuration"],"picked":"TheCursedMod:CursedMace","floor":6},{"not_picked":["TheCursedMod:BloodBarrier","TheCursedMod:RavingStaff"],"picked":"TheCursedMod:SpitefulPlan","floor":7},{"not_picked":["TheCursedMod:Torture","TheCursedMod:ShockAndAwe"],"picked":"TheCursedMod:LuckyCharm","floor":8},{"not_picked":["TheCursedMod:CursedStaff+1","TheCursedMod:CursedBlade+1"],"picked":"TheCursedMod:VitalStrike+1","floor":13},{"not_picked":["TheCursedMod:ForbiddenAlchemy","TheCursedMod:StunningStrike+1"],"picked":"TheCursedMod:NeowsMight","floor":16},{"not_picked":["TheCursedMod:Wield+1","TheCursedMod:AshesToAshes+1"],"picked":"TheCursedMod:WearCloak+1","floor":22},{"not_picked":["TheCursedMod:LuckyCharm","TheCursedMod:WearCloak"],"picked":"TheCursedMod:Evocation+1","floor":23},{"not_picked":["TheCursedMod:HellsGateOpen","TheCursedMod:CircleOfFlame+1"],"picked":"TheCursedMod:SpitefulPray","floor":25}],"player_experience":43067,"relics_obtained":[{"floor":1,"key":"LetterFromLob"},{"floor":6,"key":"Pocketwatch"},{"floor":8,"key":"reliquary:Vitrine"},{"floor":23,"key":"Vajra"},{"floor":26,"key":"reliquary:SharkskinSheath"}],"event_choices":[{"damage_healed":0,"gold_gain":0,"player_choice":"Swap Relic","damage_taken":0,"relics_obtained":["REME_ComplimentaryCards"],"max_hp_gain":0,"max_hp_loss":0,"event_name":"给自己的盒子","floor":2,"relics_lost":["REME_ComplimentaryCards"],"gold_loss":0},{"damage_healed":0,"gold_gain":275,"player_choice":"Desecrate","damage_taken":0,"max_hp_gain":0,"max_hp_loss":0,"event_name":"Golden Shrine","floor":4,"gold_loss":0,"cards_obtained":["Regret"]},{"damage_healed":0,"gold_gain":0,"player_choice":"Entered Light","damage_taken":15,"max_hp_gain":0,"max_hp_loss":0,"event_name":"Shining Light","floor":10,"gold_loss":0,"cards_upgraded":["AT_IchimonjiDouble","TheCursedMod:CursedMace"]},{"damage_healed":0,"gold_gain":400,"player_choice":"Sell","damage_taken":0,"max_hp_gain":0,"max_hp_loss":0,"event_name":"恩洛斯的盘子","floor":19,"relics_lost":["REME_ComplimentaryCards"],"gold_loss":0},{"damage_healed":0,"gold_gain":0,"player_choice":"Ignored","damage_taken":0,"max_hp_gain":0,"max_hp_loss":0,"event_name":"Fountain of Cleansing","floor":21,"gold_loss":0}],"is_beta":false,"boss_relics":[{"not_picked":["conspire:RoyalGoblet","Busted Crown"],"picked":"EasyGame_NEW"}],"items_purged_floors":[],"is_endless":false,"potions_floor_spawned":[1,6,7,8,18,25],"killed_by":"Nightmare","ascension_level":1}}