{"host":"7wi4qgm5yw4j7oz0","time":1614350930,"event":{"mods":["AchievementEnabler","BaseMod","Block Reminder","Colored Map","Colored Powertips","Highlight Path","Minty Spire (QoL Compilation)","Permanent Neow","Random Character Button","StSLib","SuperFastMode","everything is the same but u backflip on backflip"],"gold_per_floor":[116,134,134,145,161,161,193,193,219,244,394,263,279,294,294,294,294],"floor_reached":16,"language":"KOR","playtime":615,"items_purged":["Doubt"],"score":213,"play_id":"f68e6a7a-faf5-49af-9313-1a5a120ebebc","local_time":"20210226234850","is_ascension_mode":true,"campfire_choices":[{"data":"Body Slam","floor":6.0,"key":"SMITH"},{"floor":8.0,"key":"REST"},{"data":"Evolve","floor":15.0,"key":"SMITH"}],"circlet_count":0,"master_deck":["AscendersBane","Strike_R","Strike_R","Strike_R","Strike_R","Strike_R","Defend_R","Defend_R","Defend_R","Defend_R","Bash","Sword Boomerang","Body Slam+1","Perfected Strike","Twin Strike","Evolve+1","Fiend Fire","Shrug It Off","Perfected Strike","Power Through"],"relics":["Burning Blood","Toy Ornithopter","Centennial Puzzle","Anchor"],"acts_visited":["Exordium"],"potions_floor_usage":[16],"damage_taken":[{"damage":6.0,"enemies":"2 Louse","floor":1.0,"turns":3.0},{"damage":9.0,"enemies":"Jaw Worm","floor":2.0,"turns":3.0},{"damage":12.0,"enemies":"Cultist","floor":4.0,"turns":4.0},{"damage":0.0,"enemies":"Large Slime","floor":5.0,"turns":4.0},{"damage":40.0,"enemies":"3 Sentries","floor":7.0,"turns":7.0},{"damage":32.0,"enemies":"Gremlin Nob","floor":10.0,"turns":4.0},{"damage":20.0,"enemies":"Lots of Slimes","floor":13.0,"turns":6.0},{"damage":0.0,"enemies":"2 Fungi Beasts","floor":14.0,"turns":2.0},{"damage":41,"enemies":"Hexaghost","floor":16,"turns":11}],"seed_played":"6647714279334170376","potions_obtained":[{"floor":2.0,"key":"DistilledChaos"},{"floor":4.0,"key":"SpeedPotion"},{"floor":7.0,"key":"LiquidBronze"},{"floor":13.0,"key":"DistilledChaos"},{"floor":14.0,"key":"Swift Potion"}],"is_trial":false,"path_per_floor":["M","M","?","M","M","R","E","R","T","E","?","$","M","M","R","B"],"character_chosen":"IRONCLAD","items_purchased":["Shrug It Off"],"campfire_rested":1,"item_purchase_floors":[12],"current_hp_per_floor":[68,65,65,59,65,65,31,53,53,32,32,32,18,34,34,0,0],"gold":294,"neow_bonus":"THREE_CARDS","is_daily":false,"chose_seed":false,"campfire_upgraded":2,"win_rate":0.0,"timestamp":1614350930,"path_taken":["M","M","?","M","M","R","E","R","T","E","?","$","M","M","R","BOSS"],"items_purchased_type":["Card"],"build_version":"2020-12-22","purchased_purges":1,"victory":false,"max_hp_per_floor":[75,75,75,75,75,75,75,75,75,75,75,75,75,75,75,75,75],"card_choices":[{"not_picked":["Disarm","Pummel"],"picked":"Sword Boomerang","floor":0.0},{"not_picked":["Heavy Blade","Clash"],"picked":"Body Slam","floor":1.0},{"not_picked":["Pummel","Ghostly Armor"],"picked":"Perfected Strike","floor":2.0},{"not_picked":["Havoc","Shrug It Off"],"picked":"Twin Strike","floor":4.0},{"not_picked":["Armaments","Sever Soul"],"picked":"Evolve","floor":5.0},{"not_picked":["Dark Embrace","Anger","Sword Boomerang"],"picked":"SKIP","floor":7.0},{"not_picked":["Clash","Disarm"],"picked":"Fiend Fire","floor":10.0},{"not_picked":["Burning Pact","Shockwave"],"picked":"Perfected Strike","floor":13.0},{"not_picked":["Shockwave","Warcry"],"picked":"Power Through","floor":14.0}],"player_experience":381254,"relics_obtained":[{"floor":7.0,"key":"Toy Ornithopter"},{"floor":9.0,"key":"Centennial Puzzle"},{"floor":10.0,"key":"Anchor"}],"event_choices":[{"damage_healed":0.0,"max_hp_gain":0.0,"max_hp_loss":0.0,"gold_gain":0.0,"event_name":"Golden Idol","player_choice":"Ignored","floor":3.0,"gold_loss":0.0,"damage_taken":0.0},{"damage_healed":0.0,"max_hp_gain":0.0,"max_hp_loss":0.0,"gold_gain":150.0,"event_name":"Liars Game","player_choice":"AGREE","floor":11.0,"gold_loss":0.0,"damage_taken":0.0,"cards_obtained":["Doubt"]}],"is_beta":false,"boss_relics":[],"items_purged_floors":[12],"is_endless":false,"potions_floor_spawned":[2,4,7,13,14],"killed_by":"Hexaghost","ascension_level":18}}