{"host":"dzs26xzxvr8oc34c","time":1614348690,"event":{"mods":["100% Spire Juice","Act Like it!","Arknights","BaseMod","Colored Map","Downfall","Minty Spire (QoL Compilation)","StSLib","SuperFastMode","Waifu the Spire"],"gold_per_floor":[113,125,125,139,139,139,205,224,269,307,325,360,360,135,135,239,248,267,286,33,42,68,103,132,163,211,211,253,262,286,9,9,113,113,142,169,169,219,235,271,271,313,313,313,313,313,313,357,357,357,357,357,176,204,204],"floor_reached":56,"language":"ZHS","playtime":2047,"items_purged":["ats:Strike S","ats:Defend","ats:Defend","ats:Strike C+1"],"score":1504,"play_id":"13443871-7a8e-41f1-847f-de4ab0ddf4bf","local_time":"20210226221130","is_ascension_mode":true,"campfire_choices":[{"data":"ats:Very Hot Blade","floor":6,"key":"SMITH"},{"data":"ats:Sashimi Platter","floor":13,"key":"SMITH"},{"data":"ats:Emotion Absorption","floor":15,"key":"SMITH"},{"data":"ats:Echo Reverb","floor":27,"key":"SMITH"},{"floor":32,"key":"RECALL"},{"data":"ats:Soul Absorption","floor":41,"key":"SMITH"},{"data":"ats:Durian","floor":44,"key":"SMITH"},{"floor":47,"key":"DIG"},{"floor":49,"key":"DIG"},{"floor":52,"key":"DIG"}],"circlet_count":0,"master_deck":["ats:Strike V+1","ats:Armor Crushing Shot+1","ats:Emotion Absorption+1","ats:Apocalypse","ats:Very Hot Blade+1","ats:Leaping Hammer+1","ats:Sashimi Platter+1","ats:Serious Mode+1","ats:Echo Reverb+1","CurseOfTheBell","ats:Demon Strength+1","ats:Red Shift+1","Necronomicurse","ats:Flexible Camouflage+1","ats:Sashimi Platter+1","ats:Closed Bolt Burst Fire+1","ats:Healing Strengthening+1","ats:Collapsing Strike+1","ats:Spore Proliferation","ats:Durian+1","ats:Soul Absorption+1","ats:Demon Strength+1","ats:Demon Strength+1","ats:Composite Medical Shells+1","ats:Closed Bolt Burst Fire+1","ats:Chain Hook+1"],"relics":["ats:Sanity","NeowsBlessing","CeramicFish","Anchor","ats:Originium","Frozen Egg 2","ats:Ability Aura","ats:Hidden Killer","Calling Bell","Strawberry","Molten Egg 2","StoneCalendar","Bag of Marbles","Necronomicon","Whetstone","Shovel","Bottled Lightning","Vajra","SlaversCollar","TungstenRod","ats:Emergency Defibrillator","ats:Lavender","sneckomod:BlankCard","Darkstone Periapt","Thread and Needle","ats:Rhine Circuitry","Sundial","Mummified Hand","Art of War"],"acts_visited":["Exordium","TheCity","TheBeyond","TheEnding"],"potions_floor_usage":[10,12],"damage_taken":[{"damage":0,"enemies":"ats:Genji","floor":1,"turns":1},{"damage":0,"enemies":"2 Louse","floor":2,"turns":1},{"damage":0,"enemies":"Cultist","floor":4,"turns":1},{"damage":38,"enemies":"3 Sentries","floor":7,"turns":10},{"damage":11,"enemies":"Looter","floor":8,"turns":2},{"damage":35,"enemies":"Lagavulin","floor":10,"turns":6},{"damage":0,"enemies":"2 Fungi Beasts","floor":11,"turns":2},{"damage":19,"enemies":"3 Sentries","floor":12,"turns":6},{"damage":70,"enemies":"The Guardian","floor":16,"turns":8},{"damage":14,"enemies":"Chosen","floor":18,"turns":4},{"damage":64,"enemies":"3 Byrds","floor":19,"turns":6},{"damage":8,"enemies":"Snecko","floor":22,"turns":3},{"damage":45,"enemies":"Slavers","floor":23,"turns":4},{"damage":0,"enemies":"Snake Plant","floor":24,"turns":2},{"damage":39,"enemies":"Book of Stabbing","floor":25,"turns":4},{"damage":71,"enemies":"Slavers","floor":28,"turns":5},{"damage":22,"enemies":"3 Cultists","floor":30,"turns":4},{"damage":74,"enemies":"Automaton","floor":33,"turns":7},{"damage":63,"enemies":"3 Darklings","floor":35,"turns":4},{"damage":0,"enemies":"3 Shapes","floor":36,"turns":2},{"damage":57,"enemies":"Mind Bloom Boss Battle","floor":38,"turns":3},{"damage":37,"enemies":"Sphere and 2 Shapes","floor":39,"turns":4},{"damage":24,"enemies":"Giant Head","floor":40,"turns":5},{"damage":0,"enemies":"Nemesis","floor":42,"turns":2},{"damage":40,"enemies":"Giant Head","floor":48,"turns":6},{"damage":57,"enemies":"Donu and Deca","floor":50,"turns":5},{"damage":21,"enemies":"Shield and Spear","floor":54,"turns":3},{"damage":100,"enemies":"The Heart","floor":55,"turns":6}],"seed_played":"-54725566743424531","potions_obtained":[{"floor":2,"key":"Fire Potion"},{"floor":4,"key":"champ:CounterPotion"},{"floor":7,"key":"Regen Potion"},{"floor":8,"key":"SteroidPotion"},{"floor":18,"key":"bronze:BurnAndBuffPotion"},{"floor":23,"key":"Swift Potion"},{"floor":30,"key":"ats:Burn Big Potion"},{"floor":33,"key":"SkillPotion"},{"floor":38,"key":"SteroidPotion"},{"floor":40,"key":"ats:Burn Small Potion"}],"is_trial":false,"path_per_floor":["M","M","?","M","?","R","?","M","T","E","M","E","R","$","R","B",null,"M","M","$","?","M","E","M","E","T","R","E","?","M","$","R","B",null,"M","M","?","?","M","E","R","E","T","R","T","?","R","E","R","B",null,"R","$","E","B",null],"character_chosen":"DOCTOR_CLASS","items_purchased":["ats:Hidden Killer","Bag of Marbles","Vajra","ats:Chain Hook+1"],"campfire_rested":0,"item_purchase_floors":[14,20,31,53],"current_hp_per_floor":[72,72,58,58,51,51,25,25,25,16,16,21,21,21,21,38,79,67,31,31,15,32,7,50,57,57,57,44,44,54,54,54,78,79,22,46,46,22,37,79,79,79,79,79,79,79,79,79,79,50,79,79,79,69,79],"gold":204,"neow_bonus":"THREE_ENEMY_KILL","is_daily":false,"chose_seed":false,"campfire_upgraded":6,"win_rate":0.0,"timestamp":1614348690,"path_taken":["M","M","?","M","?","R","?","?","T","E","M","E","R","$","R","BOSS","M","M","$","?","M","E","M","E","T","R","E","?","M","$","R","BOSS","M","?","?","?","M","E","R","E","T","R","?","?","R","E","R","BOSS","R","$","E","BOSS"],"items_purchased_type":["Relic","Relic","Relic","Card"],"build_version":"2020-12-22","purchased_purges":4,"victory":true,"max_hp_per_floor":[72,72,72,72,72,72,72,72,72,72,72,72,72,72,72,72,79,79,79,79,79,79,79,79,79,79,79,79,79,79,79,79,79,79,79,79,79,79,79,79,79,79,79,79,79,79,79,79,79,79,79,79,79,79,79],"card_choices":[{"not_picked":["ats:Curse Doll","ats:Defend Order"],"picked":"ats:Apocalypse","floor":1},{"not_picked":["ats:Shell Defense","ats:Flexible Camouflage"],"picked":"ats:Very Hot Blade","floor":2},{"not_picked":["ats:Shell Defense","ats:Spore Proliferation"],"picked":"ats:Leaping Hammer","floor":4},{"not_picked":["ats:Very Hot Blade","ats:Cat Scratch"],"picked":"ats:Sashimi Platter","floor":7},{"not_picked":["ats:Overload","ats:Cat Scratch","ats:Shell Defense"],"picked":"SKIP","floor":8},{"not_picked":["ats:Red Shift","ats:Ambush+1"],"picked":"ats:Serious Mode+1","floor":10},{"not_picked":["ats:LN2 Cannon","ats:Consecutive Shot Auto","ats:Automatic Cover"],"picked":"SKIP","floor":11},{"not_picked":["ats:Blood Oath","ats:Poison Spread","ats:Closed Bolt Burst Fire"],"picked":"SKIP","floor":12},{"not_picked":["ats:Rat Pack","ats:Calcification"],"picked":"ats:Echo Reverb","floor":16},{"not_picked":["ats:Cat Scratch+1","ats:Consecutive Shot Auto+1"],"picked":"ats:Demon Strength+1","floor":18},{"not_picked":["ats:Apocalypse","ats:Powerful Strike+1"],"picked":"ats:Red Shift+1","floor":19},{"not_picked":["ats:Literary Storm","ats:Hammer On+1"],"picked":"ats:Flexible Camouflage+1","floor":22},{"not_picked":["ats:Absolute Focus","ats:Blood Oath+1"],"picked":"ats:Sashimi Platter+1","floor":23},{"not_picked":["ats:Consecutive Shot Auto+1","ats:Burning Ground+1"],"picked":"ats:Closed Bolt Burst Fire+1","floor":24},{"not_picked":["ats:Cat Scratch+1","ats:Poison Spread+1","ats:Flexible Camouflage"],"picked":"SKIP","floor":25},{"not_picked":["ats:Healing Strengthening+1","ats:Disruption Kick+1","ats:Apocalypse"],"picked":"SKIP","floor":28},{"not_picked":["ats:Disruption Kick+1","ats:Apocalypse"],"picked":"ats:Healing Strengthening+1","floor":28},{"not_picked":["ats:Serious Mode+1","ats:Spore Proliferation","ats:Shell Defense"],"picked":"SKIP","floor":30},{"not_picked":["ats:Serious Mode+1","ats:Shell Defense"],"picked":"ats:Spore Proliferation","floor":30},{"not_picked":["ats:Wolf Pack+1","ats:True Silver Slash+1"],"picked":"ats:Durian","floor":33},{"not_picked":["ats:Song Of Battle+1","ats:Serious Mode+1"],"picked":"ats:Soul Absorption","floor":35},{"not_picked":["ats:Collapsing Strike+1","ats:Explosion Area Strengthen+1"],"picked":"ats:Demon Strength+1","floor":36},{"not_picked":["ats:Revitalization+1","ats:Directed Diagnosis","ats:Curse Doll"],"picked":"SKIP","floor":39},{"not_picked":["ats:Hammer On+1","ats:Apocalypse+1"],"picked":"ats:Demon Strength+1","floor":40},{"not_picked":["ats:Soul Rend+1","ats:Sunburst+1"],"picked":"ats:Composite Medical Shells+1","floor":42},{"not_picked":["ats:Healing Strengthening+1","ats:Ignite+1"],"picked":"ats:Closed Bolt Burst Fire+1","floor":48},{"not_picked":["ats:Ignite+1","ats:Explosion Area Strengthen+1","ats:Hook Shot"],"picked":"SKIP","floor":54}],"player_experience":1221523,"relics_obtained":[{"floor":7,"key":"CeramicFish"},{"floor":9,"key":"Anchor"},{"floor":10,"key":"ats:Originium"},{"floor":10,"key":"Frozen Egg 2"},{"floor":12,"key":"ats:Originium"},{"floor":12,"key":"ats:Ability Aura"},{"floor":17,"key":"Strawberry"},{"floor":17,"key":"Molten Egg 2"},{"floor":17,"key":"StoneCalendar"},{"floor":21,"key":"Necronomicon"},{"floor":23,"key":"ats:Originium"},{"floor":23,"key":"Whetstone"},{"floor":25,"key":"ats:Originium"},{"floor":25,"key":"Shovel"},{"floor":28,"key":"Bottled Lightning"},{"floor":38,"key":"TungstenRod"},{"floor":40,"key":"ats:Emergency Defibrillator"},{"floor":42,"key":"ats:Lavender"},{"floor":43,"key":"sneckomod:BlankCard"},{"floor":45,"key":"Darkstone Periapt"},{"floor":47,"key":"Thread and Needle"},{"floor":48,"key":"ats:Rhine Circuitry"},{"floor":49,"key":"Sundial"},{"floor":52,"key":"Mummified Hand"},{"floor":54,"key":"Art of War"}],"event_choices":[{"damage_healed":0,"gold_gain":0,"player_choice":"Entered Light","damage_taken":14,"max_hp_gain":0,"max_hp_loss":0,"event_name":"Shining Light","floor":3,"gold_loss":0,"cards_upgraded":["ats:Armor Crushing Shot","ats:Strike V"]},{"cards_removed":["ats:Strike G"],"damage_healed":0,"gold_gain":0,"player_choice":"Card Removal","damage_taken":7,"max_hp_gain":0,"max_hp_loss":0,"event_name":"Golden Wing","floor":5,"gold_loss":0},{"damage_healed":0,"gold_gain":30,"player_choice":"Searched \u00272\u0027 times","damage_taken":0,"max_hp_gain":0,"max_hp_loss":0,"event_name":"Dead Adventurer","floor":7,"gold_loss":0},{"damage_healed":0,"gold_gain":0,"player_choice":"Obtained Book","damage_taken":16,"max_hp_gain":0,"max_hp_loss":0,"event_name":"Cursed Tome","floor":21,"gold_loss":0},{"damage_healed":0,"gold_gain":0,"cards_transformed":["ats:Defend"],"player_choice":"Transformed","damage_taken":0,"max_hp_gain":0,"max_hp_loss":0,"event_name":"Transmorgrifier","floor":29,"gold_loss":0,"cards_obtained":["ats:Collapsing Strike"]},{"damage_healed":0,"gold_gain":0,"player_choice":"Ignored","damage_taken":0,"max_hp_gain":0,"max_hp_loss":0,"event_name":"Tomb of Lord Red Mask","floor":37,"gold_loss":0},{"damage_healed":0,"gold_gain":0,"player_choice":"Fight","damage_taken":0,"max_hp_gain":0,"max_hp_loss":0,"event_name":"MindBloom","floor":38,"gold_loss":0},{"cards_removed":["ats:Defend"],"damage_healed":0,"gold_gain":0,"player_choice":"Card Removal","damage_taken":0,"max_hp_gain":0,"max_hp_loss":0,"event_name":"Wheel of Change","floor":46,"gold_loss":0}],"is_beta":false,"boss_relics":[{"not_picked":["Busted Crown","Sozu"],"picked":"Calling Bell"},{"not_picked":["Runic Pyramid","bronze:MakeshiftBattery"],"picked":"SlaversCollar"}],"items_purged_floors":[14,20,31,53],"is_endless":false,"potions_floor_spawned":[2,4,7,8,18,23,24,30,33,36,38,40],"ascension_level":2}}