{"host":"bf5upntvbdompq33","time":1614319774,"event":{"mods":["BaseMod","Bestiary","Colored Map","Colored Powertips","Curses Come First","Highlight Path","Minty Spire (QoL Compilation)","StSLib","ojb\u0027s Info Mod"],"gold_per_floor":[118,129,129,144,164,205,205,239,266,295,295,333,333,45,45,158,185,211,211,230,329,54,54,54],"floor_reached":23,"language":"ENG","playtime":1685,"items_purged":[],"score":334,"play_id":"20ea2bb9-4a68-4d88-b683-bfecee67ad08","local_time":"20210225230934","is_ascension_mode":true,"campfire_choices":[{"floor":7.0,"key":"REST"},{"floor":11.0,"key":"REST"},{"floor":13.0,"key":"REST"},{"data":"Panache","floor":15.0,"key":"SMITH"}],"circlet_count":0,"master_deck":["AscendersBane","Strike_G","Strike_G","Defend_G","Defend_G","Defend_G","Defend_G","Defend_G","Survivor","Neutralize","Envenom+1","Blade Dance","Blade Dance","Cloak And Dagger","Outmaneuver","Slice","Choke","Acrobatics","Dagger Spray","Panache+1","Dagger Throw","Noxious Fumes","Bullet Time","Wraith Form v2+1","PiercingWail+1","Backflip+1","Well Laid Plans","Finisher","Catalyst"],"relics":["Ring of the Snake","CeramicFish","Blood Vial","Akabeko","MealTicket","Astrolabe","Nilry\u0027s Codex","Ninja Scroll"],"acts_visited":["Exordium","TheCity"],"potions_floor_usage":[],"damage_taken":[{"damage":0.0,"enemies":"2 Louse","floor":1.0,"turns":4.0},{"damage":16.0,"enemies":"Jaw Worm","floor":2.0,"turns":4.0},{"damage":0.0,"enemies":"Cultist","floor":4.0,"turns":3.0},{"damage":0.0,"enemies":"Looter","floor":5.0,"turns":4.0},{"damage":35.0,"enemies":"Gremlin Nob","floor":6.0,"turns":4.0},{"damage":20.0,"enemies":"Lagavulin","floor":8.0,"turns":6.0},{"damage":0.0,"enemies":"2 Fungi Beasts","floor":10.0,"turns":2.0},{"damage":19.0,"enemies":"3 Sentries","floor":12.0,"turns":6.0},{"damage":42.0,"enemies":"Hexaghost","floor":16.0,"turns":9.0},{"damage":22.0,"enemies":"2 Thieves","floor":18.0,"turns":3.0},{"damage":23.0,"enemies":"3 Byrds","floor":20.0,"turns":6.0},{"damage":33,"enemies":"Gremlin Leader","floor":23,"turns":5}],"seed_played":"375131104906841307","potions_obtained":[{"floor":2.0,"key":"FairyPotion"},{"floor":10.0,"key":"FearPotion"},{"floor":18.0,"key":"GamblersBrew"}],"is_trial":false,"path_per_floor":["M","M","?","M","M","E","R","E","T","M","R","E","R","$","R","B",null,"M","?","M","?","$","E"],"character_chosen":"THE_SILENT","items_purchased":["Panache","Dagger Throw","Noxious Fumes","Catalyst","Ninja Scroll"],"campfire_rested":3,"item_purchase_floors":[14,14,14,22,22],"current_hp_per_floor":[63,47,47,47,47,12,30,10,10,12,30,13,31,46,46,6,49,29,13,10,10,25,0,0],"gold":54,"neow_bonus":"THREE_RARE_CARDS","is_daily":false,"chose_seed":false,"campfire_upgraded":1,"win_rate":0.0,"timestamp":1614319774,"path_taken":["M","M","?","M","M","E","R","E","T","M","R","E","R","$","R","BOSS","M","?","M","?","?","E"],"items_purchased_type":["Card","Card","Card","Card","Relic"],"build_version":"2020-12-22","purchased_purges":0,"victory":false,"max_hp_per_floor":[63,63,63,63,63,63,63,63,63,63,63,63,63,63,63,63,63,63,63,63,63,63,63,63],"card_choices":[{"not_picked":["Night Terror","After Image"],"picked":"Envenom","floor":0.0},{"not_picked":["Outmaneuver","Deadly Poison"],"picked":"Blade Dance","floor":1.0},{"not_picked":["Cloak And Dagger","Expertise"],"picked":"Blade Dance","floor":2.0},{"not_picked":["Tactician","Dodge and Roll"],"picked":"Cloak And Dagger","floor":4.0},{"not_picked":["Underhanded Strike","Poisoned Stab"],"picked":"Outmaneuver","floor":5.0},{"not_picked":["Dagger Spray","Backflip"],"picked":"Slice","floor":6.0},{"not_picked":["Deflect","Escape Plan"],"picked":"Choke","floor":8.0},{"not_picked":["Dodge and Roll","Dagger Spray"],"picked":"Acrobatics","floor":10.0},{"not_picked":["Bouncing Flask","Eviscerate"],"picked":"Dagger Spray","floor":12.0},{"not_picked":["Venomology","Night Terror"],"picked":"Bullet Time","floor":16.0},{"not_picked":["Eviscerate","Dagger Spray"],"picked":"Well Laid Plans","floor":18.0},{"not_picked":["Eviscerate","Infinite Blades"],"picked":"Finisher","floor":20.0}],"player_experience":1753169,"relics_obtained":[{"floor":6.0,"key":"CeramicFish"},{"floor":8.0,"key":"Blood Vial"},{"floor":9.0,"key":"Akabeko"},{"floor":12.0,"key":"MealTicket"},{"floor":19.0,"key":"Nilry\u0027s Codex"}],"event_choices":[{"damage_healed":0.0,"max_hp_gain":0.0,"max_hp_loss":0.0,"gold_gain":0.0,"event_name":"Living Wall","player_choice":"Grow","floor":3.0,"gold_loss":0.0,"damage_taken":0.0,"cards_upgraded":["Envenom"]},{"damage_healed":0.0,"max_hp_gain":0.0,"max_hp_loss":0.0,"gold_gain":0.0,"event_name":"Cursed Tome","player_choice":"Obtained Book","floor":19.0,"gold_loss":0.0,"damage_taken":16.0},{"damage_healed":0.0,"max_hp_gain":0.0,"max_hp_loss":0.0,"gold_gain":99.0,"event_name":"Nest","player_choice":"Stole From Cult","floor":21.0,"gold_loss":0.0,"damage_taken":0.0}],"is_beta":false,"boss_relics":[{"not_picked":["Empty Cage","Snecko Eye"],"picked":"Astrolabe"}],"items_purged_floors":[],"is_endless":false,"potions_floor_spawned":[2,10,18],"killed_by":"Gremlin Leader","ascension_level":12}}