{"host":"2haferq23ht5nrlk","time":1614340737,"event":{"mods":["ATMod(°¢èªMod)","AchievementEnabler","Alarm Clock","Aspiration","BaseMod","BetterRewards","Colored Powertips","Conspire","Dota2Spire","Faster Ascension Climbing","Infinite Spire","KomeijiMod","Library of Ruina","Library of Ruina Extra","Lobotomy","LobotomyExtend","Marked Mod","Minty Spire (QoL Compilation)","Quick Restart","Relic Filter Mod","Relic Stats","Reliquary","Replay The Spire","RumiaBox-Â¶Ã×æ«µÄÉñÃØºÐ×Ó","Spicy Shops","StSLib","TestMod","The Cursed","The Jungle","UnlockEverythingMod","¡¾ÒÅÎï¿¨ÅÆ¡¿REMEMod"],"gold_per_floor":[118,131,31,31,61,111,146,146,198,230,230,248,267,282,282,395,395,414,21,21,21,21,21,46,46,46,58,90,110,110,130,130,225,225,242,242,258,277,291,291,325,337,337,387,434,143,154,170,170,267,267,280,280,280,280],"floor_reached":54,"language":"ZHS","playtime":3198,"items_purged":["testmod-Bloodthirsty+1","REME_EyeOfCthun+1","TheCursedMod:CleanUpWorkshop"],"score":690,"play_id":"4455e3d2-0769-47ff-bdc0-4753502bc8ef","local_time":"20210226195857","is_ascension_mode":false,"campfire_choices":[{"data":"AT_MachinaRedman","floor":11,"key":"SMITH"},{"data":"TheCursedMod:CircleOfWindfury","floor":15,"key":"SMITH"},{"data":"TheCursedMod:Grudge","floor":23,"key":"SMITH"},{"data":"TheCursedMod:CursedRelics","floor":25,"key":"SMITH"},{"data":"TheCursedMod:SpitefulPray","floor":32,"key":"SMITH"},{"data":"TheCursedMod:EmpowerCircles","floor":40,"key":"SMITH"},{"floor":49,"key":"RECALL"}],"circlet_count":0,"master_deck":["TheCursedMod:CursedBoomerang","TheCursedMod:RavingStaff","TheCursedMod:SpitefulStrike","TheCursedMod:CursedSpellbook","TheCursedMod:DoubleShield","TheCursedMod:EmpowerCircles","TheCursedMod:CircleOfFocus","TheCursedMod:CircleOfWindfury+1","TheCursedMod:CircleOfAbyss","AT_MachinaRedman+1","TheCursedMod:ReleasedStrength","TheCursedMod:CursedAmulet","TheCursedMod:CursedBlade+1","TheCursedMod:CircleOfCorruption","TheCursedMod:EmpowerCircles+1","TheCursedMod:Wield","TheCursedMod:CircleOfCorruption","TheCursedMod:Stigma","TheCursedMod:CursedShiv","TheCursedMod:CursedShiv","TheCursedMod:Evocation","TheCursedMod:Obscuration","TheCursedMod:CursedRelics+1","TheCursedMod:LuckyCharm+1","TheCursedMod:ReleasedKnowledge+1","TheCursedMod:Grudge+1","TheCursedMod:StingEye+1","TheCursedMod:CircleOfCorruption","TheCursedMod:Obscuration+1","TheCursedMod:RavingStaff","TheCursedMod:CircleOfBlood","TheCursedMod:SpitefulPray+1","TheCursedMod:VoidForm","TheCursedMod:CursedArmor+1","TheCursedMod:CursedSpellbook+1","TheCursedMod:CursedStaff","TheCursedMod:VitalStrike","TheCursedMod:NeowsMight+1","TheCursedMod:CursedStaff","TheCursedMod:AbyssShockwave","Injury","TheCursedMod:HellfireBreathing","TheCursedMod:CursedAmulet","TheCursedMod:RapidMovement","TheCursedMod:CollectTribute","TheCursedMod:Stigma","Amnesia"],"relics":["TheCursedMod:DemonicMark","AT_ATBox","REME_ComplimentaryCards","testmod-TestBox","testmod-Antiphasic","AT_Kusabimaru","LetterFromLob","AT_ImmortalShieldbow","MealTicket","Astrolabe","Chemical X","Torii","ZombieArmy","testmod-InjuryResistance","AT_SilvercatRing","GodSword1","Dota2Spire:RefresherOrb","aspiration:FetidBarrel","PageOfHappyTeddyBear","reliquary:OuijaBoard","testmod-IndustrialRevolution","reliquary:Craggleroot"],"acts_visited":["Exordium","TheCity","TheBeyond","Exordium"],"potions_floor_usage":[10,16,16,24,28,29,33,48,50],"damage_taken":[{"damage":0,"enemies":"Small Slimes","floor":1,"turns":2},{"damage":3,"enemies":"2 Louse","floor":2,"turns":2},{"damage":0,"enemies":"Cultist","floor":5,"turns":3},{"damage":15,"enemies":"Gremlin Nob","floor":6,"turns":3},{"damage":3,"enemies":"Looter","floor":7,"turns":3},{"damage":8,"enemies":"Lots of Slimes","floor":10,"turns":2},{"damage":4,"enemies":"3 Louse","floor":12,"turns":2},{"damage":0,"enemies":"Exordium Wildlife","floor":13,"turns":1},{"damage":0,"enemies":"Large Slime","floor":14,"turns":3},{"damage":3,"enemies":"Slime Boss","floor":16,"turns":3},{"damage":0,"enemies":"Spheric Guardian","floor":18,"turns":1},{"damage":23,"enemies":"conspire:SneckoGhost","floor":24,"turns":6},{"damage":0,"enemies":"conspire:FuzzyDice","floor":27,"turns":2},{"damage":45,"enemies":"REME_1_Revenger","floor":28,"turns":4},{"damage":12,"enemies":"Snake Plant","floor":29,"turns":4},{"damage":9,"enemies":"conspire:HollyBat","floor":31,"turns":10},{"damage":16,"enemies":"Collector","floor":33,"turns":6},{"damage":8,"enemies":"3 Darklings","floor":35,"turns":3},{"damage":0,"enemies":"Orb Walker","floor":37,"turns":3},{"damage":0,"enemies":"Transient","floor":38,"turns":5},{"damage":6,"enemies":"Sphere and 2 Shapes","floor":39,"turns":2},{"damage":54,"enemies":"Nightmare","floor":41,"turns":5},{"damage":23,"enemies":"4 Shapes","floor":42,"turns":2},{"damage":2,"enemies":"Mind Bloom Boss Battle","floor":44,"turns":3},{"damage":15,"enemies":"2 Orb Walkers","floor":45,"turns":2},{"damage":12,"enemies":"Spire Growth","floor":47,"turns":3},{"damage":0,"enemies":"Transient","floor":48,"turns":4},{"damage":1,"enemies":"Replay:Hell Engine","floor":50,"turns":5},{"damage":0,"enemies":"2 Louse","floor":52,"turns":2},{"damage":89,"enemies":"Small Slimes","floor":54,"turns":6}],"seed_played":"5882832997239623151","potions_obtained":[{"floor":2,"key":"Adrenaline Potion"},{"floor":5,"key":"Dota2Spire:Clarity"},{"floor":6,"key":"Dexterity Potion"},{"floor":10,"key":"LiquidMemories"},{"floor":18,"key":"Weak Potion"},{"floor":27,"key":"LiquidMemories"},{"floor":29,"key":"LiquidMemories"},{"floor":31,"key":"Weak Potion"},{"floor":35,"key":"Venom Potion"},{"floor":38,"key":"Ancient Potion"},{"floor":44,"key":"Explosive Potion"},{"floor":45,"key":"Cursed Concoction"},{"floor":48,"key":"testmod-SpacePotion"}],"is_trial":false,"path_per_floor":["M","M","?","?","M","E","M","?","T","M","R","M","M","M","R","B",null,"M","$","AVR","?","$","R","E","R","T","M","E","M","?","M","R","B",null,"M","AVR","M","M","M","R","NM","M","T","?","?","$","M","M","R","B",null,"M","?","M"],"character_chosen":"THE_CURSED","items_purchased":["TheCursedMod:ReleasedStrength","TheCursedMod:CursedAmulet","AT_Kusabimaru","TheCursedMod:CursedBlade+1","TheCursedMod:Grudge","Chemical X","TheCursedMod:StingEye","TheCursedMod:CircleOfCorruption","testmod-IndustrialRevolution","TheCursedMod:HellfireBreathing","TheCursedMod:CursedAmulet"],"campfire_rested":0,"item_purchase_floors":[0,0,0,0,19,19,19,19,46,46,46],"current_hp_per_floor":[75,72,72,72,72,57,54,62,62,54,54,50,50,50,50,47,75,75,75,75,75,75,75,57,57,57,57,19,14,14,11,11,13,80,72,72,72,76,70,70,35,62,62,60,57,72,70,78,78,81,85,85,85,0,0],"gold":280,"neow_bonus":"","is_daily":false,"chose_seed":false,"campfire_upgraded":6,"win_rate":0.0,"timestamp":1614340737,"path_taken":["M","M","?","?","M","E","?","?","T","M","R","M","M","M","R","BOSS","M","?","AVR","?","?","R","E","R","T","M","E","M","?","M","R","BOSS","M","AVR","?","M","M","R","NM","M","T","?","?","?","?","M","R","BOSS","M","?","M"],"items_purchased_type":["Card","Card","Relic","Card","Card","Relic","Card","Card","Relic","Card","Card"],"build_version":"2020-12-22","purchased_purges":3,"victory":false,"max_hp_per_floor":[75,75,75,75,75,75,75,75,75,75,75,75,75,75,75,75,75,75,75,75,75,75,75,80,80,80,80,80,80,80,80,80,80,80,80,80,80,80,80,80,85,85,85,85,85,85,85,85,85,85,85,85,85,85,85],"relic_stats":{"Torii":17,"counters":[30,102],"Astrolabe":["TheCursedMod:LuckyCharm","testmod-Bloodthirsty","REME_EyeOfCthun"],"MealTicket":15,"Chemical X":[23],"obtain_stats":[{"reliquary:OuijaBoard":45,"TheCursedMod:BlackMagic101":0,"AT_ATBox":0,"testmod-TestBox":0,"Torii":20,"aspiration:FetidBarrel":36,"Astrolabe":17,"Dota2Spire:RefresherOrb":34,"AT_SilvercatRing":28,"testmod-IndustrialRevolution":46,"AT_ImmortalShieldbow":6,"PageOfHappyTeddyBear":44,"AT_Kusabimaru":0,"testmod-InjuryResistance":26,"reliquary:Craggleroot":51,"MealTicket":9,"LetterFromLob":1,"Chemical X":19,"REME_ComplimentaryCards":0,"ZombieArmy":24,"GodSword1":30},{"reliquary:OuijaBoard":25,"TheCursedMod:BlackMagic101":0,"AT_ATBox":0,"testmod-TestBox":0,"Torii":11,"aspiration:FetidBarrel":18,"Astrolabe":10,"Dota2Spire:RefresherOrb":17,"AT_SilvercatRing":14,"testmod-IndustrialRevolution":25,"AT_ImmortalShieldbow":4,"PageOfHappyTeddyBear":24,"AT_Kusabimaru":0,"testmod-InjuryResistance":12,"reliquary:Craggleroot":28,"MealTicket":5,"LetterFromLob":1,"Chemical X":11,"REME_ComplimentaryCards":0,"ZombieArmy":12,"GodSword1":15},{"reliquary:OuijaBoard":82,"TheCursedMod:BlackMagic101":0,"AT_ATBox":0,"testmod-TestBox":0,"Torii":25,"aspiration:FetidBarrel":60,"Astrolabe":24,"Dota2Spire:RefresherOrb":57,"AT_SilvercatRing":37,"testmod-IndustrialRevolution":82,"AT_ImmortalShieldbow":10,"PageOfHappyTeddyBear":80,"AT_Kusabimaru":0,"testmod-InjuryResistance":31,"reliquary:Craggleroot":94,"MealTicket":13,"LetterFromLob":2,"Chemical X":25,"REME_ComplimentaryCards":0,"ZombieArmy":31,"GodSword1":41}]},"card_choices":[{"not_picked":["TheCursedMod:SmokeScreen","TheCursedMod:AshesToAshes"],"picked":"TheCursedMod:CircleOfCorruption","floor":1},{"not_picked":["TheCursedMod:VitalStrike","TheCursedMod:AshesToAshes"],"picked":"TheCursedMod:EmpowerCircles","floor":2},{"not_picked":["TheCursedMod:CursedBoomerang","TheCursedMod:TroublousMinions"],"picked":"TheCursedMod:Wield","floor":5},{"not_picked":["TheCursedMod:Grudge","TheCursedMod:VitalStrike"],"picked":"TheCursedMod:CircleOfCorruption","floor":6},{"not_picked":["TheCursedMod:CircleOfWindfury","TheCursedMod:Obscuration"],"picked":"TheCursedMod:Stigma","floor":7},{"not_picked":["TheCursedMod:SpitefulStrike","TheCursedMod:RavingStaff"],"picked":"TheCursedMod:CursedShiv","floor":10},{"not_picked":["TheCursedMod:Stigma","TheCursedMod:SmokeScreen"],"picked":"TheCursedMod:CursedShiv","floor":12},{"not_picked":["TheCursedMod:CircleOfFlame","TheCursedMod:SpitefulStrike"],"picked":"TheCursedMod:Evocation","floor":13},{"not_picked":["TheCursedMod:FleshFromBone","TheCursedMod:Hemoplague"],"picked":"TheCursedMod:Obscuration","floor":14},{"not_picked":["TheCursedMod:OutForBlood","TheCursedMod:UltimatePain"],"picked":"TheCursedMod:CursedRelics","floor":16},{"not_picked":["TheCursedMod:Hemoplague","TheCursedMod:CursedAmulet"],"picked":"TheCursedMod:ReleasedKnowledge+1","floor":18},{"not_picked":["TheCursedMod:Evocation","TheCursedMod:CircleOfCorruption"],"picked":"TheCursedMod:Obscuration+1","floor":24},{"not_picked":["TheCursedMod:SpitefulStrike","TheCursedMod:CircleOfAmplification"],"picked":"TheCursedMod:RavingStaff","floor":27},{"not_picked":["TheCursedMod:RavingStaff","TheCursedMod:FleshFromBone","TheCursedMod:SoulCrush+1"],"picked":"SKIP","floor":28},{"not_picked":["TheCursedMod:CircleOfWindfury","TheCursedMod:CircleOfCorruption"],"picked":"TheCursedMod:CircleOfBlood","floor":29},{"not_picked":["TheCursedMod:SmokeScreen","TheCursedMod:Torture"],"picked":"TheCursedMod:SpitefulPray","floor":31},{"not_picked":["TheCursedMod:ForbiddenAlchemy","TheCursedMod:ManaCirculation"],"picked":"TheCursedMod:VoidForm","floor":33},{"not_picked":["TheCursedMod:RapidMovement","TheCursedMod:ReleasedKnowledge+1"],"picked":"TheCursedMod:CursedArmor+1","floor":35},{"not_picked":["TheCursedMod:FleshFromBone","TheCursedMod:VitalStrike+1"],"picked":"TheCursedMod:CursedSpellbook+1","floor":37},{"not_picked":["TheCursedMod:CircleOfFlame","TheCursedMod:Stigma+1"],"picked":"TheCursedMod:CursedStaff","floor":38},{"not_picked":["TheCursedMod:ForbiddenAlchemy","TheCursedMod:SurpriseAttack"],"picked":"TheCursedMod:VitalStrike","floor":39},{"not_picked":["TheCursedMod:CursedShiv+1","TheCursedMod:Stigma"],"picked":"TheCursedMod:NeowsMight","floor":41},{"not_picked":["TheCursedMod:ManaBullet+1","TheCursedMod:RapidMovement+1"],"picked":"TheCursedMod:CursedStaff","floor":42},{"not_picked":["TheCursedMod:Mangle+1","TheCursedMod:ReleasedStrength"],"picked":"TheCursedMod:AbyssShockwave","floor":44},{"not_picked":["TheCursedMod:ReleasedStrength+1","TheCursedMod:SoulCrush+1","TheCursedMod:Obscuration+1"],"picked":"SKIP","floor":47},{"not_picked":["TheCursedMod:VitalStrike+1","TheCursedMod:DoubleShield+1"],"picked":"TheCursedMod:RapidMovement","floor":48},{"not_picked":["TheCursedMod:VoidForm","TheCursedMod:DarkBarrier"],"picked":"TheCursedMod:CollectTribute","floor":50},{"not_picked":["TheCursedMod:CursedBlade","TheCursedMod:HellfireBreathing"],"picked":"TheCursedMod:Stigma","floor":52}],"player_experience":39869,"relics_obtained":[{"floor":1,"key":"LetterFromLob"},{"floor":6,"key":"AT_ImmortalShieldbow"},{"floor":9,"key":"MealTicket"},{"floor":24,"key":"ZombieArmy"},{"floor":26,"key":"testmod-InjuryResistance"},{"floor":28,"key":"AT_SilvercatRing"},{"floor":44,"key":"PageOfHappyTeddyBear"},{"floor":45,"key":"reliquary:OuijaBoard"}],"event_choices":[{"damage_healed":0,"gold_gain":0,"player_choice":"Invest 2","damage_taken":0,"max_hp_gain":0,"max_hp_loss":0,"event_name":"conspire:Investor","floor":3,"gold_loss":0},{"cards_removed":["AT_FamilyPortrait"],"damage_healed":0,"gold_gain":0,"player_choice":"Took Card","damage_taken":0,"max_hp_gain":0,"max_hp_loss":0,"event_name":"NoteForYourself","floor":4,"gold_loss":0,"cards_obtained":["Iron Wave"]},{"damage_healed":0,"gold_gain":0,"player_choice":"Gave Potion","damage_taken":0,"relics_obtained":["GodSword1"],"max_hp_gain":0,"max_hp_loss":0,"event_name":"WeMeetAgain","floor":30,"gold_loss":0},{"damage_healed":0,"gold_gain":0,"player_choice":"Fight","damage_taken":0,"max_hp_gain":0,"max_hp_loss":0,"event_name":"MindBloom","floor":44,"gold_loss":0},{"damage_healed":0,"gold_gain":0,"player_choice":"Fight","damage_taken":0,"max_hp_gain":0,"max_hp_loss":0,"event_name":"Mysterious Sphere","floor":45,"gold_loss":0}],"is_beta":false,"boss_relics":[{"not_picked":["SacredBark","Cursed Key"],"picked":"Astrolabe"},{"not_picked":["aspiration:WatcherSkillbook","Replay:Bronze Core"],"picked":"Dota2Spire:RefresherOrb"},{"not_picked":["Velvet Choker","testmod-HarvestTotem"],"picked":"reliquary:Craggleroot"}],"items_purged_floors":[19,36,46],"is_endless":true,"potions_floor_spawned":[2,5,6,10,18,27,29,31,35,38,44,45,48],"killed_by":"Small Slimes","ascension_level":0}}