{"host":"dkr0dog13pegamnp","time":1614339685,"event":{"mods":["AchievementEnabler","BaseMod","Minty Spire (QoL Compilation)","Rare Cards Sparkle","StSLib","SuperFastMode","everything is the same but u backflip on backflip"],"gold_per_floor":[116,116,131,30,49,49,74,84,84,97,97,97,97,107,107,107,107],"floor_reached":16,"language":"KOR","playtime":521,"items_purged":["Strike_G"],"score":173,"play_id":"42fb6e1b-c888-4928-add8-4d220a9044d3","local_time":"20210226204125","is_ascension_mode":true,"campfire_choices":[{"data":"Cloak And Dagger","floor":6.0,"key":"SMITH"},{"data":"Cloak And Dagger","floor":13,"key":"SMITH"},{"data":"Cloak And Dagger","floor":15,"key":"SMITH"}],"circlet_count":0,"master_deck":["AscendersBane","Strike_G","Strike_G","Strike_G","Defend_G","Defend_G+1","Defend_G","Defend_G","Defend_G","Survivor+1","Neutralize","Cloak And Dagger+1","Footwork","Cloak And Dagger+1","Cloak And Dagger+1","PiercingWail","Backflip"],"relics":["Ring of the Snake","War Paint","Lantern","Ornamental Fan","Du-Vu Doll"],"acts_visited":["Exordium"],"potions_floor_usage":[14,16,16],"damage_taken":[{"damage":0.0,"enemies":"2 Louse","floor":1.0,"turns":3.0},{"damage":0.0,"enemies":"Cultist","floor":3.0,"turns":6.0},{"damage":0.0,"enemies":"Jaw Worm","floor":5.0,"turns":7.0},{"damage":16.0,"enemies":"Lagavulin","floor":7.0,"turns":13.0},{"damage":2.0,"enemies":"3 Louse","floor":8.0,"turns":5.0},{"damage":0.0,"enemies":"Large Slime","floor":10.0,"turns":11.0},{"damage":0,"enemies":"Lots of Slimes","floor":14,"turns":6},{"damage":49,"enemies":"Slime Boss","floor":16,"turns":16}],"seed_played":"5398978814011321892","potions_obtained":[{"floor":3.0,"key":"GamblersBrew"},{"floor":8.0,"key":"PowerPotion"},{"floor":10.0,"key":"BlessingOfTheForge"},{"floor":14,"key":"LiquidBronze"}],"is_trial":false,"path_per_floor":["M","?","M","$","M","R","E","M","T","M","?","?","R","M","R","B"],"character_chosen":"THE_SILENT","items_purchased":["Cloak And Dagger"],"campfire_rested":0,"item_purchase_floors":[4],"current_hp_per_floor":[59,59,59,59,59,59,43,41,41,41,46,43,43,43,43,0,0],"gold":107,"neow_bonus":"RANDOM_COMMON_RELIC","is_daily":false,"chose_seed":false,"campfire_upgraded":3,"win_rate":0.0,"timestamp":1614339685,"path_taken":["M","?","M","?","M","R","E","M","T","M","?","?","R","M","R","BOSS"],"items_purchased_type":["Card"],"build_version":"2020-12-22","purchased_purges":1,"victory":false,"max_hp_per_floor":[66,66,66,66,66,66,66,66,66,66,71,71,71,71,71,71,71],"card_choices":[{"not_picked":["Backflip","Tactician"],"picked":"Cloak And Dagger","floor":1.0},{"not_picked":["Slice","Prepared"],"picked":"Footwork","floor":3.0},{"not_picked":["Skewer","Dagger Spray"],"picked":"Cloak And Dagger","floor":5.0},{"not_picked":["Backstab","Tactician"],"picked":"PiercingWail","floor":7.0},{"not_picked":["Flechettes","Catalyst","Concentrate"],"picked":"SKIP","floor":8.0},{"not_picked":["Deadly Poison","Deflect"],"picked":"Backflip","floor":10.0},{"not_picked":["Poisoned Stab","Heel Hook","PiercingWail"],"picked":"SKIP","floor":14}],"player_experience":119839,"relics_obtained":[{"floor":7.0,"key":"Lantern"},{"floor":9.0,"key":"Ornamental Fan"}],"event_choices":[{"cards_removed":["Strike_G"],"damage_healed":0.0,"max_hp_gain":0.0,"max_hp_loss":0.0,"gold_gain":0.0,"event_name":"Bonfire Elementals","player_choice":"Offered Basic","floor":2.0,"gold_loss":0.0,"damage_taken":0.0},{"damage_healed":0,"gold_gain":0,"player_choice":"Donut","damage_taken":0,"max_hp_gain":5,"max_hp_loss":0,"event_name":"Big Fish","floor":11,"gold_loss":0},{"damage_healed":0,"gold_gain":0,"player_choice":"Success","damage_taken":3,"relics_obtained":["Du-Vu Doll"],"max_hp_gain":0,"max_hp_loss":0,"event_name":"Scrap Ooze","floor":12,"gold_loss":0}],"is_beta":false,"boss_relics":[],"items_purged_floors":[4],"is_endless":false,"potions_floor_spawned":[3,8,10,14],"killed_by":"Slime Boss","ascension_level":14}}