{"host":"u2qrfxkm3wve0vp3","time":1614368276,"event":{"mods":["AchievementEnabler","BaseMod","Better Match","Better Note","Better Third Choice","Better Vampires","Downfall","Minty Spire (QoL Compilation)","Quick Restart","Shop Mod","StSLib","The Cursed","The Marked","The Servant 0.9.4"],"gold_per_floor":[118,118,118,68,68,99,118,129,129,160,179,193,193,220,220,349,349,317,96,142,142,156,186,186,217,299,312,312,312,323,356,356,455,455,465,481,184,203,218,218,244,244,244,294,308,338,348,348,348,348,348,348,102,134,134],"floor_reached":56,"language":"ZHS","playtime":2413,"items_purged":["Defend_S","Strike_S","Mayhem"],"score":1560,"play_id":"fc7476fc-970c-45d3-a1d1-a4e05b53554d","local_time":"20210227033756","is_ascension_mode":true,"campfire_choices":[{"data":"KidneyShot","floor":15,"key":"SMITH"},{"data":"KillingDoll","floor":24,"key":"SMITH"},{"data":"SilverBlades","floor":29,"key":"SMITH"},{"data":"Luminosity","floor":32,"key":"SMITH"},{"floor":40,"key":"RECALL"},{"data":"Sunlight","floor":42,"key":"SMITH"},{"data":"Luminosity","floor":49,"key":"SMITH"},{"data":"SurpressingFire","floor":52,"key":"SMITH"}],"circlet_count":0,"master_deck":["Strike_S","Strike_S","Defend_S","Defend_S","KidneyShot+1","Exchange","BottledTime","FastForward+1","GearUp+1","Barrier+1","KillingDoll+1","Luminosity+1","Solidify+1","SilverBlades+1","ForgedInTime+1","Sunlight+1","Luminosity+1","FanOfKnives+1","Luminosity+1","SurpressingFire+1","Sadistic Nature","GearUp+1"],"relics":["SplendidAttire","NeowsBlessing","Gremlin Horn","Toxic Egg 2","Matryoshka","StrikeDummy","Bloody Idol","Orichalcum","HandDrill","Lantern","Tiny Chest","Bag of Preparation","Blue Candle","Pear","PreservedInsect","Sozu","PaperSwan","Unceasing Top","Lizard Tail","Smiling Mask","White Beast Statue","Toy Ornithopter"],"acts_visited":["Exordium","TheCity","TheBeyond","TheEnding"],"potions_floor_usage":[10,16,25,39,55,55],"damage_taken":[{"damage":0,"enemies":"Small Slimes","floor":1,"turns":2},{"damage":0,"enemies":"3 Sentries","floor":6,"turns":1},{"damage":0,"enemies":"Jaw Worm","floor":7,"turns":1},{"damage":0,"enemies":"Cultist","floor":8,"turns":5},{"damage":4,"enemies":"Gremlin Nob","floor":10,"turns":5},{"damage":0,"enemies":"Gremlin Gang","floor":11,"turns":9},{"damage":0,"enemies":"Large Slime","floor":12,"turns":10},{"damage":0,"enemies":"The Guardian","floor":16,"turns":22},{"damage":0,"enemies":"2 Thieves","floor":18,"turns":5},{"damage":0,"enemies":"Shell Parasite","floor":22,"turns":6},{"damage":0,"enemies":"Book of Stabbing","floor":23,"turns":11},{"damage":0,"enemies":"Slavers","floor":25,"turns":6},{"damage":0,"enemies":"Cultist and Chosen","floor":27,"turns":8},{"damage":0,"enemies":"Shelled Parasite and Fungi","floor":30,"turns":7},{"damage":0,"enemies":"Gremlin Leader","floor":31,"turns":6},{"damage":0,"enemies":"Champ","floor":33,"turns":18},{"damage":0,"enemies":"3 Shapes","floor":35,"turns":3},{"damage":0,"enemies":"Orb Walker","floor":36,"turns":4},{"damage":0,"enemies":"Spire Growth","floor":38,"turns":7},{"damage":0,"enemies":"Writhing Mass","floor":39,"turns":5},{"damage":0,"enemies":"Giant Head","floor":41,"turns":8},{"damage":0,"enemies":"Mind Bloom Boss Battle","floor":44,"turns":5},{"damage":0,"enemies":"Transient","floor":45,"turns":5},{"damage":0,"enemies":"Reptomancer","floor":46,"turns":3},{"damage":10,"enemies":"Spire Growth","floor":47,"turns":3},{"damage":25,"enemies":"Time Eater","floor":50,"turns":10},{"damage":21,"enemies":"Shield and Spear","floor":54,"turns":7},{"damage":104,"enemies":"The Heart","floor":55,"turns":11}],"seed_played":"-2562081349671554391","potions_obtained":[{"floor":7,"key":"EssenceOfSteel"},{"floor":8,"key":"BlessingOfTheForge"},{"floor":12,"key":"Explosive Potion"},{"floor":22,"key":"LiquidMemories"},{"floor":23,"key":"AttackPotion"},{"floor":33,"key":"DistilledChaos"}],"is_trial":false,"path_per_floor":["M","?","?","?","$","E","M","M","T","E","M","M","?","T","R","B",null,"M","$","T","?","M","E","R","E","T","M","?","R","M","E","R","B",null,"M","M","$","M","M","R","E","R","T","?","M","E","M","T","R","B",null,"R","$","E","B",null],"character_chosen":"THE_SERVANT","items_purchased":["HandDrill","Mayhem","Sadistic Nature"],"campfire_rested":0,"item_purchase_floors":[19,37,53],"current_hp_per_floor":[65,65,62,62,62,62,62,62,62,58,58,58,42,42,42,42,65,65,65,65,65,65,65,65,65,75,75,75,75,75,75,75,75,75,75,75,75,75,75,75,75,75,75,75,75,75,70,70,70,45,75,75,75,59,5],"gold":134,"neow_bonus":"THREE_ENEMY_KILL","is_daily":false,"chose_seed":false,"campfire_upgraded":7,"win_rate":0.0,"timestamp":1614368276,"path_taken":["M","?","?","?","?","E","M","?","T","E","M","?","?","?","R","BOSS","M","$","?","?","M","E","R","E","T","M","?","R","M","E","R","BOSS","M","M","$","M","M","R","E","R","T","?","M","E","M","?","R","BOSS","R","$","E","BOSS"],"items_purchased_type":["Relic","Card","Card"],"build_version":"2020-12-22","purchased_purges":3,"victory":true,"max_hp_per_floor":[65,65,65,65,65,65,65,65,65,65,65,65,65,65,65,65,65,65,65,65,65,65,65,65,65,75,75,75,75,75,75,75,75,75,75,75,75,75,75,75,75,75,75,75,75,75,75,75,75,75,75,75,75,75,75],"card_choices":[{"not_picked":["Rearm","Spin"],"picked":"BottledTime","floor":1},{"not_picked":["ShatteredReality","Desolation"],"picked":"FastForward+1","floor":6},{"not_picked":["ShatteredReality","FastForward+1"],"picked":"GearUp+1","floor":7},{"not_picked":["Alleviate+1","Replace+1","DoubleEdge"],"picked":"SKIP","floor":8},{"not_picked":["DualDimension+1","ShatteredReality"],"picked":"Barrier+1","floor":10},{"not_picked":["BottledTime+1","Replace+1","DualDimension+1"],"picked":"SKIP","floor":11},{"not_picked":["Unruled","Gouge","Luminosity"],"picked":"SKIP","floor":12},{"not_picked":["Initiator","LightFlow"],"picked":"KillingDoll","floor":16},{"not_picked":["GearUp+1","Rewind+1"],"picked":"Luminosity","floor":18},{"not_picked":["Read+1","Defy+1","Barrier+1"],"picked":"SKIP","floor":22},{"not_picked":["TimeWarp","StarChef+1"],"picked":"Solidify+1","floor":23},{"not_picked":["MoonPhase","Replace+1","ShatteredReality"],"picked":"SKIP","floor":25},{"not_picked":["Rearm+1","Misdirection+1","Alleviate+1"],"picked":"SKIP","floor":27},{"not_picked":["TimeWarp","Snipe+1","Misdirection+1"],"picked":"SKIP","floor":30},{"not_picked":["Contraction+1","Replace+1"],"picked":"ForgedInTime+1","floor":31},{"not_picked":["Initiator","PendulumOfEternity"],"picked":"Sunlight","floor":33},{"not_picked":["Misdirection+1","Rewind+1","Potential"],"picked":"SKIP","floor":35},{"not_picked":["DoubleEdge+1","StarChef","Unruled"],"picked":"SKIP","floor":36},{"not_picked":["Reset+1","ShatteredReality+1"],"picked":"Luminosity+1","floor":38},{"not_picked":["Revamp+1","BestPractice","Replace+1"],"picked":"SKIP","floor":39},{"not_picked":["ForgedInTime+1","Rewind+1"],"picked":"FanOfKnives+1","floor":41},{"not_picked":["Rewind+1","DoubleEdge"],"picked":"Luminosity","floor":45},{"not_picked":["GearUp+1","ShatteredReality+1"],"picked":"SurpressingFire","floor":46},{"not_picked":["Ricochet+1","GearUp+1","Rearm+1"],"picked":"SKIP","floor":47},{"not_picked":["Comet","SpecialFormula+1"],"picked":"GearUp+1","floor":54}],"player_experience":353417,"relics_obtained":[{"floor":6,"key":"Toxic Egg 2"},{"floor":9,"key":"Matryoshka"},{"floor":10,"key":"StrikeDummy"},{"floor":14,"key":"Orichalcum"},{"floor":20,"key":"Lantern"},{"floor":20,"key":"Tiny Chest"},{"floor":23,"key":"Bag of Preparation"},{"floor":25,"key":"Blue Candle"},{"floor":26,"key":"Pear"},{"floor":31,"key":"PreservedInsect"},{"floor":41,"key":"PaperSwan"},{"floor":43,"key":"Unceasing Top"},{"floor":44,"key":"Lizard Tail"},{"floor":46,"key":"Smiling Mask"},{"floor":48,"key":"White Beast Statue"},{"floor":54,"key":"Toy Ornithopter"}],"event_choices":[{"cards_removed":["Strike_S"],"damage_healed":0,"gold_gain":0,"player_choice":"Forget","damage_taken":0,"max_hp_gain":0,"max_hp_loss":0,"event_name":"Living Wall","floor":2,"gold_loss":0},{"damage_healed":0,"gold_gain":0,"player_choice":"Relic ","damage_taken":3,"max_hp_gain":0,"max_hp_loss":0,"event_name":"betterThird:BetterScrap","floor":3,"gold_loss":0,"cards_obtained":["Undo"]},{"cards_removed":["Defend_S"],"damage_healed":0,"gold_gain":0,"player_choice":"Card Removal","damage_taken":0,"max_hp_gain":0,"max_hp_loss":0,"event_name":"The Cleric","floor":4,"gold_loss":50},{"damage_healed":0,"gold_gain":0,"player_choice":"Take Damage","damage_taken":16,"relics_obtained":["Golden Idol"],"max_hp_gain":0,"max_hp_loss":0,"event_name":"Golden Idol","floor":13,"gold_loss":0},{"damage_healed":0,"gold_gain":0,"player_choice":"Gave Idol","damage_taken":0,"relics_obtained":["Bloody Idol"],"max_hp_gain":0,"max_hp_loss":0,"event_name":"Forgotten Altar","floor":21,"relics_lost":["Golden Idol"],"gold_loss":0},{"damage_healed":0,"gold_gain":0,"player_choice":"Read","damage_taken":0,"max_hp_gain":0,"max_hp_loss":0,"event_name":"The Library","floor":28,"gold_loss":0,"cards_obtained":["SilverBlades"]},{"damage_healed":0,"gold_gain":0,"player_choice":"Fight","damage_taken":0,"max_hp_gain":0,"max_hp_loss":0,"event_name":"MindBloom","floor":44,"gold_loss":0}],"is_beta":false,"boss_relics":[{"not_picked":["StoneMask","Empty Cage"],"picked":"SplendidAttire"},{"not_picked":["Astrolabe","Busted Crown"],"picked":"Sozu"}],"items_purged_floors":[19,37,53],"is_endless":false,"potions_floor_spawned":[7,8,12,22,23,33,35,38,39,46,54],"ascension_level":1}}