{"host":"zdx3mk58qfaqn5dx","time":1614309878,"event":{"mods":["BaseMod","Bestiary","Better Third Choice","Colored Map","Colored Powertips","Dark Map","Downfall","Hermit","Highlight Path","Minty Spire (QoL Compilation)","Quick Restart","Relic Stats","StSLib","SuperFastMode"],"gold_per_floor":[119,119,137,156,156,173,173,173],"floor_reached":7,"language":"ENG","playtime":321,"items_purged":[],"score":49,"play_id":"7a87211d-d0a7-4457-96ac-68e641e7aeb2","local_time":"20210226042438","is_ascension_mode":true,"campfire_choices":[],"circlet_count":0,"master_deck":["Strike_B","Strike_B","Defend_B","Defend_B","Defend_B","Defend_B","Zap","Dualcast","Machine Learning","Conserve Battery","Electrodynamics","Stack","BootSequence"],"relics":["Cracked Core"],"acts_visited":["Exordium"],"potions_floor_usage":[],"damage_taken":[{"damage":2,"enemies":"Jaw Worm","floor":1,"turns":3},{"damage":6,"enemies":"2 Louse","floor":3,"turns":4},{"damage":1,"enemies":"Cultist","floor":4,"turns":3},{"damage":22,"enemies":"Large Slime","floor":6,"turns":5},{"damage":30,"enemies":"Lagavulin","floor":7,"turns":7}],"seed_played":"-7655122880512169533","potions_obtained":[{"floor":4,"key":"FearPotion"}],"is_trial":false,"path_per_floor":["M","?","M","M","?","M","E"],"character_chosen":"DEFECT","items_purchased":[],"campfire_rested":0,"item_purchase_floors":[],"current_hp_per_floor":[66,59,53,52,52,30,0,0],"gold":173,"neow_bonus":"THREE_RARE_CARDS","is_daily":false,"chose_seed":false,"campfire_upgraded":0,"win_rate":0.0,"timestamp":1614309878,"path_taken":["M","?","M","M","?","M","E"],"items_purchased_type":[],"build_version":"2020-12-22","purchased_purges":0,"victory":false,"max_hp_per_floor":[68,68,68,68,68,68,68,68],"relic_stats":{"counters":[5,22],"obtain_stats":[{"Cracked Core":0},{"Cracked Core":0},{"Cracked Core":0}]},"card_choices":[{"not_picked":["Reboot","Hyperbeam"],"picked":"Machine Learning","floor":0},{"not_picked":["Compile Driver","Redo"],"picked":"Conserve Battery","floor":1},{"not_picked":["Conserve Battery","Barrage"],"picked":"Electrodynamics","floor":3},{"not_picked":["Compile Driver","Turbo"],"picked":"Stack","floor":4},{"not_picked":["Auto Shields","Coolheaded"],"picked":"BootSequence","floor":6}],"player_experience":221122,"relics_obtained":[],"event_choices":[{"cards_removed":["Strike_B"],"damage_healed":0,"gold_gain":0,"player_choice":"Card Removal","damage_taken":7,"max_hp_gain":0,"max_hp_loss":0,"event_name":"Golden Wing","floor":2,"gold_loss":0},{"cards_removed":["Strike_B"],"damage_healed":0,"gold_gain":0,"player_choice":"Forget","damage_taken":0,"max_hp_gain":0,"max_hp_loss":0,"event_name":"Living Wall","floor":5,"gold_loss":0}],"is_beta":false,"boss_relics":[],"items_purged_floors":[],"is_endless":false,"potions_floor_spawned":[4],"killed_by":"Lagavulin","ascension_level":3}}