{"host":"fooy2gnzsnh4qz9y","time":1614342580,"event":{"mods":["2.2 Compatiblity","AchievementEnabler","BaseMod","Colored Map","Colored Powertips","DeckTracker","Highlight Path","Keyboard Shortcuts","Minty Spire (QoL Compilation)","Permanent Neow","Quick Restart","Random Character Button","StSLib","SuperFastMode","everything is the same but u backflip on backflip"],"gold_per_floor":[211,47,65,65,78,110,110,136,136,136,147,147,157,10,10,114,114,124,214,164,184,197,197,197,197],"floor_reached":24,"language":"KOR","playtime":1274,"items_purged":[],"score":266,"play_id":"b54921d6-70a0-4b17-b35d-5b4ba683b081","local_time":"20210226212940","is_ascension_mode":true,"campfire_choices":[{"data":"Bludgeon","floor":7,"key":"SMITH"},{"data":"Perfected Strike","floor":10,"key":"SMITH"},{"data":"Whirlwind","floor":12,"key":"SMITH"},{"data":"Bash","floor":15,"key":"SMITH"},{"floor":23,"key":"REST"}],"circlet_count":0,"master_deck":["Strike_R","Strike_R","Strike_R","Strike_R","Strike_R","Defend_R","Defend_R","Defend_R","Defend_R","Bash+1","Perfected Strike+1","Bludgeon+1","Whirlwind+1","Perfected Strike+1","Perfected Strike+1","Dual Wield","Wild Strike","Second Wind","Disarm"],"relics":["Burning Blood","Blood Vial","Singing Bowl","Toy Ornithopter","DollysMirror","Velvet Choker"],"acts_visited":["Exordium","TheCity"],"potions_floor_usage":[6,8,11,16],"damage_taken":[{"damage":0,"enemies":"Small Slimes","floor":1,"turns":3},{"damage":6,"enemies":"Cultist","floor":3,"turns":3},{"damage":7,"enemies":"Jaw Worm","floor":5,"turns":3},{"damage":4,"enemies":"Gremlin Nob","floor":6,"turns":3},{"damage":0,"enemies":"Lagavulin","floor":8,"turns":2},{"damage":35,"enemies":"Lots of Slimes","floor":11,"turns":4},{"damage":10,"enemies":"Large Slime","floor":13,"turns":4},{"damage":62,"enemies":"Hexaghost","floor":16,"turns":8},{"damage":0,"enemies":"3 Byrds","floor":18,"turns":3},{"damage":30,"enemies":"Shell Parasite","floor":21,"turns":4},{"damage":12,"enemies":"Chosen and Byrds","floor":22,"turns":4},{"damage":81,"enemies":"Gremlin Leader","floor":24,"turns":7}],"seed_played":"-4313665169173389867","potions_obtained":[{"floor":1,"key":"Block Potion"},{"floor":3,"key":"Regen Potion"},{"floor":5,"key":"DistilledChaos"},{"floor":13,"key":"Dexterity Potion"},{"floor":18,"key":"Swift Potion"},{"floor":21,"key":"Strength Potion"}],"is_trial":false,"path_per_floor":["M","$","M","?","M","E","R","E","T","R","M","R","M","$","R","B",null,"M","?","$","M","M","R","E"],"character_chosen":"IRONCLAD","items_purchased":["Bludgeon","DollysMirror","Wild Strike"],"campfire_rested":1,"item_purchase_floors":[2,14,20],"current_hp_per_floor":[80,80,80,80,79,80,80,80,80,80,67,67,67,67,67,20,86,86,74,74,52,48,73,0,0],"gold":197,"neow_bonus":"HUNDRED_GOLD","is_daily":false,"chose_seed":false,"campfire_upgraded":4,"win_rate":0.0,"timestamp":1614342580,"path_taken":["M","$","M","?","M","E","R","E","T","R","M","R","?","$","R","BOSS","M","?","$","M","?","R","E"],"items_purchased_type":["Card","Relic","Card"],"build_version":"2020-12-22","purchased_purges":0,"victory":false,"max_hp_per_floor":[80,80,80,80,80,80,80,80,80,80,82,82,84,84,84,86,86,86,86,86,86,86,86,86,86],"card_choices":[{"not_picked":["Dark Embrace","Cleave"],"picked":"Perfected Strike","floor":1},{"not_picked":["Heavy Blade","Burning Pact","Entrench"],"picked":"SKIP","floor":3},{"not_picked":["Rage","Anger","Sword Boomerang"],"picked":"SKIP","floor":5},{"not_picked":["Flame Barrier","Cleave"],"picked":"Whirlwind","floor":6},{"not_picked":["Rampage","Feel No Pain"],"picked":"Perfected Strike","floor":8},{"not_picked":["Armaments","Exhume","Sever Soul"],"picked":"Singing Bowl","floor":11},{"not_picked":["Inflame","Thunderclap","Anger"],"picked":"Singing Bowl","floor":13},{"not_picked":["Corruption","Brutality","Reaper"],"picked":"Singing Bowl","floor":16},{"not_picked":["Clothesline","Sword Boomerang"],"picked":"Dual Wield","floor":18},{"not_picked":["Headbutt","Cleave+1"],"picked":"Second Wind","floor":21},{"not_picked":["Seeing Red","Dark Embrace"],"picked":"Disarm","floor":22}],"player_experience":255370,"relics_obtained":[{"floor":6,"key":"Blood Vial"},{"floor":8,"key":"Singing Bowl"},{"floor":9,"key":"Toy Ornithopter"}],"event_choices":[{"damage_healed":0,"gold_gain":0,"player_choice":"Forge","damage_taken":0,"max_hp_gain":0,"max_hp_loss":0,"event_name":"Accursed Blacksmith","floor":4,"gold_loss":0,"cards_upgraded":["Perfected Strike"]},{"damage_healed":0,"gold_gain":90,"player_choice":"GOLD ","damage_taken":12,"max_hp_gain":0,"max_hp_loss":0,"event_name":"Knowing Skull","floor":19,"potions_obtained":[],"gold_loss":0,"cards_obtained":[]}],"is_beta":false,"boss_relics":[{"not_picked":["Astrolabe","Cursed Key"],"picked":"Velvet Choker"}],"items_purged_floors":[],"is_endless":false,"potions_floor_spawned":[1,3,5,13,18,21],"killed_by":"Gremlin Leader","ascension_level":3}}