{"host":"ee5exjejqz6r5zx9","time":1614342225,"event":{"mods":["ATMod(阿瑾Mod)","Act Like it!","BaseMod","Card Forge","Colored Powertips","Custom Start","Gensokyo","HololiveMod","Minty Spire (QoL Compilation)","MostiFishMod","Quick Restart","Rare Cards Sparkle","Relic Filter Mod","Remove Card Discount Mod","Replay The Spire","RumiaBox-露米娅的神秘盒子","Shop Mod","StSLib","TestMod","【功能Mod】混沌之环修复补丁","【遗物卡牌】REMEMod"],"gold_per_floor":[115,134,3333,3189,3205,3219,3219,3247,3247,3178,3178,3021,3047,2972,2972,3045,3045,3060,3073,3093,3126,3146,3146,2669,2719,2744,2754,2781,2074,2092,2112,2112,2186,2186,2205,2221,1781,1781,1741,1771,1796,1462,1462,1462,1476,1476,1511,1527,1527,1527,1527,1527,1527,1077,1102,1102],"floor_reached":57,"language":"ZHS","playtime":1478,"items_purged":["Defend_P","Strike_P","Defend_P","Strike_P","Defend_P","Defend_P"],"score":4204,"play_id":"cac64dc9-676e-484d-9890-f0f1e1e235b2","local_time":"20210226202345","is_ascension_mode":true,"campfire_choices":[{"data":"Tantrum","floor":7.0,"key":"SMITH"},{"floor":11.0,"key":"RECALL"},{"floor":15.0,"key":"DIG"},{"data":"MostiFishMod:Minus+2","floor":44.0,"key":"SMITH"},{"data":"MostiFishMod:Minus+4","floor":53.0,"key":"SMITH"}],"circlet_count":0,"master_deck":["AscendersBane","Eruption+1","Vigilance+1","testmod-SunMoon+1","AT_LightSaberMaster+1","MentalFortress+1","BowlingBash+1","Wallop+1","FollowUp+1","Tantrum+1","MostiFishMod:Adaptation+1","Vault+1","TalkToTheHand+1","Blasphemy+1","MostiFishMod:Speedup+1","AT_ChampionStep+1","MostiFishMod:Minus+9","Indignation+1"],"relics":["PureWater","Hammer of Thor","Seething Fire","Anvil of the Gods","testmod-TestBox","REME_ComplimentaryCards","AT_ATBox","testmod-HarvestTotem","BrkXgEgg","SynthV:TestCard","Orichalcum","testmod-Laevatain","Calipers","Guide Book","Replay:Multitool","Yang","AT_TrinityForce","Bag of Preparation","Blue Doll","TimeFreeze","Oddly Smooth Stone","Juzu Bracelet","Medical Kit","HornCleat","Replay:Baseball","Sozu","REME_OnlineShoppingPlatform","testmod-Hope","testmod-AssaultLearning","testmod-InjuryResistance","AT_ArchangelStaff","OrangePellets","OriginationStaff","DaveBox","TimeFreeze","TheAbacus","ReplayTheSpireMod:Shallot","Gambling Chip"],"acts_visited":["Exordium","TheCity","TheBeyond","TheEnding"],"potions_floor_usage":[],"damage_taken":[{"damage":4.0,"enemies":"Jaw Worm","floor":1.0,"turns":3.0},{"damage":2.0,"enemies":"Small Slimes","floor":2.0,"turns":2.0},{"damage":0.0,"enemies":"Cultist","floor":3.0,"turns":3.0},{"damage":0.0,"enemies":"Gremlin Gang","floor":5.0,"turns":2.0},{"damage":0.0,"enemies":"Blue Slaver","floor":6.0,"turns":2.0},{"damage":0.0,"enemies":"Lagavulin","floor":8.0,"turns":3.0},{"damage":5.0,"enemies":"3 Sentries","floor":10.0,"turns":3.0},{"damage":0.0,"enemies":"Gremlin Nob","floor":13.0,"turns":2.0},{"damage":31.0,"enemies":"The Guardian","floor":16.0,"turns":6.0},{"damage":0.0,"enemies":"2 Thieves","floor":18.0,"turns":1.0},{"damage":0.0,"enemies":"Spheric Guardian","floor":19.0,"turns":1.0},{"damage":0.0,"enemies":"Shelled Parasite and Fungi","floor":20.0,"turns":1.0},{"damage":0.0,"enemies":"Snecko","floor":22.0,"turns":1.0},{"damage":0.0,"enemies":"Snake Plant","floor":27.0,"turns":1.0},{"damage":0.0,"enemies":"Slavers","floor":28.0,"turns":1.0},{"damage":0.0,"enemies":"Cultist and Chosen","floor":30.0,"turns":2.0},{"damage":0.0,"enemies":"Snecko","floor":31.0,"turns":1.0},{"damage":10.0,"enemies":"Pondfish","floor":33.0,"turns":3.0},{"damage":0.0,"enemies":"3 Shapes","floor":35.0,"turns":2.0},{"damage":0.0,"enemies":"Orb Walker","floor":36.0,"turns":1.0},{"damage":0.0,"enemies":"Giant Head","floor":40.0,"turns":4.0},{"damage":0.0,"enemies":"Mind Bloom Boss Battle","floor":41.0,"turns":3.0},{"damage":8.0,"enemies":"4 Shapes","floor":45.0,"turns":2.0},{"damage":0.0,"enemies":"Nemesis","floor":47.0,"turns":1.0},{"damage":0.0,"enemies":"Maw","floor":48.0,"turns":2.0},{"damage":0.0,"enemies":"Time Eater","floor":50.0,"turns":5.0},{"damage":0.0,"enemies":"Awakened One","floor":51.0,"turns":4.0},{"damage":0.0,"enemies":"Shield and Spear","floor":55.0,"turns":2.0},{"damage":0,"enemies":"The Heart","floor":56,"turns":8}],"seed_played":"5282564547570951926","potions_obtained":[{"floor":3.0,"key":"SkillPotion"},{"floor":5.0,"key":"testmod-EscapePotion"},{"floor":19.0,"key":"BottledMiracle"},{"floor":31.0,"key":"Adrenaline Potion"}],"is_trial":false,"path_per_floor":["M","M","M","$","M","M","R","E","T","E","R","$","E","?","R","B",null,"M","M","M","?","M","R","$","?","T","M","E","$","M","M","R","B",null,"M","M","$","?","?","E","?","$","T","R","M","R","E","M","R","B","B",null,"R","$","E","B",null],"character_chosen":"WATCHER","items_purchased":["BowlingBash","Wallop","Guide Book","Blue Doll","TimeFreeze","TalkToTheHand","Blasphemy+1","Medical Kit","HornCleat","AT_ChampionStep","Replay:Baseball","REME_OnlineShoppingPlatform","testmod-Hope","AT_ArchangelStaff","OrangePellets","TheAbacus","ReplayTheSpireMod:Shallot"],"campfire_rested":0,"item_purchase_floors":[4,4,12,24,24,24,24,29,29,29,29,37,37,42,42,54,54],"current_hp_per_floor":[158,156,156,156,156,156,156,156,156,151,151,151,151,151,151,120,162,162,162,162,162,162,162,162,162,162,162,162,162,162,162,162,152,162,162,162,162,162,162,162,162,162,162,162,154,162,162,162,162,162,162,162,162,162,162,162],"gold":1102,"neow_bonus":"TEN_PERCENT_HP_BONUS","is_daily":false,"chose_seed":false,"campfire_upgraded":3,"win_rate":0.0,"timestamp":1614342225,"path_taken":["M","M","M","$","M","M","R","E","T","E","R","$","E","?","R","BOSS","M","M","M","?","M","R","$","?","T","?","E","$","M","M","R","BOSS","M","M","$","?","?","E","?","$","T","R","M","R","E","M","R","BOSS","BOSS","R","$","E","BOSS"],"items_purchased_type":["Card","Card","Relic","Relic","Relic","Card","Card","Relic","Relic","Card","Relic","Relic","Relic","Relic","Relic","Relic","Relic"],"build_version":"2020-12-22","purchased_purges":6,"victory":true,"max_hp_per_floor":[162,162,162,162,162,162,162,162,162,162,162,162,162,162,162,162,162,162,162,162,162,162,162,162,162,162,162,162,162,162,162,162,162,162,162,162,162,162,162,162,162,162,162,162,162,162,162,162,162,162,162,162,162,162,162,162],"card_choices":[{"not_picked":["Study","ReachHeaven"],"picked":"MentalFortress","floor":1.0},{"not_picked":["CutThroughFate","Sanctity","AT_RealFormLess","ClearTheMind","EmptyBody"],"picked":"SKIP","floor":2.0},{"not_picked":["PathToVictory","Nirvana","CrushJoints","MentalFortress","EmptyMind"],"picked":"SKIP","floor":3.0},{"not_picked":["Replay:DivineShield","Replay:Battleflow","Prostrate","Replay:Hum"],"picked":"FollowUp","floor":5.0},{"not_picked":["AT_MachinaRedman+1","ReachHeaven","ThirdEye","CutThroughFate"],"picked":"Tantrum","floor":6.0},{"not_picked":["Replay:Anticipation","MostiFishMod:FlowState","SashWhip","Replay:AllIn+1","CutThroughFate"],"picked":"SKIP","floor":8.0},{"not_picked":["FlyingSleeves","CrushJoints","Replay:Hum","REME_Repentance","MostiFishMod:Dust+1"],"picked":"SKIP","floor":10.0},{"not_picked":["EmptyBody","FollowUp","MostiFishMod:Speedup","Study"],"picked":"Meditate","floor":13.0},{"not_picked":["Replay:LoomingThreat+1","MostiFishMod:Unraveling+1","Brilliance+1","MostiFishMod:StarLaLaLa+1"],"picked":"MostiFishMod:Adaptation+1","floor":16.0},{"not_picked":["ThirdEye","EmptyBody","Prostrate","Replay:ManipulateFuture","Consecrate"],"picked":"SKIP","floor":18.0},{"not_picked":["CrushJoints","SashWhip","Swivel","CarveReality+1","PathToVictory"],"picked":"SKIP","floor":19.0},{"not_picked":["REME_Repentance","Consecrate","FollowUp","Halt","Collect"],"picked":"SKIP","floor":20.0},{"not_picked":["SashWhip","PathToVictory","FollowUp","ThirdEye"],"picked":"Vault+1","floor":21.0},{"not_picked":["AT_OneInchPunch+1","Crescendo","Prostrate+1","Perseverance","Replay:Vibes"],"picked":"SKIP","floor":22.0},{"not_picked":["ThirdEye","FollowUp","Collect","CutThroughFate"],"picked":"MostiFishMod:Speedup","floor":27.0},{"not_picked":["Replay:Battleflow","Ragnarok+1","Halt","Nirvana","Tantrum"],"picked":"SKIP","floor":28.0},{"not_picked":["Replay:AtTheReady","AT_RealFormLess+1","Prostrate","ForeignInfluence","JustLucky"],"picked":"SKIP","floor":30.0},{"not_picked":["Consecrate","Replay:DivineShield","Replay:ManipulateFuture+1","MostiFishMod:StarOceanP+1","Protect"],"picked":"SKIP","floor":31.0},{"not_picked":["MostiFishMod:DisColor+1","Wish+1","AT_IrregularMenstruation+1","Scrawl+1"],"picked":"MostiFishMod:Minus+1","floor":33.0},{"not_picked":["BowlingBash","PathToVictory","Replay:BluntJabs","Replay:Hum","MostiFishMod:Nomercy"],"picked":"SKIP","floor":35.0},{"not_picked":["AT_OneInchPunch","Crescendo","WindmillStrike","BowlingBash","ClearTheMind+1"],"picked":"SKIP","floor":36.0},{"not_picked":["ThirdEye+1","Devotion+1","Replay:AtTheReady+1","JustLucky"],"picked":"Indignation","floor":40.0},{"not_picked":["Replay:AtTheReady","Nirvana","SandsOfTime","MostiFishMod:LegendTransform","WaveOfTheHand"],"picked":"SKIP","floor":45.0},{"not_picked":["AT_ChampionStep","FlurryOfBlows","SashWhip","Protect+1","Judgement+1"],"picked":"SKIP","floor":47.0},{"not_picked":["Wireheading","REME_Repentance+1","FollowUp","Replay:Vibes","AT_DivineConfetti"],"picked":"SKIP","floor":48.0},{"not_picked":["EmptyBody","MostiFishMod:DustFall+1","Wallop","MostiFishMod:Speedup","PathToVictory+1"],"picked":"SKIP","floor":55.0}],"player_experience":465948,"relics_obtained":[{"floor":1.0,"key":"SynthV:TestCard"},{"floor":8.0,"key":"Orichalcum"},{"floor":9.0,"key":"testmod-Laevatain"},{"floor":10.0,"key":"Calipers"},{"floor":13.0,"key":"Replay:Multitool"},{"floor":15.0,"key":"Yang"},{"floor":21.0,"key":"Bag of Preparation"},{"floor":26.0,"key":"Oddly Smooth Stone"},{"floor":28.0,"key":"Juzu Bracelet"},{"floor":40.0,"key":"testmod-AssaultLearning"},{"floor":41.0,"key":"testmod-InjuryResistance"},{"floor":47.0,"key":"OriginationStaff"},{"floor":55.0,"key":"Gambling Chip"}],"event_choices":[{"cards_removed":["Meditate"],"damage_healed":0.0,"max_hp_gain":0.0,"max_hp_loss":0.0,"gold_gain":0.0,"event_name":"The Cleric","player_choice":"Card Removal","floor":14.0,"gold_loss":75.0,"damage_taken":0.0},{"damage_healed":0.0,"max_hp_gain":0.0,"max_hp_loss":0.0,"gold_gain":50.0,"event_name":"Golden Shrine","player_choice":"Pray","floor":25.0,"gold_loss":0.0,"damage_taken":0.0},{"damage_healed":0.0,"max_hp_gain":0.0,"max_hp_loss":0.0,"gold_gain":0.0,"event_name":"Purifier","player_choice":"Ignored","floor":32.0,"gold_loss":0.0,"damage_taken":0.0},{"damage_healed":0.0,"max_hp_gain":0.0,"max_hp_loss":0.0,"gold_gain":0.0,"event_name":"Tomb of Lord Red Mask","player_choice":"Ignored","floor":38.0,"gold_loss":0.0,"damage_taken":0.0},{"damage_healed":0.0,"max_hp_gain":0.0,"max_hp_loss":0.0,"gold_gain":0.0,"event_name":"The Woman in Blue","player_choice":"Bought 3 Potions","floor":39.0,"gold_loss":0.0,"damage_taken":0.0},{"damage_healed":0.0,"max_hp_gain":0.0,"max_hp_loss":0.0,"gold_gain":0.0,"event_name":"MindBloom","player_choice":"Fight","floor":41.0,"gold_loss":0.0,"damage_taken":0.0},{"damage_healed":0.0,"max_hp_gain":0.0,"max_hp_loss":0.0,"gold_gain":0.0,"event_name":"给自己的盒子","player_choice":"Swap Relic","floor":49.0,"relics_lost":["DaveBox"],"gold_loss":0.0,"damage_taken":0.0,"relics_obtained":["DaveBox"]}],"is_beta":false,"boss_relics":[{"not_picked":["VioletLotus","Runic Pyramid"],"picked":"AT_TrinityForce"},{"not_picked":["NightmareShop","SacredBark"],"picked":"Sozu"}],"items_purged_floors":[4,4,4,24,24,24],"is_endless":false,"potions_floor_spawned":[3,5,16,19,27,31,33,36,40,41,48],"ascension_level":20}}