{"host":"mychigd5o98hbqtx","time":1614372091,"event":{"mods":["2.2 Compatiblity","Act Like it!","Aspiration","BaseMod","Better Sensory Stone","Better Third Choice","BetterRewards","Block Reminder","Bossed Relics","Fox Events","Friendly Minions","GifTheSpireLib","Jedi Mod","Minty Spire (QoL Compilation)","Pale of the Ancients","Reliquary","Replay The Spire","Ruina","StSLib","SuperFastMode","Wandering Minibosses"],"gold_per_floor":[110,123,123,136,147,173,173,173,173,191,191,216,236,271,271,370,370,390,390,390,144,156,156,156,189,189,203,249,249,249],"floor_reached":29,"language":"RUS","playtime":1317,"items_purged":["Strike_R"],"score":363,"play_id":"aa5acd32-2493-49e7-8308-14b8a5d436e8","local_time":"20210226234131","is_ascension_mode":false,"campfire_choices":[{"data":"Armaments","floor":7,"key":"SMITH"},{"data":"Barricade","floor":11,"key":"SMITH"},{"data":"Body Slam","floor":15,"key":"SMITH"},{"floor":26,"key":"REST"}],"circlet_count":0,"master_deck":["Strike_R","Strike_R","Defend_R","Defend_R","Defend_R","Defend_R","Bash+1","Barricade+1","Armaments+1","Iron Wave","Shrug It Off","Metallicize","Berserk","Intimidate","Body Slam+1","Juggernaut+1","Armaments+1","Demon Form","Juggernaut+1","ruina:Nihil","Seeing Red+1"],"relics":["Burning Blood","ReplayTheSpireMod:Spearhead","reliquary:SilkGlove","aspiration:StickyExplosives_weak","jedi:archwizardhat","Iron Hammer","Replay:Bronze Core","ReplayFunnel","Bag of Marbles"],"acts_visited":["Exordium","Exordium"],"potions_floor_usage":[14,25,27],"damage_taken":[{"damage":3,"enemies":"Jaw Worm","floor":1,"turns":4},{"damage":0,"enemies":"Cultist","floor":2,"turns":5},{"damage":9,"enemies":"2 Louse","floor":4,"turns":4},{"damage":21,"enemies":"Lots of Slimes","floor":5,"turns":9},{"damage":10,"enemies":"Lagavulin","floor":6,"turns":9},{"damage":2,"enemies":"Looter","floor":10,"turns":3},{"damage":6,"enemies":"Replay:BlueRogue","floor":12,"turns":9},{"damage":6,"enemies":"3 Louse","floor":13,"turns":3},{"damage":8,"enemies":"Gremlin Nob","floor":14,"turns":5},{"damage":6,"enemies":"Slime Boss","floor":16,"turns":10},{"damage":18,"enemies":"ruina:BadWolf","floor":18,"turns":5},{"damage":7,"enemies":"ruina:3_Bats","floor":22,"turns":6},{"damage":14,"enemies":"ruina:RoadHome","floor":25,"turns":5},{"damage":14,"enemies":"ruina:QueenOfHate","floor":27,"turns":5},{"damage":52,"enemies":"ruina:Mountain","floor":29,"turns":3}],"seed_played":"8623827882188771332","potions_obtained":[{"floor":4,"key":"Languid Potion"},{"floor":6,"key":"Fire Potion"},{"floor":12,"key":"PowerPotion"},{"floor":14,"key":"jedi:tentaclejuice"},{"floor":22,"key":"Fire Potion"},{"floor":25,"key":"BloodPotion"}],"is_trial":false,"path_per_floor":["M","M","?","M","M","E","R","?","T","M","R","E","M","E","R","B",null,"M","?","?","$","M","PTL","PTL","E","R","M","T","E"],"character_chosen":"IRONCLAD","items_purchased":["ReplayTheSpireMod:Spearhead","ruina:Nihil"],"campfire_rested":1,"item_purchase_floors":[0,21],"current_hp_per_floor":[78,80,80,77,62,58,58,58,58,62,62,62,62,60,60,60,80,68,52,28,28,27,27,27,19,43,51,51,0,0],"gold":249,"neow_bonus":"","is_daily":false,"chose_seed":false,"campfire_upgraded":3,"win_rate":0.0,"timestamp":1614372091,"path_taken":["M","M","?","M","?","E","R","?","T","M","R","E","M","E","R","BOSS","M","?","?","$","?","PTL","PTL","E","R","M","T","E"],"items_purchased_type":["Relic","Card"],"build_version":"2020-12-22","purchased_purges":1,"victory":false,"max_hp_per_floor":[80,80,80,80,80,80,80,80,80,80,80,80,80,80,80,80,80,80,80,80,80,80,80,80,80,80,80,80,80,80],"card_choices":[{"not_picked":["Replay:Undeath\u0027s Touch","Dark Embrace"],"picked":"Armaments","floor":1},{"not_picked":["Replay:Undeath\u0027s Touch","Heavy Blade"],"picked":"Iron Wave","floor":2},{"not_picked":["Power Through","Replay:Undeath\u0027s Touch","Pommel Strike"],"picked":"SKIP","floor":4},{"not_picked":["Sentinel","Clothesline"],"picked":"Shrug It Off","floor":5},{"not_picked":["Headbutt","Havoc","Reckless Charge"],"picked":"SKIP","floor":6},{"not_picked":["Shockwave","Clothesline"],"picked":"Metallicize","floor":10},{"not_picked":["Perfected Strike","Carnage"],"picked":"Berserk","floor":12},{"not_picked":["Havoc","Headbutt"],"picked":"Intimidate","floor":13},{"not_picked":["Searing Blow","Flex"],"picked":"Body Slam","floor":14},{"not_picked":["Eclipse","Replay:Many Hands"],"picked":"Juggernaut","floor":16},{"not_picked":["Hemokinesis","Replay:Undeath\u0027s Touch+1"],"picked":"Armaments+1","floor":18},{"not_picked":["Sword Boomerang","Second Wind+1","Clash"],"picked":"SKIP","floor":22},{"not_picked":["Sword Boomerang","ReplayTheSpireMod:Strike From Hell+1","Cleave"],"picked":"SKIP","floor":25},{"not_picked":["Cleave","Infernal Blade+1"],"picked":"Seeing Red+1","floor":27}],"player_experience":180085,"relics_obtained":[{"floor":6,"key":"reliquary:SilkGlove"},{"floor":9,"key":"aspiration:StickyExplosives_weak"},{"floor":12,"key":"jedi:archwizardhat"},{"floor":14,"key":"Iron Hammer"},{"floor":25,"key":"ReplayFunnel"},{"floor":28,"key":"Bag of Marbles"}],"event_choices":[{"cards_removed":["Strike_R"],"damage_healed":0,"gold_gain":0,"player_choice":"Offered Basic","damage_taken":0,"max_hp_gain":0,"max_hp_loss":0,"event_name":"Bonfire Elementals","floor":3,"gold_loss":0},{"damage_healed":0,"gold_gain":0,"player_choice":"Upgraded","damage_taken":0,"max_hp_gain":0,"max_hp_loss":0,"event_name":"Upgrade Shrine","floor":8,"gold_loss":0,"cards_upgraded":["Bash"]},{"damage_healed":0,"gold_gain":2,"player_choice":"2","damage_taken":0,"max_hp_gain":0,"max_hp_loss":16,"event_name":"betterStone:BetterStone","floor":19,"gold_loss":0}],"is_beta":false,"boss_relics":[{"not_picked":["Ectoplasm","aspiration:RitualDagger"],"picked":"Replay:Bronze Core"}],"items_purged_floors":[21],"is_endless":false,"potions_floor_spawned":[4,6,12,14,22,25],"killed_by":"ruina:Mountain","ascension_level":0}}