{"host":"zr590xw2unlz0wv7","time":1614360975,"event":{"mods":["BaseMod","Minty Spire (QoL Compilation)","READ ME - Guardian Mod","StSLib"],"gold_per_floor":[114,114,133,146,146,173,185,185,185,203,219,230,230,76,76,76,76],"floor_reached":16,"language":"ZHS","playtime":820,"items_purged":[],"score":125,"play_id":"f9ca60fa-73f9-4cf0-bf98-e11579dcebcb","local_time":"20210227013615","is_ascension_mode":true,"campfire_choices":[{"data":"Cloak And Dagger","floor":8,"key":"SMITH"},{"data":"Footwork","floor":13,"key":"SMITH"},{"floor":15,"key":"REST"}],"circlet_count":0,"master_deck":["Strike_G","Strike_G","Strike_G","Strike_G","Strike_G","Defend_G","Defend_G","Defend_G","Defend_G","Defend_G","Survivor","Neutralize+1","Quick Slash","Cloak And Dagger+1","Footwork+1","Backflip","Deflect"],"relics":["Ring of the Snake","NeowsBlessing","Singing Bowl","Blue Candle","Letter Opener","HandDrill"],"acts_visited":["Exordium"],"potions_floor_usage":[6,7],"damage_taken":[{"damage":0,"enemies":"Cultist","floor":1,"turns":1},{"damage":0,"enemies":"Jaw Worm","floor":3,"turns":1},{"damage":0,"enemies":"2 Louse","floor":4,"turns":1},{"damage":17,"enemies":"Lagavulin","floor":6,"turns":11},{"damage":14,"enemies":"Lots of Slimes","floor":7,"turns":5},{"damage":0,"enemies":"Blue Slaver","floor":10,"turns":4},{"damage":0,"enemies":"Looter","floor":11,"turns":4},{"damage":4,"enemies":"Large Slime","floor":12,"turns":7},{"damage":49,"enemies":"The Guardian","floor":16,"turns":14}],"seed_played":"-3431335081137295276","potions_obtained":[{"floor":4,"key":"SkillPotion"},{"floor":7,"key":"Fruit Juice"},{"floor":10,"key":"CunningPotion"},{"floor":11,"key":"SneckoOil"}],"is_trial":false,"path_per_floor":["M","?","M","M","?","E","M","R","T","M","M","M","R","$","R","B"],"character_chosen":"THE_SILENT","items_purchased":["HandDrill"],"campfire_rested":1,"item_purchase_floors":[14],"current_hp_per_floor":[70,70,70,70,67,52,45,45,45,47,47,43,43,43,67,18,18],"gold":76,"neow_bonus":"THREE_ENEMY_KILL","is_daily":false,"chose_seed":false,"campfire_upgraded":2,"win_rate":0.0,"timestamp":1614360975,"path_taken":["M","?","M","?","?","E","M","R","T","M","M","M","R","$","R","BOSS"],"items_purchased_type":["Relic"],"build_version":"2020-12-22","purchased_purges":0,"victory":false,"max_hp_per_floor":[70,70,70,70,70,72,79,79,79,81,81,81,81,81,81,81,81],"card_choices":[{"not_picked":["Slice","Deflect"],"picked":"Quick Slash","floor":1},{"not_picked":["Tactician","Dodge and Roll"],"picked":"Cloak And Dagger","floor":3},{"not_picked":["Backflip","Acrobatics"],"picked":"Footwork","floor":4},{"not_picked":["Crippling Poison","Prepared","Catalyst"],"picked":"Singing Bowl","floor":6},{"not_picked":["Underhanded Strike","Poisoned Stab","Sucker Punch"],"picked":"Singing Bowl","floor":7},{"not_picked":["Crippling Poison","Acrobatics","Envenom"],"picked":"Singing Bowl","floor":10},{"not_picked":["Underhanded Strike","Crippling Poison"],"picked":"Backflip","floor":11},{"not_picked":["Poisoned Stab","Sucker Punch"],"picked":"Deflect","floor":12}],"player_experience":558266,"relics_obtained":[{"floor":6,"key":"Blue Candle"},{"floor":9,"key":"Letter Opener"}],"event_choices":[{"damage_healed":0,"gold_gain":0,"player_choice":"Forge","damage_taken":0,"max_hp_gain":0,"max_hp_loss":0,"event_name":"Accursed Blacksmith","floor":2,"gold_loss":0,"cards_upgraded":["Neutralize"]},{"damage_healed":0,"gold_gain":0,"player_choice":"Success","damage_taken":3,"relics_obtained":["Singing Bowl"],"max_hp_gain":0,"max_hp_loss":0,"event_name":"Scrap Ooze","floor":5,"gold_loss":0}],"is_beta":false,"boss_relics":[],"items_purged_floors":[],"is_endless":false,"potions_floor_spawned":[4,7,10,11],"killed_by":"The Guardian","ascension_level":4}}