{"host":"0utx1lcxgx5vu4k0","time":1614366541,"event":{"mods":["BaseMod","Colored Powertips","Minty Spire (QoL Compilation)","Permanent Neow","StSLib"],"gold_per_floor":[118,136,149,114,127,152,152,187,187,203,203,19,48,76,76,171,171,171,181,181,197,215,250,250,325,325,359,50,82,98,124,124,221,221,235,250,277,296,96,126,142,159,186,219,201,242,265,142,142,142,142,142,7,39,39],"floor_reached":56,"language":"ENG","playtime":5056,"items_purged":["Strike_P","Strike_P"],"score":1841,"play_id":"84121233-3f2f-4491-9981-40d510f8bcde","local_time":"20210226140901","is_ascension_mode":true,"campfire_choices":[{"data":"Eruption","floor":15.0,"key":"SMITH"},{"data":"Judgement","floor":24.0,"key":"SMITH"},{"floor":32.0,"key":"REST"},{"floor":49,"key":"RECALL"},{"data":"FearNoEvil","floor":52,"key":"SMITH"}],"circlet_count":0,"master_deck":["Strike_P+1","Strike_P+1","Defend_P+1","Eruption+1","Vigilance+1","CurseOfTheBell","Wallop+1","ForeignInfluence+1","EmptyFist+1","LessonLearned+1","FlurryOfBlows+1","Halt+1","Meditate+1","CrushJoints+1","Halt+1","Judgement+1","JustLucky+1","Indignation+1","FollowUp+1","FlurryOfBlows+1","Ragnarok+1","FlurryOfBlows+1","Perseverance+1","Nirvana+1","EmptyBody+1","InnerPeace+1","Meditate+1","ThirdEye+1","WaveOfTheHand+1","Halt+1","Weave+1","FearNoEvil+1","Master of Strategy","TalkToTheHand"],"relics":["Calling Bell","Centennial Puzzle","The Courier","Calipers","Question Card","Meat on the Bone","FossilizedHelix","WingedGreaves","Medical Kit","Blood Vial","Darkstone Periapt","VioletLotus","Shuriken","Letter Opener","Pantograph","ClockworkSouvenir","Happy Flower","Strawberry","Bronze Scales","Astrolabe","War Paint","Kunai","Damaru","MawBank","Gremlin Horn","Thread and Needle"],"acts_visited":["Exordium","TheCity","TheBeyond","TheEnding"],"potions_floor_usage":[55,55,55],"damage_taken":[{"damage":12.0,"enemies":"Cultist","floor":1.0,"turns":3.0},{"damage":3.0,"enemies":"Jaw Worm","floor":2.0,"turns":3.0},{"damage":0.0,"enemies":"Small Slimes","floor":3.0,"turns":2.0},{"damage":2.0,"enemies":"Looter","floor":5.0,"turns":2.0},{"damage":1.0,"enemies":"3 Sentries","floor":6.0,"turns":3.0},{"damage":38.0,"enemies":"Lagavulin","floor":8.0,"turns":8.0},{"damage":0.0,"enemies":"Exordium Thugs","floor":10.0,"turns":3.0},{"damage":0.0,"enemies":"Gremlin Nob","floor":13.0,"turns":4.0},{"damage":3.0,"enemies":"3 Sentries","floor":14.0,"turns":5.0},{"damage":21.0,"enemies":"Hexaghost","floor":16.0,"turns":9.0},{"damage":0.0,"enemies":"Shell Parasite","floor":18.0,"turns":1.0},{"damage":11.0,"enemies":"2 Thieves","floor":19.0,"turns":4.0},{"damage":30.0,"enemies":"Shelled Parasite and Fungi","floor":21.0,"turns":6.0},{"damage":0.0,"enemies":"Centurion and Healer","floor":22.0,"turns":5.0},{"damage":0.0,"enemies":"Book of Stabbing","floor":23.0,"turns":4.0},{"damage":11.0,"enemies":"Slavers","floor":27.0,"turns":4.0},{"damage":18.0,"enemies":"Book of Stabbing","floor":29.0,"turns":5.0},{"damage":24.0,"enemies":"Snake Plant","floor":30.0,"turns":4.0},{"damage":18.0,"enemies":"Gremlin Leader","floor":31.0,"turns":4.0},{"damage":61.0,"enemies":"Champ","floor":33.0,"turns":10.0},{"damage":6.0,"enemies":"3 Shapes","floor":35.0,"turns":4.0},{"damage":0.0,"enemies":"Orb Walker","floor":36.0,"turns":2.0},{"damage":9.0,"enemies":"Writhing Mass","floor":38.0,"turns":4.0},{"damage":15.0,"enemies":"Nemesis","floor":40.0,"turns":7.0},{"damage":0.0,"enemies":"Spire Growth","floor":41.0,"turns":3.0},{"damage":11.0,"enemies":"3 Darklings","floor":42.0,"turns":3.0},{"damage":0,"enemies":"Reptomancer","floor":44,"turns":6},{"damage":0,"enemies":"Giant Head","floor":46,"turns":6},{"damage":0,"enemies":"Maw","floor":47,"turns":4},{"damage":28,"enemies":"Awakened One","floor":50,"turns":5},{"damage":22,"enemies":"Shield and Spear","floor":54,"turns":4},{"damage":15,"enemies":"The Heart","floor":55,"turns":5}],"seed_played":"-5696733680565172461","potions_obtained":[{"floor":5.0,"key":"Explosive Potion"},{"floor":6.0,"key":"Energy Potion"},{"floor":8.0,"key":"SteroidPotion"},{"floor":13.0,"key":"Explosive Potion"},{"floor":16.0,"key":"SmokeBomb"},{"floor":22.0,"key":"AttackPotion"},{"floor":23.0,"key":"BlessingOfTheForge"},{"floor":29.0,"key":"Fire Potion"},{"floor":33.0,"key":"Explosive Potion"},{"floor":35.0,"key":"SteroidPotion"},{"floor":40.0,"key":"Ancient Potion"},{"floor":42.0,"key":"Energy Potion"}],"is_trial":false,"path_per_floor":["M","M","M","?","M","E","$","E","T","M","?","$","E","E","R","B",null,"M","M","?","M","M","E","R","?","T","E","$","E","M","E","R","B",null,"M","M","T","M","$","E","M","M","T","E","?","E","M","$","R","B",null,"R","$","E","B",null],"character_chosen":"WATCHER","items_purchased":["Medical Kit","LiquidBronze","ClockworkSouvenir","Happy Flower","Kunai","FearNoEvil","Master of Strategy"],"campfire_rested":1,"item_purchase_floors":[12,12,28,28,39,48,53],"current_hp_per_floor":[53,50,50,68,66,65,65,27,27,39,32,32,44,43,43,36,63,65,56,82,52,54,56,56,48,48,51,51,54,44,40,66,40,77,73,75,75,68,68,55,57,48,48,50,50,52,54,54,54,53,80,80,80,60,72],"gold":39,"neow_bonus":"BOSS_RELIC","is_daily":false,"chose_seed":false,"campfire_upgraded":3,"win_rate":0.0,"timestamp":1614366541,"path_taken":["M","?","M","?","M","E","$","E","T","M","?","$","E","E","R","BOSS","M","M","?","?","M","E","R","?","T","E","$","E","M","E","R","BOSS","M","?","?","?","$","E","M","M","T","E","?","E","?","?","R","BOSS","R","$","E","BOSS"],"items_purchased_type":["Relic","Potion","Relic","Relic","Relic","Card","Card"],"build_version":"2020-12-22","purchased_purges":2,"victory":true,"max_hp_per_floor":[72,72,72,72,72,72,72,72,72,72,72,72,72,72,72,72,72,72,72,82,82,82,82,82,82,82,82,82,89,89,89,89,89,89,89,89,89,89,89,89,89,89,89,89,89,89,89,89,89,89,89,89,89,89,89],"card_choices":[{"not_picked":["Halt","FollowUp"],"picked":"Wallop","floor":1.0},{"not_picked":["ThirdEye","ReachHeaven"],"picked":"ForeignInfluence","floor":2.0},{"not_picked":["Prostrate","SpiritShield","ClearTheMind"],"picked":"SKIP","floor":3.0},{"not_picked":["EmptyMind","Swivel"],"picked":"EmptyFist","floor":5.0},{"not_picked":["Crescendo","DeceiveReality"],"picked":"LessonLearned","floor":6.0},{"not_picked":["EmptyBody","LikeWater","Wireheading","Weave"],"picked":"SKIP","floor":8.0},{"not_picked":["DeceiveReality","ThirdEye","Meditate"],"picked":"FlurryOfBlows","floor":10.0},{"not_picked":["Study","Ragnarok","Protect"],"picked":"Halt","floor":13.0},{"not_picked":["Consecrate","EmptyBody","Crescendo"],"picked":"Meditate","floor":14.0},{"not_picked":["Establishment","LessonLearned","SpiritShield"],"picked":"Omniscience","floor":16.0},{"not_picked":["Study","Halt","Crescendo"],"picked":"CrushJoints","floor":19.0},{"not_picked":["Consecrate","BowlingBash","FlyingSleeves+1"],"picked":"Halt","floor":21.0},{"not_picked":["EmptyBody","Meditate","PathToVictory"],"picked":"Judgement","floor":22.0},{"not_picked":["EmptyBody","FollowUp+1","BowlingBash"],"picked":"JustLucky+1","floor":23.0},{"not_picked":["ThirdEye","SashWhip","JustLucky+1"],"picked":"Indignation+1","floor":27.0},{"not_picked":["Ragnarok","JustLucky","LikeWater"],"picked":"FollowUp","floor":29.0},{"not_picked":["CrushJoints","CutThroughFate","JustLucky","ClearTheMind"],"picked":"SKIP","floor":30.0},{"not_picked":["WindmillStrike+1","CutThroughFate+1","EmptyBody"],"picked":"FlurryOfBlows","floor":31.0},{"not_picked":["Establishment","Alpha","Blasphemy"],"picked":"Ragnarok","floor":33.0},{"not_picked":["ClearTheMind","Fasting2","CutThroughFate"],"picked":"EmptyBody+1","floor":35.0},{"not_picked":["FlurryOfBlows+1","ClearTheMind+1","DeceiveReality+1"],"picked":"InnerPeace","floor":36.0},{"not_picked":["CarveReality+1","SandsOfTime","FlyingSleeves","Evaluate"],"picked":"SKIP","floor":38.0},{"not_picked":["Ragnarok","Halt+1","EmptyFist+1"],"picked":"Meditate+1","floor":40.0},{"not_picked":["PathToVictory","FollowUp+1","SashWhip+1"],"picked":"ThirdEye+1","floor":41.0},{"not_picked":["ConjureBlade","Perseverance+1","FlyingSleeves"],"picked":"WaveOfTheHand+1","floor":42.0},{"not_picked":["WindmillStrike","Collect","CarveReality+1"],"picked":"Halt+1","floor":44},{"not_picked":["JustLucky+1","MentalFortress+1","FollowUp+1","ThirdEye"],"picked":"SKIP","floor":46},{"not_picked":["CrushJoints","EmptyFist+1","Halt"],"picked":"Weave+1","floor":47},{"not_picked":["ThirdEye+1","Devotion","BowlingBash"],"picked":"TalkToTheHand","floor":54}],"player_experience":101233,"relics_obtained":[{"floor":0.0,"key":"Centennial Puzzle"},{"floor":0.0,"key":"The Courier"},{"floor":0.0,"key":"Calipers"},{"floor":6.0,"key":"Question Card"},{"floor":8.0,"key":"Meat on the Bone"},{"floor":9.0,"key":"FossilizedHelix"},{"floor":13.0,"key":"Blood Vial"},{"floor":14.0,"key":"Darkstone Periapt"},{"floor":23.0,"key":"Shuriken"},{"floor":26.0,"key":"Letter Opener"},{"floor":27.0,"key":"Pantograph"},{"floor":29.0,"key":"Strawberry"},{"floor":31.0,"key":"Bronze Scales"},{"floor":37.0,"key":"War Paint"},{"floor":40.0,"key":"Damaru"},{"floor":44,"key":"MawBank"},{"floor":46,"key":"Gremlin Horn"},{"floor":54,"key":"Thread and Needle"}],"event_choices":[{"damage_healed":18.0,"max_hp_gain":0.0,"max_hp_loss":0.0,"gold_gain":0.0,"event_name":"The Cleric","player_choice":"Healed","floor":4.0,"gold_loss":35.0,"damage_taken":0.0},{"damage_healed":0.0,"max_hp_gain":0.0,"max_hp_loss":0.0,"gold_gain":0.0,"event_name":"Scrap Ooze","player_choice":"Success","floor":11.0,"gold_loss":0.0,"damage_taken":7.0,"relics_obtained":["WingedGreaves"]},{"cards_removed":["Omniscience"],"damage_healed":16.0,"max_hp_gain":10.0,"max_hp_loss":0.0,"gold_gain":0.0,"event_name":"Bonfire Elementals","player_choice":"Offered Rare","floor":20.0,"gold_loss":0.0,"damage_taken":0.0},{"damage_healed":0.0,"max_hp_gain":0.0,"max_hp_loss":0.0,"gold_gain":75.0,"event_name":"FaceTrader","player_choice":"Touch","floor":25.0,"gold_loss":0.0,"damage_taken":8.0},{"damage_healed":0,"gold_gain":0,"player_choice":"Bought 2 Potions","damage_taken":0,"max_hp_gain":0,"max_hp_loss":0,"event_name":"The Woman in Blue","floor":45,"gold_loss":0}],"is_beta":false,"boss_relics":[{"not_picked":["Busted Crown","SlaversCollar"],"picked":"VioletLotus"},{"not_picked":["Empty Cage","Velvet Choker"],"picked":"Astrolabe"}],"items_purged_floors":[28,48],"is_endless":false,"potions_floor_spawned":[5,6,8,13,16,22,23,29,33,35,40,42,47],"ascension_level":6}}