{"host":"seujf6kmfn3ctpoe","time":1614337289,"event":{"mods":["BaseMod","Colored Map","Minty Spire (QoL Compilation)","Permanent Neow","Relic Sorter","Relic Stats","StSLib"],"gold_per_floor":[118,130,17,32,42,42,42,42,65,65,81,100,117,143,143,241,241,257,257,7,19,19,19,50,67,67,78,110,125,150,162,162,263,263,282,297,297,297,314,345,363,393,393,421,433,445,457,487,499,511],"floor_reached":51,"language":"ENG","playtime":3023,"items_purged":["Strike_R","Strike_R"],"score":864,"play_id":"a12f99ad-37f5-4c77-af54-44e97ec137a2","local_time":"20210226120129","is_ascension_mode":true,"campfire_choices":[{"data":"Feed","floor":6,"key":"SMITH"},{"data":"Rampage","floor":8,"key":"SMITH"},{"data":"Shrug It Off","floor":10,"key":"SMITH"},{"data":"Bash","floor":15,"key":"SMITH"},{"data":"Shrug It Off","floor":23,"key":"SMITH"},{"data":"Exhume","floor":32,"key":"SMITH"},{"data":"Limit Break","floor":46,"key":"SMITH"},{"data":"Writhe","floor":49,"key":"PURGE"}],"circlet_count":0,"master_deck":["Strike_R","Defend_R","Defend_R","Defend_R+1","Defend_R","Bash+1","Feed+1","Shrug It Off+1","Rampage+1","Cleave","Shrug It Off+1","Shockwave+1","Exhume+1","Spot Weakness","Metallicize+1","Limit Break+1","Sword Boomerang+1","Shrug It Off+1"],"relics":["Burning Blood","Nunchaku","Blood Vial","Black Star","War Paint","The Courier","Bag of Marbles","Frozen Egg 2","White Beast Statue","Orichalcum","Gremlin Horn","Bronze Scales","Coffee Dripper","Regal Pillow","Darkstone Periapt","Peace Pipe","Blue Candle","Question Card","MawBank","Art of War"],"acts_visited":["Exordium","TheCity","TheBeyond"],"potions_floor_usage":[25,27,28,33,33,40,42,50,50,50],"damage_taken":[{"damage":2,"enemies":"2 Louse","floor":1,"turns":3},{"damage":0,"enemies":"Cultist","floor":2,"turns":2},{"damage":2,"enemies":"Jaw Worm","floor":4,"turns":4},{"damage":7,"enemies":"Looter","floor":5,"turns":4},{"damage":4,"enemies":"2 Fungi Beasts","floor":11,"turns":3},{"damage":4,"enemies":"Gremlin Gang","floor":12,"turns":5},{"damage":1,"enemies":"3 Louse","floor":13,"turns":5},{"damage":15,"enemies":"Lagavulin","floor":14,"turns":6},{"damage":14,"enemies":"Slime Boss","floor":16,"turns":9},{"damage":27,"enemies":"3 Byrds","floor":18,"turns":6},{"damage":12,"enemies":"Chosen","floor":21,"turns":6},{"damage":46,"enemies":"Slavers","floor":24,"turns":13},{"damage":19,"enemies":"Centurion and Healer","floor":25,"turns":9},{"damage":5,"enemies":"Snake Plant","floor":27,"turns":6},{"damage":11,"enemies":"Book of Stabbing","floor":28,"turns":7},{"damage":0,"enemies":"Cultist and Chosen","floor":29,"turns":6},{"damage":26,"enemies":"Slavers","floor":30,"turns":10},{"damage":4,"enemies":"Shelled Parasite and Fungi","floor":31,"turns":9},{"damage":54,"enemies":"Champ","floor":33,"turns":18},{"damage":9,"enemies":"Orb Walker","floor":35,"turns":4},{"damage":32,"enemies":"3 Darklings","floor":36,"turns":7},{"damage":15,"enemies":"Spire Growth","floor":39,"turns":5},{"damage":23,"enemies":"Nemesis","floor":40,"turns":7},{"damage":12,"enemies":"4 Shapes","floor":41,"turns":5},{"damage":26,"enemies":"Reptomancer","floor":42,"turns":7},{"damage":88,"enemies":"Nemesis","floor":44,"turns":9},{"damage":9,"enemies":"Transient","floor":48,"turns":5},{"damage":122,"enemies":"Time Eater","floor":50,"turns":15}],"seed_played":"5889091014136884525","potions_obtained":[{"floor":11,"key":"SteroidPotion"},{"floor":12,"key":"Swift Potion"},{"floor":13,"key":"DistilledChaos"},{"floor":24,"key":"Energy Potion"},{"floor":25,"key":"FearPotion"},{"floor":27,"key":"Explosive Potion"},{"floor":29,"key":"HeartOfIron"},{"floor":30,"key":"EssenceOfSteel"},{"floor":33,"key":"Strength Potion"},{"floor":35,"key":"SteroidPotion"},{"floor":38,"key":"DuplicationPotion"},{"floor":38,"key":"DuplicationPotion"},{"floor":40,"key":"Regen Potion"},{"floor":42,"key":"SteroidPotion"},{"floor":48,"key":"Regen Potion"}],"is_trial":false,"path_per_floor":["M","M","$","M","M","R","?","R","T","R","M","M","M","E","R","B",null,"M","?","$","M","?","R","E","M","T","M","E","M","E","M","R","B",null,"M","M","?","?","M","E","M","E","T","E","?","R","?","M","R","B",null],"character_chosen":"IRONCLAD","items_purchased":["Rampage","War Paint"],"campfire_rested":0,"item_purchase_floors":[3,20],"current_hp_per_floor":[63,72,72,79,81,81,81,81,81,81,87,93,102,93,93,87,104,87,87,87,87,87,87,53,50,50,57,58,74,64,72,72,30,156,157,133,133,133,130,119,123,105,105,25,75,75,159,156,156,91],"gold":523,"neow_bonus":"THREE_RARE_CARDS","is_daily":false,"chose_seed":false,"campfire_upgraded":7,"win_rate":0.0,"timestamp":1614337289,"path_taken":["M","M","$","M","M","R","?","R","T","R","?","M","M","E","R","BOSS","M","?","$","M","?","R","E","M","T","M","E","M","E","M","R","BOSS","M","M","?","?","?","E","M","E","T","E","?","R","?","M","R","BOSS"],"items_purchased_type":["Card","Relic"],"build_version":"2020-12-22","purchased_purges":2,"victory":true,"max_hp_per_floor":[83,86,86,89,92,92,92,92,92,92,96,100,104,104,104,104,104,108,108,108,112,112,112,116,124,124,128,132,140,148,152,152,156,156,160,160,160,160,164,168,176,176,176,176,182,182,159,159,159,163],"relic_stats":{"Darkstone Periapt":6,"Regal Pillow":0,"Gremlin Horn":[12,12],"counters":[28,195],"Blue Candle":[0],"War Paint":["Defend_R","Shockwave"],"Orichalcum":[126],"Question Card":2,"MawBank":84,"Burning Blood":168,"Blood Vial":34,"Peace Pipe":1,"Nunchaku":[24],"Bronze Scales":[300],"Black Star":6,"Art of War":[4],"obtain_stats":[{"Darkstone Periapt":40,"Regal Pillow":40,"Gremlin Horn":30,"Blue Candle":42,"The Courier":24,"War Paint":20,"Frozen Egg 2":26,"Orichalcum":28,"Question Card":43,"MawBank":44,"Burning Blood":0,"White Beast Statue":28,"Blood Vial":14,"Peace Pipe":42,"Nunchaku":9,"Bronze Scales":30,"Black Star":17,"Bag of Marbles":24,"Coffee Dripper":34,"Art of War":44},{"Darkstone Periapt":23,"Regal Pillow":23,"Gremlin Horn":17,"Blue Candle":25,"The Courier":12,"War Paint":10,"Frozen Egg 2":13,"Orichalcum":15,"Question Card":25,"MawBank":26,"Burning Blood":0,"White Beast Statue":15,"Blood Vial":8,"Peace Pipe":25,"Nunchaku":4,"Bronze Scales":17,"Black Star":9,"Bag of Marbles":12,"Coffee Dripper":19,"Art of War":26},{"Darkstone Periapt":154,"Regal Pillow":154,"Gremlin Horn":104,"Blue Candle":166,"The Courier":66,"War Paint":47,"Frozen Egg 2":75,"Orichalcum":88,"Question Card":166,"MawBank":175,"Burning Blood":0,"White Beast Statue":88,"Blood Vial":32,"Peace Pipe":166,"Nunchaku":13,"Bronze Scales":104,"Black Star":41,"Bag of Marbles":66,"Coffee Dripper":131,"Art of War":175}]},"card_choices":[{"not_picked":["Brutality","Fiend Fire"],"picked":"Feed","floor":0},{"not_picked":["Warcry","Clothesline","Clash"],"picked":"SKIP","floor":1},{"not_picked":["Wild Strike","Pommel Strike"],"picked":"Shrug It Off","floor":2},{"not_picked":["Feel No Pain","Intimidate","Flex"],"picked":"SKIP","floor":4},{"not_picked":["Reckless Charge","Hemokinesis","Disarm"],"picked":"SKIP","floor":5},{"not_picked":["Thunderclap","Twin Strike","Disarm"],"picked":"SKIP","floor":11},{"not_picked":["Thunderclap","Twin Strike","Disarm"],"picked":"SKIP","floor":11},{"not_picked":["Thunderclap","Sentinel","Wild Strike"],"picked":"SKIP","floor":12},{"not_picked":["Wild Strike","Clothesline"],"picked":"Cleave","floor":13},{"not_picked":["Fire Breathing","Cleave","Rupture"],"picked":"SKIP","floor":14},{"not_picked":["Dual Wield","Thunderclap"],"picked":"Shrug It Off","floor":18},{"not_picked":["Reckless Charge+1","Flex","Heavy Blade"],"picked":"SKIP","floor":21},{"not_picked":["Warcry+1","Sword Boomerang+1"],"picked":"Exhume","floor":24},{"not_picked":["Clothesline","Metallicize","Flex"],"picked":"SKIP","floor":25},{"not_picked":["Sentinel","Clothesline+1"],"picked":"Spot Weakness","floor":27},{"not_picked":["Headbutt","Evolve+1","Entrench"],"picked":"SKIP","floor":28},{"not_picked":["Hemokinesis","Dark Embrace+1","True Grit"],"picked":"SKIP","floor":29},{"not_picked":["Perfected Strike","Disarm+1"],"picked":"Metallicize+1","floor":30},{"not_picked":["Clash","Blood for Blood","Body Slam"],"picked":"SKIP","floor":31},{"not_picked":["Brutality+1","Feed"],"picked":"Limit Break","floor":33},{"not_picked":["Shrug It Off","Evolve+1","Perfected Strike"],"picked":"SKIP","floor":35},{"not_picked":["Infernal Blade","Anger","Rupture+1"],"picked":"SKIP","floor":36},{"not_picked":["Flame Barrier+1","Heavy Blade","Headbutt+1"],"picked":"SKIP","floor":39},{"not_picked":["Clash+1","Sentinel"],"picked":"Sword Boomerang+1","floor":40},{"not_picked":["Rage","Anger","Cleave+1"],"picked":"SKIP","floor":41},{"not_picked":["Whirlwind+1","Disarm+1","Pummel"],"picked":"SKIP","floor":42},{"not_picked":["Anger","Second Wind+1","Pommel Strike"],"picked":"Shrug It Off+1","floor":44},{"not_picked":["Thunderclap","Brutality+1","Clash","Perfected Strike"],"picked":"SKIP","floor":48}],"player_experience":472794,"relics_obtained":[{"floor":9,"key":"Nunchaku"},{"floor":14,"key":"Blood Vial"},{"floor":24,"key":"The Courier"},{"floor":24,"key":"Bag of Marbles"},{"floor":26,"key":"Frozen Egg 2"},{"floor":28,"key":"White Beast Statue"},{"floor":28,"key":"Orichalcum"},{"floor":30,"key":"Gremlin Horn"},{"floor":30,"key":"Bronze Scales"},{"floor":40,"key":"Regal Pillow"},{"floor":40,"key":"Darkstone Periapt"},{"floor":42,"key":"Peace Pipe"},{"floor":42,"key":"Blue Candle"},{"floor":43,"key":"Question Card"},{"floor":44,"key":"MawBank"},{"floor":44,"key":"Art of War"}],"event_choices":[{"cards_removed":["Strike_R"],"damage_healed":0,"gold_gain":0,"player_choice":"Purged","damage_taken":0,"max_hp_gain":0,"max_hp_loss":0,"event_name":"Purifier","floor":7,"gold_loss":0},{"damage_healed":0,"gold_gain":0,"player_choice":"Read","damage_taken":0,"max_hp_gain":0,"max_hp_loss":0,"event_name":"The Library","floor":19,"gold_loss":0,"cards_obtained":["Shockwave"]},{"damage_healed":0,"gold_gain":0,"player_choice":"Ignored","damage_taken":0,"max_hp_gain":0,"max_hp_loss":0,"event_name":"The Mausoleum","floor":22,"gold_loss":0},{"cards_removed":["Strike_R"],"damage_healed":0,"gold_gain":0,"player_choice":"Removed Attack","damage_taken":0,"max_hp_gain":0,"max_hp_loss":0,"event_name":"Falling","floor":37,"gold_loss":0},{"damage_healed":0,"gold_gain":0,"player_choice":"Got Potions","damage_taken":0,"max_hp_gain":0,"max_hp_loss":0,"event_name":"Lab","floor":38,"gold_loss":0},{"damage_healed":44,"gold_gain":0,"player_choice":"Writhe","damage_taken":0,"max_hp_gain":0,"max_hp_loss":0,"event_name":"Winding Halls","floor":45,"gold_loss":0,"cards_obtained":["Writhe"]},{"damage_healed":159,"gold_gain":0,"player_choice":"Heal","damage_taken":0,"max_hp_gain":0,"max_hp_loss":23,"event_name":"The Moai Head","floor":47,"gold_loss":0}],"is_beta":false,"boss_relics":[{"not_picked":["SlaversCollar","Fusion Hammer"],"picked":"Black Star"},{"not_picked":["Runic Dome","Runic Cube"],"picked":"Coffee Dripper"}],"items_purged_floors":[3,20],"is_endless":false,"potions_floor_spawned":[11,12,13,14,16,24,25,27,29,30,31,33,35,36,39,40,41,42,44,48],"ascension_level":1}}