{"host":"cijhj3091wf4aho3","time":1614312965,"event":{"mods":["BaseMod","Colored Map","Colored Powertips","Downfall","Friendly Minions","GifTheSpireLib","Highlight Path","Minty Spire (QoL Compilation)","Permanent Neow","Random Character Button","Relic Sorter","Relic Stats","StSLib","everything is the same but u backflip on backflip","slay the spire mod where everything is the same but ironclad has a cowboy hat"],"gold_per_floor":[99,111,125,142,142,52,77,77,77,87,113,13,13,13,25,99,99,99,99,114,124,73,73,73,73,58,77,108,108,120,120,137,215,215,215,230,230,255,110,110,134,134,134,167,67,86,86,97,107,107],"floor_reached":51,"language":"ENG","playtime":2832,"items_purged":["downfall:Malfunctioning","Guardian:Strike_Guardian"],"score":1194,"play_id":"5472f8a6-2dff-40df-bc24-9ea2dad313d6","local_time":"20210225201605","is_ascension_mode":true,"campfire_choices":[{"floor":1,"key":"RECALL"},{"data":"Guardian:BodySlam","floor":8,"key":"SMITH"},{"floor":12,"key":"REST"},{"data":"Guardian:TwinSlam","floor":18,"key":"SMITH"},{"data":"Guardian:PrismaticBeam","floor":23,"key":"SMITH"},{"floor":29,"key":"REST"},{"data":"Guardian:BodySlam","floor":35,"key":"SMITH"},{"data":"Guardian:PiercingHide","floor":40,"key":"SMITH"},{"data":"expansioncontent:YouAreMine","floor":45,"key":"SMITH"},{"floor":47,"key":"REST"}],"circlet_count":0,"master_deck":["AscendersBane","Guardian:Strike_Guardian+1","Guardian:Defend_Guardian+1","Guardian:Defend_Guardian","Guardian:Defend_Guardian","Guardian:Defend_Guardian","Guardian:CurlUp","Guardian:TwinSlam+1","Guardian:DecasProtection+1","Guardian:BodySlam+1","Guardian:ChargeCore","Guardian:PiercingHide+1","Guardian:AncientConstruct+1","Guardian:PrismaticBeam+1","Guardian:BodySlam+1","Guardian:BronzeOrb","Guardian:StasisStrike","Guardian:VentSteam","expansioncontent:YouAreMine+1"],"relics":["Guardian:ModeShifter","Bag of Marbles","Centennial Puzzle","downfall:HeartBlessingRed","Dream Catcher","Philosopher\u0027s Stone","Shuriken","Darkstone Periapt","Sozu","Gambling Chip","Regal Pillow","Medical Kit","Du-Vu Doll","downfall:HeartBlessingGreen"],"acts_visited":["Exordium","TheCity","TheBeyond"],"potions_floor_usage":[22,33],"damage_taken":[{"damage":6,"enemies":"2 Louse","floor":2,"turns":4},{"damage":6,"enemies":"Small Slimes","floor":3,"turns":5},{"damage":2,"enemies":"Jaw Worm","floor":4,"turns":7},{"damage":10,"enemies":"downfall:FleeingMerchant","floor":6,"turns":4},{"damage":0,"enemies":"Large Slime","floor":10,"turns":5},{"damage":36,"enemies":"Gremlin Nob","floor":11,"turns":5},{"damage":10,"enemies":"3 Louse","floor":15,"turns":2},{"damage":11,"enemies":"SI_SHIV_ARCHETYPE","floor":16,"turns":11},{"damage":0,"enemies":"Chosen","floor":19,"turns":1},{"damage":0,"enemies":"Spheric Guardian","floor":20,"turns":5},{"damage":15,"enemies":"Centurion and Healer","floor":21,"turns":6},{"damage":0,"enemies":"downfall:FleeingMerchant","floor":22,"turns":4},{"damage":5,"enemies":"downfall:FleeingMerchant","floor":26,"turns":4},{"damage":8,"enemies":"Shelled Parasite and Fungi","floor":27,"turns":3},{"damage":17,"enemies":"Slavers","floor":28,"turns":4},{"damage":14,"enemies":"Snecko","floor":30,"turns":4},{"damage":0,"enemies":"Centurion and Healer","floor":32,"turns":4},{"damage":10,"enemies":"WA_ARCHETYPE_CALM","floor":33,"turns":8},{"damage":0,"enemies":"3 Shapes","floor":36,"turns":4},{"damage":3,"enemies":"3 Shapes","floor":38,"turns":5},{"damage":18,"enemies":"downfall:FleeingMerchant","floor":39,"turns":3},{"damage":6,"enemies":"Reptomancer","floor":44,"turns":5},{"damage":0,"enemies":"Orb Walker","floor":46,"turns":2},{"damage":6,"enemies":"4 Shapes","floor":48,"turns":6},{"damage":16,"enemies":"3 Darklings","floor":49,"turns":3},{"damage":14,"enemies":"IC_BLOCK_ARCHETYPE","floor":50,"turns":7}],"seed_played":"-5791774487426162096","potions_obtained":[{"floor":10,"key":"Dexterity Potion"},{"floor":11,"key":"FairyPotion"},{"floor":15,"key":"Fire Potion"},{"floor":27,"key":"SpeedPotion"},{"floor":32,"key":"DuplicationPotion"},{"floor":33,"key":"BlessingOfTheForge"}],"is_trial":false,"path_per_floor":["R","M","M","M","?","$","T","R","?","M","E","R","?","T","M","B",null,"R","M","M","M","$","R","T","?","$","M","E","R","M","?","M","B",null,"R","M","?","?","$","R","T","?","?","E","R","M","R","M","M","B",null],"character_chosen":"GUARDIAN","items_purchased":["Guardian:PrismaticBeam","Guardian:Gem_Cyan","Guardian:Gem_Green","Regal Pillow","Medical Kit"],"campfire_rested":3,"item_purchase_floors":[22,39,39,39,39],"current_hp_per_floor":[72,66,60,58,58,48,48,48,48,48,12,35,35,35,25,14,63,63,63,63,48,48,48,48,48,43,35,18,41,27,27,27,17,64,64,64,64,61,43,43,43,43,31,25,25,25,63,57,41,27],"gold":107,"neow_bonus":"TEN_PERCENT_HP_BONUS","is_daily":false,"chose_seed":false,"campfire_upgraded":6,"win_rate":0.0,"timestamp":1614312965,"path_taken":["R","M","M","M","?","$","T","R","?","M","E","R","?","?","M","BOSS","R","M","M","M","$","R","T","?","$","M","E","R","M","?","M","BOSS","R","M","?","?","$","R","T","?","?","E","R","M","R","M","M","BOSS"],"items_purchased_type":["Card","Card","Card","Relic","Relic"],"build_version":"2020-12-22","purchased_purges":2,"victory":true,"max_hp_per_floor":[79,79,79,79,79,79,79,79,79,79,79,79,79,79,79,79,79,79,79,79,79,79,79,79,79,79,79,79,79,79,79,79,79,79,79,79,79,79,79,79,79,79,79,79,79,79,79,79,79,79],"relic_stats":{"Darkstone Periapt":0,"Sozu":2,"Centennial Puzzle":[42],"Dream Catcher":2,"Regal Pillow":15,"counters":[26,121],"Shuriken":[33],"Gambling Chip":[12],"Medical Kit":[3],"obtain_stats":[{"Darkstone Periapt":28,"Regal Pillow":39,"downfall:HeartBlessingRed":12,"Guardian:ModeShifter":0,"downfall:HeartBlessingGreen":45,"Medical Kit":39,"Sozu":34,"Du-Vu Doll":44,"Centennial Puzzle":11,"Dream Catcher":14,"downfall:BrokenWingStatue":13,"Shuriken":24,"Gambling Chip":38,"Philosopher\u0027s Stone":17,"Bag of Marbles":7},{"Darkstone Periapt":15,"Regal Pillow":21,"downfall:HeartBlessingRed":6,"Guardian:ModeShifter":0,"downfall:HeartBlessingGreen":22,"Medical Kit":21,"Sozu":18,"Du-Vu Doll":22,"Centennial Puzzle":6,"Dream Catcher":6,"downfall:BrokenWingStatue":6,"Shuriken":12,"Gambling Chip":20,"Philosopher\u0027s Stone":8,"Bag of Marbles":4},{"Darkstone Periapt":70,"Regal Pillow":98,"downfall:HeartBlessingRed":30,"Guardian:ModeShifter":0,"downfall:HeartBlessingGreen":103,"Medical Kit":98,"Sozu":86,"Du-Vu Doll":103,"Centennial Puzzle":30,"Dream Catcher":30,"downfall:BrokenWingStatue":30,"Shuriken":59,"Gambling Chip":95,"Philosopher\u0027s Stone":43,"Bag of Marbles":20}]},"card_choices":[{"not_picked":["Guardian:TemporalStrike","Guardian:Gem_Green"],"picked":"Guardian:DecasProtection","floor":2},{"not_picked":["Guardian:Gem_Yellow","Guardian:Planning"],"picked":"Guardian:Gem_Cyan","floor":3},{"not_picked":["Guardian:Suspension","Guardian:ShieldCharger"],"picked":"Guardian:BodySlam","floor":4},{"not_picked":["Guardian:Recover","Guardian:Planning"],"picked":"Guardian:ChargeCore","floor":6},{"not_picked":["Guardian:TemporalShield","Guardian:HyperBeam_Guardian"],"picked":"Guardian:Gem_Blue","floor":10},{"not_picked":["Guardian:CrystalBeam","Guardian:Planning"],"picked":"Guardian:Gem_White","floor":11},{"not_picked":["Guardian:Gem_Lightblue","Guardian:Suspension","Guardian:TemporalStrike"],"picked":"SKIP","floor":15},{"not_picked":["Guardian:ChargeCore","Guardian:Harden"],"picked":"Guardian:PiercingHide","floor":19},{"not_picked":["Guardian:Reroute+1","Guardian:CrystalBeam"],"picked":"Guardian:AncientConstruct","floor":20},{"not_picked":["Guardian:Gem_Lightblue","Guardian:Recover"],"picked":"Guardian:Gem_Blue","floor":21},{"not_picked":["Guardian:RollAttack","Guardian:ChargeCore"],"picked":"Guardian:Gem_Purple","floor":22},{"not_picked":["Guardian:WalkerClaw","Guardian:Gem_Fragmented"],"picked":"Guardian:BodySlam","floor":26},{"not_picked":["Guardian:CompilePackage","Guardian:TimeCapacitor"],"picked":"Guardian:BronzeOrb","floor":27},{"not_picked":["Guardian:Gem_Yellow","Guardian:VentSteam","Guardian:Gem_Cyan"],"picked":"SKIP","floor":28},{"not_picked":["Guardian:Gem_Green","Guardian:BronzeArmor","Guardian:PrimingBeam"],"picked":"SKIP","floor":30},{"not_picked":["Guardian:Gem_Green","Guardian:Gem_Red","Guardian:StasisStrike"],"picked":"SKIP","floor":32},{"not_picked":["Guardian:Gem_Green","Guardian:Gem_Red"],"picked":"Guardian:StasisStrike","floor":32},{"not_picked":["Guardian:Gem_Lightblue","Guardian:MultiBeam","Guardian:Gem_Purple"],"picked":"SKIP","floor":36},{"not_picked":["Guardian:RollAttack+1","Guardian:Gem_Crimson"],"picked":"Guardian:VentSteam","floor":38},{"not_picked":["Guardian:TemporalShield","Guardian:ShieldCharger","Guardian:Reroute"],"picked":"SKIP","floor":39},{"not_picked":["expansioncontent:PrepareCrush","expansioncontent:HyperBeam"],"picked":"expansioncontent:YouAreMine","floor":42},{"not_picked":["Guardian:DecasProtection","Guardian:GatlingBeam","Guardian:Gem_Lightblue"],"picked":"SKIP","floor":44},{"not_picked":["Guardian:ChargeCore+1","Guardian:Planning","Guardian:PrismaticBarrier"],"picked":"SKIP","floor":46},{"not_picked":["Guardian:Gem_Cyan","Guardian:Gem_Synthetic","Guardian:RollAttack"],"picked":"SKIP","floor":48},{"not_picked":["Guardian:Gem_Cyan","Guardian:Preprogram","Guardian:WalkerClaw"],"picked":"SKIP","floor":49}],"player_experience":604397,"relics_obtained":[{"floor":7,"key":"Bag of Marbles"},{"floor":11,"key":"Centennial Puzzle"},{"floor":14,"key":"Dream Catcher"},{"floor":24,"key":"Shuriken"},{"floor":28,"key":"Darkstone Periapt"},{"floor":38,"key":"Gambling Chip"},{"floor":44,"key":"Du-Vu Doll"}],"event_choices":[],"is_beta":false,"boss_relics":[{"not_picked":["Pandora\u0027s Box","Tiny House"],"picked":"Philosopher\u0027s Stone"},{"not_picked":["Guardian:StasisSlotReductionRelic","Fusion Hammer"],"picked":"Sozu"}],"items_purged_floors":[6,39],"is_endless":false,"potions_floor_spawned":[10,11,15,16,21,27,30,32,33,38,44],"ascension_level":15}}