{"host":"ux27ob0i1c1tk5lt","time":1614341491,"event":{"mods":["BaseMod","Filter the Spire","GifTheSpireLib","Minty Spire (QoL Compilation)","Relic Stats","StSLib"],"gold_per_floor":[115,115,40,40,56,56,90,90,138,170,202,276,318,141,141,219,219,231,231,74,93,103,103,114,114,114,164,178,188,200,200,200,271,271,281,51,71,71,90,90,116,9,9,9,38,38,38,38,38,38,38,38],"floor_reached":51,"language":"ENG","playtime":3723,"items_purged":["Strike_B","Dualcast"],"score":1576,"play_id":"92629a09-3d1a-4edf-9282-d4751a7c50e2","local_time":"20210226121131","is_ascension_mode":true,"campfire_choices":[{"data":"Apotheosis","floor":6.0,"key":"SMITH"},{"floor":8.0,"key":"DIG"},{"floor":15.0,"key":"REST"},{"floor":23.0,"key":"DIG"},{"floor":25.0,"key":"REST"},{"floor":32.0,"key":"REST"},{"floor":40.0,"key":"REST"},{"floor":44,"key":"REST"},{"floor":47,"key":"DIG"},{"floor":49,"key":"DIG"}],"circlet_count":0,"master_deck":["AscendersBane","Zap","Apotheosis+1","Compile Driver","Streamline","Beam Cell","Cold Snap","Glacier","Seek+1","All For One","Beam Cell","Redo","Streamline","Core Surge","Fission","Hello World","Capacitor","Undo","Aggregate","Recycle","Static Discharge","Skim","Consume","Defragment","Coolheaded","Coolheaded","Undo+1","Sweeping Beam","Go for the Eyes","Reboot","Echo Form","Turbo","Hologram+1","White Noise","Storm"],"relics":["Cracked Core","Akabeko","Gremlin Horn","Shovel","Vajra","MawBank","Smiling Mask","Dream Catcher","Pandora\u0027s Box","Toy Ornithopter","Singing Bowl","Mummified Hand","Philosopher\u0027s Stone","Bag of Preparation","Happy Flower","HornCleat","Unceasing Top","Letter Opener"],"acts_visited":["Exordium","TheCity","TheBeyond"],"potions_floor_usage":[41,51,51],"damage_taken":[{"damage":0.0,"enemies":"Cultist","floor":1.0,"turns":3.0},{"damage":0.0,"enemies":"2 Louse","floor":5.0,"turns":2.0},{"damage":8.0,"enemies":"Lagavulin","floor":7.0,"turns":5.0},{"damage":2.0,"enemies":"Jaw Worm","floor":10.0,"turns":2.0},{"damage":0.0,"enemies":"2 Fungi Beasts","floor":11.0,"turns":2.0},{"damage":9.0,"enemies":"Gremlin Nob","floor":12.0,"turns":3.0},{"damage":0.0,"enemies":"3 Sentries","floor":13.0,"turns":5.0},{"damage":0.0,"enemies":"Slime Boss","floor":16.0,"turns":6.0},{"damage":19.0,"enemies":"3 Byrds","floor":18.0,"turns":3.0},{"damage":10.0,"enemies":"Spheric Guardian","floor":21.0,"turns":4.0},{"damage":0.0,"enemies":"3 Cultists","floor":22.0,"turns":4.0},{"damage":32.0,"enemies":"Shelled Parasite and Fungi","floor":24.0,"turns":3.0},{"damage":0.0,"enemies":"Sentry and Sphere","floor":28.0,"turns":5.0},{"damage":0.0,"enemies":"3 Cultists","floor":29.0,"turns":4.0},{"damage":14.0,"enemies":"Snake Plant","floor":30.0,"turns":5.0},{"damage":11.0,"enemies":"Collector","floor":33.0,"turns":8.0},{"damage":34.0,"enemies":"3 Shapes","floor":35.0,"turns":5.0},{"damage":4.0,"enemies":"Orb Walker","floor":37.0,"turns":3.0},{"damage":5.0,"enemies":"Sphere and 2 Shapes","floor":39.0,"turns":6.0},{"damage":9,"enemies":"Reptomancer","floor":41,"turns":4},{"damage":1,"enemies":"Giant Head","floor":45,"turns":6},{"damage":27,"enemies":"Time Eater","floor":50,"turns":10},{"damage":53,"enemies":"Awakened One","floor":51,"turns":4}],"seed_played":"4377911666788915969","potions_obtained":[{"floor":1.0,"key":"Swift Potion"},{"floor":7.0,"key":"Weak Potion"},{"floor":12.0,"key":"LiquidMemories"},{"floor":16.0,"key":"EssenceOfSteel"},{"floor":24.0,"key":"SteroidPotion"},{"floor":28.0,"key":"EssenceOfSteel"},{"floor":35.0,"key":"Block Potion"},{"floor":45,"key":"Fire Potion"}],"is_trial":false,"path_per_floor":["M","?","?","?","M","R","E","R","T","M","M","?","E","$","R","B",null,"M","?","$","M","M","R","M","R","T","?","M","M","M","T","R","B",null,"M","$","M","?","M","R","E","$","T","R","E","?","R","$","R","B","B"],"character_chosen":"DEFECT","items_purchased":["Beam Cell","Redo","FocusPotion","Consume","Defragment","Echo Form","Turbo","Fire Potion"],"campfire_rested":5,"item_purchase_floors":[14,14,14,20,20,36,36,42],"current_hp_per_floor":[64,64,64,46,46,46,38,38,38,36,36,27,27,27,46,46,60,41,41,41,31,31,31,4,23,23,23,25,25,18,18,38,27,58,26,26,22,22,24,45,41,41,41,64,65,65,65,65,65,38,0,0],"gold":38,"neow_bonus":"RANDOM_COLORLESS_2","is_daily":false,"chose_seed":false,"campfire_upgraded":1,"win_rate":0.0,"timestamp":1614341491,"path_taken":["M","?","?","?","M","R","E","R","T","M","?","?","E","?","R","BOSS","M","?","$","M","?","R","M","R","T","?","M","?","M","?","R","BOSS","M","$","M","?","M","R","E","?","T","R","E","?","R","?","R","BOSS","BOSS"],"items_purchased_type":["Card","Card","Potion","Card","Card","Card","Card","Potion"],"build_version":"2020-12-22","purchased_purges":2,"victory":false,"max_hp_per_floor":[64,64,64,64,64,64,64,64,64,64,64,64,64,64,64,64,64,64,64,64,64,64,64,64,64,64,64,66,66,68,68,68,68,68,70,70,70,70,72,72,72,72,72,74,76,76,76,76,76,76,76,76],"relic_stats":{"Gremlin Horn":[27,27],"Singing Bowl":12,"Happy Flower":[6],"counters":[23,102],"Bag of Preparation":[6],"Letter Opener":[85],"MawBank":60,"Smiling Mask":75,"Dream Catcher":5,"Shovel":4,"Mummified Hand":[43],"Pandora\u0027s Box":["Fission","Hello World","Capacitor","Undo","Aggregate","Recycle","Static Discharge"],"obtain_stats":[{"Gremlin Horn":4,"Singing Bowl":26,"Happy Flower":43,"Vajra":8,"Bag of Preparation":41,"Letter Opener":49,"MawBank":9,"Smiling Mask":12,"Akabeko":2,"Dream Catcher":13,"Shovel":7,"HornCleat":45,"Mummified Hand":31,"Pandora\u0027s Box":17,"Philosopher\u0027s Stone":34,"Cracked Core":0,"Toy Ornithopter":23,"Unceasing Top":47},{"Gremlin Horn":1,"Singing Bowl":12,"Happy Flower":20,"Vajra":3,"Bag of Preparation":20,"Letter Opener":21,"MawBank":3,"Smiling Mask":6,"Akabeko":1,"Dream Catcher":7,"Shovel":3,"HornCleat":21,"Mummified Hand":15,"Pandora\u0027s Box":8,"Philosopher\u0027s Stone":16,"Cracked Core":0,"Toy Ornithopter":11,"Unceasing Top":21},{"Gremlin Horn":3,"Singing Bowl":42,"Happy Flower":82,"Vajra":10,"Bag of Preparation":82,"Letter Opener":88,"MawBank":10,"Smiling Mask":17,"Akabeko":3,"Dream Catcher":22,"Shovel":10,"HornCleat":88,"Mummified Hand":56,"Pandora\u0027s Box":28,"Philosopher\u0027s Stone":64,"Cracked Core":0,"Toy Ornithopter":39,"Unceasing Top":88}],"Toy Ornithopter":30,"Unceasing Top":[0]},"card_choices":[{"not_picked":["Sadistic Nature","Magnetism"],"picked":"Apotheosis","floor":0.0},{"not_picked":["Double Energy","Gash"],"picked":"Compile Driver","floor":1.0},{"not_picked":["Capacitor","Rebound"],"picked":"Streamline","floor":5.0},{"not_picked":["Undo","BootSequence"],"picked":"Beam Cell","floor":7.0},{"not_picked":["Double Energy","Beam Cell"],"picked":"Cold Snap","floor":10.0},{"not_picked":["Sunder","Hologram"],"picked":"Glacier","floor":11.0},{"not_picked":["Rebound","Melter"],"picked":"Seek","floor":12.0},{"not_picked":["Steam","Streamline"],"picked":"All For One","floor":13.0},{"not_picked":["Rebound","Beam Cell"],"picked":"Streamline","floor":15.0},{"not_picked":["Amplify","Reboot"],"picked":"Core Surge","floor":16.0},{"not_picked":["Go for the Eyes","Aggregate"],"picked":"Skim","floor":18.0},{"not_picked":["Stack","Sunder"],"picked":"Coolheaded","floor":21.0},{"not_picked":["BootSequence","Reinforced Body","Ball Lightning"],"picked":"SKIP","floor":22.0},{"not_picked":["Heatsinks","Rebound"],"picked":"Coolheaded","floor":24.0},{"not_picked":["Rebound","BootSequence"],"picked":"Undo+1","floor":25.0},{"not_picked":["Static Discharge","Storm","Consume"],"picked":"Singing Bowl","floor":28.0},{"not_picked":["Rip and Tear","Compile Driver"],"picked":"Sweeping Beam","floor":29.0},{"not_picked":["Turbo","Compile Driver","Ball Lightning"],"picked":"Singing Bowl","floor":30.0},{"not_picked":["All For One","Consume"],"picked":"Go for the Eyes","floor":32.0},{"not_picked":["Meteor Strike","Core Surge"],"picked":"Reboot","floor":33.0},{"not_picked":["Turbo","Sweeping Beam","Melter"],"picked":"Singing Bowl","floor":35.0},{"not_picked":["Recycle","Barrage+1"],"picked":"Hologram+1","floor":37.0},{"not_picked":["Redo","Aggregate","Go for the Eyes"],"picked":"Singing Bowl","floor":39.0},{"not_picked":["Redo","Turbo"],"picked":"White Noise","floor":40.0},{"not_picked":["Consume","Static Discharge"],"picked":"Storm","floor":41},{"not_picked":["Cold Snap","Chill","Barrage"],"picked":"Singing Bowl","floor":44},{"not_picked":["Streamline+1","Multi-Cast","Recycle"],"picked":"Singing Bowl","floor":45}],"player_experience":141243,"relics_obtained":[{"floor":7.0,"key":"Shovel"},{"floor":8.0,"key":"Vajra"},{"floor":9.0,"key":"MawBank"},{"floor":12.0,"key":"Smiling Mask"},{"floor":13.0,"key":"Dream Catcher"},{"floor":23.0,"key":"Toy Ornithopter"},{"floor":26.0,"key":"Singing Bowl"},{"floor":31.0,"key":"Mummified Hand"},{"floor":41,"key":"Bag of Preparation"},{"floor":43,"key":"Happy Flower"},{"floor":45,"key":"HornCleat"},{"floor":47,"key":"Unceasing Top"},{"floor":49,"key":"Letter Opener"}],"event_choices":[{"damage_healed":0.0,"max_hp_gain":0.0,"max_hp_loss":0.0,"gold_gain":0.0,"event_name":"Big Fish","player_choice":"Box","floor":2.0,"gold_loss":0.0,"damage_taken":0.0,"relics_obtained":["Akabeko"],"cards_obtained":["Regret"]},{"cards_removed":["Regret"],"damage_healed":0.0,"max_hp_gain":0.0,"max_hp_loss":0.0,"gold_gain":0.0,"event_name":"The Cleric","player_choice":"Card Removal","floor":3.0,"gold_loss":75.0,"damage_taken":0.0},{"damage_healed":0.0,"max_hp_gain":0.0,"max_hp_loss":0.0,"gold_gain":0.0,"event_name":"Scrap Ooze","player_choice":"Success","floor":4.0,"gold_loss":0.0,"damage_taken":18.0,"relics_obtained":["Gremlin Horn"]},{"damage_healed":0.0,"max_hp_gain":0.0,"max_hp_loss":0.0,"gold_gain":30.0,"event_name":"Dead Adventurer","player_choice":"Searched \u00272\u0027 times","floor":12.0,"gold_loss":0.0,"damage_taken":0.0},{"damage_healed":0.0,"max_hp_gain":0.0,"max_hp_loss":0.0,"gold_gain":0.0,"event_name":"Accursed Blacksmith","player_choice":"Forge","floor":19.0,"gold_loss":0.0,"damage_taken":0.0,"cards_upgraded":["Seek"]},{"damage_healed":0.0,"max_hp_gain":0.0,"max_hp_loss":0.0,"gold_gain":50.0,"event_name":"Golden Shrine","player_choice":"Pray","floor":27.0,"gold_loss":0.0,"damage_taken":0.0},{"damage_healed":0.0,"max_hp_gain":0.0,"max_hp_loss":0.0,"gold_gain":0.0,"event_name":"SecretPortal","player_choice":"Ignored","floor":38.0,"gold_loss":0.0,"damage_taken":0.0},{"damage_healed":0,"gold_gain":0,"player_choice":"Ignored","damage_taken":0,"max_hp_gain":0,"max_hp_loss":0,"event_name":"Mysterious Sphere","floor":46,"gold_loss":0}],"is_beta":false,"boss_relics":[{"not_picked":["Empty Cage","Velvet Choker"],"picked":"Pandora\u0027s Box"},{"not_picked":["Runic Dome","Calling Bell"],"picked":"Philosopher\u0027s Stone"}],"items_purged_floors":[14,42],"is_endless":false,"potions_floor_spawned":[1,7,11,12,16,18,21,24,28,35,37,45],"killed_by":"Awakened One","ascension_level":20}}