{"host":"uyfpom4rlahfoee4","time":1614302107,"event":{"mods":["BaseMod","Downfall","Minty Spire (QoL Compilation)","StSLib"],"gold_per_floor":[99,119,137,153,173,3,3,14,30,30,42,42,42,52,65,161,161,161,172,184,202,187,187,187,207,207,221,221,221,221],"floor_reached":28,"language":"ENG","playtime":2040,"items_purged":[],"score":218,"play_id":"cf198df9-5bc0-43e0-8eae-0c36dd0a6e9c","local_time":"20210225171507","is_ascension_mode":false,"campfire_choices":[{"data":"bronze:Replicate","floor":1,"key":"SMITH"},{"floor":10,"key":"REST"},{"data":"bronze:WhirlingStrike","floor":13,"key":"SMITH"},{"data":"bronze:ChosenStrike","floor":18,"key":"SMITH"},{"floor":23,"key":"REST"}],"circlet_count":0,"master_deck":["bronze:Strike","bronze:Strike","bronze:Strike","bronze:Strike","bronze:Defend","bronze:Defend+1","bronze:Defend","bronze:Defend+1","bronze:Replicate+1","bronze:Goto","bronze:Break","bronze:CutThrough","bronze:Invalidate","bronze:Boost","bronze:ChosenStrike+1","bronze:Frontload","bronze:ItsAFeature","bronze:Allocate","bronze:Shield","bronze:BugBarrage","bronze:WhirlingStrike+1","bronze:DelayedSlice","bronze:Constructor","bronze:WhirlingStrike","bronze:Mutator","CurseOfTheBell","bronze:Terminator","bronze:OilSpill","bronze:Branch+1","bronze:WildBeam","bronze:Separator","Pride","bronze:Shield"],"relics":["bronze:BronzeCore","Shuriken","Gremlin Horn","Calling Bell","War Paint","Mummified Hand","Du-Vu Doll","Mango","MealTicket"],"acts_visited":["Exordium","TheCity"],"potions_floor_usage":[21,25,28],"damage_taken":[{"damage":0,"enemies":"Small Slimes","floor":2,"turns":2},{"damage":1,"enemies":"Jaw Worm","floor":3,"turns":2},{"damage":0,"enemies":"Cultist","floor":4,"turns":2},{"damage":10,"enemies":"Gremlin Gang","floor":5,"turns":4},{"damage":0,"enemies":"downfall:FleeingMerchant","floor":6,"turns":4},{"damage":9,"enemies":"2 Fungi Beasts","floor":8,"turns":2},{"damage":14,"enemies":"Exordium Thugs","floor":9,"turns":5},{"damage":4,"enemies":"Gremlin Gang","floor":11,"turns":3},{"damage":0,"enemies":"Exordium Wildlife","floor":14,"turns":3},{"damage":2,"enemies":"Blue Slaver","floor":15,"turns":2},{"damage":34,"enemies":"WA_ARCHETYPE_RETAIN","floor":16,"turns":5},{"damage":1,"enemies":"Shell Parasite","floor":19,"turns":4},{"damage":14,"enemies":"downfall:LooterAlt2","floor":20,"turns":3},{"damage":14,"enemies":"Centurion and Healer","floor":21,"turns":6},{"damage":0,"enemies":"downfall:FleeingMerchant","floor":22,"turns":4},{"damage":39,"enemies":"Shelled Parasite and Fungi","floor":25,"turns":5},{"damage":20,"enemies":"Snake Plant","floor":27,"turns":4},{"damage":0,"enemies":"Centurion and Healer","floor":28,"turns":1}],"seed_played":"3713770580782660157","potions_obtained":[{"floor":3,"key":"EntropicBrew"},{"floor":5,"key":"SpeedPotion"},{"floor":8,"key":"SteroidPotion"}],"is_trial":false,"path_per_floor":["R","M","M","M","M","$","T","M","M","R","M","?","R","M","M","B",null,"R","M","M","M","$","R","T","M","?","M","M"],"character_chosen":"THE_AUTOMATON","items_purchased":["bronze:ItsAFeature","bronze:Allocate","bronze:Shield"],"campfire_rested":2,"item_purchase_floors":[6,6,6],"current_hp_per_floor":[70,70,69,69,59,59,59,50,36,57,53,53,53,53,51,17,70,70,69,55,41,41,62,76,37,37,17,17,17,17],"gold":221,"neow_bonus":"ONE_RANDOM_RARE_CARD","is_daily":false,"chose_seed":false,"campfire_upgraded":3,"win_rate":0.0,"timestamp":1614302107,"path_taken":["R","M","M","M","M","$","T","M","M","R","M","?","R","M","M","BOSS","R","M","M","M","$","R","T","M","?","M","M"],"items_purchased_type":["Card","Card","Card"],"build_version":"2020-12-22","purchased_purges":0,"victory":false,"max_hp_per_floor":[70,70,70,70,70,70,70,70,70,70,70,70,70,70,70,70,70,70,70,70,70,70,70,84,84,84,84,84,84,84],"card_choices":[{"not_picked":["bronze:Branch","bronze:BitShift"],"picked":"bronze:CutThrough","floor":2},{"not_picked":["bronze:DelayedGuard","bronze:DigitalCarnage"],"picked":"bronze:Invalidate","floor":3},{"not_picked":["bronze:Return","bronze:DarkDash"],"picked":"bronze:Boost","floor":4},{"not_picked":["bronze:Safeguard","bronze:Overheat"],"picked":"bronze:ChosenStrike","floor":5},{"not_picked":["bronze:SpaghettiCode","bronze:Turbo"],"picked":"bronze:Frontload","floor":6},{"not_picked":["bronze:Deprecate","bronze:BitShift"],"picked":"bronze:BugBarrage","floor":8},{"not_picked":["bronze:BugBarrage","bronze:HardenedForm"],"picked":"bronze:WhirlingStrike","floor":9},{"not_picked":["bronze:Turbo","bronze:BuggyMess"],"picked":"bronze:DelayedSlice","floor":11},{"not_picked":["bronze:Repulsor","bronze:FineTuning"],"picked":"bronze:Constructor","floor":14},{"not_picked":["bronze:Invalidate","bronze:ItsAFeature"],"picked":"bronze:WhirlingStrike","floor":15},{"not_picked":["bronze:InfiniteLoop","bronze:Break"],"picked":"bronze:Mutator","floor":16},{"not_picked":["bronze:BitShift","bronze:Turbo+1"],"picked":"bronze:Terminator","floor":19},{"not_picked":["bronze:Deprecate","bronze:DelayedGuard"],"picked":"bronze:OilSpill","floor":20},{"not_picked":["bronze:BugBarrage","bronze:Return"],"picked":"bronze:Branch+1","floor":21},{"not_picked":["bronze:Constructor","bronze:BurnOut"],"picked":"bronze:WildBeam","floor":22},{"not_picked":["bronze:FineTuning","bronze:BuggyMess"],"picked":"bronze:Separator","floor":25},{"not_picked":["bronze:DelayedSlice","bronze:Frontload"],"picked":"bronze:Shield","floor":27}],"player_experience":221244,"relics_obtained":[{"floor":7,"key":"Shuriken"},{"floor":17,"key":"War Paint"},{"floor":17,"key":"Mummified Hand"},{"floor":17,"key":"Du-Vu Doll"},{"floor":24,"key":"Mango"}],"event_choices":[{"damage_healed":0,"gold_gain":0,"player_choice":"Stole Relic","damage_taken":0,"relics_obtained":["MealTicket"],"max_hp_gain":0,"max_hp_loss":0,"event_name":"Addict","floor":26,"gold_loss":0,"cards_obtained":["Pride"]}],"is_beta":false,"boss_relics":[{"not_picked":["Fusion Hammer","Runic Pyramid"],"picked":"Calling Bell"}],"items_purged_floors":[],"is_endless":false,"potions_floor_spawned":[3,5,8,14,15,16,19,20,25],"killed_by":"Centurion and Healer","ascension_level":0}}