{"host":"7nm1ow5v9mg4ehcw","time":1614347854,"event":{"mods":["BaseMod","Minty Spire (QoL Compilation)","Relic Stats","StSLib"],"gold_per_floor":[111,124,143,143,143,143,161,161,161,161,188,206,218,243,243,243,243],"floor_reached":16,"language":"ENG","playtime":669,"items_purged":[],"score":185,"play_id":"5a741dad-2447-438f-957e-4ddd93862e8b","local_time":"20210226145734","is_ascension_mode":true,"campfire_choices":[{"data":"Fusion","floor":6,"key":"SMITH"},{"floor":8,"key":"REST"},{"data":"Ball Lightning","floor":10,"key":"SMITH"},{"floor":15,"key":"REST"}],"circlet_count":0,"master_deck":["AscendersBane","Strike_B","Strike_B","Strike_B","Defend_B","Defend_B","Defend_B","Zap","Dualcast","Conserve Battery","Fusion+1","Redo","Ball Lightning+1","Redo","Sweeping Beam","Biased Cognition","Genetic Algorithm"],"relics":["Cursed Key","Bag of Marbles","Molten Egg 2"],"acts_visited":["Exordium"],"potions_floor_usage":[11,14,16],"damage_taken":[{"damage":0,"enemies":"2 Louse","floor":1,"turns":3},{"damage":0,"enemies":"Small Slimes","floor":2,"turns":3},{"damage":2,"enemies":"Cultist","floor":3,"turns":5},{"damage":28,"enemies":"Gremlin Gang","floor":7,"turns":7},{"damage":18,"enemies":"Lagavulin","floor":11,"turns":5},{"damage":1,"enemies":"2 Fungi Beasts","floor":12,"turns":3},{"damage":6,"enemies":"Looter","floor":13,"turns":2},{"damage":31,"enemies":"Gremlin Nob","floor":14,"turns":4},{"damage":30,"enemies":"Hexaghost","floor":16,"turns":9}],"seed_played":"-469712691397163630","potions_obtained":[{"floor":3,"key":"FearPotion"},{"floor":7,"key":"SkillPotion"},{"floor":11,"key":"Strength Potion"}],"is_trial":false,"path_per_floor":["M","M","M","?","?","R","M","R","T","R","E","M","M","E","R","B"],"character_chosen":"DEFECT","items_purchased":[],"campfire_rested":2,"item_purchase_floors":[],"current_hp_per_floor":[68,68,66,66,66,66,38,60,60,60,42,41,35,4,26,0,0],"gold":243,"neow_bonus":"BOSS_RELIC","is_daily":false,"chose_seed":false,"campfire_upgraded":2,"win_rate":0.0,"timestamp":1614347854,"path_taken":["M","M","M","?","?","R","?","R","T","R","E","M","M","E","R","BOSS"],"items_purchased_type":[],"build_version":"2020-12-22","purchased_purges":0,"victory":false,"max_hp_per_floor":[75,75,75,75,75,75,75,75,75,75,75,75,75,75,75,75,75],"relic_stats":{"counters":[9,41],"Cursed Key":0,"obtain_stats":[{"Molten Egg 2":14,"Bag of Marbles":11,"Cracked Core":0,"Cursed Key":0},{"Molten Egg 2":8,"Bag of Marbles":5,"Cracked Core":0,"Cursed Key":0},{"Molten Egg 2":32,"Bag of Marbles":23,"Cracked Core":0,"Cursed Key":0}]},"card_choices":[{"not_picked":["Steam","Fusion"],"picked":"Conserve Battery","floor":1},{"not_picked":["Auto Shields","Hello World"],"picked":"Fusion","floor":2},{"not_picked":["Reprogram","Conserve Battery","Scrape"],"picked":"SKIP","floor":3},{"not_picked":["Leap","Barrage"],"picked":"Ball Lightning","floor":7},{"not_picked":["Turbo","Barrage"],"picked":"Redo","floor":11},{"not_picked":["Conserve Battery","Consume"],"picked":"Sweeping Beam","floor":12},{"not_picked":["Gash","Stack"],"picked":"Biased Cognition","floor":13},{"not_picked":["Static Discharge","Go for the Eyes+1"],"picked":"Genetic Algorithm","floor":14}],"player_experience":415314,"relics_obtained":[{"floor":11,"key":"Bag of Marbles"},{"floor":14,"key":"Molten Egg 2"}],"event_choices":[{"damage_healed":0,"gold_gain":0,"cards_transformed":["Strike_B"],"player_choice":"Change","damage_taken":0,"max_hp_gain":0,"max_hp_loss":0,"event_name":"Living Wall","floor":4,"gold_loss":0,"cards_obtained":["Redo"]},{"cards_removed":["Defend_B"],"damage_healed":0,"gold_gain":0,"player_choice":"Offered Basic","damage_taken":0,"max_hp_gain":0,"max_hp_loss":0,"event_name":"Bonfire Elementals","floor":5,"gold_loss":0}],"is_beta":false,"boss_relics":[],"items_purged_floors":[],"is_endless":false,"potions_floor_spawned":[3,7,11,13],"killed_by":"Hexaghost","ascension_level":13}}