{"host":"BK","time":1614316112,"event":{"mods":["BaseMod","Highlight Path","Minty Spire (QoL Compilation)","StSLib"],"gold_per_floor":[117,192,238,30,50,76,76,102,102,102,121,132,157,171,171,242,242,253,253,178,202,252,252,12,12,12],"floor_reached":25,"language":"ENG","playtime":786,"items_purged":["Strike_B"],"score":484,"play_id":"2ebd44f0-4b05-4559-b563-7c1a491026c4","local_time":"20210225220832","is_ascension_mode":true,"campfire_choices":[{"data":"Ball Lightning","floor":7,"key":"SMITH"},{"floor":10,"key":"REST"},{"floor":15,"key":"REST"},{"floor":23,"key":"REST"}],"circlet_count":0,"master_deck":["AscendersBane","Strike_B","Strike_B","Defend_B","Defend_B","Defend_B","Defend_B","Zap","Dualcast","Undo","Ball Lightning+1","Hologram","Compile Driver","Capacitor","Sweeping Beam","Reboot","Beam Cell+1","Cold Snap","Barrage+1","Chill","All For One","Genetic Algorithm"],"relics":["Cracked Core","NeowsBlessing","Toy Ornithopter","Orrery","Tiny Chest","Vajra","Question Card","Pantograph","Inserter","Whetstone"],"acts_visited":["Exordium","TheCity"],"potions_floor_usage":[13,16],"damage_taken":[{"damage":0,"enemies":"Small Slimes","floor":1,"turns":1},{"damage":0,"enemies":"Jaw Worm","floor":5,"turns":1},{"damage":0,"enemies":"3 Sentries","floor":6,"turns":1},{"damage":23,"enemies":"Gremlin Nob","floor":8,"turns":4},{"damage":6,"enemies":"Cultist","floor":11,"turns":3},{"damage":7,"enemies":"Lots of Slimes","floor":12,"turns":4},{"damage":26,"enemies":"Lagavulin","floor":13,"turns":5},{"damage":9,"enemies":"3 Louse","floor":14,"turns":3},{"damage":53,"enemies":"Hexaghost","floor":16,"turns":10},{"damage":16,"enemies":"3 Byrds","floor":18,"turns":5},{"damage":61,"enemies":"Slavers","floor":25,"turns":3}],"seed_played":"-4264243625209313923","potions_obtained":[{"floor":5,"key":"FearPotion"},{"floor":8,"key":"DuplicationPotion"}],"is_trial":false,"path_per_floor":["M","?","T","$","M","E","R","E","T","R","M","M","E","M","R","B",null,"M","?","?","T","?","R","$","E"],"character_chosen":"DEFECT","items_purchased":["Orrery","Capacitor","Whetstone"],"campfire_rested":3,"item_purchase_floors":[4,4,24],"current_hp_per_floor":[64,53,53,53,53,53,53,30,30,51,45,38,17,8,29,6,55,39,39,39,39,39,60,60,0,0],"gold":12,"neow_bonus":"THREE_ENEMY_KILL","is_daily":false,"chose_seed":false,"campfire_upgraded":1,"win_rate":0.0,"timestamp":1614316112,"path_taken":["M","?","?","$","?","E","R","E","T","R","M","?","E","M","R","BOSS","M","?","?","?","?","R","$","E"],"items_purchased_type":["Relic","Card","Relic"],"build_version":"2020-12-18","purchased_purges":1,"victory":false,"max_hp_per_floor":[71,71,71,71,71,71,71,71,71,71,71,71,71,71,71,71,71,71,71,71,71,71,71,71,71,71],"card_choices":[{"not_picked":["Hologram","Static Discharge"],"picked":"Undo","floor":1},{"not_picked":["Coolheaded","Multi-Cast"],"picked":"Ball Lightning","floor":4},{"not_picked":["Rebound","Streamline"],"picked":"Hologram","floor":4},{"not_picked":["Storm","Gash"],"picked":"Compile Driver","floor":4},{"not_picked":["Streamline","Rip and Tear"],"picked":"Sweeping Beam","floor":5},{"not_picked":["Beam Cell","Conserve Battery"],"picked":"Reboot","floor":6},{"not_picked":["Aggregate","White Noise"],"picked":"Beam Cell","floor":8},{"not_picked":["Gash","Conserve Battery","Rebound","Tempest"],"picked":"SKIP","floor":11},{"not_picked":["Redo","Go for the Eyes","Leap"],"picked":"Cold Snap","floor":12},{"not_picked":["Hologram","Barrage","Leap","Static Discharge"],"picked":"SKIP","floor":13},{"not_picked":["Hologram","Leap","Static Discharge"],"picked":"Barrage","floor":13},{"not_picked":["Sweeping Beam","Force Field","Beam Cell"],"picked":"Chill","floor":14},{"not_picked":["Machine Learning","Rainbow","Reboot"],"picked":"All For One","floor":16},{"not_picked":["Redo","Coolheaded","Go for the Eyes"],"picked":"Genetic Algorithm","floor":18}],"player_experience":2623750,"relics_obtained":[{"floor":3,"key":"Toy Ornithopter"},{"floor":6,"key":"Tiny Chest"},{"floor":8,"key":"Vajra"},{"floor":9,"key":"Question Card"},{"floor":13,"key":"Pantograph"}],"event_choices":[{"damage_healed":0,"gold_gain":75,"player_choice":"Gather Gold","damage_taken":11,"max_hp_gain":0,"max_hp_loss":0,"event_name":"World of Goop","floor":2,"gold_loss":0},{"damage_healed":0,"gold_gain":0,"player_choice":"Ignored","damage_taken":0,"max_hp_gain":0,"max_hp_loss":0,"event_name":"The Mausoleum","floor":19,"gold_loss":0},{"cards_removed":["Strike_B"],"damage_healed":0,"gold_gain":0,"player_choice":"Gave Gold","damage_taken":0,"max_hp_gain":0,"max_hp_loss":0,"event_name":"Beggar","floor":20,"gold_loss":75},{"damage_healed":0,"gold_gain":50,"player_choice":"Stole From Cult","damage_taken":0,"max_hp_gain":0,"max_hp_loss":0,"event_name":"Nest","floor":22,"gold_loss":0}],"is_beta":true,"boss_relics":[{"not_picked":["Busted Crown","Cursed Key"],"picked":"Inserter"}],"items_purged_floors":[24],"is_endless":false,"potions_floor_spawned":[5,8,12],"killed_by":"Slavers","ascension_level":20}}