{"host":"knspyp6dy614fx6e","time":1614346844,"event":{"mods":["ATMod(°¢èªMod)","Aspiration","BaseMod","Bestiary","Better Altar","Better Skull","Better Third Choice","Block Reminder","Card Filter","Conspire","DeckTracker","Dota2Spire","Energized Spire","Jedi Mod","Minty Spire (QoL Compilation)","Monster B Gone","Quick Restart","Relic Filter Mod","Relic Stats","Reliquary","StSLib","TestMod","Waifu the Spire","Weighted Paths","¡¾ÒÅÎï¿¨ÅÆ¡¿REMEMod"],"gold_per_floor":[16,28,39,39,49,49,124,135,135,169,169,188,188,204,204,282,282,297,347,1346,1365,1365,1365,511,527,576,609,621,621,262,290,290,366,366,377,80,80,130,147,147,147,173,173,198,198,208,208,208],"floor_reached":47,"language":"ZHS","playtime":2223,"items_purged":["Strike_R","Strike_R","Strike_R"],"score":1061,"play_id":"a8f2fa76-3a66-4249-9eb6-eea8e9673800","local_time":"20210226214044","is_ascension_mode":true,"campfire_choices":[{"data":"Armaments","floor":6.0,"key":"SMITH"},{"data":"AT_Dispersion","floor":11.0,"key":"SMITH"},{"data":"Inflame","floor":13.0,"key":"SMITH"},{"data":"Disarm","floor":15.0,"key":"SMITH"},{"data":"REME_SingleHolding","floor":23.0,"key":"SMITH"},{"data":"Feel No Pain","floor":29.0,"key":"SMITH"},{"data":"Body Slam","floor":32.0,"key":"SMITH"},{"data":"Mayhem","floor":40.0,"key":"SMITH"},{"data":"testmod-LifeRuler","floor":45,"key":"SMITH"}],"circlet_count":0,"master_deck":["AscendersBane","Strike_R","Defend_R","Defend_R","Defend_R","Bash","Disarm+1","REME_SingleHolding+1","Inflame+1","Armaments+1","Rampage","AT_Dispersion+1","Second Wind","conspire:Charge","Immolate+1","Battle Trance","Master of Strategy","Feel No Pain+1","Armaments+1","Body Slam+1","Master of Strategy","Limit Break","REME_ProfessionalPlagiarism","Mayhem+1","testmod-LifeRuler+1","Heavy Blade"],"relics":["Burning Blood","AT_ATBox","testmod-TestBox","REME_ComplimentaryCards","aspiration:Lifesprig","Bronze Scales","PreservedInsect","HandDrill","Red Skull","conspire:InfiniteJournal","testmod-IndustrialRevolution","Sozu","AT_EbonyIvory","Pen Nib","Mercury Hourglass","Dota2Spire:OctarineCore"],"acts_visited":["Exordium","TheCity","TheBeyond"],"potions_floor_usage":[],"damage_taken":[{"damage":6.0,"enemies":"Cultist","floor":1.0,"turns":3.0},{"damage":12.0,"enemies":"Jaw Worm","floor":2.0,"turns":5.0},{"damage":7.0,"enemies":"Small Slimes","floor":3.0,"turns":3.0},{"damage":34.0,"enemies":"Exordium Thugs","floor":5.0,"turns":6.0},{"damage":13.0,"enemies":"Blue Slaver","floor":8.0,"turns":6.0},{"damage":18.0,"enemies":"Lagavulin","floor":10.0,"turns":7.0},{"damage":0.0,"enemies":"2 Fungi Beasts","floor":12.0,"turns":4.0},{"damage":17.0,"enemies":"Red Slaver","floor":14.0,"turns":4.0},{"damage":2.0,"enemies":"Hexaghost","floor":16.0,"turns":9.0},{"damage":23.0,"enemies":"Spheric Guardian","floor":18.0,"turns":4.0},{"damage":23.0,"enemies":"Chosen","floor":21.0,"turns":4.0},{"damage":16.0,"enemies":"Sentry and Sphere","floor":25.0,"turns":6.0},{"damage":11.0,"enemies":"Gremlin Leader","floor":27.0,"turns":5.0},{"damage":32.0,"enemies":"Cultist and Chosen","floor":28.0,"turns":6.0},{"damage":1.0,"enemies":"Book of Stabbing","floor":31.0,"turns":5.0},{"damage":17.0,"enemies":"Champ","floor":33.0,"turns":9.0},{"damage":7.0,"enemies":"3 Darklings","floor":35.0,"turns":5.0},{"damage":13.0,"enemies":"Orb Walker","floor":39.0,"turns":4.0},{"damage":7,"enemies":"Reptomancer","floor":42,"turns":4},{"damage":0,"enemies":"Mind Bloom Boss Battle","floor":44,"turns":7},{"damage":21,"enemies":"Transient","floor":46,"turns":6},{"damage":48,"enemies":"Nemesis","floor":47,"turns":3}],"seed_played":"-1065327612687366334","potions_obtained":[{"floor":3.0,"key":"Energy Potion"},{"floor":5.0,"key":"Regen Potion"},{"floor":10.0,"key":"Fire Potion"},{"floor":14.0,"key":"Weak Potion"},{"floor":18.0,"key":"PowerPotion"},{"floor":28.0,"key":"LiquidBronze"},{"floor":31.0,"key":"jedi:holywater"}],"is_trial":false,"path_per_floor":["M","M","M","?","M","R","?","M","T","E","R","M","R","M","R","B",null,"M","?","?","M","?","R","$","M","T","E","M","R","$","E","R","B",null,"M","$","?","?","M","R","?","E","T","?","R","M","E"],"character_chosen":"IRONCLAD","items_purchased":["Master of Strategy","Bronze Scales","PreservedInsect","HandDrill","BloodPotion","Feel No Pain","Body Slam","Master of Strategy","AT_EbonyIvory"],"campfire_rested":0,"item_purchase_floors":[24,24,24,24,24,24,30,30,36],"current_hp_per_floor":[68,62,61,61,33,33,22,15,15,18,18,24,24,13,13,17,61,44,44,44,27,75,75,75,65,65,60,49,49,49,54,54,43,67,66,66,56,56,49,49,49,48,48,54,54,39,0,0],"gold":208,"neow_bonus":"REMOVE_TWO","is_daily":false,"chose_seed":false,"campfire_upgraded":9,"win_rate":0.0,"timestamp":1614346844,"path_taken":["M","M","?","?","M","R","?","M","T","E","R","M","R","M","R","BOSS","M","?","?","M","?","R","$","M","T","E","M","R","$","E","R","BOSS","M","$","?","?","?","R","?","E","T","?","R","M","E"],"items_purchased_type":["Card","Relic","Relic","Relic","Potion","Card","Card","Card","Relic"],"build_version":"2020-12-22","purchased_purges":3,"victory":false,"max_hp_per_floor":[75,75,75,75,75,75,75,75,75,75,75,75,75,75,75,75,75,75,75,75,75,75,75,75,75,75,75,75,75,75,75,75,75,75,75,75,75,75,75,75,71,71,71,71,71,71,71,71],"relic_stats":{"Sozu":1,"counters":[22,115],"Bronze Scales":[173],"PreservedInsect":200,"Pen Nib":[2],"HandDrill":[20],"obtain_stats":[{"aspiration:Lifesprig":10,"AT_ATBox":0,"testmod-TestBox":0,"PreservedInsect":24,"AT_EbonyIvory":36,"Pen Nib":42,"testmod-BloodSacrificeSpiritualization":17,"testmod-IndustrialRevolution":31,"Burning Blood":0,"conspire:InfiniteJournal":27,"Mercury Hourglass":43,"Sozu":34,"Bronze Scales":24,"HandDrill":24,"Dota2Spire:OctarineCore":44,"Red Skull":26,"REME_ComplimentaryCards":0},{"aspiration:Lifesprig":6,"AT_ATBox":0,"testmod-TestBox":0,"PreservedInsect":11,"AT_EbonyIvory":17,"Pen Nib":19,"testmod-BloodSacrificeSpiritualization":9,"testmod-IndustrialRevolution":15,"Burning Blood":0,"conspire:InfiniteJournal":13,"Mercury Hourglass":19,"Sozu":16,"Bronze Scales":11,"HandDrill":11,"Dota2Spire:OctarineCore":20,"Red Skull":12,"REME_ComplimentaryCards":0},{"aspiration:Lifesprig":30,"AT_ATBox":0,"testmod-TestBox":0,"PreservedInsect":55,"AT_EbonyIvory":91,"Pen Nib":99,"testmod-BloodSacrificeSpiritualization":47,"testmod-IndustrialRevolution":77,"Burning Blood":0,"conspire:InfiniteJournal":66,"Mercury Hourglass":99,"Sozu":86,"Bronze Scales":55,"HandDrill":55,"Dota2Spire:OctarineCore":106,"Red Skull":61,"REME_ComplimentaryCards":0}],"Burning Blood":126,"Mercury Hourglass":[43]},"card_choices":[{"not_picked":["Havoc","Shrug It Off"],"picked":"Disarm","floor":1.0},{"not_picked":["Iron Wave","Flex"],"picked":"REME_SingleHolding","floor":2.0},{"not_picked":["Ghostly Armor","Rupture"],"picked":"Inflame","floor":3.0},{"not_picked":["Sentinel","REME_SingleHolding"],"picked":"Armaments","floor":5.0},{"not_picked":["Metallicize","Cleave"],"picked":"Rampage","floor":8.0},{"not_picked":["Dark Embrace","Hemokinesis"],"picked":"AT_Dispersion","floor":10.0},{"not_picked":["Sword Boomerang","Havoc"],"picked":"Second Wind","floor":12.0},{"not_picked":["Body Slam","Combust"],"picked":"conspire:Charge","floor":14.0},{"not_picked":["Offering","Bludgeon"],"picked":"Immolate","floor":16.0},{"not_picked":["Second Wind","Heavy Blade"],"picked":"Battle Trance","floor":18.0},{"not_picked":["Carnage","Headbutt+1","Clothesline"],"picked":"SKIP","floor":21.0},{"not_picked":["Havoc","Iron Wave","Immolate"],"picked":"SKIP","floor":25.0},{"not_picked":["Infernal Blade","Battle Trance","Havoc"],"picked":"SKIP","floor":27.0},{"not_picked":["Shrug It Off","Cleave"],"picked":"Armaments+1","floor":28.0},{"not_picked":["Whirlwind","Sword Boomerang","Intimidate"],"picked":"SKIP","floor":31.0},{"not_picked":["Reaper","Exhume"],"picked":"Limit Break","floor":33.0},{"not_picked":["Clothesline","Flame Barrier","Blood for Blood"],"picked":"SKIP","floor":35.0},{"not_picked":["REME_ShortnessOfBreath","testmod-HeadAttack"],"picked":"REME_ProfessionalPlagiarism","floor":37.0},{"not_picked":["Magnetism","testmod-HandmadeProducts"],"picked":"Mayhem","floor":37.0},{"not_picked":["AT_Homeward","testmod-ComboMaster"],"picked":"testmod-LifeRuler","floor":37.0},{"not_picked":["Clothesline","Body Slam","Clash+1"],"picked":"SKIP","floor":39.0},{"not_picked":["True Grit+1","Berserk","Cleave"],"picked":"SKIP","floor":42},{"not_picked":["Heavy Blade","Fire Breathing","Havoc"],"picked":"SKIP","floor":46},{"not_picked":["Fire Breathing","Havoc"],"picked":"Heavy Blade","floor":46}],"player_experience":348374,"relics_obtained":[{"floor":10.0,"key":"aspiration:Lifesprig"},{"floor":26.0,"key":"Red Skull"},{"floor":27.0,"key":"conspire:InfiniteJournal"},{"floor":31.0,"key":"testmod-IndustrialRevolution"},{"floor":42,"key":"Pen Nib"},{"floor":43,"key":"Mercury Hourglass"},{"floor":44,"key":"Dota2Spire:OctarineCore"}],"event_choices":[{"damage_healed":0.0,"max_hp_gain":0.0,"max_hp_loss":0.0,"gold_gain":75.0,"event_name":"World of Goop","player_choice":"Gather Gold","floor":7.0,"gold_loss":0.0,"damage_taken":11.0},{"damage_healed":0.0,"max_hp_gain":0.0,"max_hp_loss":0.0,"gold_gain":50.0,"event_name":"Nest","player_choice":"Stole From Cult","floor":19.0,"gold_loss":0.0,"damage_taken":0.0},{"damage_healed":0.0,"max_hp_gain":0.0,"max_hp_loss":0.0,"gold_gain":999.0,"event_name":"¶÷ÂåË¹µÄÅÌ×Ó","player_choice":"Sell","floor":20.0,"relics_lost":["testmod-BloodSacrificeSpiritualization"],"gold_loss":0.0,"damage_taken":0.0},{"damage_healed":48.0,"max_hp_gain":0.0,"max_hp_loss":0.0,"gold_gain":0.0,"event_name":"Wheel of Change","player_choice":"Full Heal","floor":22.0,"gold_loss":0.0,"damage_taken":0.0},{"damage_healed":0.0,"max_hp_gain":0.0,"max_hp_loss":0.0,"gold_gain":0.0,"event_name":"SensoryStone","player_choice":"Memory 3","floor":37.0,"gold_loss":0.0,"damage_taken":10.0},{"damage_healed":0.0,"max_hp_gain":0.0,"max_hp_loss":0.0,"gold_gain":50.0,"event_name":"Golden Shrine","player_choice":"Pray","floor":38.0,"gold_loss":0.0,"damage_taken":0.0},{"damage_healed":0.0,"max_hp_gain":0.0,"max_hp_loss":4.0,"gold_gain":0.0,"event_name":"Winding Halls","player_choice":"Max HP","floor":41.0,"gold_loss":0.0,"damage_taken":0.0},{"damage_healed":0,"gold_gain":0,"player_choice":"Fight","damage_taken":0,"max_hp_gain":0,"max_hp_loss":0,"event_name":"MindBloom","floor":44,"gold_loss":0}],"is_beta":false,"boss_relics":[{"not_picked":["Black Blood","energizedSpire:MagnifyingGlass"],"picked":"testmod-BloodSacrificeSpiritualization"},{"not_picked":["reliquary:WritOfMandamus","testmod-Prudence"],"picked":"Sozu"}],"items_purged_floors":[24,30,36],"is_endless":false,"potions_floor_spawned":[3,5,10,14,18,28,31,33,39],"killed_by":"Nemesis","ascension_level":20}}