{"host":"649x15fmap4sa1sx","time":1614318163,"event":{"mods":["2.2 Compatiblity","AchievementEnabler","BaseMod","BetterRewards","Colored Map","Conspire","Downfall","Hubris","Infinite Spire","Minty Spire (QoL Compilation)","Permanent Neow","Reliquary","Replay The Spire","Shop Mod","StSLib","The IronCluck"],"gold_per_floor":[116,116,135,135,60,85,100,117,117,146,164,164,164,239,239,340,340,351,351,351,351,390,390,480,480,480],"floor_reached":25,"language":"ENG","playtime":1425,"items_purged":["Decay","Strike_R"],"score":303,"play_id":"8f9499d5-9994-4fad-933a-e19745545a16","local_time":"20210225234243","is_ascension_mode":true,"campfire_choices":[{"floor":12,"key":"REST"},{"floor":15,"key":"REST"},{"data":"Slimebound:CheckThePlaybook","floor":23,"key":"SMITH"}],"circlet_count":0,"master_deck":["Strike_R","Strike_R","Strike_R","Defend_R","Defend_R","Defend_R","Bash","Bludgeon","conspire:HitWhereItHurts","Thunderclap+1","Dropkick","Uppercut","Thunderclap+1","Replay:Many Hands","Jack Of All Trades","Replay:Sssssssssshield","HandOfGreed","Slimebound:CheckThePlaybook+1","infinitespire:FutureSight","ReplayTheSpireMod:Echoes of Time","Decay","Purity"],"relics":["Burning Blood","Self Forming Clay","Blue Candle","InkBottle","Art of War","ReplayTheSpireMod:Ring of Exchange","ReplayTheSpireMod:Ring of Addiction","Chameleon Ring","White Beast Statue","ReplayTheSpireMod:ShopPack","Brimstone","Replay:Bottled Eggs"],"acts_visited":["Exordium","TheCity"],"potions_floor_usage":[6,10,16,16,16,22,25],"damage_taken":[{"damage":1,"enemies":"2 Louse","floor":1,"turns":3},{"damage":1,"enemies":"Cultist","floor":3,"turns":3},{"damage":37,"enemies":"3 Sentries","floor":6,"turns":5},{"damage":0,"enemies":"Small Slimes","floor":7,"turns":2},{"damage":11,"enemies":"Looter","floor":8,"turns":2},{"damage":32,"enemies":"Lagavulin","floor":10,"turns":6},{"damage":3,"enemies":"Blue Slaver","floor":11,"turns":3},{"damage":35,"enemies":"Hexaghost","floor":16,"turns":6},{"damage":10,"enemies":"Shell Parasite","floor":18,"turns":5},{"damage":31,"enemies":"2 Thieves","floor":22,"turns":4},{"damage":15,"enemies":"Centurion and Healer","floor":25,"turns":1}],"seed_played":"-4068495820979673050","potions_obtained":[{"floor":1,"key":"BlessingOfTheForge"},{"floor":7,"key":"PowerPotion"},{"floor":13,"key":"bronze:BurnAndBuffPotion"},{"floor":13,"key":"Weak Potion"},{"floor":13,"key":"SkillPotion"},{"floor":16,"key":"Toxic Potion"},{"floor":18,"key":"Languid Potion"},{"floor":22,"key":"ElixirPotion"}],"is_trial":false,"path_per_floor":["M","?","M","?","$","E","M","M","T","E","M","R","?","?","R","B",null,"M","?","AVR","?","M","R","?","M"],"character_chosen":"IRONCLAD","items_purchased":[],"campfire_rested":2,"item_purchase_floors":[],"current_hp_per_floor":[72,69,72,72,72,41,47,42,42,16,19,40,40,29,50,21,59,55,55,55,55,30,30,12,0,0],"gold":480,"neow_bonus":"TRANSFORM_TWO_CARDS","is_daily":false,"chose_seed":false,"campfire_upgraded":1,"win_rate":0.0,"timestamp":1614318163,"path_taken":["M","?","M","?","$","E","M","?","T","E","M","R","?","?","R","BOSS","M","?","AVR","?","?","R","?","M"],"items_purchased_type":[],"build_version":"2020-12-22","purchased_purges":2,"victory":false,"max_hp_per_floor":[72,72,72,72,72,72,72,72,72,72,72,72,72,72,72,72,72,72,65,63,63,63,63,63,63,63],"card_choices":[{"not_picked":["Abandon","Armaments","Havoc"],"picked":"SKIP","floor":1},{"not_picked":["Wild Strike","Warcry"],"picked":"Thunderclap","floor":3},{"not_picked":["Thunderclap","Whirlwind"],"picked":"Dropkick","floor":6},{"not_picked":["Shrug It Off","Hemokinesis"],"picked":"Uppercut","floor":7},{"not_picked":["Blood for Blood","Feel No Pain","Pummel"],"picked":"SKIP","floor":8},{"not_picked":["Twin Strike","Cleave","Clothesline"],"picked":"SKIP","floor":10},{"not_picked":["Perfected Strike","Dark Embrace"],"picked":"Thunderclap","floor":11},{"not_picked":["Limit Break","Eclipse"],"picked":"Replay:Many Hands","floor":16},{"not_picked":["Flash of Steel","Replay:Sssssssssstrike"],"picked":"Jack Of All Trades","floor":17},{"not_picked":["ReplayTheSpireMod:Uncanny Aura","Mind Blast"],"picked":"Replay:Sssssssssshield","floor":17},{"not_picked":["Thinking Ahead","ReplayTheSpireMod:Brewmster"],"picked":"HandOfGreed","floor":17},{"not_picked":["ReplayTheSpireMod:Strike From Hell+1","True Grit+1","Fire Breathing"],"picked":"SKIP","floor":18},{"not_picked":["Intimidate","Rupture","Body Slam"],"picked":"SKIP","floor":22}],"player_experience":226755,"relics_obtained":[{"floor":6,"key":"Blue Candle"},{"floor":9,"key":"InkBottle"},{"floor":10,"key":"Art of War"},{"floor":13,"key":"ReplayTheSpireMod:Ring of Exchange"},{"floor":13,"key":"ReplayTheSpireMod:Ring of Addiction"},{"floor":13,"key":"Chameleon Ring"},{"floor":13,"key":"White Beast Statue"}],"event_choices":[{"damage_healed":0,"gold_gain":0,"player_choice":"Success","damage_taken":3,"relics_obtained":["Self Forming Clay"],"max_hp_gain":0,"max_hp_loss":0,"event_name":"Scrap Ooze","floor":2,"gold_loss":0},{"damage_healed":0,"gold_gain":0,"player_choice":"Cursed","damage_taken":0,"max_hp_gain":0,"max_hp_loss":0,"event_name":"Wheel of Change","floor":4,"gold_loss":0,"cards_obtained":["Decay"]},{"damage_healed":0,"gold_gain":75,"player_choice":"Gather Gold","damage_taken":11,"max_hp_gain":0,"max_hp_loss":0,"event_name":"World of Goop","floor":14,"gold_loss":0},{"damage_healed":0,"gold_gain":0,"player_choice":"Cursed","damage_taken":0,"max_hp_gain":0,"max_hp_loss":0,"event_name":"Wheel of Change","floor":21,"gold_loss":0,"cards_obtained":["Decay"]},{"damage_healed":0,"gold_gain":90,"player_choice":"CARD GOLD ","damage_taken":18,"max_hp_gain":0,"max_hp_loss":0,"event_name":"Knowing Skull","floor":24,"potions_obtained":[],"gold_loss":0,"cards_obtained":["Purity"]}],"is_beta":false,"boss_relics":[{"not_picked":["Tiny House","reliquary:CitrusReamer"],"picked":"ReplayTheSpireMod:ShopPack"}],"items_purged_floors":[5,20],"is_endless":false,"potions_floor_spawned":[1,7,16,18,22],"killed_by":"Centurion and Healer","ascension_level":9}}