{"host":"0b6qkelyb1zitflw","time":1614323325,"event":{"mods":["BaseMod","Custom Start","Highlight Path","KOR Keyword Fix","Library of Ruina","Library of Ruina Extra","Minty Spire (QoL Compilation)","StSLib"],"gold_per_floor":[118,118,118,128,138,138,156,190,215,228,228,259,259,259,259,355,355,368,293,307,307,324,324,350,432,444,469,501,513,127,145,145,145,145],"floor_reached":33,"language":"KOR","playtime":976,"items_purged":["LightDefense","LightDefense"],"score":327,"play_id":"64a90a32-2a09-4ae1-9af5-38531f2eef68","local_time":"20210226160845","is_ascension_mode":false,"campfire_choices":[{"data":"FlowOfTheSword","floor":6.0,"key":"SMITH"},{"floor":11.0,"key":"REST"},{"floor":13.0,"key":"REST"},{"data":"DarkCloud","floor":15.0,"key":"SMITH"},{"floor":23.0,"key":"REST"},{"floor":29.0,"key":"REST"},{"floor":32.0,"key":"REST"}],"circlet_count":0,"master_deck":["Dodge","LightDefense","LightAttack","LightAttack","LightAttack","LightDefense","ChargeAndCover+1","FocusedStrikes+1","Concentration+1","FlowOfTheSword+1","DarkCloud+1","CleanUp","TheWillOfTheCity","Observe","BurningFlash","CrackOfDawn"],"relics":["PageOfLibrarian","Lantern","Vajra","Bronze Scales","Strawberry","Busted Crown","MawBank","Pantograph","PageOfHappyTeddyBear","Blood Vial","Lee\u0027s Waffle"],"acts_visited":["Exordium","TheCity"],"potions_floor_usage":[33,33,33],"damage_taken":[{"damage":5.0,"enemies":"2 Louse","floor":1.0,"turns":3.0},{"damage":0.0,"enemies":"Jaw Worm","floor":4.0,"turns":2.0},{"damage":0.0,"enemies":"Cultist","floor":5.0,"turns":4.0},{"damage":3.0,"enemies":"Looter","floor":7.0,"turns":3.0},{"damage":29.0,"enemies":"3 Sentries","floor":8.0,"turns":11.0},{"damage":0.0,"enemies":"Exordium Wildlife","floor":10.0,"turns":4.0},{"damage":14.0,"enemies":"Gremlin Nob","floor":12.0,"turns":3.0},{"damage":38.0,"enemies":"The Guardian","floor":16.0,"turns":9.0},{"damage":3.0,"enemies":"Spheric Guardian","floor":18.0,"turns":3.0},{"damage":18.0,"enemies":"3 Byrds","floor":20.0,"turns":3.0},{"damage":8.0,"enemies":"Centurion and Healer","floor":22.0,"turns":4.0},{"damage":30.0,"enemies":"Slavers","floor":24.0,"turns":4.0},{"damage":0.0,"enemies":"Chosen and Byrds","floor":27.0,"turns":4.0},{"damage":0.0,"enemies":"Snake Plant","floor":28.0,"turns":6.0},{"damage":9.0,"enemies":"Centurion and Healer","floor":31.0,"turns":5.0},{"damage":88,"enemies":"KingOfGreed","floor":33,"turns":6}],"seed_played":"3505387874557729079","potions_obtained":[{"floor":5.0,"key":"FearPotion"},{"floor":12.0,"key":"Strength Potion"},{"floor":18.0,"key":"Dexterity Potion"}],"is_trial":false,"path_per_floor":["M","?","?","M","M","R","M","E","T","M","R","E","R","?","R","B",null,"M","$","M","?","M","R","E","T","T","M","M","R","$","M","R","B"],"character_chosen":"Librarian","items_purchased":["Blood Vial","Lee\u0027s Waffle"],"campfire_rested":5,"item_purchase_floors":[30,30],"current_hp_per_floor":[55,55,55,55,55,55,52,23,23,23,41,27,50,54,54,16,85,82,82,34,34,26,88,22,22,22,22,22,84,215,46,110,0,0],"gold":145,"neow_bonus":"UPGRADE_CARD","is_daily":false,"chose_seed":false,"campfire_upgraded":2,"win_rate":0.0,"timestamp":1614323325,"path_taken":["M","?","?","M","M","R","M","E","T","?","R","E","R","?","R","BOSS","M","$","M","?","M","R","E","?","T","M","M","R","$","M","R","BOSS"],"items_purchased_type":["Relic","Relic"],"build_version":"2020-12-22","purchased_purges":2,"victory":false,"max_hp_per_floor":[70,70,70,70,76,70,70,63,63,63,63,78,78,85,85,85,85,208,208,208,208,208,208,208,208,208,208,208,208,215,215,215,215,215],"card_choices":[{"not_picked":["Standoff","BiAn","PreemptiveStrike","EndlessBattle","Outburst","FlashOfSunup","FleetFootsteps","BulkyImpact"],"picked":"Concentration","floor":1.0},{"not_picked":["EndlessBattle","Wallop_lor","Feast","FrontalAssault","UnavoidableGaze","Standoff","ShockRound","DesperateStruggle"],"picked":"FlowOfTheSword","floor":4.0},{"not_picked":["MultiHit","FaintMemories","SummaryJudgment","FleetEdge","SearingSword","PreemptiveStrike","Crush","Thrust","MindPrepared"],"picked":"SKIP","floor":5.0},{"not_picked":["StartinOutLightly","WillOfThePrescript","AutomatedMovement","DefenseOrder","InkOver","GaleKick","Rewind","UpbeatPerformance","UndertakePrescript"],"picked":"SKIP","floor":7.0},{"not_picked":["BiAn","Rewind","QuickSuppression","HighSpeedStabbing","RatsGuideToSurvival","Decapitation","HandlingWork","EnergyStrike","VenomousFangs"],"picked":"SKIP","floor":8.0},{"not_picked":["ProselytesBlade","Outburst","ChiWen","BackAttack","FervidEmotions","Parry2","HighSpeedStabbing","AsThePrescriptOrders"],"picked":"DarkCloud","floor":10.0},{"not_picked":["DestructiveImpact","TheRedNotes","FleetEdge","DirtyBlow","FlashOfSunup","GuidanceOfTheGears","RapidGashes","SuppressingShot","Retaliate"],"picked":"SKIP","floor":12.0},{"not_picked":["LeRegole","SenseQuarry"],"picked":"CleanUp","floor":16.0},{"not_picked":["Leap_lor","BackAttack","Unlock1","CrackOfDawn","EnergyShield+1","QuickAttack"],"picked":"TheWillOfTheCity","floor":18.0},{"not_picked":["Track","BackstreetsDash","EnergyStrike+1","PreparedMind","GreatSerpentsImpact+1","StructuralAnalysis+1","DefenseOrder"],"picked":"SKIP","floor":20.0},{"not_picked":["EnergyStrike","RatsGuideToSurvival","Gamble","UpbeatPerformance","DarkCloud","Gigigig","ChargeUp"],"picked":"SKIP","floor":22.0},{"not_picked":["StartinOutLightly","AlloutWar","DefenseOrder","PinpointShot","TieShanKao","Faith"],"picked":"Observe","floor":24.0},{"not_picked":["HeavyPeaks+1","UnavoidableGaze","Commandeering","GuidanceOfTheGears","HighSpeedStabbing","BackAttack+1"],"picked":"BurningFlash","floor":27.0},{"not_picked":["Parry+1","PreemptiveStrike","StrikeDown","SharpSwipe","SerpentSwordTechnique","TendonChords"],"picked":"CrackOfDawn","floor":28.0},{"not_picked":["Crush+1","Brawl","UndertakePrescript","Diversion","Mutilate","BackAttack","SharpNails"],"picked":"SKIP","floor":31.0}],"player_experience":318438,"relics_obtained":[{"floor":8.0,"key":"Lantern"},{"floor":9.0,"key":"Vajra"},{"floor":12.0,"key":"Bronze Scales"},{"floor":24.0,"key":"MawBank"},{"floor":25.0,"key":"Pantograph"},{"floor":26.0,"key":"PageOfHappyTeddyBear"}],"event_choices":[{"damage_healed":0.0,"max_hp_gain":0.0,"max_hp_loss":0.0,"gold_gain":0.0,"event_name":"Living Wall","player_choice":"Grow","floor":2.0,"gold_loss":0.0,"damage_taken":0.0,"cards_upgraded":["Concentration"]},{"damage_healed":0.0,"max_hp_gain":0.0,"max_hp_loss":0.0,"gold_gain":0.0,"event_name":"Upgrade Shrine","player_choice":"Upgraded","floor":3.0,"gold_loss":0.0,"damage_taken":0.0,"cards_upgraded":["ChargeAndCover"]},{"damage_healed":0.0,"max_hp_gain":0.0,"max_hp_loss":0.0,"gold_gain":0.0,"event_name":"Scrap Ooze","player_choice":"Success","floor":14.0,"gold_loss":0.0,"damage_taken":3.0,"relics_obtained":["Strawberry"]},{"damage_healed":0.0,"max_hp_gain":0.0,"max_hp_loss":0.0,"gold_gain":0.0,"event_name":"The Mausoleum","player_choice":"Ignored","floor":21.0,"gold_loss":0.0,"damage_taken":0.0}],"is_beta":false,"boss_relics":[{"not_picked":["Calling Bell","Cursed Key"],"picked":"Busted Crown"}],"items_purged_floors":[19,30],"is_endless":false,"potions_floor_spawned":[4,5,12,18,28],"killed_by":"KingOfGreed","ascension_level":0}}