{"host":"iawk615p0198zs2h","time":1614347915,"event":{"mods":["BaseMod","Better Third Choice","BetterRewards","Downfall","Gold Saver","Minty Spire (QoL Compilation)","Quick Restart","Rare Cards Sparkle","Replay The Spire","Shop Mod","Spicy Shops","StSLib","The Necromancer","everything is the same but u backflip on backflip"],"gold_per_floor":[113,463,538,381,398,427,438,438,462,475,475,493,493,493],"floor_reached":13,"language":"ENG","playtime":426,"items_purged":["Normality"],"score":127,"play_id":"b953da66-80db-4d82-aff5-6b0a432d0caf","local_time":"20210226145835","is_ascension_mode":true,"campfire_choices":[{"data":"Armaments","floor":8,"key":"SMITH"}],"circlet_count":0,"master_deck":["Strike_R","Strike_R","Strike_R","Strike_R","Strike_R","Defend_R","Defend_R","Defend_R","Defend_R","Bash","Delirium","Hallucinations","Armaments+1","Voices","Brutality"],"relics":["Burning Blood","NeowsBlessing","Ring of Greed","Ring of Misfortune","Tiny Chest","Old Coin","ReplayTheSpireMod:Spearhead","Golden Idol"],"acts_visited":["Exordium"],"potions_floor_usage":[12],"damage_taken":[{"damage":0,"enemies":"Small Slimes","floor":1,"turns":1},{"damage":0,"enemies":"2 Louse","floor":5,"turns":1},{"damage":0,"enemies":"Lagavulin","floor":6,"turns":1},{"damage":4,"enemies":"Jaw Worm","floor":7,"turns":3},{"damage":3,"enemies":"Exordium Wildlife","floor":10,"turns":4},{"damage":6,"enemies":"Lots of Slimes","floor":12,"turns":5},{"damage":40,"enemies":"3 Sentries","floor":13,"turns":8}],"seed_played":"1542253295712889850","potions_obtained":[{"floor":1,"key":"Flashbang"},{"floor":6,"key":"SkillPotion"},{"floor":12,"key":"LifebloodPotion"}],"is_trial":false,"path_per_floor":["M","?","?","$","M","E","M","R","T","M","?","M","E"],"character_chosen":"IRONCLAD","items_purchased":["Armaments"],"campfire_rested":0,"item_purchase_floors":[4],"current_hp_per_floor":[80,80,69,69,75,80,80,80,80,80,60,60,20,20],"gold":493,"neow_bonus":"THREE_ENEMY_KILL","is_daily":false,"chose_seed":false,"campfire_upgraded":1,"win_rate":0.0,"timestamp":1614347915,"path_taken":["M","?","?","$","M","E","M","R","T","M","?","M","E"],"items_purchased_type":["Card"],"build_version":"2020-12-22","purchased_purges":1,"victory":false,"max_hp_per_floor":[80,80,80,80,80,80,80,80,80,80,80,80,80,80],"card_choices":[{"not_picked":["Sever Soul","Fire Breathing","Dropkick"],"picked":"SKIP","floor":1},{"not_picked":["Heavy Blade","Run Through","True Grit"],"picked":"SKIP","floor":5},{"not_picked":["Dark Embrace","Wild Strike"],"picked":"Brutality","floor":6},{"not_picked":["Armaments","Pummel","Heavy Blade"],"picked":"SKIP","floor":7},{"not_picked":["Sword Boomerang","Dual Wield","Iron Wave"],"picked":"SKIP","floor":10},{"not_picked":["Twin Strike","Body Slam","Replay:Many Hands"],"picked":"SKIP","floor":12}],"player_experience":236404,"relics_obtained":[{"floor":2,"key":"Ring of Greed"},{"floor":2,"key":"Ring of Misfortune"},{"floor":2,"key":"Tiny Chest"},{"floor":2,"key":"Old Coin"},{"floor":6,"key":"ReplayTheSpireMod:Spearhead"}],"event_choices":[{"damage_healed":0,"gold_gain":75,"player_choice":"Gold","damage_taken":11,"max_hp_gain":0,"max_hp_loss":0,"event_name":"betterThird:BetterGoop","floor":3,"gold_loss":0},{"damage_healed":0,"gold_gain":0,"player_choice":"Take Damage","damage_taken":20,"relics_obtained":["Golden Idol"],"max_hp_gain":0,"max_hp_loss":0,"event_name":"Golden Idol","floor":11,"gold_loss":0}],"is_beta":false,"boss_relics":[],"items_purged_floors":[4],"is_endless":false,"potions_floor_spawned":[1,6,12],"killed_by":"3 Sentries","ascension_level":3}}