{"host":"xo57gvsl7e0wfzti","time":1614369121,"event":{"mods":["BaseMod","Minty Spire (QoL Compilation)","Slay-I"],"gold_per_floor":[119,18,18,37,37,64,77,112,166,177,177,189,189,209,209,286,286,286,286],"floor_reached":18,"language":"ENG","playtime":409,"items_purged":["Strike_R"],"score":364,"play_id":"955e03ce-a983-4b8b-b882-554b1bd90c2e","local_time":"20210226115201","is_ascension_mode":true,"campfire_choices":[{"data":"Bash","floor":11,"key":"SMITH"},{"data":"Carnage","floor":15,"key":"SMITH"}],"circlet_count":0,"master_deck":["AscendersBane","Strike_R","Strike_R","Strike_R","Defend_R","Defend_R","Defend_R","Defend_R","Bash+1","Iron Wave","Cleave","Reaper","Headbutt","Spot Weakness","Carnage+1","Pommel Strike","Spot Weakness","Bludgeon"],"relics":["Burning Blood","NeowsBlessing","Mercury Hourglass","Bag of Marbles","Potion Belt","Pen Nib","Runic Dome"],"acts_visited":["Exordium","TheCity"],"potions_floor_usage":[16,16],"damage_taken":[{"damage":0,"enemies":"Cultist","floor":1,"turns":1},{"damage":0,"enemies":"Jaw Worm","floor":4,"turns":1},{"damage":0,"enemies":"Lagavulin","floor":6,"turns":1},{"damage":0,"enemies":"Small Slimes","floor":7,"turns":3},{"damage":32,"enemies":"Gremlin Nob","floor":8,"turns":4},{"damage":8,"enemies":"Red Slaver","floor":10,"turns":4},{"damage":4,"enemies":"2 Fungi Beasts","floor":12,"turns":3},{"damage":6,"enemies":"Looter","floor":14,"turns":2},{"damage":45,"enemies":"The Guardian","floor":16,"turns":9},{"damage":0,"enemies":"Spheric Guardian","floor":18,"turns":1}],"seed_played":"-6467966569154125189","potions_obtained":[{"floor":4,"key":"Dexterity Potion"},{"floor":7,"key":"BloodPotion"},{"floor":8,"key":"LiquidMemories"},{"floor":10,"key":"DuplicationPotion"},{"floor":12,"key":"FearPotion"},{"floor":16,"key":"DistilledChaos"}],"is_trial":false,"path_per_floor":["M","$","?","M","?","E","M","E","T","M","R","M","?","M","R","B",null,"M"],"character_chosen":"IRONCLAD","items_purchased":["Cleave"],"campfire_rested":0,"item_purchase_floors":[2],"current_hp_per_floor":[74,74,79,80,75,80,80,60,60,58,58,64,64,64,64,25,66,66,66],"gold":286,"neow_bonus":"THREE_ENEMY_KILL","is_daily":false,"chose_seed":false,"campfire_upgraded":2,"win_rate":0.0,"timestamp":1614369121,"path_taken":["M","$","?","M","?","E","M","E","T","M","R","M","?","?","R","BOSS","M"],"items_purchased_type":["Card"],"build_version":"2020-12-22","purchased_purges":1,"victory":false,"max_hp_per_floor":[75,75,80,80,80,80,80,80,80,80,80,80,80,80,80,80,80,80,80],"card_choices":[{"not_picked":["Rage","Warcry"],"picked":"Iron Wave","floor":1},{"not_picked":["Infernal Blade","Blood for Blood","Iron Wave"],"picked":"SKIP","floor":4},{"not_picked":["Searing Blow","Twin Strike"],"picked":"Reaper","floor":6},{"not_picked":["Sword Boomerang","Armaments"],"picked":"Headbutt","floor":7},{"not_picked":["Headbutt","Ghostly Armor"],"picked":"Spot Weakness","floor":8},{"not_picked":["Armaments","Warcry"],"picked":"Carnage","floor":10},{"not_picked":["Sword Boomerang","True Grit"],"picked":"Pommel Strike","floor":12},{"not_picked":["Wild Strike","True Grit","Havoc"],"picked":"SKIP","floor":14},{"not_picked":["Reaper","Exhume"],"picked":"Bludgeon","floor":16}],"player_experience":750298,"relics_obtained":[{"floor":6,"key":"Bag of Marbles"},{"floor":8,"key":"Potion Belt"},{"floor":9,"key":"Pen Nib"}],"event_choices":[{"damage_healed":0,"gold_gain":0,"player_choice":"Donut","damage_taken":0,"max_hp_gain":5,"max_hp_loss":0,"event_name":"Big Fish","floor":3,"gold_loss":0},{"damage_healed":0,"gold_gain":0,"player_choice":"Success","damage_taken":5,"relics_obtained":["Mercury Hourglass"],"max_hp_gain":0,"max_hp_loss":0,"event_name":"Scrap Ooze","floor":5,"gold_loss":0},{"damage_healed":0,"gold_gain":0,"cards_transformed":["Strike_R"],"player_choice":"Transformed","damage_taken":0,"max_hp_gain":0,"max_hp_loss":0,"event_name":"Transmorgrifier","floor":13,"gold_loss":0,"cards_obtained":["Spot Weakness"]}],"is_beta":false,"boss_relics":[{"not_picked":["Pandora\u0027s Box","Runic Cube"],"picked":"Runic Dome"}],"items_purged_floors":[2],"is_endless":false,"potions_floor_spawned":[4,7,8,10,12,16],"killed_by":"Spheric Guardian","ascension_level":17}}