{"host":"aaqofma31c3gm2hj","time":1614310022,"event":{"mods":["BaseMod","GungeonMod","Minty Spire (QoL Compilation)","Replay The Spire","Spicy Shops","StSLib"],"gold_per_floor":[112,125,50,50,50,79,99,126,126,126,126,126,126,126,141,141,141,141,141],"floor_reached":18,"language":"ZHS","playtime":212,"items_purged":[],"score":286,"play_id":"35ace134-3169-4a06-82ac-066f99e63447","local_time":"20210226112702","is_ascension_mode":true,"campfire_choices":[{"data":"Pommel Strike","floor":12.0,"key":"SMITH"},{"data":"Bash","floor":14.0,"key":"SMITH"},{"floor":16.0,"key":"RECALL"}],"circlet_count":0,"master_deck":["AscendersBane","Strike_R","Strike_R","Strike_R","Defend_R","Defend_R","Defend_R","Defend_R","Bash+1","Pommel Strike+1","Pommel Strike+1","Immolate+1","True Grit"],"relics":["Burning Blood","NeowsBlessing","White Beast Statue","DemoMod:WhiteGuonStone","Golden Egg","Bronze Scales","DemoMod:GlassGuonStoneRelic"],"acts_visited":["Exordium"],"potions_floor_usage":[],"damage_taken":[{"damage":0.0,"enemies":"Jaw Worm","floor":1.0,"turns":1.0},{"damage":0.0,"enemies":"Cultist","floor":2.0,"turns":1.0},{"damage":0.0,"enemies":"3 Sentries","floor":6.0,"turns":1.0},{"damage":0.0,"enemies":"2 Louse","floor":7.0,"turns":3.0},{"damage":5.0,"enemies":"Gremlin Nob","floor":8.0,"turns":3.0},{"damage":23.0,"enemies":"Gremlin Gang","floor":15.0,"turns":4.0},{"damage":0,"enemies":"Hexaghost","floor":18,"turns":1}],"seed_played":"3357210333085502663","potions_obtained":[{"floor":2.0,"key":"AttackPotion"},{"floor":7.0,"key":"Adrenaline Potion"},{"floor":15.0,"key":"Milkshake"}],"is_trial":false,"path_per_floor":["M","M","?","$","?","E","M","E","T","T","?","R","?","R","M","R","R","B"],"character_chosen":"IRONCLAD","items_purchased":[],"campfire_rested":0,"item_purchase_floors":[],"current_hp_per_floor":[74,75,75,75,75,75,75,75,75,75,80,80,80,80,63,63,63,63,63],"gold":141,"neow_bonus":"THREE_ENEMY_KILL","is_daily":false,"chose_seed":false,"campfire_upgraded":2,"win_rate":0.0,"timestamp":1614310022,"path_taken":["M","M","?","$","?","E","?","E","T","T","?","R","?","R","M","R","R","BOSS"],"items_purchased_type":[],"build_version":"2020-12-22","purchased_purges":0,"victory":false,"max_hp_per_floor":[75,75,75,75,75,75,75,75,75,75,80,80,80,80,80,80,80,80,80],"card_choices":[{"not_picked":["Warcry","Sentinel","Sever Soul"],"picked":"SKIP","floor":1.0},{"not_picked":["DemoMod:WhiteBlade","Dual Wield"],"picked":"Pommel Strike","floor":2.0},{"not_picked":["Replay:Undeath\u0027s Touch","Combust","Twin Strike"],"picked":"SKIP","floor":6.0},{"not_picked":["Replay:Undeath\u0027s Touch","Massacre"],"picked":"Pommel Strike","floor":7.0},{"not_picked":["Anger","True Grit","Cleave"],"picked":"SKIP","floor":8.0},{"not_picked":["Perfected Strike","Shrug It Off"],"picked":"Immolate","floor":15.0}],"player_experience":703978,"relics_obtained":[{"floor":6.0,"key":"White Beast Statue"},{"floor":8.0,"key":"DemoMod:WhiteGuonStone"},{"floor":9.0,"key":"Golden Egg"}],"event_choices":[{"cards_removed":["Strike_R"],"damage_healed":0.0,"max_hp_gain":0.0,"max_hp_loss":0.0,"gold_gain":0.0,"event_name":"The Cleric","player_choice":"Card Removal","floor":3.0,"gold_loss":75.0,"damage_taken":0.0},{"damage_healed":0.0,"max_hp_gain":0.0,"max_hp_loss":0.0,"gold_gain":0.0,"event_name":"Upgrade Shrine","player_choice":"Upgraded","floor":5.0,"gold_loss":0.0,"damage_taken":0.0,"cards_upgraded":["Pommel Strike"]},{"damage_healed":0.0,"max_hp_gain":5.0,"max_hp_loss":0.0,"gold_gain":0.0,"event_name":"Big Fish","player_choice":"Donut","floor":11.0,"gold_loss":0.0,"damage_taken":0.0},{"damage_healed":0.0,"max_hp_gain":0.0,"max_hp_loss":0.0,"gold_gain":0.0,"event_name":"WeMeetAgain","player_choice":"Gave Potion","floor":13.0,"gold_loss":0.0,"damage_taken":0.0,"relics_obtained":["Bronze Scales"]}],"is_beta":false,"boss_relics":[],"items_purged_floors":[],"is_endless":false,"potions_floor_spawned":[2,7,8,15],"killed_by":"Hexaghost","ascension_level":20}}