{"host":"oehe2dxjvdgux73m","time":1614349200,"event":{"mods":["AchievementEnabler","BaseMod","Colored Map","Colored Powertips","DeckTracker","Keyboard Shortcuts","Minty Spire (QoL Compilation)","Permanent Neow","Quick Restart","StSLib","SuperFastMode"],"gold_per_floor":[117,132,144,219,232,232,264,264,264,314,333,333,333,353,353,353,353],"floor_reached":16,"language":"KOR","playtime":328,"items_purged":[],"score":204,"play_id":"343ab4a4-af1f-4b98-809e-b7244c697b9f","local_time":"20210226232000","is_ascension_mode":true,"campfire_choices":[{"floor":6.0,"key":"REST"},{"floor":8.0,"key":"REST"},{"floor":13.0,"key":"REST"},{"data":"Neutralize","floor":15.0,"key":"SMITH"}],"circlet_count":0,"master_deck":["AscendersBane","Strike_G","Strike_G","Strike_G","Strike_G","Strike_G","Defend_G","Defend_G","Defend_G","Defend_G","Defend_G","Survivor","Neutralize+1","Eviscerate","Dagger Throw","Setup","Acrobatics","Leg Sweep"],"relics":["Ring of the Snake","Ancient Tea Set","Paper Crane"],"acts_visited":["Exordium"],"potions_floor_usage":[16,16],"damage_taken":[{"damage":8.0,"enemies":"Jaw Worm","floor":1.0,"turns":5.0},{"damage":11.0,"enemies":"Small Slimes","floor":2.0,"turns":4.0},{"damage":6.0,"enemies":"Cultist","floor":3.0,"turns":3.0},{"damage":4.0,"enemies":"2 Fungi Beasts","floor":5.0,"turns":5.0},{"damage":34.0,"enemies":"3 Sentries","floor":7.0,"turns":8.0},{"damage":5.0,"enemies":"Blue Slaver","floor":11.0,"turns":4.0},{"damage":1.0,"enemies":"3 Louse","floor":14.0,"turns":3.0},{"damage":30,"enemies":"Hexaghost","floor":16,"turns":9}],"seed_played":"5841172446895550115","potions_obtained":[{"floor":2.0,"key":"PowerPotion"},{"floor":5.0,"key":"LiquidBronze"},{"floor":11.0,"key":"Block Potion"}],"is_trial":false,"path_per_floor":["M","M","M","?","M","R","E","R","T","?","M","?","R","M","R","B"],"character_chosen":"THE_SILENT","items_purchased":[],"campfire_rested":3,"item_purchase_floors":[],"current_hp_per_floor":[51,40,34,23,19,38,4,23,23,17,12,12,31,30,30,0,0],"gold":353,"neow_bonus":"THREE_CARDS","is_daily":false,"chose_seed":false,"campfire_upgraded":1,"win_rate":0.0,"timestamp":1614349200,"path_taken":["M","M","M","?","M","R","E","R","T","?","?","?","R","M","R","BOSS"],"items_purchased_type":[],"build_version":"2020-12-22","purchased_purges":0,"victory":false,"max_hp_per_floor":[66,66,66,66,66,66,66,66,66,66,66,66,66,66,66,66,66],"card_choices":[{"not_picked":["Quick Slash","Dodge and Roll"],"picked":"Eviscerate","floor":0.0},{"not_picked":["Underhanded Strike","Outmaneuver"],"picked":"Dagger Throw","floor":1.0},{"not_picked":["Dodge and Roll","Catalyst","Cloak And Dagger"],"picked":"SKIP","floor":2.0},{"not_picked":["A Thousand Cuts","Deadly Poison"],"picked":"Setup","floor":3.0},{"not_picked":["Outmaneuver","Quick Slash","Cloak And Dagger"],"picked":"SKIP","floor":5.0},{"not_picked":["Night Terror","PiercingWail"],"picked":"Acrobatics","floor":7.0},{"not_picked":["Eviscerate","Accuracy"],"picked":"Leg Sweep","floor":11.0},{"not_picked":["Deflect","Slice","Flying Knee"],"picked":"SKIP","floor":14.0}],"player_experience":506938,"relics_obtained":[{"floor":7.0,"key":"Ancient Tea Set"},{"floor":9.0,"key":"Paper Crane"}],"event_choices":[{"damage_healed":0.0,"max_hp_gain":0.0,"max_hp_loss":0.0,"gold_gain":75.0,"event_name":"World of Goop","player_choice":"Gather Gold","floor":4.0,"gold_loss":0.0,"damage_taken":11.0},{"damage_healed":0.0,"max_hp_gain":0.0,"max_hp_loss":0.0,"gold_gain":50.0,"event_name":"FaceTrader","player_choice":"Touch","floor":10.0,"gold_loss":0.0,"damage_taken":6.0},{"damage_healed":0.0,"max_hp_gain":0.0,"max_hp_loss":0.0,"gold_gain":0.0,"event_name":"Scrap Ooze","player_choice":"Fled","floor":12.0,"gold_loss":0.0,"damage_taken":0.0}],"is_beta":false,"boss_relics":[],"items_purged_floors":[],"is_endless":false,"potions_floor_spawned":[2,5,11,14],"killed_by":"Hexaghost","ascension_level":20}}