{"host":"sav7uxregyirlf69","time":1614341330,"event":{"mods":["AchievementEnabler","BaseMod","Colored Map","DeckTracker","Keyboard Shortcuts","Minty Spire (QoL Compilation)","READ ME - Guardian Mod","StSLib","SuperFastMode"],"gold_per_floor":[114,114,130,177,177,177,190,190,190,190,225,225,243,243,243,320,320,335,335,335,353,13,42,42,67,67,117,117,131,131,157,157,236,236,248,83,83,383,394,394,424,424,502,522,522,549,563,575,575,575,575],"floor_reached":50,"language":"KOR","playtime":1182,"items_purged":["Strike_G"],"score":1283,"play_id":"3f953ff7-03e7-4e23-ac3f-6a4d4e65d6d8","local_time":"20210226210850","is_ascension_mode":true,"campfire_choices":[{"floor":6,"key":"REST"},{"data":"Bouncing Flask","floor":8,"key":"SMITH"},{"floor":12,"key":"REST"},{"floor":15,"key":"RECALL"},{"floor":24,"key":"REST"},{"floor":30,"key":"REST"},{"floor":32,"key":"REST"},{"floor":40,"key":"REST"},{"floor":42,"key":"REST"},{"floor":45,"key":"REST"},{"floor":49,"key":"REST"}],"circlet_count":0,"master_deck":["AscendersBane","Strike_G","Strike_G+1","Defend_G","Defend_G","Defend_G","Defend_G","Defend_G","Survivor","Neutralize+1","Dagger Throw+1","Dagger Throw","Bouncing Flask+1","Escape Plan","Adrenaline","Die Die Die","After Image","Backflip","Blur","Finesse","Flash of Steel","Wraith Form v2","Escape Plan+1"],"relics":["Ring of the Snake","Bronze Scales","Ancient Tea Set","HornCleat","Paper Crane","Fusion Hammer","Incense Burner","Pantograph","StoneCalendar","Eternal Feather","Thread and Needle","Runic Pyramid","Pear","Smiling Mask"],"acts_visited":["TheCity","TheBeyond"],"potions_floor_usage":[11,23,41,46,50],"damage_taken":[{"damage":0,"enemies":"2 Louse","floor":1,"turns":2},{"damage":8,"enemies":"Jaw Worm","floor":3,"turns":5},{"damage":0,"enemies":"Small Slimes","floor":7,"turns":2},{"damage":22,"enemies":"Lagavulin","floor":11,"turns":5},{"damage":0,"enemies":"3 Louse","floor":13,"turns":3},{"damage":7,"enemies":"Hexaghost","floor":16,"turns":8},{"damage":12,"enemies":"2 Thieves","floor":18,"turns":4},{"damage":0,"enemies":"3 Byrds","floor":21,"turns":3},{"damage":14,"enemies":"Gremlin Leader","floor":23,"turns":5},{"damage":6,"enemies":"Book of Stabbing","floor":25,"turns":5},{"damage":2,"enemies":"Centurion and Healer","floor":29,"turns":7},{"damage":0,"enemies":"Slavers","floor":31,"turns":5},{"damage":46,"enemies":"Automaton","floor":33,"turns":14},{"damage":0,"enemies":"Orb Walker","floor":35,"turns":3},{"damage":2,"enemies":"3 Shapes","floor":39,"turns":4},{"damage":0,"enemies":"Reptomancer","floor":41,"turns":8},{"damage":0,"enemies":"Spire Growth","floor":44,"turns":6},{"damage":0,"enemies":"Giant Head","floor":46,"turns":11},{"damage":0,"enemies":"4 Shapes","floor":47,"turns":7},{"damage":0,"enemies":"3 Darklings","floor":48,"turns":5},{"damage":66,"enemies":"Time Eater","floor":50,"turns":13}],"seed_played":"6611106608383905608","potions_obtained":[{"floor":7,"key":"AttackPotion"},{"floor":11,"key":"CunningPotion"},{"floor":13,"key":"Fire Potion"},{"floor":16,"key":"DuplicationPotion"},{"floor":31,"key":"FearPotion"},{"floor":33,"key":"Swift Potion"},{"floor":44,"key":"Energy Potion"},{"floor":46,"key":"CultistPotion"}],"is_trial":false,"path_per_floor":["M","?","M","T","?","R","M","R","T","?","E","R","M","?","R","B",null,"M","?","?","M","$","E","R","E","T","?","?","M","R","E","R","B",null,"M","$","?","?","M","R","E","R","T","M","R","E","M","M","R","B"],"character_chosen":"THE_SILENT","items_purchased":["Incense Burner","Finesse"],"campfire_rested":9,"item_purchase_floors":[22,36],"current_hp_per_floor":[59,39,31,31,13,32,32,32,32,32,10,29,29,22,22,15,53,41,41,41,41,41,27,46,40,40,40,40,38,66,66,66,20,55,55,55,45,45,43,66,76,76,76,76,76,76,76,76,76,10,10],"gold":575,"neow_bonus":"THREE_CARDS","is_daily":false,"chose_seed":false,"campfire_upgraded":1,"win_rate":0.0,"timestamp":1614341330,"path_taken":["M","?","M","?","?","R","M","R","T","?","E","R","?","?","R","BOSS","M","?","?","?","$","E","R","E","T","?","?","M","R","E","R","BOSS","M","$","?","?","M","R","E","R","T","M","R","E","M","M","R","BOSS"],"items_purchased_type":["Relic","Card"],"build_version":"2020-12-22","purchased_purges":1,"victory":false,"max_hp_per_floor":[66,66,66,66,66,66,66,66,66,66,66,66,66,66,66,66,66,66,66,66,66,66,66,66,66,66,66,66,66,66,66,66,66,66,66,66,66,66,66,66,76,76,76,76,76,76,76,76,76,76,76],"card_choices":[{"not_picked":["Dagger Spray","Flying Knee"],"picked":"Dagger Throw","floor":0},{"not_picked":["Outmaneuver","Prepared","Concentrate"],"picked":"SKIP","floor":1},{"not_picked":["Outmaneuver","Catalyst"],"picked":"Dagger Throw","floor":3},{"not_picked":["Leg Sweep","Predator"],"picked":"Bouncing Flask","floor":7},{"not_picked":["Dodge and Roll","PiercingWail"],"picked":"Escape Plan","floor":11},{"not_picked":["Blade Dance","Deadly Poison","Sucker Punch"],"picked":"SKIP","floor":13},{"not_picked":["Burst","A Thousand Cuts"],"picked":"Adrenaline","floor":16},{"not_picked":["Acrobatics","Bane","Setup"],"picked":"SKIP","floor":18},{"not_picked":["Acrobatics","Backflip","Quick Slash"],"picked":"SKIP","floor":21},{"not_picked":["Sucker Punch+1","Terror"],"picked":"After Image","floor":23},{"not_picked":["Deadly Poison","Escape Plan","Distraction"],"picked":"SKIP","floor":25},{"not_picked":["Finisher","Slice"],"picked":"Backflip","floor":29},{"not_picked":["Outmaneuver","Bane","Flying Knee"],"picked":"SKIP","floor":31},{"not_picked":["Prepared+1","Calculated Gamble+1"],"picked":"Blur","floor":35},{"not_picked":["Magnetism","Mind Blast"],"picked":"Flash of Steel","floor":37},{"not_picked":["Outmaneuver","PiercingWail","Flying Knee+1"],"picked":"SKIP","floor":39},{"not_picked":["Calculated Gamble","Prepared","Backstab"],"picked":"SKIP","floor":41},{"not_picked":["All Out Attack+1","Deflect+1","Acrobatics"],"picked":"SKIP","floor":44},{"not_picked":["Setup","Dodge and Roll"],"picked":"Wraith Form v2","floor":46},{"not_picked":["Poisoned Stab","Dodge and Roll","Dagger Spray+1"],"picked":"SKIP","floor":47},{"not_picked":["Terror","Choke+1"],"picked":"Escape Plan+1","floor":48}],"player_experience":1705671,"relics_obtained":[{"floor":4,"key":"Bronze Scales"},{"floor":9,"key":"HornCleat"},{"floor":11,"key":"Paper Crane"},{"floor":23,"key":"Pantograph"},{"floor":25,"key":"StoneCalendar"},{"floor":26,"key":"Eternal Feather"},{"floor":31,"key":"Thread and Needle"},{"floor":41,"key":"Pear"},{"floor":46,"key":"Smiling Mask"}],"event_choices":[{"damage_healed":0,"gold_gain":0,"player_choice":"Entered Light","damage_taken":20,"max_hp_gain":0,"max_hp_loss":0,"event_name":"Shining Light","floor":2,"gold_loss":0,"cards_upgraded":["Strike_G","Dagger Throw"]},{"damage_healed":0,"gold_gain":0,"player_choice":"Success","damage_taken":18,"relics_obtained":["Ancient Tea Set"],"max_hp_gain":0,"max_hp_loss":0,"event_name":"Scrap Ooze","floor":5,"gold_loss":0},{"damage_healed":0,"gold_gain":0,"player_choice":"Upgraded","damage_taken":0,"max_hp_gain":0,"max_hp_loss":0,"event_name":"Upgrade Shrine","floor":10,"gold_loss":0,"cards_upgraded":["Neutralize"]},{"cards_removed":["Strike_G"],"damage_healed":0,"gold_gain":0,"player_choice":"Card Removal","damage_taken":7,"max_hp_gain":0,"max_hp_loss":0,"event_name":"Golden Wing","floor":14,"gold_loss":0},{"damage_healed":0,"gold_gain":0,"player_choice":"Ignored","damage_taken":0,"max_hp_gain":0,"max_hp_loss":0,"event_name":"The Mausoleum","floor":19,"gold_loss":0},{"damage_healed":0,"gold_gain":0,"cards_transformed":["Strike_G"],"player_choice":"Transformed","damage_taken":0,"max_hp_gain":0,"max_hp_loss":0,"event_name":"Transmorgrifier","floor":20,"gold_loss":0,"cards_obtained":["Die Die Die"]},{"damage_healed":0,"gold_gain":50,"player_choice":"Stole From Cult","damage_taken":0,"max_hp_gain":0,"max_hp_loss":0,"event_name":"Nest","floor":27,"gold_loss":0},{"damage_healed":0,"gold_gain":0,"player_choice":"Ignored","damage_taken":0,"max_hp_gain":0,"max_hp_loss":0,"event_name":"Cursed Tome","floor":28,"gold_loss":0},{"damage_healed":0,"gold_gain":0,"player_choice":"Memory 3","damage_taken":10,"max_hp_gain":0,"max_hp_loss":0,"event_name":"SensoryStone","floor":37,"gold_loss":0},{"damage_healed":0,"gold_gain":300,"player_choice":"Gold","damage_taken":0,"max_hp_gain":0,"max_hp_loss":0,"event_name":"Wheel of Change","floor":38,"gold_loss":0}],"is_beta":false,"boss_relics":[{"not_picked":["Snecko Eye","Runic Dome"],"picked":"Fusion Hammer"},{"not_picked":["HoveringKite","Velvet Choker"],"picked":"Runic Pyramid"}],"items_purged_floors":[36],"is_endless":false,"potions_floor_spawned":[7,11,13,16,31,33,44,46,47],"killed_by":"Time Eater","ascension_level":20}}