{"host":"68znc2ej2o0mvpv6","time":1614359050,"event":{"mods":["100% Spire Juice","2.2 Compatiblity","AYAYA","AchievementEnabler","Act Like it!","Aspiration","BaseMod","Better Altar","Better Note","Better Third Choice","Bossed Relics","Colored Map","Conspire","Evolution","FutureSeer","Gensokyo","Googly Eyes","GungeonMod","Hallownest","Hermit","HololiveMod","Hubris","Infinite Spire","Jorbs\u0027s Wanderer Trilogy","Mimic Mod","Minty Spire (QoL Compilation)","Morshu Shopkeeper","Morshu Shopkeeper - ENHANCED","Prisma Mod","Puzzle Mod","Rare Cards Sparkle","Reliquary","Replay The Spire","Shop Mod","Spicy Shops","StSLib","The Administrix","The Animator","The Blue Laboratory","The Elementalist","The Poker Player","TheBandit","WarShipGirlsR/????R mod","Yuyuko"],"gold_per_floor":[0,0,0,0,0,0,0,0,0,0,0],"floor_reached":10,"language":"RUS","playtime":354,"items_purged":[],"score":68,"play_id":"a02d2256-8fc3-4dc1-925f-e712d8524962","local_time":"20210226190410","is_ascension_mode":false,"campfire_choices":[],"circlet_count":0,"master_deck":[],"relics":["puzzleMod:CursedCornerPiece","puzzleMod:BagOfPieces","Charon\u0027s Ashes","Cursed Key"],"acts_visited":["Exordium"],"potions_floor_usage":[3,10],"damage_taken":[{"damage":0,"enemies":"Custom Monster","floor":1,"turns":1},{"damage":19,"enemies":"Custom Monster","floor":2,"turns":1},{"damage":0,"enemies":"Custom Monster","floor":3,"turns":1},{"damage":0,"enemies":"Custom Monster","floor":4,"turns":1},{"damage":6,"enemies":"Custom Monster","floor":5,"turns":1},{"damage":0,"enemies":"Custom Monster","floor":6,"turns":1},{"damage":16,"enemies":"Custom Monster","floor":7,"turns":1},{"damage":13,"enemies":"Custom Monster","floor":8,"turns":1},{"damage":22,"enemies":"Custom Monster","floor":9,"turns":1},{"damage":88,"enemies":"Puzzle Boss","floor":10,"turns":1}],"seed_played":"-1309574400462211272","potions_obtained":[],"is_trial":false,"path_per_floor":["P","P","P","P","P","P","P","P","P","B"],"character_chosen":"THE_PUZZLER","items_purchased":[],"campfire_rested":0,"item_purchase_floors":[],"current_hp_per_floor":[20,1,20,20,1,20,1,1,1,0,0],"gold":0,"neow_bonus":"","is_daily":false,"chose_seed":false,"campfire_upgraded":0,"win_rate":0.0,"timestamp":1614359050,"path_taken":["P","P","P","P","P","P","P","P","P","BOSS"],"items_purchased_type":[],"build_version":"2020-12-22","purchased_purges":0,"victory":false,"max_hp_per_floor":[20,20,20,20,20,20,17,14,23,20,20],"card_choices":[],"player_experience":123327,"relics_obtained":[],"event_choices":[],"is_beta":false,"boss_relics":[],"items_purged_floors":[],"is_endless":false,"potions_floor_spawned":[],"killed_by":"Puzzle Boss","ascension_level":0}}