{"host":"8z11jf471qjhqctb","time":1614341013,"event":{"mods":["ATMod(阿瑾Mod)","BaseMod","Library of Ruina","Library of Ruina Extra","Minty Spire (QoL Compilation)","MostiFishMod","SOS（斯巴达之子）","StSLib","UnlockEverythingMod","simple"],"gold_per_floor":[2055,2120,2200,2200,2290,2445,2540,2715,2715,2795,2795,2950,2095,2180,2180,2670,2670,2725,2815,2815,2398,2713,2983,3173,3173,3173,3348,3648,3648,3973,4523,4523,5158,5158,5608,5319,5319,5319,5534,5909,5909,5909,6034,6284,6494,6989,6989,6989,6989,7239,7364,7364,7364,72,477,602],"floor_reached":57,"language":"ZHS","playtime":1426,"items_purged":["EnergyConversion+1"],"score":1917,"play_id":"f8c9564a-df3f-4924-bfca-b27408f375c2","local_time":"20210226200333","is_ascension_mode":false,"campfire_choices":[{"data":"DegradedPillar","floor":11.0,"key":"SMITH"},{"data":"DegradedFairy","floor":11.0,"key":"SMITH"},{"data":"DegradedFairy","floor":11.0,"key":"SMITH"},{"data":"DegradedFairy","floor":11.0,"key":"SMITH"},{"data":"DegradedChain","floor":11.0,"key":"SMITH"},{"data":"GuardingStance","floor":11.0,"key":"SMITH"},{"data":"QuickAttack","floor":11.0,"key":"SMITH"},{"data":"UnforgettableMelody","floor":11.0,"key":"SMITH"},{"data":"TheWillOfTheCity","floor":11.0,"key":"SMITH"},{"data":"CrackOfDawn","floor":11.0,"key":"SMITH"},{"data":"DegradedPillar","floor":11.0,"key":"SMITH"},{"data":"DegradedShockwave","floor":11.0,"key":"SMITH"},{"data":"EnergyConversion","floor":11.0,"key":"SMITH"},{"data":"StrikeDown","floor":11.0,"key":"SMITH"},{"data":"DegradedLock","floor":11.0,"key":"SMITH"},{"data":"DegradedChain","floor":11.0,"key":"SMITH"},{"floor":11.0,"key":"RECALL"},{"data":"GreatSerpentsImpact","floor":15.0,"key":"SMITH"},{"floor":15.0,"key":"REST"},{"data":"RepressedFlesh","floor":29.0,"key":"SMITH"},{"floor":29.0,"key":"REST"},{"data":"ShrineToMusic","floor":32.0,"key":"SMITH"},{"floor":32.0,"key":"REST"},{"data":"MostiFishMod:PerfectForm","floor":42,"key":"SMITH"},{"data":"GreatSerpentsImpact","floor":42,"key":"SMITH"},{"floor":42,"key":"REST"},{"floor":49,"key":"REST"},{"floor":53,"key":"REST"}],"circlet_count":0,"master_deck":["DegradedFairy+1","DegradedFairy+1","DegradedFairy+1","DegradedChain+1","DegradedChain+1","DegradedLock+1","DegradedPillar+1","DegradedPillar+1","DegradedShockwave+1","CrackOfDawn+1","StrikeDown+1","TheWillOfTheCity+1","UnforgettableMelody+1","QuickAttack+1","GreatSerpentsImpact+1","RepressedFlesh+1","ShrineToMusic+1","GreatSerpentsImpact+1","AutomatedMovement+1","GreatSerpentsImpact+1","MostiFishMod:PerfectForm+1","GreatSerpentsImpact+1","ForcefulGesture+1","GreatSerpentsImpact+1","MirageStorm","DegradedShockwave+1"],"relics":["PageOfLibrarian","AT_ATBox","DaveBox","Medical Kit","SynthV:TestCard","PageOfMercenary","PageOfMountain","PageOfPorccubus","MetatronsCube","SacredBark","PageOfApocalypseBird","AT_MibuBalloonWealth","PageOfQueenBee","PageOfSpiderBud","PageOfBloodbath","PageOfBigBird","JellyFishMachine","AT_RabadonDeathcap","Akabeko","Blood Vial","PageOfAspirationHeart","Singing Bowl","HandDrill","Bottled Flame","HornCleat","Lantern","Orichalcum","BrkXgEgg","PageOfBigBadWolf","ChiLing","Chi","Ling","Anchor","Boot","Blue Candle","Toolbox","PageOfScarecrow","Torii","MostiFishMod:AdaptiveDefenses","AT_ImmortalShieldbow","PageOfLittleHelper","Frozen Eye","AT_BellowingDragoncrestRing","Happy Flower","Orrery","DiscerningMonocle","PageOfTodaysShyLook","Pear","War Paint","AT_ForceNature","SynthV","SynthV:MejaisSoulstealer","AT_BellDemon","Ornamental Fan","Bird Faced Urn","SynthV:C4","DollysMirror","AT_ChloranthyRing","Bottled Tornado"],"acts_visited":["Exordium","TheCity","TheBeyond","TheEnding"],"potions_floor_usage":[],"damage_taken":[{"damage":0.0,"enemies":"2 Louse","floor":1.0,"turns":1.0},{"damage":0.0,"enemies":"Jaw Worm","floor":2.0,"turns":1.0},{"damage":0.0,"enemies":"Cultist","floor":3.0,"turns":1.0},{"damage":0.0,"enemies":"2 Fungi Beasts","floor":5.0,"turns":1.0},{"damage":0.0,"enemies":"Gremlin Nob","floor":6.0,"turns":1.0},{"damage":0.0,"enemies":"Large Slime","floor":7.0,"turns":1.0},{"damage":0.0,"enemies":"Lagavulin","floor":8.0,"turns":2.0},{"damage":0.0,"enemies":"Red Slaver","floor":10.0,"turns":1.0},{"damage":0.0,"enemies":"Gremlin Nob","floor":12.0,"turns":1.0},{"damage":0.0,"enemies":"3 Louse","floor":14.0,"turns":1.0},{"damage":0.0,"enemies":"Slime Boss","floor":16.0,"turns":1.0},{"damage":0.0,"enemies":"3 Byrds","floor":18.0,"turns":1.0},{"damage":0.0,"enemies":"Chosen","floor":19.0,"turns":1.0},{"damage":0.0,"enemies":"Centurion and Healer","floor":22.0,"turns":1.0},{"damage":0.0,"enemies":"Book of Stabbing","floor":23.0,"turns":2.0},{"damage":0.0,"enemies":"Snecko","floor":24.0,"turns":1.0},{"damage":0.0,"enemies":"Snake Plant","floor":27.0,"turns":1.0},{"damage":0.0,"enemies":"Gremlin Leader","floor":28.0,"turns":1.0},{"damage":0.0,"enemies":"Cultist and Chosen","floor":30.0,"turns":1.0},{"damage":0.0,"enemies":"Slavers","floor":31.0,"turns":1.0},{"damage":0.0,"enemies":"KingOfGreed","floor":33.0,"turns":3.0},{"damage":2.0,"enemies":"3 Shapes","floor":35.0,"turns":1.0},{"damage":0.0,"enemies":"Orb Walker","floor":39.0,"turns":1.0},{"damage":0.0,"enemies":"Reptomancer","floor":40.0,"turns":1.0},{"damage":0,"enemies":"Nemesis","floor":44,"turns":1},{"damage":0,"enemies":"Spire Growth","floor":45,"turns":1},{"damage":0,"enemies":"2 Orb Walkers","floor":46,"turns":1},{"damage":0,"enemies":"Donu and Deca","floor":50,"turns":1},{"damage":0,"enemies":"Donu and Deca","floor":51,"turns":2},{"damage":0,"enemies":"Shield and Spear","floor":55,"turns":1},{"damage":0,"enemies":"The Heart","floor":56,"turns":3}],"seed_played":"3899980305039712876","potions_obtained":[{"floor":2.0,"key":"Dexterity Potion"},{"floor":3.0,"key":"Energy Potion"},{"floor":6.0,"key":"LiquidMemories"}],"is_trial":false,"path_per_floor":["M","M","M","?","M","E","M","E","T","M","R","E","$","M","R","B",null,"M","M","?","$","M","E","M","?","T","M","E","R","M","E","R","B",null,"M","$","?","?","M","E","?","R","T","E","M","?","T","?","R","B",null,null,"R","$","E","B",null],"character_chosen":"Librarian","items_purchased":["MetatronsCube","PageOfApocalypseBird","AT_MibuBalloonWealth","AT_RabadonDeathcap","HandDrill","Bottled Flame","HornCleat","MirageStorm","Lantern","Orichalcum","BrkXgEgg","PageOfBigBadWolf","ChiLing","Anchor","Boot","Blue Candle","Toolbox","PageOfScarecrow","Torii","MostiFishMod:AdaptiveDefenses","AT_ImmortalShieldbow","PageOfLittleHelper","Frozen Eye","AT_BellowingDragoncrestRing","Happy Flower","Orrery","DiscerningMonocle","PageOfTodaysShyLook","Pear","War Paint","AT_ForceNature","SynthV","SynthV:MejaisSoulstealer","AT_BellDemon","Ornamental Fan","Bird Faced Urn","SynthV:C4","DollysMirror"],"campfire_rested":6,"item_purchase_floors":[13,21,21,36,54,54,54,54,54,54,54,54,54,54,54,54,54,54,54,54,54,54,54,54,54,54,54,54,54,54,54,54,54,54,54,54,54,54],"current_hp_per_floor":[60,60,60,60,60,60,60,60,60,60,60,60,60,60,87,87,90,90,90,90,90,90,90,90,90,90,90,90,90,90,90,90,90,90,88,88,88,88,88,88,88,90,90,90,90,103,103,98,98,98,98,98,98,118,120,120],"gold":602,"neow_bonus":"ONE_RANDOM_RARE_CARD","is_daily":false,"chose_seed":false,"campfire_upgraded":21,"win_rate":0.0,"timestamp":1614341013,"path_taken":["M","M","M","?","M","E","M","E","T","M","R","E","$","M","R","BOSS","M","M","?","$","M","E","M","?","T","M","E","R","?","E","R","BOSS","M","$","?","?","M","E","?","R","T","E","?","?","?","?","R","BOSS","R","$","E","BOSS"],"items_purchased_type":["Relic","Relic","Relic","Relic","Relic","Relic","Relic","Card","Relic","Relic","Relic","Relic","Relic","Relic","Relic","Relic","Relic","Relic","Relic","Relic","Relic","Relic","Relic","Relic","Relic","Relic","Relic","Relic","Relic","Relic","Relic","Relic","Relic","Relic","Relic","Relic","Relic","Relic"],"build_version":"2020-12-22","purchased_purges":1,"victory":true,"max_hp_per_floor":[90,90,90,90,90,90,90,90,90,90,90,90,90,90,90,90,90,90,90,90,90,90,90,90,90,90,90,90,90,90,90,90,90,90,90,90,90,90,90,90,90,90,90,90,90,103,103,98,98,98,98,98,98,118,120,120],"card_choices":[{"not_picked":["SmokingPipe","QuickAttack","AlloutWar"],"picked":"GuardingStance","floor":1.0},{"not_picked":["SuppressingShot","SunsetBlade","DirtyBlow","Creak","HighKick"],"picked":"EnergyConversion","floor":2.0},{"not_picked":["BlindFaith","ForcefulGesture","SuppressingShot","HandleRequest","MultiBlock"],"picked":"StrikeDown","floor":3.0},{"not_picked":["FlashOfSunup","UpbeatPerformance","SnakeSlit","Pound","RatsGuideToSurvival"],"picked":"TheWillOfTheCity","floor":5.0},{"not_picked":["GuardingStance","SilentMist","TheWillOfTheCity","Reload","SnakeSlit"],"picked":"UnforgettableMelody","floor":6.0},{"not_picked":["SinglePointStab","FieryWaltz","BiteOff","ViolentFlame","TheArtOfRapidSteps","StrongStrike"],"picked":"SKIP","floor":7.0},{"not_picked":["SerpentSwordTechnique","BlindFaith","ButterflySlash","IronWall","EnergyShield","StrikeDown"],"picked":"SKIP","floor":8.0},{"not_picked":["SuppressingShot","BlindFaith","HiddenBlade","DistortedBlade","AlloutWar"],"picked":"QuickAttack","floor":10.0},{"not_picked":["TendonChords","HandleRequest","BiteOff","DarkCloud","DeepDrag","GuardingStance"],"picked":"SKIP","floor":12.0},{"not_picked":["GuardingStance","SunsetBlade","ShockRound","TraceOfFumes","BlindFaith"],"picked":"GreatSerpentsImpact","floor":14.0},{"not_picked":["BalefulBrand","CrackOfDawn","DaringDecision","MirageStorm"],"picked":"RepressedFlesh","floor":16.0},{"not_picked":["IronWall+1","UpbeatPerformance","HandleRequest","Slice_lor","GuardingStance"],"picked":"ShrineToMusic","floor":18.0},{"not_picked":["StrikeDown+1","EnergyShield","SunsetBlade","StrongStrike","SuppressingShot","Parry2"],"picked":"SKIP","floor":19.0},{"not_picked":["SmokingPipe","IronWall","BalefulBrand","TheWillOfTheCity+1","Gamble","HandleRequest+1"],"picked":"SKIP","floor":22.0},{"not_picked":["DaringDecision","SnakesPrey","FormingStorm","UpbeatPerformance+1","SnakeSlit","HeavyPeaks"],"picked":"SKIP","floor":23.0},{"not_picked":["SinglePointStab","TheWillOfTheCity+1","HiddenBlade","FierceOnslaught","SnakesPrey"],"picked":"GreatSerpentsImpact","floor":24.0},{"not_picked":["StrikeDown+1","SteelKnuckles","EnergyShield","ViolentFlame","ForcefulGesture+1","SinglePointStab+1"],"picked":"SKIP","floor":27.0},{"not_picked":["TieShanKao","SunsetBlade+1","Laceration+1","SwordOfVolition","SuppressingShot","GreatSerpentsImpact"],"picked":"SKIP","floor":28.0},{"not_picked":["ClassAndRespect","ViolentFlame+1","DistortedBlade","MultiBlock","Parry2+1"],"picked":"AutomatedMovement+1","floor":30.0},{"not_picked":["ChargeUp","SnakesPrey","TieShanKao","EnergyShield","MultiBlock","InhaleSmoke"],"picked":"SKIP","floor":31.0},{"not_picked":["SunsetBlade","MultiBlock","UpbeatPerformance","RatsGuideToSurvival+1","IronWall+1"],"picked":"GreatSerpentsImpact","floor":35.0},{"not_picked":["Purity","Violence","MostiFishMod:BrokenBlackCloak","Panacea","Blind"],"picked":"MostiFishMod:PerfectForm","floor":38.0},{"not_picked":["GreatSerpentsImpact+1","MultiBlock+1","FierceOnslaught+1","HighKick+1","ClassAndRespect","TheWillOfTheCity+1"],"picked":"SKIP","floor":39.0},{"not_picked":["HiddenBlade","BiteOff+1","HighKick","ShrineToMusic+1","GutHarvesting","HandleRequest"],"picked":"SKIP","floor":40},{"not_picked":["StrongStrike+1","WaitUp","Pound","DarkCloud","Punishment"],"picked":"ForcefulGesture+1","floor":44},{"not_picked":["SmokingPipe+1","WrathOfTorment+1","MultiBlock","UpbeatPerformance+1","HandleRequest"],"picked":"GreatSerpentsImpact+1","floor":45},{"not_picked":["UpbeatPerformance","DaringDecision+1","MultiHit","SilentMist+1","GreatSerpentsImpact","BlindFaith"],"picked":"Singing Bowl","floor":54},{"not_picked":["ShrineToMusic+1","MultiHit+1","QuickAttack","ChargeUp+1","SharpenedBlade","SinglePointStab"],"picked":"Singing Bowl","floor":54},{"not_picked":["FlamingDragonFist+1","DeepDrag+1","MirageStorm+1","LossOfSenses","BayonetCombat+1","TheWillOfTheCity+1"],"picked":"Singing Bowl","floor":54},{"not_picked":["FaintMemories+1","Reload+1","TieShanKao+1","MultiBlock+1","BlindFaith","FocusFire"],"picked":"Singing Bowl","floor":54},{"not_picked":["Pound+1","ForcefulGesture+1","SummaryJudgment+1","GaleKick+1","FervidEmotions+1","SerpentSwordTechnique+1"],"picked":"Singing Bowl","floor":54},{"not_picked":["Duel_lor","SwordOfVolition+1","DarkCloud","TendonChords+1","TheRedNotes+1","ShockRound+1"],"picked":"Singing Bowl","floor":55}],"player_experience":3886,"relics_obtained":[{"floor":1.0,"key":"SynthV:TestCard"},{"floor":6.0,"key":"PageOfMercenary"},{"floor":8.0,"key":"PageOfMountain"},{"floor":12.0,"key":"PageOfPorccubus"},{"floor":23.0,"key":"PageOfQueenBee"},{"floor":26.0,"key":"PageOfSpiderBud"},{"floor":28.0,"key":"PageOfBloodbath"},{"floor":31.0,"key":"PageOfBigBird"},{"floor":43,"key":"Akabeko"},{"floor":44,"key":"Blood Vial"},{"floor":46,"key":"PageOfAspirationHeart"},{"floor":47,"key":"Singing Bowl"},{"floor":55,"key":"AT_ChloranthyRing"},{"floor":55,"key":"Bottled Tornado"}],"event_choices":[{"damage_healed":0.0,"max_hp_gain":0.0,"max_hp_loss":0.0,"gold_gain":0.0,"event_name":"Liars Game","player_choice":"Ignored","floor":4.0,"gold_loss":0.0,"damage_taken":0.0},{"damage_healed":0.0,"max_hp_gain":0.0,"max_hp_loss":0.0,"gold_gain":0.0,"event_name":"Back to Basics","player_choice":"Simplicity","floor":20.0,"gold_loss":0.0,"damage_taken":0.0,"cards_upgraded":[]},{"damage_healed":0.0,"max_hp_gain":0.0,"max_hp_loss":0.0,"gold_gain":0.0,"event_name":"Accursed Blacksmith","player_choice":"Forge","floor":25.0,"gold_loss":0.0,"damage_taken":0.0,"cards_upgraded":["GreatSerpentsImpact"]},{"cards_removed":["GuardingStance"],"damage_healed":0.0,"max_hp_gain":0.0,"max_hp_loss":0.0,"gold_gain":0.0,"event_name":"Falling","player_choice":"Removed Skill","floor":37.0,"gold_loss":0.0,"damage_taken":0.0},{"damage_healed":0.0,"max_hp_gain":0.0,"max_hp_loss":0.0,"gold_gain":0.0,"event_name":"SensoryStone","player_choice":"Memory 1","floor":38.0,"gold_loss":0.0,"damage_taken":0.0},{"damage_healed":0,"gold_gain":0,"player_choice":"Copied","damage_taken":0,"max_hp_gain":0,"max_hp_loss":0,"event_name":"Duplicator","floor":41,"gold_loss":0,"cards_obtained":["GreatSerpentsImpact"]},{"damage_healed":0,"gold_gain":0,"player_choice":"Fight","damage_taken":0,"max_hp_gain":0,"max_hp_loss":0,"event_name":"Mysterious Sphere","floor":46,"gold_loss":0},{"damage_healed":0,"gold_gain":0,"player_choice":"Max HP","damage_taken":0,"max_hp_gain":0,"max_hp_loss":5,"event_name":"Winding Halls","floor":48,"gold_loss":0}],"is_beta":false,"boss_relics":[{"not_picked":["Busted Crown","BloodWine"],"picked":"SacredBark"},{"not_picked":["FixedStarFall","Coffee Dripper"],"picked":"JellyFishMachine"}],"items_purged_floors":[13],"is_endless":false,"potions_floor_spawned":[2,3,6,8,12,18,19,27,28,30,35,40],"ascension_level":0}}