{"host":"50per11302020","time":1614310295,"event":{"mods":["AchievementEnabler","BaseMod","Colored Map","Minty Spire (QoL Compilation)","Relic Stats","StSLib"],"gold_per_floor":[118,118,118,138,156,156,172,172,196,213,224,224,224,244,244,345,345,362,373,390,405,425,425,441,441,468,468,488,488,169,268,268,371,371,390,390,401,126,143,143,162,162,162,162,182,35,63,73,73,73,73],"floor_reached":50,"language":"ENG","playtime":3454,"items_purged":["Strike_G","Strike_G"],"score":520,"play_id":"9a044c20-6c99-422c-86d5-faeab79cf334","local_time":"20210225193135","is_ascension_mode":true,"campfire_choices":[{"data":"Deadly Poison","floor":6.0,"key":"SMITH"},{"data":"Sucker Punch","floor":8.0,"key":"SMITH"},{"data":"Dagger Spray","floor":15.0,"key":"SMITH"},{"floor":23.0,"key":"REST"},{"floor":25.0,"key":"REST"},{"data":"Corpse Explosion","floor":27.0,"key":"SMITH"},{"data":"Transmutation","floor":32.0,"key":"SMITH"},{"floor":42.0,"key":"REST"},{"floor":44.0,"key":"REST"},{"floor":49.0,"key":"REST"}],"circlet_count":0,"master_deck":["Strike_G+1","Strike_G","Defend_G","Defend_G","Defend_G","Defend_G","Defend_G","Survivor","Neutralize","Deadly Poison+1","Blur","Backflip","Sucker Punch+1","Dagger Spray+1","PiercingWail+1","Malaise","Corpse Explosion+1","Infinite Blades","Blur","Dagger Spray+1","Transmutation+1","Adrenaline","Dagger Spray+1","Noxious Fumes","Venomology","Backflip+1","Parasite","Bouncing Flask+1"],"relics":["Philosopher\u0027s Stone"],"acts_visited":["Exordium","TheCity","TheBeyond"],"potions_floor_usage":[50,50,50],"damage_taken":[{"damage":0.0,"enemies":"2 Louse","floor":1.0,"turns":3.0},{"damage":0.0,"enemies":"Small Slimes","floor":4.0,"turns":3.0},{"damage":0.0,"enemies":"Jaw Worm","floor":5.0,"turns":3.0},{"damage":1.0,"enemies":"Looter","floor":7.0,"turns":3.0},{"damage":4.0,"enemies":"Exordium Wildlife","floor":10.0,"turns":4.0},{"damage":0.0,"enemies":"Gremlin Gang","floor":11.0,"turns":3.0},{"damage":5.0,"enemies":"Lots of Slimes","floor":14.0,"turns":2.0},{"damage":16.0,"enemies":"Slime Boss","floor":16.0,"turns":13.0},{"damage":25.0,"enemies":"3 Byrds","floor":18.0,"turns":3.0},{"damage":16.0,"enemies":"2 Thieves","floor":19.0,"turns":3.0},{"damage":10.0,"enemies":"Snake Plant","floor":20.0,"turns":8.0},{"damage":5.0,"enemies":"Centurion and Healer","floor":21.0,"turns":5.0},{"damage":3.0,"enemies":"Sentry and Sphere","floor":22.0,"turns":9.0},{"damage":16.0,"enemies":"3 Cultists","floor":24.0,"turns":5.0},{"damage":10.0,"enemies":"Centurion and Healer","floor":28.0,"turns":5.0},{"damage":9.0,"enemies":"Automaton","floor":33.0,"turns":9.0},{"damage":7.0,"enemies":"3 Darklings","floor":35.0,"turns":4.0},{"damage":14.0,"enemies":"Orb Walker","floor":37.0,"turns":5.0},{"damage":22.0,"enemies":"4 Shapes","floor":39.0,"turns":6.0},{"damage":4.0,"enemies":"3 Darklings","floor":41.0,"turns":4.0},{"damage":20.0,"enemies":"Maw","floor":45.0,"turns":8.0},{"damage":45.0,"enemies":"Giant Head","floor":47.0,"turns":9.0},{"damage":16.0,"enemies":"Writhing Mass","floor":48.0,"turns":7.0},{"damage":27,"enemies":"Awakened One","floor":50,"turns":9}],"seed_played":"-5884667845289257209","potions_obtained":[{"floor":4.0,"key":"CunningPotion"},{"floor":5.0,"key":"Strength Potion"},{"floor":11.0,"key":"Fire Potion"},{"floor":16.0,"key":"EntropicBrew"},{"floor":22.0,"key":"LiquidMemories"},{"floor":28.0,"key":"SteroidPotion"},{"floor":33.0,"key":"Ancient Potion"},{"floor":35.0,"key":"Swift Potion"},{"floor":47.0,"key":"SpeedPotion"},{"floor":48.0,"key":"Strength Potion"}],"is_trial":false,"path_per_floor":["M","?","$","M","M","R","M","R","T","M","M","?","?","M","R","B",null,"M","M","M","M","M","R","M","R","T","R","M","?","$","?","R","B",null,"M","?","M","$","M","?","M","R","T","R","M","$","E","M","R","B"],"character_chosen":"THE_SILENT","items_purchased":["Transmutation","Poison Potion","Noxious Fumes","Venomology","Regen Potion","DuplicationPotion"],"campfire_rested":5,"item_purchase_floors":[30,30,38,38,46,46],"current_hp_per_floor":[70,75,75,75,75,75,74,74,74,70,70,55,55,50,50,34,75,50,34,24,19,16,38,22,44,44,44,34,59,59,59,59,50,75,68,68,54,54,32,32,28,49,49,70,50,50,20,4,25,0,0],"gold":73,"neow_bonus":"BOSS_RELIC","is_daily":false,"chose_seed":false,"campfire_upgraded":5,"win_rate":0.0,"timestamp":1614310295,"path_taken":["M","?","$","M","M","R","M","R","T","M","M","?","?","M","R","BOSS","M","M","M","M","M","R","M","R","T","R","M","?","$","?","R","BOSS","M","?","M","$","M","?","?","R","T","R","M","$","E","M","R","BOSS"],"items_purchased_type":["Card","Potion","Card","Card","Potion","Potion"],"build_version":"2020-12-18","purchased_purges":2,"victory":false,"max_hp_per_floor":[70,75,75,75,75,75,75,75,75,75,75,75,75,75,75,75,75,75,75,75,75,75,75,75,75,75,75,75,75,75,75,75,75,75,75,71,71,71,71,71,71,71,71,71,71,71,71,71,71,71,71],"relic_stats":{"counters":[24,133],"obtain_stats":[{"Philosopher\u0027s Stone":0,"Ring of the Snake":0},{"Philosopher\u0027s Stone":0,"Ring of the Snake":0},{"Philosopher\u0027s Stone":0,"Ring of the Snake":0}]},"card_choices":[{"not_picked":["Deflect","Riddle With Holes"],"picked":"Deadly Poison","floor":1.0},{"not_picked":["Flying Knee","Underhanded Strike"],"picked":"Blur","floor":4.0},{"not_picked":["Blade Dance","PiercingWail"],"picked":"Backflip","floor":5.0},{"not_picked":["Flying Knee","Poisoned Stab"],"picked":"Sucker Punch","floor":7.0},{"not_picked":["Prepared","Flying Knee"],"picked":"Dagger Spray","floor":10.0},{"not_picked":["Escape Plan","Backstab"],"picked":"PiercingWail","floor":11.0},{"not_picked":["Leg Sweep","Reflex"],"picked":"Malaise","floor":14.0},{"not_picked":["Glass Knife","Doppelganger"],"picked":"Corpse Explosion","floor":16.0},{"not_picked":["Dagger Throw","Riddle With Holes","Bane"],"picked":"SKIP","floor":18.0},{"not_picked":["Choke","Distraction","Underhanded Strike"],"picked":"SKIP","floor":19.0},{"not_picked":["Flying Knee","Sucker Punch"],"picked":"Infinite Blades","floor":20.0},{"not_picked":["Expertise","Acrobatics"],"picked":"Blur","floor":21.0},{"not_picked":["Distraction","Choke"],"picked":"Dagger Spray+1","floor":22.0},{"not_picked":["Dagger Spray","Bane","Leg Sweep"],"picked":"SKIP","floor":24.0},{"not_picked":["Slice","All Out Attack+1","Bane"],"picked":"SKIP","floor":28.0},{"not_picked":["Doppelganger","Phantasmal Killer"],"picked":"Adrenaline","floor":33.0},{"not_picked":["Blade Dance+1","Dodge and Roll+1"],"picked":"Dagger Spray+1","floor":35.0},{"not_picked":["Acrobatics+1","Infinite Blades","Backflip"],"picked":"SKIP","floor":37.0},{"not_picked":["Sucker Punch","Poisoned Stab","Blade Dance+1"],"picked":"SKIP","floor":39.0},{"not_picked":["Outmaneuver","Dagger Spray"],"picked":"Backflip+1","floor":41.0},{"not_picked":["Flying Knee+1","Eviscerate","Quick Slash"],"picked":"SKIP","floor":45.0},{"not_picked":["Underhanded Strike+1","Flechettes","Predator+1"],"picked":"SKIP","floor":47.0},{"not_picked":["Endless Agony+1","Dagger Throw"],"picked":"Bouncing Flask+1","floor":48.0}],"player_experience":461116,"relics_obtained":[],"event_choices":[{"damage_healed":0.0,"max_hp_gain":5.0,"max_hp_loss":0.0,"gold_gain":0.0,"event_name":"Big Fish","player_choice":"Donut","floor":2.0,"gold_loss":0.0,"damage_taken":0.0},{"damage_healed":0.0,"max_hp_gain":0.0,"max_hp_loss":0.0,"gold_gain":0.0,"event_name":"Shining Light","player_choice":"Entered Light","floor":12.0,"gold_loss":0.0,"damage_taken":15.0,"cards_upgraded":["Strike_G","PiercingWail"]},{"damage_healed":0.0,"max_hp_gain":0.0,"max_hp_loss":0.0,"gold_gain":0.0,"event_name":"Dead Adventurer","player_choice":"Searched \u00270\u0027 times","floor":13.0,"gold_loss":0.0,"damage_taken":0.0},{"damage_healed":25.0,"max_hp_gain":0.0,"max_hp_loss":0.0,"gold_gain":0.0,"event_name":"The Library","player_choice":"Heal","floor":29.0,"gold_loss":0.0,"damage_taken":0.0},{"damage_healed":0.0,"max_hp_gain":0.0,"max_hp_loss":0.0,"gold_gain":99.0,"event_name":"Nest","player_choice":"Stole From Cult","floor":31.0,"gold_loss":0.0,"damage_taken":0.0},{"damage_healed":0.0,"max_hp_gain":0.0,"max_hp_loss":4.0,"gold_gain":0.0,"event_name":"Winding Halls","player_choice":"Max HP","floor":36.0,"gold_loss":0.0,"damage_taken":0.0},{"cards_removed":["Strike_G"],"damage_healed":0.0,"max_hp_gain":0.0,"max_hp_loss":0.0,"gold_gain":0.0,"event_name":"Purifier","player_choice":"Purged","floor":40.0,"gold_loss":0.0,"damage_taken":0.0}],"is_beta":true,"boss_relics":[{"not_picked":["Tiny House","Snecko Eye","Runic Pyramid"]},{"not_picked":["Tiny House","Snecko Eye","Runic Pyramid"]}],"items_purged_floors":[30,38],"is_endless":false,"potions_floor_spawned":[4,5,11,16,19,22,28,33,35,47,48],"killed_by":"Awakened One","ascension_level":1}}