{"host":"j4js999tahsli5mc","time":1614312739,"event":{"mods":["AchievementEnabler","Act Like it!","Aspiration","BaseMod","Better Note","Better Silent Start","Energized Spire","GifTheSpireLib","Halation","Hermit","Hubris","Library of Ruina","Library of Ruina Extra","Lobotomy","LobotomyExtend","Marked Mod","Minty Spire (QoL Compilation)","Rare Cards Sparkle","Reliquary","Replay The Spire","Ruina","StSLib","The Blue Laboratory"],"gold_per_floor":[111,111,111,211,226,237,254,265,288,304,304,92,92,92,123,123,123,220,220,231,245,245,245,314,112,124,124,124],"floor_reached":27,"language":"ENG","playtime":1369,"items_purged":["ReplayTheSpireMod:Doomed"],"score":213,"play_id":"586d0ca1-7d24-4f39-bfaf-32077baa2a4c","local_time":"20210225231219","is_ascension_mode":false,"campfire_choices":[{"floor":11.0,"key":"REST"},{"floor":17.0,"key":"REST"}],"circlet_count":0,"master_deck":["Dodge","LightDefense","LightAttack","LightAttack","LightAttack","LightDefense","LightDefense","LightDefense","FocusedStrikes","BeautyBeast","SnakesPrey+1","ShyLook","Unlock1","OldLady","GreedKing","Overpower","BiteOff","LongBird","Unlock1","FlyingSword","CombatPreparation","RatsGuideToSurvival","Crush","ReplayTheSpireMod:Splinters","KeepItFresh","DesperateStruggle","WillBeTasty","NothingThere","Track"],"relics":["PageOfLibrarian","CogitoBucket","LetterFromLob","Blood Vial","reliquary:RoseTintedGlasses","energizedSpire:CursedPentagram"],"acts_visited":["Exordium","ruina:Briah"],"potions_floor_usage":[27],"damage_taken":[{"damage":0.0,"enemies":"Small Slimes","floor":1.0,"turns":3.0},{"damage":4.0,"enemies":"Jaw Worm","floor":5.0,"turns":3.0},{"damage":0.0,"enemies":"2 Louse","floor":6.0,"turns":3.0},{"damage":4.0,"enemies":"Red Slaver","floor":7.0,"turns":3.0},{"damage":4.0,"enemies":"Looter","floor":8.0,"turns":2.0},{"damage":9.0,"enemies":"3 Louse","floor":10.0,"turns":4.0},{"damage":13.0,"enemies":"Gremlin Nob","floor":15.0,"turns":4.0},{"damage":4.0,"enemies":"The Guardian","floor":18.0,"turns":6.0},{"damage":27.0,"enemies":"ruina:Nosferatu","floor":20.0,"turns":4.0},{"damage":0.0,"enemies":"ruina:2_Scarecrows","floor":21.0,"turns":4.0},{"damage":20.0,"enemies":"ruina:KnightOfDespair","floor":26.0,"turns":5.0},{"damage":30,"enemies":"ruina:KingOfGreed","floor":27,"turns":2}],"seed_played":"8197955534565837162","potions_obtained":[{"floor":6.0,"key":"blueLaboratory:BottledHope"},{"floor":7.0,"key":"blueLaboratory:PhilterOfMotion"},{"floor":10.0,"key":"Explosive Potion"},{"floor":15.0,"key":"Strength Potion"},{"floor":24.0,"key":"EssenceOfSteel"},{"floor":26.0,"key":"Weak Potion"}],"is_trial":false,"path_per_floor":["M","?","?","?","M","M","M","M","T","M","R","$","PTL","PTL","E","$","R","B",null,"M","M","?","?","?","$","M","M"],"character_chosen":"Librarian","items_purchased":["Blood Vial","FlyingSword","DesperateStruggle","WillBeTasty"],"campfire_rested":2,"item_purchase_floors":[12,12,25,25],"current_hp_per_floor":[60,60,60,60,56,56,52,48,48,39,62,62,62,62,51,51,74,70,70,43,45,48,64,64,64,50,28,28],"gold":124,"neow_bonus":"","is_daily":false,"chose_seed":false,"campfire_upgraded":0,"win_rate":0.0,"timestamp":1614312739,"path_taken":["M","?","?","?","?","M","M","M","T","M","R","?","PTL","PTL","E","$","R","BOSS","M","?","?","?","?","$","M","M"],"items_purchased_type":["Relic","Card","Card","Card"],"build_version":"2020-12-22","purchased_purges":1,"victory":false,"max_hp_per_floor":[77,77,77,77,77,77,77,77,77,77,77,77,77,77,77,77,77,70,70,70,70,73,73,73,73,73,73,73],"card_choices":[{"not_picked":["MeatLantern","OSAHOGD"],"picked":"BeautyBeast","floor":1.0},{"not_picked":["YoureAHindrance","HiddenBlade","EmotionalTurbulence","RhinoRam","PuppetBlockade","SturdyDefense","GreatSerpentsImpact","SharpNails"],"picked":"SnakesPrey","floor":1.0},{"not_picked":["CherryBlossoms","PunishingBird","Bloodbath"],"picked":"Singing Bowl","floor":5.0},{"not_picked":["HeroicMonk","WallGazer"],"picked":"ShyLook","floor":5.0},{"not_picked":["SmokingPipe","FierceCharge","EnergyShield","CoordinatedAssault","InnerArdor","UpbeatPerformance","SinglePointStab","Faith"],"picked":"Unlock1","floor":5.0},{"not_picked":["BigBird","VoidDream"],"picked":"OldLady","floor":6.0},{"not_picked":["DefenseOrder","HighKick","FleshFillet","CoordinatedAssault","ViolentFlame","GrazeTheGrass","HiddenBlade","BindingArms"],"picked":"Parry2","floor":6.0},{"not_picked":["Murderer","FairyFestival","HeroicMonk"],"picked":"Singing Bowl","floor":7.0},{"not_picked":["UniverseFragment","WallGazer"],"picked":"GreedKing","floor":7.0},{"not_picked":["ButterflySlash","GuidanceOfTheGears","MultiBlock","Tttonst","VioletBlade","WaitUp","FierceCharge","StrongStrike"],"picked":"Overpower","floor":7.0},{"not_picked":["SilentOrchestra","CrumblingArmor","Variant"],"picked":"Singing Bowl","floor":8.0},{"not_picked":["FierceCharge","DefenseOrder","Endure","FlashingStrike","GatherIntel","Parry","ForcefulGesture","SummaryJudgment"],"picked":"BiteOff","floor":8.0},{"not_picked":["FairyFestival","Freischutz"],"picked":"LongBird","floor":10.0},{"not_picked":["Multislash","UpbeatPerformance","AbsorbImpact","FrontalAssault","SpearedSweep","Wallop_lor","StrongStrike","Diversion"],"picked":"Unlock1","floor":10.0},{"not_picked":["EmotionalTurbulence","StrikeDown","Collision","JiaoTu","Parry","BayonetCombat","RushDown","FieryDragonSlash"],"picked":"CombatPreparation","floor":15.0},{"not_picked":["OSAHOGD","SnowQueen","VoidDream"],"picked":"Singing Bowl","floor":18.0},{"not_picked":["FairyFestival","Bloodbath","MHz"],"picked":"Singing Bowl","floor":20.0},{"not_picked":["GuardingStance","EnergyStrike","Endure","ExtremeEdge+1","HiddenBlade+1","EnergyBeam","Track","GuidanceOfTheGears"],"picked":"RatsGuideToSurvival","floor":20.0},{"not_picked":["CherryBlossoms","Alriune","DreamingCurrent"],"picked":"Singing Bowl","floor":21.0},{"not_picked":["DevastatingThrash+1","StructuralAnalysis","NightInTheBackstreets","HighKick+1","Tailoring","CoordinatedAssault","StrongStrike+1","SuppressingShot+1"],"picked":"Crush","floor":21.0},{"not_picked":["HighSpeedStabbing+1","FrontalAssault","Quickness","Marionette","PinpointShot","MindWhip","DriedUp","HighKick"],"picked":"KeepItFresh","floor":24.0},{"not_picked":["Wellcheers","Variant","SpiderBud"],"picked":"Singing Bowl","floor":26.0},{"not_picked":["FieryBird","Scorched"],"picked":"NothingThere","floor":26.0},{"not_picked":["CoordinatedAssault","SpearedSweep+1","RapidGashes","AutomatedMovement+1","FierceCharge","BackAttack+1","ICanCookAnything","Diversion+1"],"picked":"Track","floor":26.0}],"player_experience":500036,"relics_obtained":[{"floor":1.0,"key":"LetterFromLob"},{"floor":15.0,"key":"reliquary:RoseTintedGlasses"}],"event_choices":[{"damage_healed":0.0,"max_hp_gain":0.0,"max_hp_loss":0.0,"gold_gain":0.0,"event_name":"Shining Light","player_choice":"Ignored","floor":2.0,"gold_loss":0.0,"damage_taken":0.0},{"damage_healed":0.0,"max_hp_gain":0.0,"max_hp_loss":0.0,"gold_gain":0.0,"event_name":"Living Wall","player_choice":"Grow","floor":3.0,"gold_loss":0.0,"damage_taken":0.0,"cards_upgraded":["SnakesPrey"]},{"damage_healed":0.0,"max_hp_gain":0.0,"max_hp_loss":0.0,"gold_gain":100.0,"event_name":"Golden Shrine","player_choice":"Pray","floor":4.0,"gold_loss":0.0,"damage_taken":0.0}],"is_beta":false,"boss_relics":[{"not_picked":["hubris:BlackHole","halation:ForbiddenBikini"],"picked":"energizedSpire:CursedPentagram"}],"items_purged_floors":[25],"is_endless":false,"potions_floor_spawned":[6,7,10,15,20,26],"killed_by":"ruina:KingOfGreed","ascension_level":0}}