{"host":"c95txy58ipbu969e","time":1614299902,"event":{"mods":["Act Like it!","BaseMod","Library of Ruina","Library of Ruina Extra","Minty Spire (QoL Compilation)","Permanent Neow","Quick Restart","StSLib"],"gold_per_floor":[115,115,136,136,157,201,201,239,239,279,279,297,315,340,340,471,471,492,269,369,382,143,176,199,215,215,248,271,171,212,235,235,360,360,375,398,118,143,143,176,176,176,202,82,96,134,134,174,174,174,174,174,174,34,67,67],"floor_reached":57,"language":"ZHS","playtime":2127,"items_purged":["LightAttack","LightAttack","FrontalAssault+1","LightDefense","LightDefense"],"score":1604,"play_id":"e2591c5c-94e9-442d-80f6-7ff5164626c9","local_time":"20210226083822","is_ascension_mode":true,"campfire_choices":[{"data":"InkOver","floor":7.0,"key":"SMITH"},{"data":"FrontalAssault","floor":11.0,"key":"SMITH"},{"data":"FrontalAssault","floor":15.0,"key":"SMITH"},{"data":"SomberProcuration","floor":32.0,"key":"SMITH"},{"floor":42.0,"key":"RECALL"},{"floor":49,"key":"DIG"},{"floor":53,"key":"DIG"}],"circlet_count":0,"master_deck":["Dodge","LightAttack+1","LightDefense","LightDefense","ChargeAndCover+1","FocusedStrikes+1","PreparedMind+1","FrontalAssault+1","SharpenedBlade","InkOver+1","Deflect_lor+1","EmotionalTurbulence+1","ScratchThat+1","BoundaryOfDeath+1","FlowOfTheSword+1","SomberProcuration+1","GaleKick+1","ViolentFlame","Decapitation+1","ForcefulGesture+1","Multislash+1","LoosenUp+1"],"relics":["PageOfLibrarian","Golden Idol","Regal Pillow","Shovel","Molten Egg 2","PageOfSpiderBud","Coffee Dripper","Vajra","PreservedInsect","PageOfScorchedGirl","The Courier","PageOfFairyFestival","Snecko Eye","PageOfGalaxyChild","Whetstone","War Paint","Dead Branch","Orichalcum","StrikeDummy","Lantern"],"acts_visited":["Exordium","TheCity","TheBeyond","TheEnding"],"potions_floor_usage":[],"damage_taken":[{"damage":1.0,"enemies":"Jaw Worm","floor":1.0,"turns":4.0},{"damage":0.0,"enemies":"Small Slimes","floor":3.0,"turns":3.0},{"damage":0.0,"enemies":"Cultist","floor":5.0,"turns":2.0},{"damage":1.0,"enemies":"3 Sentries","floor":6.0,"turns":8.0},{"damage":0.0,"enemies":"Lagavulin","floor":8.0,"turns":3.0},{"damage":7.0,"enemies":"3 Sentries","floor":10.0,"turns":4.0},{"damage":0.0,"enemies":"Looter","floor":12.0,"turns":1.0},{"damage":0.0,"enemies":"Exordium Thugs","floor":13.0,"turns":3.0},{"damage":0.0,"enemies":"Blue Slaver","floor":14.0,"turns":1.0},{"damage":48.0,"enemies":"Hexaghost","floor":16.0,"turns":5.0},{"damage":6.0,"enemies":"2 Thieves","floor":18.0,"turns":2.0},{"damage":2.0,"enemies":"Chosen","floor":21.0,"turns":2.0},{"damage":18.0,"enemies":"Book of Stabbing","floor":23.0,"turns":3.0},{"damage":4.0,"enemies":"3 Cultists","floor":24.0,"turns":4.0},{"damage":15.0,"enemies":"Centurion and Healer","floor":25.0,"turns":5.0},{"damage":2.0,"enemies":"Slavers","floor":27.0,"turns":3.0},{"damage":0.0,"enemies":"Snecko","floor":28.0,"turns":2.0},{"damage":0.0,"enemies":"Gremlin Leader","floor":30.0,"turns":2.0},{"damage":12.0,"enemies":"Chosen and Byrds","floor":31.0,"turns":3.0},{"damage":13.0,"enemies":"Champ","floor":33.0,"turns":5.0},{"damage":0.0,"enemies":"3 Darklings","floor":35.0,"turns":1.0},{"damage":4.0,"enemies":"3 Shapes","floor":36.0,"turns":1.0},{"damage":11.0,"enemies":"Transient","floor":38.0,"turns":5.0},{"damage":10.0,"enemies":"Reptomancer","floor":40.0,"turns":2.0},{"damage":3.0,"enemies":"Writhing Mass","floor":45.0,"turns":2.0},{"damage":10.0,"enemies":"Giant Head","floor":46.0,"turns":2.0},{"damage":9,"enemies":"Reptomancer","floor":48,"turns":2},{"damage":32,"enemies":"Time Eater","floor":50,"turns":3},{"damage":15,"enemies":"Time Eater","floor":51,"turns":4},{"damage":13,"enemies":"Shield and Spear","floor":55,"turns":3},{"damage":79,"enemies":"The Heart","floor":56,"turns":4}],"seed_played":"4766955177760458055","potions_obtained":[{"floor":1.0,"key":"Regen Potion"},{"floor":8.0,"key":"PowerPotion"},{"floor":13.0,"key":"DistilledChaos"},{"floor":27.0,"key":"Block Potion"}],"is_trial":false,"path_per_floor":["M","?","M","?","M","E","R","E","T","E","R","M","M","M","R","B",null,"M","$","?","M","$","E","M","M","T","E","M","$","E","M","R","B",null,"M","M","$","M","?","E","?","R","T","$","M","E","?","E","R","B",null,null,"R","$","E","B",null],"character_chosen":"Librarian","items_purchased":["Vajra","BoundaryOfDeath+1","PageOfGalaxyChild","Multislash+1"],"campfire_rested":0,"item_purchase_floors":[19,22,37,37],"current_hp_per_floor":[59,59,59,82,82,81,81,81,81,74,74,77,83,84,84,39,84,81,81,81,82,82,67,72,63,63,70,73,73,82,83,83,84,84,84,84,84,84,84,76,76,76,76,76,84,80,80,75,75,71,84,84,74,74,67,21],"gold":67,"neow_bonus":"THREE_CARDS","is_daily":false,"chose_seed":false,"campfire_upgraded":4,"win_rate":0.0,"timestamp":1614299902,"path_taken":["M","?","M","?","M","E","R","E","T","E","R","M","?","M","R","BOSS","M","$","?","M","?","E","M","M","T","E","M","$","E","M","R","BOSS","M","M","$","M","?","E","?","R","T","$","?","E","?","E","R","BOSS","R","$","E","BOSS"],"items_purchased_type":["Relic","Card","Relic","Card"],"build_version":"2020-12-22","purchased_purges":5,"victory":true,"max_hp_per_floor":[89,82,82,82,82,82,82,82,82,84,84,84,84,84,84,84,84,84,84,84,84,84,84,84,84,84,84,84,84,84,84,84,84,84,84,84,84,84,84,84,84,84,84,84,84,84,84,84,84,84,84,84,74,74,67,67],"card_choices":[{"not_picked":["HighKick","DesperateStruggle"],"picked":"PreparedMind","floor":0.0},{"not_picked":["Thrust","PreemptiveStrike","FleetFootsteps"],"picked":"FrontalAssault","floor":1.0},{"not_picked":["FleetEdge","FleetFootsteps","TasteMyFlamingBat"],"picked":"SharpenedBlade","floor":3.0},{"not_picked":["HighSpeedStabbing","Thrust","FleetFootsteps","Marionette"],"picked":"SKIP","floor":5.0},{"not_picked":["Riposte","FleetFootsteps","FleetEdge"],"picked":"InkOver","floor":6.0},{"not_picked":["Multislash","SilentMist","HighKick"],"picked":"Deflect_lor","floor":8.0},{"not_picked":["ShockingBlow+1","GatherIntel","Gigigig+1","HighSpeedStabbing+1"],"picked":"SKIP","floor":12.0},{"not_picked":["SnakesPrey","FleetFootsteps","FlowOfTheSword+1"],"picked":"EmotionalTurbulence+1","floor":13.0},{"not_picked":["ViolentFlame","PreemptiveStrike+1","NightInTheBackstreets+1"],"picked":"FrontalAssault","floor":14.0},{"not_picked":["SilentNight+1","Tttonst"],"picked":"ScratchThat+1","floor":16.0},{"not_picked":["Wallop_lor+1","SpearedSweep+1","Multislash+1","HighSpeedStabbing+1"],"picked":"SKIP","floor":18.0},{"not_picked":["Creak","Wallop_lor+1","HighSpeedStabbing+1","NightInTheBackstreets+1"],"picked":"SKIP","floor":21.0},{"not_picked":["SetFire+1","PreemptiveStrike+1","Multislash+1","HighSpeedStabbing+1"],"picked":"SKIP","floor":23.0},{"not_picked":["PreemptiveStrike+1","Collision+1","ExtremeEdge+1"],"picked":"FlowOfTheSword+1","floor":24.0},{"not_picked":["Marionette","HighKick+1","Thrust+1","RushDown+1"],"picked":"SKIP","floor":25.0},{"not_picked":["ExtremeEdge+1","SpearedSweep+1","MindPrepared+1"],"picked":"SomberProcuration","floor":27.0},{"not_picked":["ScatteringSlash+1","Parry+1","ExtractFuel"],"picked":"GaleKick+1","floor":28.0},{"not_picked":["SparkingSpear+1","FrontalAssault+1","Parry2+1"],"picked":"ViolentFlame","floor":30.0},{"not_picked":["ShockingBlow+1","HighKick+1","Parry2","EndlessBattle+1"],"picked":"SKIP","floor":31.0},{"not_picked":["BoundaryOfDeath+1","TieShanKao+1"],"picked":"Decapitation+1","floor":33.0},{"not_picked":["HighKick+1","SnakesPrey","Wallop_lor+1"],"picked":"ForcefulGesture+1","floor":35.0},{"not_picked":["ShockingBlow+1","SpearedSweep+1","EndlessBattle+1","ForTheFamily"],"picked":"SKIP","floor":36.0},{"not_picked":["PreemptiveStrike+1","Quickness","ViolentFlame","PuppetBlockade+1"],"picked":"SKIP","floor":38.0},{"not_picked":["PreparedMind+1","LawAndOrder+1","EndlessBattle+1","Castigation+1"],"picked":"SKIP","floor":40.0},{"not_picked":["PreemptiveStrike+1","GaleKick+1","DarkCloud","NightInTheBackstreets+1"],"picked":"SKIP","floor":45.0},{"not_picked":["FlashingStrike+1","Castigation+1","Collision+1","Marionette"],"picked":"SKIP","floor":46.0},{"not_picked":["PreemptiveStrike+1","DarkCloud","FleetEdge+1","Retaliate+1"],"picked":"SKIP","floor":48},{"not_picked":["HandlingWork+1","FrontalAssault","FleetFootsteps"],"picked":"LoosenUp+1","floor":55}],"player_experience":292902,"relics_obtained":[{"floor":6.0,"key":"Regal Pillow"},{"floor":8.0,"key":"Shovel"},{"floor":9.0,"key":"Molten Egg 2"},{"floor":10.0,"key":"PageOfSpiderBud"},{"floor":23.0,"key":"PreservedInsect"},{"floor":26.0,"key":"PageOfScorchedGirl"},{"floor":27.0,"key":"The Courier"},{"floor":30.0,"key":"PageOfFairyFestival"},{"floor":40.0,"key":"Whetstone"},{"floor":46.0,"key":"War Paint"},{"floor":48,"key":"Dead Branch"},{"floor":49,"key":"Orichalcum"},{"floor":53,"key":"StrikeDummy"},{"floor":55,"key":"Lantern"}],"event_choices":[{"damage_healed":0.0,"max_hp_gain":0.0,"max_hp_loss":7.0,"gold_gain":0.0,"event_name":"Golden Idol","player_choice":"Lose Max HP","floor":2.0,"gold_loss":0.0,"damage_taken":0.0,"relics_obtained":["Golden Idol"]},{"damage_healed":23.0,"max_hp_gain":0.0,"max_hp_loss":0.0,"gold_gain":0.0,"event_name":"Wheel of Change","player_choice":"Full Heal","floor":4.0,"gold_loss":0.0,"damage_taken":0.0},{"damage_healed":0.0,"max_hp_gain":0.0,"max_hp_loss":0.0,"gold_gain":100.0,"event_name":"Golden Shrine","player_choice":"Pray","floor":20.0,"gold_loss":0.0,"damage_taken":0.0},{"damage_healed":0.0,"max_hp_gain":0.0,"max_hp_loss":0.0,"gold_gain":0.0,"event_name":"Tomb of Lord Red Mask","player_choice":"Ignored","floor":39.0,"gold_loss":0.0,"damage_taken":0.0},{"damage_healed":0.0,"max_hp_gain":0.0,"max_hp_loss":0.0,"gold_gain":0.0,"event_name":"Accursed Blacksmith","player_choice":"Forge","floor":41.0,"gold_loss":0.0,"damage_taken":0.0,"cards_upgraded":["FocusedStrikes"]},{"damage_healed":0,"gold_gain":0,"player_choice":"Memory 1","damage_taken":0,"max_hp_gain":0,"max_hp_loss":0,"event_name":"SensoryStone","floor":47,"gold_loss":0}],"is_beta":false,"boss_relics":[{"not_picked":["Cursed Key","SacredBark"],"picked":"Coffee Dripper"},{"not_picked":["Calling Bell","Runic Dome"],"picked":"Snecko Eye"}],"items_purged_floors":[19,22,29,44,54],"is_endless":false,"potions_floor_spawned":[1,8,13,14,16,18,27,28,31,33,40,46,48,55],"ascension_level":2}}