{"host":"e0rtortnmozl44qq","time":1614370097,"event":{"mods":["AchievementEnabler","Act Like it!","BaseMod","Better Third Choice","Colored Map","Highlight Path","Minty Spire (QoL Compilation)","Permanent Neow","Quick Restart","StSLib","SuperFastMode"],"gold_per_floor":[13,13,13,32,46,46,60,60,84,109,140,140,215,240,240,363,363,376,392,407,181,206,206,206,206,255,62,85,125,143,167,167,290,290,290,9,48,48,48],"floor_reached":38,"language":"ENG","playtime":1451,"items_purged":["Heavy Blade+1","Strike_R","Defend_R"],"score":446,"play_id":"ed75ee9f-3c59-400a-8991-0002ebf015df","local_time":"20210226210817","is_ascension_mode":false,"campfire_choices":[{"data":"Metallicize","floor":6.0,"key":"SMITH"},{"data":"Disarm","floor":8,"key":"SMITH"},{"data":"Shockwave","floor":15,"key":"SMITH"},{"data":"Body Slam","floor":23,"key":"SMITH"},{"data":"Juggernaut","floor":25,"key":"SMITH"},{"data":"Rampage","floor":32,"key":"SMITH"},{"data":"Offering","floor":35,"key":"SMITH"}],"circlet_count":0,"master_deck":["Bash","Metallicize+1","Battle Trance","Sentinel","Disarm+1","Shockwave+1","Impervious","Sever Soul+1","Feed+1","Flame Barrier+1","Body Slam+1","Juggernaut+1","Rampage+1","Offering+1"],"relics":["Burning Blood","Golden Idol","Nunchaku","Lantern","Astrolabe","Pen Nib","Membership Card","Mango","Philosopher\u0027s Stone","Ornamental Fan","Bronze Scales"],"acts_visited":["Exordium","TheCity","TheBeyond","TheEnding"],"potions_floor_usage":[10,11,16,16,20,20,29,37,38,38],"damage_taken":[{"damage":1.0,"enemies":"Cultist","floor":1.0,"turns":4.0},{"damage":0.0,"enemies":"2 Louse","floor":4.0,"turns":4.0},{"damage":0.0,"enemies":"Small Slimes","floor":5.0,"turns":7.0},{"damage":8,"enemies":"Looter","floor":7,"turns":4},{"damage":3,"enemies":"3 Louse","floor":10,"turns":6},{"damage":21,"enemies":"Lagavulin","floor":11,"turns":8},{"damage":4,"enemies":"Exordium Wildlife","floor":14,"turns":6},{"damage":39,"enemies":"The Guardian","floor":16,"turns":18},{"damage":13,"enemies":"Spheric Guardian","floor":18,"turns":5},{"damage":3,"enemies":"Chosen","floor":19,"turns":6},{"damage":2,"enemies":"Centurion and Healer","floor":20,"turns":4},{"damage":11,"enemies":"Snake Plant","floor":22,"turns":4},{"damage":0,"enemies":"Cultist and Chosen","floor":28,"turns":8},{"damage":15,"enemies":"Book of Stabbing","floor":29,"turns":5},{"damage":17,"enemies":"3 Cultists","floor":30,"turns":5},{"damage":47,"enemies":"Sentry and Sphere","floor":31,"turns":6},{"damage":20,"enemies":"Champ","floor":33,"turns":8},{"damage":54,"enemies":"Shield and Spear","floor":37,"turns":5},{"damage":99,"enemies":"The Heart","floor":38,"turns":6}],"seed_played":"4373121561521078151","potions_obtained":[{"floor":1.0,"key":"ElixirPotion"},{"floor":4.0,"key":"Weak Potion"},{"floor":11,"key":"LiquidMemories"},{"floor":16,"key":"Fruit Juice"},{"floor":18,"key":"Energy Potion"},{"floor":19,"key":"AttackPotion"},{"floor":28,"key":"Strength Potion"},{"floor":31,"key":"BloodPotion"}],"is_trial":false,"path_per_floor":["M","?","?","M","M","R","M","R","T","M","E","?","?","M","R","B",null,"M","M","M","$","M","R","?","R","T","$","M","E","M","M","R","B",null,"R","$","E","B"],"character_chosen":"IRONCLAD","items_purchased":["Juggernaut","Membership Card","Ornamental Fan","HeartOfIron","CultistPotion"],"campfire_rested":0,"item_purchase_floors":[21,27,36,36,36],"current_hp_per_floor":[80,60,60,66,72,72,70,70,70,73,58,51,40,42,42,14,85,82,89,97,97,92,92,92,92,92,92,101,106,99,62,62,48,123,123,123,99,0,0],"gold":48,"neow_bonus":"TRANSFORM_TWO_CARDS","is_daily":false,"chose_seed":false,"campfire_upgraded":7,"win_rate":0.0,"timestamp":1614370097,"path_taken":["M","?","?","M","M","R","M","R","T","M","E","?","?","M","R","BOSS","M","M","M","$","M","R","?","R","T","$","M","E","M","M","R","BOSS","R","$","E","BOSS"],"items_purchased_type":["Card","Relic","Relic","Potion","Potion"],"build_version":"2020-12-22","purchased_purges":3,"victory":false,"max_hp_per_floor":[80,80,80,80,80,80,80,80,80,80,80,80,80,80,80,85,85,89,93,97,97,97,97,97,97,97,97,101,115,119,123,123,123,123,123,123,123,123,123],"card_choices":[{"not_picked":["Evolve","Havoc","Intimidate"],"picked":"SKIP","floor":1.0},{"not_picked":["Pommel Strike","Twin Strike"],"picked":"Disarm","floor":4.0},{"not_picked":["Evolve","Headbutt","Anger"],"picked":"SKIP","floor":5.0},{"not_picked":["Clash","Feel No Pain","Anger"],"picked":"SKIP","floor":7},{"not_picked":["Twin Strike","Bludgeon"],"picked":"Shockwave","floor":10},{"not_picked":["Anger","True Grit","Searing Blow"],"picked":"SKIP","floor":11},{"not_picked":["Ghostly Armor","Perfected Strike","Anger"],"picked":"SKIP","floor":14},{"not_picked":["Limit Break","Fiend Fire"],"picked":"Impervious","floor":16},{"not_picked":["Headbutt","Cleave"],"picked":"Flame Barrier+1","floor":18},{"not_picked":["Sentinel","Warcry"],"picked":"Body Slam","floor":19},{"not_picked":["Perfected Strike","Havoc","Pommel Strike+1"],"picked":"SKIP","floor":20},{"not_picked":["Whirlwind","Shockwave","Uppercut"],"picked":"SKIP","floor":22},{"not_picked":["Dual Wield","Sentinel"],"picked":"Rampage","floor":28},{"not_picked":["Perfected Strike","Clash","Pommel Strike"],"picked":"SKIP","floor":29},{"not_picked":["Anger","Rage","Spot Weakness"],"picked":"SKIP","floor":30},{"not_picked":["Clash","Thunderclap+1","Pommel Strike"],"picked":"SKIP","floor":31},{"not_picked":["Reaper","Feed"],"picked":"Offering","floor":33},{"not_picked":["Spot Weakness","Sever Soul+1","Infernal Blade+1"],"picked":"SKIP","floor":37}],"player_experience":24199,"relics_obtained":[{"floor":9,"key":"Nunchaku"},{"floor":11,"key":"Lantern"},{"floor":26,"key":"Pen Nib"},{"floor":29,"key":"Mango"},{"floor":37,"key":"Bronze Scales"}],"event_choices":[{"damage_healed":0.0,"max_hp_gain":0.0,"max_hp_loss":0.0,"gold_gain":0.0,"event_name":"Golden Idol","player_choice":"Take Damage","floor":2.0,"gold_loss":0.0,"damage_taken":20.0,"relics_obtained":["Golden Idol"]},{"damage_healed":0.0,"max_hp_gain":0.0,"max_hp_loss":0.0,"gold_gain":0.0,"cards_transformed":["Strike_R"],"event_name":"Living Wall","player_choice":"Change","floor":3.0,"gold_loss":0.0,"damage_taken":0.0,"cards_obtained":["Sentinel"]},{"cards_removed":["Defend_R"],"damage_healed":0,"gold_gain":0,"player_choice":"Card Removal","damage_taken":7,"max_hp_gain":0,"max_hp_loss":0,"event_name":"Golden Wing","floor":12,"gold_loss":0},{"damage_healed":0,"gold_gain":75,"player_choice":"Gold","damage_taken":11,"max_hp_gain":0,"max_hp_loss":0,"event_name":"betterThird:BetterGoop","floor":13,"gold_loss":0},{"damage_healed":0,"gold_gain":0,"player_choice":"Ignored","damage_taken":0,"max_hp_gain":0,"max_hp_loss":0,"event_name":"Ghosts","floor":24,"gold_loss":0}],"is_beta":false,"boss_relics":[{"not_picked":["Busted Crown","Runic Pyramid"],"picked":"Astrolabe"},{"not_picked":["Snecko Eye","Fusion Hammer"],"picked":"Philosopher\u0027s Stone"}],"items_purged_floors":[21,27,36],"is_endless":false,"potions_floor_spawned":[1,4,11,16,18,19,28,31],"killed_by":"The Heart","ascension_level":0}}