{"host":"mi0eibewekhugwl1","time":1614322843,"event":{"mods":["AchievementEnabler","BaseMod","Colored Map","Colored Powertips","DeckTracker","Keyboard Shortcuts","Minty Spire (QoL Compilation)","Quick Restart","Rare Cards Sparkle","Relic Stats","StSLib","SuperFastMode","everything is the same but u backflip on backflip"],"gold_per_floor":[115,130,130,205,218,218,229,247,319,332,332,346,375,375,375,375,375],"floor_reached":16,"language":"KOR","playtime":323,"items_purged":[],"score":188,"play_id":"79d18da0-627a-45af-a3f3-e6c50a3f111c","local_time":"20210226160043","is_ascension_mode":true,"campfire_choices":[{"data":"Eruption","floor":6,"key":"SMITH"},{"data":"Study","floor":11,"key":"SMITH"},{"data":"MentalFortress","floor":15,"key":"SMITH"}],"circlet_count":0,"master_deck":["AscendersBane","Strike_P","Strike_P","Strike_P","Strike_P","Defend_P","Defend_P","Defend_P","Defend_P","Eruption+1","Vigilance","MentalFortress+1","FollowUp","EmptyBody","Study+1","Meditate","Perseverance"],"relics":["PureWater","Thread and Needle","Letter Opener","Odd Mushroom"],"acts_visited":["Exordium"],"potions_floor_usage":[0,10,13],"damage_taken":[{"damage":0,"enemies":"Small Slimes","floor":1,"turns":3},{"damage":7,"enemies":"2 Louse","floor":2,"turns":4},{"damage":0,"enemies":"Jaw Worm","floor":5,"turns":3},{"damage":0,"enemies":"Large Slime","floor":7,"turns":5},{"damage":7,"enemies":"Looter","floor":8,"turns":3},{"damage":0,"enemies":"Blue Slaver","floor":10,"turns":3},{"damage":7,"enemies":"Exordium Wildlife","floor":12,"turns":5},{"damage":5,"enemies":"The Mushroom Lair","floor":13,"turns":4},{"damage":30,"enemies":"Hexaghost","floor":16,"turns":11}],"seed_played":"-1373939410252040259","potions_obtained":[{"floor":0,"key":"Fruit Juice"},{"floor":0,"key":"Energy Potion"},{"floor":0,"key":"DistilledChaos"},{"floor":12,"key":"SkillPotion"}],"is_trial":false,"path_per_floor":["M","M","?","?","M","R","M","M","T","M","R","M","?","?","R","B"],"character_chosen":"WATCHER","items_purchased":[],"campfire_rested":0,"item_purchase_floors":[],"current_hp_per_floor":[66,59,48,37,37,37,37,30,30,30,30,23,18,18,18,0,0],"gold":375,"neow_bonus":"THREE_SMALL_POTIONS","is_daily":false,"chose_seed":false,"campfire_upgraded":3,"win_rate":0.0,"timestamp":1614322843,"path_taken":["M","M","?","?","M","R","?","M","T","M","R","M","?","?","R","BOSS"],"items_purchased_type":[],"build_version":"2020-12-22","purchased_purges":0,"victory":false,"max_hp_per_floor":[73,73,73,73,73,73,73,73,73,73,73,73,73,73,73,73,73],"relic_stats":{"counters":[9,41],"Letter Opener":[50],"obtain_stats":[{"Thread and Needle":3,"Letter Opener":9,"PureWater":0,"Odd Mushroom":13},{"Thread and Needle":2,"Letter Opener":5,"PureWater":0,"Odd Mushroom":8},{"Thread and Needle":7,"Letter Opener":18,"PureWater":0,"Odd Mushroom":30}]},"card_choices":[{"not_picked":["BattleHymn","WheelKick"],"picked":"MentalFortress","floor":1},{"not_picked":["BowlingBash","Consecrate"],"picked":"FollowUp","floor":2},{"not_picked":["SashWhip","Worship"],"picked":"EmptyBody","floor":5},{"not_picked":["Devotion","Collect"],"picked":"Study","floor":7},{"not_picked":["FollowUp","ReachHeaven"],"picked":"Meditate","floor":8},{"not_picked":["CutThroughFate","ForeignInfluence","Sanctity"],"picked":"SKIP","floor":10},{"not_picked":["Meditate","Sanctity","Crescendo"],"picked":"SKIP","floor":12},{"not_picked":["CutThroughFate","FlurryOfBlows"],"picked":"Perseverance","floor":13}],"player_experience":1830711,"relics_obtained":[{"floor":9,"key":"Letter Opener"},{"floor":13,"key":"Odd Mushroom"}],"event_choices":[{"damage_healed":0,"gold_gain":0,"player_choice":"Success","damage_taken":11,"relics_obtained":["Thread and Needle"],"max_hp_gain":0,"max_hp_loss":0,"event_name":"Scrap Ooze","floor":3,"gold_loss":0},{"damage_healed":0,"gold_gain":75,"player_choice":"Gather Gold","damage_taken":11,"max_hp_gain":0,"max_hp_loss":0,"event_name":"World of Goop","floor":4,"gold_loss":0},{"damage_healed":0,"gold_gain":0,"player_choice":"Fought Mushrooms","damage_taken":0,"max_hp_gain":0,"max_hp_loss":0,"event_name":"Mushrooms","floor":13,"gold_loss":0},{"damage_healed":0,"gold_gain":0,"player_choice":"Ignored","damage_taken":0,"max_hp_gain":0,"max_hp_loss":0,"event_name":"Liars Game","floor":14,"gold_loss":0}],"is_beta":false,"boss_relics":[],"items_purged_floors":[],"is_endless":false,"potions_floor_spawned":[2,5,7,12],"killed_by":"Hexaghost","ascension_level":20}}