{"host":"drl4gs3853zme1q6","time":1614362828,"event":{"mods":["AchievementEnabler","BaseMod","Colored Map","Colored Powertips","Hermit","Hubris","Infinite Spire","Minty Spire (QoL Compilation)","Replay The Spire","StSLib","The Cursed","The Hierophant"],"gold_per_floor":[115,115,135,145,156,156,167,167,167,187,187,215,215,233,233,328,328,340,340,360,360,376,376,406,426,452,452,482,493,493,504,504,601,601,619,633,633,648,648,648,681,701,701,801,824,845,879,906,906,1011,1011,1020,1023,1023,1023,1098,1124,1124,1124,1124,1139,1139,1144,1019,1030,1030,1087,1087,1108,1109,661,621,631,653,653,653,704,704,708,709,709,725,725,789,789,792,792,821,785,785],"floor_reached":89,"language":"ENG","playtime":4826,"items_purged":[],"score":1717,"play_id":"11d49f76-328e-4dbc-a7af-3aff9c2b31e9","local_time":"20210226120708","daily_mods":["Heirloom","Time Dilation"],"is_ascension_mode":false,"campfire_choices":[{"data":"hermit:Determination","floor":6,"key":"SMITH"},{"data":"hermit:HighCaliber","floor":8,"key":"SMITH"},{"data":"hermit:GoldenBullet","floor":11,"key":"SMITH"},{"floor":13,"key":"REST"},{"floor":15,"key":"REST"},{"floor":23,"key":"REST"},{"floor":30,"key":"REST"},{"floor":32,"key":"REST"},{"floor":40,"key":"REST"},{"data":"hermit:Dive","floor":49,"key":"SMITH"},{"data":"ReplayTheSpireMod:Chaos Vortex","floor":58,"key":"SMITH"},{"data":"hermit:CursedWeapon","floor":62,"key":"SMITH"},{"data":"hermit:HeroicBravado","floor":66,"key":"SMITH"},{"floor":78,"key":"REST"},{"data":"hermit:ItchyTrigger","floor":81,"key":"SMITH"},{"floor":83,"key":"REST"}],"circlet_count":0,"master_deck":["hermit:Strike_Hermit","hermit:Strike_Hermit+1","hermit:Strike_Hermit+1","hermit:Strike_Hermit","hermit:Defend_Hermit+1","hermit:Defend_Hermit","hermit:Defend_Hermit+1","hermit:Defend_Hermit+1","hermit:Snapshot+1","hermit:Covet+1","hermit:Snipe+1","hermit:HighCaliber+1","hermit:Determination+1","hermit:BodyArmor","hermit:GoldenBullet+1","hermit:WideOpen+1","hermit:ItchyTrigger+1","hermit:RoundhouseKick","hermit:Manifest+1","hubris:InfiniteBlow+12","ReplayTheSpireMod:Chaos Vortex+1","hermit:WideOpen+1","hermit:GhostlyPresence+1","hermit:Showdown+1","hermit:Dive+1","hermit:HighCaliber+1","hermit:Quickdraw+1","hermit:Scavenge+1","hubris:Insight","hermit:Enervate+1","hermit:HoleUp+1","hermit:HeroicBravado+1","hermit:CursedWeapon+1","hermit:FromBeyond+1","infinitespire:Punishment+1","hermit:TakeAim+1","hermit:FlashPowder+1","hermit:Desperado+1","hermit:Dive+1"],"relics":["hermit:ClaspedLocket","Du-Vu Doll","Bronze Scales","Black Star","Whetstone","hubris:Backtick","Burning Blood","infinitespire:Beetle Shell","Smiling Mask","Gremlin Food","TungstenRod","SlaversCollar","MealTicket","infinitespire:PuzzleCube","Torii","Replay:Ringing Soul","Replay:Wanted Poster","Blue Doll","Replay:Accelerometer","Empty Cage","Mango","Centennial Puzzle","infinitespire:Lucky Rock","Molten Egg 2","HornCleat","Replay:Wax Seal","Sling","Juzu Bracelet","War Paint","Meat on the Bone","Sundial","NlothsMask","Onion Ring","Regal Pillow","SacredBark","hubris:Towel","FossilizedHelix"],"acts_visited":["Exordium","TheCity","TheBeyond","Exordium","TheCity","TheBeyond"],"potions_floor_usage":[14,31,33,41,47,50,50,50,63,67,67,74,82,88,89],"damage_taken":[{"damage":1,"enemies":"Jaw Worm","floor":1,"turns":3},{"damage":1,"enemies":"Cultist","floor":3,"turns":3},{"damage":7,"enemies":"Small Slimes","floor":4,"turns":3},{"damage":5,"enemies":"Exordium Thugs","floor":5,"turns":4},{"damage":6,"enemies":"3 Louse","floor":7,"turns":3},{"damage":9,"enemies":"Blue Slaver","floor":10,"turns":3},{"damage":26,"enemies":"3 Sentries","floor":12,"turns":7},{"damage":4,"enemies":"Lots of Slimes","floor":14,"turns":4},{"damage":62,"enemies":"Fading Forest","floor":16,"turns":11},{"damage":26,"enemies":"2 Thieves","floor":18,"turns":4},{"damage":19,"enemies":"Shell Parasite","floor":20,"turns":3},{"damage":0,"enemies":"Shelled Parasite and Fungi","floor":22,"turns":3},{"damage":16,"enemies":"Replay:Snechameleon","floor":24,"turns":3},{"damage":11,"enemies":"Centurion and Healer","floor":25,"turns":5},{"damage":18,"enemies":"Nightmare","floor":28,"turns":6},{"damage":6,"enemies":"3 Cultists","floor":29,"turns":5},{"damage":11,"enemies":"Chosen and Byrds","floor":31,"turns":6},{"damage":41,"enemies":"hubris:MusketHawk","floor":33,"turns":5},{"damage":0,"enemies":"Orb Walker","floor":35,"turns":3},{"damage":0,"enemies":"3 Shapes","floor":36,"turns":3},{"damage":20,"enemies":"Maw","floor":38,"turns":6},{"damage":14,"enemies":"Giant Head","floor":41,"turns":7},{"damage":19,"enemies":"Sphere and 2 Shapes","floor":42,"turns":5},{"damage":0,"enemies":"Transient","floor":45,"turns":5},{"damage":7,"enemies":"4 Shapes","floor":46,"turns":5},{"damage":0,"enemies":"Nemesis","floor":47,"turns":3},{"damage":0,"enemies":"Maw","floor":48,"turns":5},{"damage":44,"enemies":"infinitespire:MassOfShapes","floor":50,"turns":8},{"damage":0,"enemies":"Cultist","floor":52,"turns":1},{"damage":1,"enemies":"Small Slimes","floor":53,"turns":2},{"damage":0,"enemies":"Lagavulin","floor":57,"turns":1},{"damage":0,"enemies":"Jaw Worm","floor":61,"turns":2},{"damage":1,"enemies":"3 Louse","floor":63,"turns":3},{"damage":0,"enemies":"2 Fungi Beasts","floor":65,"turns":3},{"damage":1,"enemies":"Fading Forest","floor":67,"turns":11},{"damage":0,"enemies":"Shell Parasite","floor":69,"turns":2},{"damage":0,"enemies":"3 Byrds","floor":70,"turns":4},{"damage":0,"enemies":"Cultist and Chosen","floor":73,"turns":2},{"damage":10,"enemies":"Book of Stabbing","floor":74,"turns":4},{"damage":6,"enemies":"Sentry and Sphere","floor":79,"turns":4},{"damage":0,"enemies":"3 Cultists","floor":80,"turns":3},{"damage":19,"enemies":"Slavers","floor":82,"turns":4},{"damage":72,"enemies":"Automaton","floor":84,"turns":9},{"damage":7,"enemies":"Orb Walker","floor":86,"turns":4},{"damage":0,"enemies":"2 Orb Walkers","floor":88,"turns":4},{"damage":2,"enemies":"infinitespire:Three Voidlings","floor":89,"turns":4},{"damage":121,"enemies":"Nightmare_Alpha","floor":89,"turns":6}],"seed_played":"838981654190761145","potions_obtained":[{"floor":5,"key":"BlessingOfTheForge"},{"floor":7,"key":"SpeedPotion"},{"floor":12,"key":"Block Potion"},{"floor":18,"key":"Doom Potion"},{"floor":22,"key":"Explosive Potion"},{"floor":35,"key":"Dexterity Potion"},{"floor":38,"key":"Languid Potion"},{"floor":41,"key":"Block Potion"},{"floor":48,"key":"SkillPotion"},{"floor":50,"key":"ColorlessPotion"},{"floor":53,"key":"hermit:Eclipse"},{"floor":57,"key":"Explosive Potion"},{"floor":61,"key":"LiquidBronze"},{"floor":73,"key":"Adrenaline Potion"},{"floor":80,"key":"Elixir"},{"floor":86,"key":"Block Potion"},{"floor":88,"key":"SkillPotion"}],"is_trial":true,"path_per_floor":["M","?","M","M","M","R","M","R","T","M","R","E","R","M","R","B",null,"M","?","M","AVR","M","R","E","M","T","?","NM","M","R","M","R","B",null,"M","M","?","M","?","R","E","M","T","AVR","M","M","E","M","R","B",null,"M","M","?","AVR","?","E","R","?","T","M","R","M","$","M","R","B",null,"M","M","$","?","M","E","?","?","T","R","M","M","R","E","R","B",null,"M","?","?","?"],"character_chosen":"HERMIT","items_purchased":["Replay:Wax Seal","SkillPotion","Sling","Juzu Bracelet","War Paint"],"campfire_rested":8,"item_purchase_floors":[64,64,71,71,71],"current_hp_per_floor":[74,74,73,66,61,61,55,55,55,46,46,20,42,38,60,8,75,49,49,30,30,36,58,48,43,43,43,31,31,53,48,70,35,75,75,75,75,61,61,75,67,54,54,54,63,62,68,74,74,39,81,84,84,84,98,88,94,94,94,94,98,98,98,98,98,98,101,101,101,104,104,104,104,103,103,82,82,112,115,115,115,105,118,64,118,120,120,121,0,0],"gold":785,"neow_bonus":"","is_daily":false,"chose_seed":false,"campfire_upgraded":8,"win_rate":0.0,"timestamp":1614362828,"path_taken":["M","?","M","M","M","R","?","R","T","M","R","E","R","M","R","BOSS","M","?","M","AVR","M","R","E","M","T","?","NM","M","R","?","R","BOSS","M","M","?","M","?","R","E","M","T","AVR","M","M","E","?","R","BOSS","M","M","?","AVR","?","E","R","?","T","M","R","M","$","M","R","BOSS","M","M","$","?","M","E","?","?","T","R","M","M","R","E","R","BOSS","M","?","?","?"],"items_purchased_type":["Relic","Potion","Relic","Relic","Relic"],"build_version":"2020-12-22","purchased_purges":0,"victory":false,"max_hp_per_floor":[75,75,75,75,75,75,75,75,75,75,75,75,75,75,75,75,75,75,75,75,75,75,75,75,75,75,75,75,75,75,75,75,75,75,75,75,75,75,75,75,75,75,75,75,78,78,78,78,78,81,81,84,84,84,98,98,98,98,98,98,98,98,98,98,98,98,101,101,101,104,104,104,104,107,107,112,112,112,115,115,115,118,118,118,118,121,121,121,121,121],"card_choices":[{"not_picked":["hermit:Coalescence","hermit:WideOpen"],"picked":"hermit:Snipe","floor":1},{"not_picked":["hermit:Gestalt","hermit:ItchyTrigger"],"picked":"hermit:HighCaliber","floor":3},{"not_picked":["hermit:Malice","hermit:HoleUp"],"picked":"hermit:Determination","floor":4},{"not_picked":["hermit:WideOpen","hermit:Quickdraw"],"picked":"hermit:Brawl","floor":5},{"not_picked":["hermit:RoundhouseKick","hermit:Feint"],"picked":"hermit:BodyArmor","floor":7},{"not_picked":["hermit:Dive","hermit:LuckOfTheDraw"],"picked":"hermit:GoldenBullet","floor":10},{"not_picked":["hermit:EternalForm","hermit:FlashPowder"],"picked":"hermit:WideOpen","floor":12},{"not_picked":["hermit:CalledShot","hermit:BodyArmor"],"picked":"hermit:ItchyTrigger","floor":14},{"not_picked":["hermit:HighNoon","hermit:FatalDesire"],"picked":"hermit:RoundhouseKick","floor":16},{"not_picked":["hermit:HighCaliber","hermit:Manifest"],"picked":"hermit:ShadowCloak","floor":18},{"not_picked":["hermit:Quickdraw","hermit:Glare"],"picked":"hermit:Manifest+1","floor":20},{"not_picked":["hermit:SprayPray+1","hermit:Magnum"],"picked":"hermit:WideOpen+1","floor":22},{"not_picked":["hermit:Combo","hermit:Grudge"],"picked":"hermit:GhostlyPresence+1","floor":24},{"not_picked":["hermit:Desperado","hermit:WideOpen+1"],"picked":"hermit:Maintenance","floor":25},{"not_picked":["hermit:RoundhouseKick","hermit:GoldenBullet"],"picked":"hermit:Showdown+1","floor":28},{"not_picked":["hermit:Snipe","hermit:Headshot"],"picked":"hermit:Dive","floor":29},{"not_picked":["hermit:CalledShot","hermit:Midnight","hermit:ItchyTrigger"],"picked":"SKIP","floor":31},{"not_picked":["hermit:Glare+1","hermit:Spite"],"picked":"hermit:HighCaliber+1","floor":35},{"not_picked":["hermit:CalledShot","hermit:NoHoldsBarred"],"picked":"hermit:Quickdraw+1","floor":36},{"not_picked":["hermit:Glare","hermit:HoleUp"],"picked":"hermit:Scavenge+1","floor":38},{"not_picked":["hubris:Ssssneak","Midas Touch"],"picked":"hubris:Insight","floor":39},{"not_picked":["hermit:Midnight+1","hermit:Dive+1"],"picked":"hermit:Enervate+1","floor":41},{"not_picked":["hermit:Dive","hermit:LowProfile","hermit:Desperado+1"],"picked":"SKIP","floor":42},{"not_picked":["hermit:Quickdraw","hermit:Enervate+1"],"picked":"hermit:HoleUp+1","floor":45},{"not_picked":["hermit:LowProfile","hermit:HoleUp+1","hermit:Combo"],"picked":"SKIP","floor":46},{"not_picked":["hermit:HoleUp+1","hermit:HighNoon","hermit:Shortfuse"],"picked":"SKIP","floor":47},{"not_picked":["hermit:LowProfile+1","hermit:HoleUp","hermit:Coalescence+1"],"picked":"SKIP","floor":48},{"not_picked":["hermit:Gambit","hermit:Magnum"],"picked":"hermit:HeroicBravado","floor":50},{"not_picked":["hermit:Desperado","hermit:NoHoldsBarred"],"picked":"hermit:CursedWeapon","floor":52},{"not_picked":["hermit:Brawl","hermit:Snipe","hermit:LuckOfTheDraw"],"picked":"SKIP","floor":53},{"not_picked":["hermit:Snipe","hermit:SprayPray","hermit:Roulette"],"picked":"SKIP","floor":57},{"not_picked":["hermit:Misfire+1","hermit:Snipe","hermit:Headshot+1"],"picked":"SKIP","floor":61},{"not_picked":["hermit:FullyLoaded","hermit:SprayPray+1","hermit:HoleUp"],"picked":"SKIP","floor":63},{"not_picked":["hermit:Dive","hermit:CursedWeapon+1","hermit:Quickdraw+1"],"picked":"SKIP","floor":65},{"not_picked":["hermit:EternalForm","hermit:Reprieve"],"picked":"hermit:FromBeyond","floor":67},{"not_picked":["hermit:PistolWhip+1","hermit:WideOpen+1","hermit:GhostlyPresence"],"picked":"SKIP","floor":69},{"not_picked":["infinitespire:SealOfDarkness+","infinitespire:Execution"],"picked":"infinitespire:Punishment","floor":70},{"not_picked":["hermit:Desperado+1","hermit:Snipe+1","hermit:HoleUp"],"picked":"SKIP","floor":70},{"not_picked":["hermit:Misfire+1","hermit:Virtue","hermit:FlashPowder"],"picked":"SKIP","floor":73},{"not_picked":["hermit:CursedWeapon+1","hermit:Quickdraw+1"],"picked":"hermit:TakeAim+1","floor":74},{"not_picked":["hermit:BodyArmor+1","hermit:WideOpen+1"],"picked":"hermit:FlashPowder+1","floor":79},{"not_picked":["hermit:Adapt","hermit:Spite+1","hermit:CalledShot+1"],"picked":"SKIP","floor":80},{"not_picked":["hermit:Glare","hermit:HighCaliber+1"],"picked":"hermit:Desperado+1","floor":82},{"not_picked":["hermit:WideOpen+1","hermit:EyeOfTheStorm+1"],"picked":"hermit:Dive+1","floor":86}],"player_experience":402529,"relics_obtained":[{"floor":9,"key":"Bronze Scales"},{"floor":24,"key":"infinitespire:Beetle Shell"},{"floor":26,"key":"Smiling Mask"},{"floor":28,"key":"Gremlin Food"},{"floor":28,"key":"TungstenRod"},{"floor":41,"key":"MealTicket"},{"floor":41,"key":"infinitespire:PuzzleCube"},{"floor":43,"key":"Torii"},{"floor":47,"key":"Blue Doll"},{"floor":47,"key":"Replay:Accelerometer"},{"floor":57,"key":"Centennial Puzzle"},{"floor":57,"key":"infinitespire:Lucky Rock"},{"floor":59,"key":"Molten Egg 2"},{"floor":60,"key":"HornCleat"},{"floor":74,"key":"Meat on the Bone"},{"floor":74,"key":"Sundial"},{"floor":82,"key":"Onion Ring"},{"floor":82,"key":"Regal Pillow"},{"floor":88,"key":"FossilizedHelix"}],"event_choices":[{"damage_healed":0,"gold_gain":0,"player_choice":"Ignored","damage_taken":0,"max_hp_gain":0,"max_hp_loss":0,"event_name":"Transmorgrifier","floor":2,"gold_loss":0},{"damage_healed":0,"gold_gain":0,"player_choice":"Ignored","damage_taken":0,"max_hp_gain":0,"max_hp_loss":0,"event_name":"Ghosts","floor":19,"gold_loss":0},{"damage_healed":0,"gold_gain":0,"player_choice":"Ignored","damage_taken":0,"max_hp_gain":0,"max_hp_loss":0,"event_name":"NoteForYourself","floor":27,"gold_loss":0},{"cards_removed":["hermit:Maintenance"],"damage_healed":0,"gold_gain":0,"player_choice":"Removed Skill","damage_taken":0,"max_hp_gain":0,"max_hp_loss":0,"event_name":"Falling","floor":37,"gold_loss":0},{"damage_healed":0,"gold_gain":0,"player_choice":"Memory 1","damage_taken":0,"max_hp_gain":0,"max_hp_loss":0,"event_name":"SensoryStone","floor":39,"gold_loss":0},{"damage_healed":0,"gold_gain":75,"player_choice":"Gather Gold","damage_taken":11,"max_hp_gain":0,"max_hp_loss":0,"event_name":"World of Goop","floor":56,"gold_loss":0},{"damage_healed":0,"gold_gain":0,"player_choice":"Upgraded Two","damage_taken":0,"max_hp_gain":0,"max_hp_loss":0,"event_name":"Designer","floor":72,"gold_loss":40,"cards_upgraded":["hermit:Defend_Hermit","hermit:WideOpen"]},{"damage_healed":0,"gold_gain":0,"player_choice":"Trade","damage_taken":0,"relics_obtained":["NlothsMask"],"max_hp_gain":0,"max_hp_loss":0,"event_name":"FaceTrader","floor":75,"gold_loss":0},{"damage_healed":0,"gold_gain":0,"player_choice":"Shed Blood","damage_taken":27,"max_hp_gain":5,"max_hp_loss":0,"event_name":"Forgotten Altar","floor":76,"gold_loss":0},{"damage_healed":0,"gold_gain":0,"player_choice":"Fight","damage_taken":0,"max_hp_gain":0,"max_hp_loss":0,"event_name":"Mysterious Sphere","floor":88,"gold_loss":0}],"is_beta":false,"boss_relics":[{"not_picked":["hubris:VirtuousBlindfold","Honey Jar"],"picked":"Black Star"},{"not_picked":["Painkiller Herb","SacredBark"],"picked":"SlaversCollar"},{"not_picked":["Coffee Dripper","Philosopher\u0027s Stone"],"picked":"Empty Cage"},{"not_picked":["Fusion Hammer","hubris:VirtuousBlindfold"],"picked":"hermit:ClaspedLocket"},{"not_picked":["hubris:BlackHole","Velvet Choker"],"picked":"SacredBark"}],"items_purged_floors":[],"is_endless":true,"potions_floor_spawned":[5,7,12,18,22,25,29,35,38,41,48,50,53,57,61,73,80,86,88],"killed_by":"Nightmare_Alpha","ascension_level":0}}