{"host":"61y0z9o9vf3ujftj","time":1614332392,"event":{"mods":["BaseMod","Colored Map","Colored Powertips","GifTheSpireLib","HexUI Lib","Highlight Path","Minty Spire (QoL Compilation)","Permanent Neow","Relic Stats","StSLib","ojb\u0027s Info Mod"],"gold_per_floor":[109,124,141,156,6,6,38,55,55,88,99,99,99,126,126,205,205,219,144,194,208,64,64,64,82,106,121,151,170,201,220,220,298,298,308,326,181,181,201,231,245,273,273,306,326,340,14,27,27,27],"floor_reached":51,"language":"ENG","playtime":3783,"items_purged":["Strike_B","Defend_B"],"score":1405,"play_id":"8d2f5ed3-de78-4519-a273-8af420e3da2b","local_time":"20210226033952","is_ascension_mode":true,"campfire_choices":[{"data":"Zap","floor":6.0,"key":"SMITH"},{"data":"Defragment","floor":12.0,"key":"SMITH"},{"data":"Defragment","floor":15.0,"key":"SMITH"},{"data":"Self Repair","floor":23.0,"key":"SMITH"},{"data":"Capacitor","floor":32.0,"key":"SMITH"},{"data":"Thunder Strike","floor":49,"key":"SMITH"}],"circlet_count":0,"master_deck":["AscendersBane","Strike_B+1","Strike_B+1","Defend_B","Defend_B","Zap+1","Dualcast","Self Repair+1","Cold Snap","Sweeping Beam","Defragment+1","White Noise","Coolheaded","Rainbow","Defragment+1","Electrodynamics+1","Conserve Battery","Fusion","Skim+1","Capacitor+1","Rainbow+1","Thunder Strike+1","Conserve Battery+1","Glacier+1","Leap+1","Tempest+1"],"relics":["Cracked Core","Whetstone","Chemical X","Letter Opener","Akabeko","Happy Flower","Snecko Eye","DataDisk","Bronze Scales","Toxic Egg 2","Tiny Chest","Sozu","Ginger","Frozen Egg 2","Singing Bowl","Eternal Feather","Toolbox"],"acts_visited":["Exordium","TheCity","TheBeyond"],"potions_floor_usage":[50],"damage_taken":[{"damage":2.0,"enemies":"Jaw Worm","floor":1.0,"turns":2.0},{"damage":5.0,"enemies":"Small Slimes","floor":2.0,"turns":3.0},{"damage":1.0,"enemies":"Cultist","floor":3.0,"turns":3.0},{"damage":7.0,"enemies":"Blue Slaver","floor":4.0,"turns":5.0},{"damage":31.0,"enemies":"Lagavulin","floor":7.0,"turns":7.0},{"damage":7.0,"enemies":"Gremlin Gang","floor":8.0,"turns":3.0},{"damage":5.0,"enemies":"3 Sentries","floor":10.0,"turns":5.0},{"damage":1.0,"enemies":"Large Slime","floor":11.0,"turns":4.0},{"damage":6.0,"enemies":"Lagavulin","floor":14.0,"turns":7.0},{"damage":22.0,"enemies":"Hexaghost","floor":16.0,"turns":8.0},{"damage":19.0,"enemies":"Shell Parasite","floor":18.0,"turns":5.0},{"damage":6.0,"enemies":"3 Byrds","floor":21.0,"turns":2.0},{"damage":3.0,"enemies":"Snecko","floor":25.0,"turns":4.0},{"damage":1.0,"enemies":"Sentry and Sphere","floor":27.0,"turns":3.0},{"damage":15.0,"enemies":"Gremlin Leader","floor":28.0,"turns":3.0},{"damage":15.0,"enemies":"Snake Plant","floor":29.0,"turns":2.0},{"damage":24.0,"enemies":"Book of Stabbing","floor":30.0,"turns":5.0},{"damage":16.0,"enemies":"Shelled Parasite and Fungi","floor":31.0,"turns":4.0},{"damage":17.0,"enemies":"Champ","floor":33.0,"turns":15.0},{"damage":22.0,"enemies":"3 Darklings","floor":35.0,"turns":3.0},{"damage":1.0,"enemies":"3 Shapes","floor":36.0,"turns":2.0},{"damage":1.0,"enemies":"Jaw Worm Horde","floor":39.0,"turns":2.0},{"damage":31.0,"enemies":"Nemesis","floor":40.0,"turns":5.0},{"damage":9,"enemies":"Writhing Mass","floor":41,"turns":6},{"damage":11,"enemies":"Giant Head","floor":42,"turns":7},{"damage":17,"enemies":"Nemesis","floor":44,"turns":5},{"damage":3,"enemies":"3 Darklings","floor":45,"turns":2},{"damage":6,"enemies":"Spire Growth","floor":46,"turns":4},{"damage":0,"enemies":"Sphere and 2 Shapes","floor":48,"turns":3},{"damage":0,"enemies":"Time Eater","floor":50,"turns":10}],"seed_played":"5529446991826030566","potions_obtained":[{"floor":1.0,"key":"Fire Potion"},{"floor":2.0,"key":"EssenceOfDarkness"},{"floor":7.0,"key":"FairyPotion"},{"floor":10.0,"key":"Block Potion"},{"floor":11.0,"key":"Regen Potion"},{"floor":25.0,"key":"Ancient Potion"},{"floor":27.0,"key":"LiquidMemories"},{"floor":28.0,"key":"EssenceOfSteel"},{"floor":31.0,"key":"EssenceOfDarkness"},{"floor":33.0,"key":"LiquidBronze"}],"is_trial":false,"path_per_floor":["M","M","M","M","$","R","E","M","T","E","M","R","?","E","R","B",null,"M","?","?","M","$","R","?","M","T","M","E","M","E","M","R","B",null,"M","M","$","?","M","E","M","E","T","E","M","M","$","M","R","B",null],"character_chosen":"DEFECT","items_purchased":["Chemical X","DataDisk","Thunder Strike","Toolbox","Tempest+1"],"campfire_rested":0,"item_purchase_floors":[5,22,37,47,47],"current_hp_per_floor":[62,64,70,70,70,70,46,46,46,41,47,47,47,48,48,48,65,53,53,53,47,47,47,47,54,54,63,58,53,39,33,33,26,60,48,57,57,57,56,35,36,35,35,30,39,35,35,47,62,62],"gold":27,"neow_bonus":"RANDOM_COMMON_RELIC","is_daily":false,"chose_seed":false,"campfire_upgraded":6,"win_rate":0.0,"timestamp":1614332392,"path_taken":["M","M","M","M","$","R","E","M","T","E","M","R","?","E","R","BOSS","M","?","?","M","$","R","?","?","T","M","E","M","E","M","R","BOSS","M","M","$","?","M","E","M","E","T","E","M","?","$","M","R","BOSS"],"items_purchased_type":["Relic","Relic","Card","Relic","Card"],"build_version":"2020-12-22","purchased_purges":2,"victory":true,"max_hp_per_floor":[71,71,71,71,71,71,71,71,71,71,71,71,71,71,71,71,71,71,71,71,71,71,71,71,71,71,71,71,71,71,71,71,71,71,71,71,71,71,71,71,71,71,71,73,75,77,77,79,79,79],"relic_stats":{"Happy Flower":[37],"Singing Bowl":8,"counters":[30,139],"Eternal Feather":15,"Whetstone":["Strike_B","Strike_B"],"Letter Opener":[251],"Ginger":[4],"Sozu":6,"Bronze Scales":[208],"Snecko Eye":[182,184,169,187],"Tiny Chest":0,"Chemical X":[4],"obtain_stats":[{"Happy Flower":10,"Singing Bowl":43,"Eternal Feather":44,"Whetstone":0,"Letter Opener":7,"Ginger":40,"Frozen Egg 2":42,"Akabeko":9,"Sozu":34,"DataDisk":22,"Bronze Scales":26,"Snecko Eye":17,"Toolbox":47,"Tiny Chest":30,"Chemical X":5,"Toxic Egg 2":28,"Cracked Core":0},{"Happy Flower":7,"Singing Bowl":25,"Eternal Feather":26,"Whetstone":0,"Letter Opener":5,"Ginger":23,"Frozen Egg 2":25,"Akabeko":6,"Sozu":19,"DataDisk":12,"Bronze Scales":13,"Snecko Eye":10,"Toolbox":28,"Tiny Chest":17,"Chemical X":4,"Toxic Egg 2":15,"Cracked Core":0},{"Happy Flower":28,"Singing Bowl":115,"Eternal Feather":120,"Whetstone":0,"Letter Opener":20,"Ginger":102,"Frozen Egg 2":115,"Akabeko":23,"Sozu":90,"DataDisk":54,"Bronze Scales":58,"Snecko Eye":47,"Toolbox":126,"Tiny Chest":71,"Chemical X":13,"Toxic Egg 2":64,"Cracked Core":0}]},"card_choices":[{"not_picked":["Gash","Redo"],"picked":"Self Repair","floor":1.0},{"not_picked":["Steam Power","Rebound"],"picked":"Cold Snap","floor":2.0},{"not_picked":["Heatsinks","Redo"],"picked":"Sweeping Beam","floor":3.0},{"not_picked":["Auto Shields","Cold Snap"],"picked":"Turbo","floor":4.0},{"not_picked":["Beam Cell","Auto Shields"],"picked":"Defragment","floor":7.0},{"not_picked":["Rebound","Aggregate","Stack"],"picked":"SKIP","floor":8.0},{"not_picked":["Rebound","Streamline"],"picked":"White Noise","floor":10.0},{"not_picked":["Hello World","Steam"],"picked":"Coolheaded","floor":11.0},{"not_picked":["Steam","Coolheaded"],"picked":"Defragment","floor":14.0},{"not_picked":["Seek","Rainbow"],"picked":"Electrodynamics","floor":16.0},{"not_picked":["Steam","Sweeping Beam","Conserve Battery"],"picked":"SKIP","floor":18.0},{"not_picked":["Steam","Sweeping Beam"],"picked":"Conserve Battery","floor":18.0},{"not_picked":["Cold Snap","Compile Driver","Conserve Battery"],"picked":"SKIP","floor":21.0},{"not_picked":["Loop","Rip and Tear+1"],"picked":"Fusion","floor":25.0},{"not_picked":["Ball Lightning","Steam","Sweeping Beam"],"picked":"SKIP","floor":27.0},{"not_picked":["Beam Cell","White Noise+1"],"picked":"Skim+1","floor":28.0},{"not_picked":["Auto Shields+1","Hologram+1","Static Discharge"],"picked":"SKIP","floor":29.0},{"not_picked":["Streamline","Turbo+1","Cold Snap"],"picked":"SKIP","floor":30.0},{"not_picked":["Gash","Hologram+1"],"picked":"Capacitor","floor":31.0},{"not_picked":["Seek+1","Creative AI"],"picked":"Rainbow+1","floor":33.0},{"not_picked":["Compile Driver","Blizzard+1","Recycle+1"],"picked":"SKIP","floor":35.0},{"not_picked":["Barrage+1","Sweeping Beam+1","Redo+1"],"picked":"SKIP","floor":36.0},{"not_picked":["Steam+1","Coolheaded+1"],"picked":"Conserve Battery+1","floor":39.0},{"not_picked":["Aggregate+1","Multi-Cast+1"],"picked":"Glacier+1","floor":40.0},{"not_picked":["Stack+1","Sweeping Beam+1"],"picked":"Leap+1","floor":41},{"not_picked":["Conserve Battery+1","Stack+1","Ball Lightning"],"picked":"SKIP","floor":42},{"not_picked":["Melter","Hello World+1","Compile Driver"],"picked":"Singing Bowl","floor":44},{"not_picked":["Hologram+1","Core Surge","Heatsinks+1"],"picked":"Singing Bowl","floor":45},{"not_picked":["Recycle+1","Melter+1","Redo+1"],"picked":"Singing Bowl","floor":46},{"not_picked":["Genetic Algorithm+1","Gash+1","Hologram+1"],"picked":"Singing Bowl","floor":48}],"player_experience":579128,"relics_obtained":[{"floor":7.0,"key":"Letter Opener"},{"floor":9.0,"key":"Akabeko"},{"floor":10.0,"key":"Happy Flower"},{"floor":26.0,"key":"Bronze Scales"},{"floor":28.0,"key":"Toxic Egg 2"},{"floor":30.0,"key":"Tiny Chest"},{"floor":40.0,"key":"Ginger"},{"floor":42,"key":"Frozen Egg 2"},{"floor":43,"key":"Singing Bowl"},{"floor":44,"key":"Eternal Feather"}],"event_choices":[{"damage_healed":0.0,"max_hp_gain":0.0,"max_hp_loss":0.0,"gold_gain":0.0,"cards_transformed":["Strike_B"],"event_name":"Living Wall","player_choice":"Change","floor":13.0,"gold_loss":0.0,"damage_taken":0.0,"cards_obtained":["Rainbow"]},{"cards_removed":["Turbo"],"damage_healed":0.0,"max_hp_gain":0.0,"max_hp_loss":0.0,"gold_gain":0.0,"event_name":"Beggar","player_choice":"Gave Gold","floor":19.0,"gold_loss":75.0,"damage_taken":0.0},{"damage_healed":0.0,"max_hp_gain":0.0,"max_hp_loss":0.0,"gold_gain":50.0,"event_name":"Nest","player_choice":"Stole From Cult","floor":20.0,"gold_loss":0.0,"damage_taken":0.0},{"damage_healed":0.0,"max_hp_gain":0.0,"max_hp_loss":0.0,"gold_gain":0.0,"event_name":"Upgrade Shrine","player_choice":"Upgraded","floor":24.0,"gold_loss":0.0,"damage_taken":0.0,"cards_upgraded":["Electrodynamics"]},{"cards_removed":["Defend_B"],"damage_healed":0.0,"max_hp_gain":0.0,"max_hp_loss":0.0,"gold_gain":0.0,"event_name":"Purifier","player_choice":"Purged","floor":38.0,"gold_loss":0.0,"damage_taken":0.0}],"is_beta":false,"boss_relics":[{"not_picked":["Pandora\u0027s Box","Calling Bell"],"picked":"Snecko Eye"},{"not_picked":["Runic Dome","Busted Crown"],"picked":"Sozu"}],"items_purged_floors":[37,47],"is_endless":false,"potions_floor_spawned":[1,2,7,10,11,25,27,28,31,33,36,41,42,44,45,48],"ascension_level":15}}