{"host":"mgar08cquislqm55","time":1614332180,"event":{"mods":["ATMod(°¢èªMod)","BaseMod","Library of Ruina","Library of Ruina Extra","Minty Spire (QoL Compilation)","Replay The Spire","StSLib","noobMod","¡¾ÒÅÎï¿¨ÅÆ¡¿REMEMod"],"gold_per_floor":[114,132,142,242,255,280,280,315,339,364,384,400,400,416,416,514,514,532,547,558,569,583,609,261,271,297,323,121,140,157,183,183,283,283,300,312,327,343,214,246,246,257,306,306,326,339,359,374,374,374,374,374,374,114,149,149],"floor_reached":57,"language":"ZHS","playtime":2861,"items_purged":["DaringDecision"],"score":1328,"play_id":"a421aea9-9e77-4164-9696-aaa62c4fb1a0","local_time":"20210226173620","is_ascension_mode":false,"campfire_choices":[{"data":"AT_FamilyPortrait","floor":7,"key":"SMITH"},{"data":"DegradedShockwave","floor":13,"key":"SMITH"},{"data":"DistortedBlade","floor":15,"key":"SMITH"},{"floor":32,"key":"REST"},{"floor":41,"key":"RECALL"},{"data":"EnergyCycle","floor":44,"key":"SMITH"},{"data":"UnforgettableMelody","floor":49,"key":"SMITH"},{"data":"OminousPower","floor":53,"key":"SMITH"}],"circlet_count":0,"master_deck":["DegradedFairy","DegradedFairy","DegradedFairy","DegradedChain","DegradedChain","DegradedLock","DegradedPillar","DegradedPillar","DegradedShockwave+1","CircusKnives","AT_FamilyPortrait+1","GuidanceOfTheGears","TheWillOfTheCity","AutonomousRush","DistortedBlade+1","GuardingStance","Unlock1+1","WildCard","EnergyConversion","Faith","EnergyCycle+1","EmotionalTurbulence","FleetFootsteps+1","FleetEdge+1","Unlock1+1","QuickSuppression","Outburst+1","TheRedNotes+1","CleanUp","DesperateStruggle","MirageStorm","ICanCookAnything","Unlock1+1","OminousPower+1","GrazeTheGrass+1","Leap_lor","SwordOfVolition+1","Mutilate+1","RulesOfTheBackstreets+1","LawAndOrder","Leap_lor","SmokingPipe","ClassAndRespect","UnforgettableMelody+1","QuickSuppression","FervidEmotions","SmokingPipe","TraceOfFumes","OminousPower+1","Parry2+1","DeepDrag+1","Preparation","TheArtOfRapidSteps","TheWillOfTheCity","BiAn+1","Leap_lor","Concentration","BiAn+1","FleetEdge","WillBeTasty","CoordinatedAssault","SilentMist+1","OminousPower+1","GrazeTheGrass+1"],"relics":["PageOfLibrarian","AT_ATBox","ice","REME_ComplimentaryCards","Happy Flower","Simple Rune","PageOfPorccubus","Pen Nib","REME_LowDesire","Tiny Chest","Toy Ornithopter","Prayer Wheel","PageOfSingingMachine","Replay:Bottled Eggs","Bag of Preparation","Bottled Flame","Membership Card","Regal Pillow","Coffee Dripper","PageOfBloodbath","Frozen Egg 2","Dream Catcher","OrangePellets","TungstenRod","PageOfApocalypseBird"],"acts_visited":["Exordium","TheCity","TheBeyond","TheEnding"],"potions_floor_usage":[33,33,45,45,50],"damage_taken":[{"damage":0,"enemies":"Cultist","floor":1,"turns":1},{"damage":0,"enemies":"Small Slimes","floor":2,"turns":1},{"damage":0,"enemies":"2 Louse","floor":3,"turns":1},{"damage":0,"enemies":"Large Slime","floor":5,"turns":2},{"damage":0,"enemies":"3 Sentries","floor":6,"turns":2},{"damage":0,"enemies":"Gremlin Nob","floor":8,"turns":1},{"damage":0,"enemies":"Lagavulin","floor":10,"turns":2},{"damage":0,"enemies":"3 Louse","floor":11,"turns":1},{"damage":0,"enemies":"Looter","floor":12,"turns":1},{"damage":0,"enemies":"Exordium Thugs","floor":14,"turns":1},{"damage":8,"enemies":"Hexaghost","floor":16,"turns":4},{"damage":0,"enemies":"Spheric Guardian","floor":18,"turns":1},{"damage":15,"enemies":"Shell Parasite","floor":19,"turns":3},{"damage":8,"enemies":"Centurion and Healer","floor":20,"turns":3},{"damage":0,"enemies":"Cultist and Chosen","floor":21,"turns":3},{"damage":0,"enemies":"3 Cultists","floor":22,"turns":1},{"damage":15,"enemies":"Book of Stabbing","floor":23,"turns":3},{"damage":0,"enemies":"Snake Plant","floor":25,"turns":1},{"damage":8,"enemies":"Slavers","floor":27,"turns":3},{"damage":0,"enemies":"Centurion and Healer","floor":29,"turns":2},{"damage":0,"enemies":"Snecko","floor":30,"turns":1},{"damage":0,"enemies":"Replay:Snechameleon","floor":31,"turns":1},{"damage":4,"enemies":"Champ","floor":33,"turns":4},{"damage":22,"enemies":"3 Shapes","floor":35,"turns":2},{"damage":0,"enemies":"Orb Walker","floor":36,"turns":1},{"damage":0,"enemies":"Sphere and 2 Shapes","floor":37,"turns":1},{"damage":4,"enemies":"Jaw Worm Horde","floor":38,"turns":2},{"damage":0,"enemies":"Reptomancer","floor":40,"turns":2},{"damage":0,"enemies":"Spire Growth","floor":42,"turns":2},{"damage":2,"enemies":"Transient","floor":45,"turns":5},{"damage":0,"enemies":"Jaw Worm Horde","floor":46,"turns":2},{"damage":25,"enemies":"Writhing Mass","floor":47,"turns":2},{"damage":2,"enemies":"4 Shapes","floor":48,"turns":1},{"damage":22,"enemies":"Replay:Hell Engine","floor":50,"turns":5},{"damage":10,"enemies":"Replay:Hell Engine","floor":51,"turns":6},{"damage":0,"enemies":"Shield and Spear","floor":55,"turns":3},{"damage":25,"enemies":"The Heart","floor":56,"turns":4}],"seed_played":"713942783985759055","potions_obtained":[{"floor":1,"key":"Block Potion"},{"floor":5,"key":"EssenceOfSteel"},{"floor":8,"key":"Strength Potion"},{"floor":21,"key":"Elixir"},{"floor":33,"key":"AttackPotion"},{"floor":36,"key":"AttackPotion"},{"floor":46,"key":"Energy Potion"},{"floor":55,"key":"Energy Potion"}],"is_trial":false,"path_per_floor":["M","M","M","?","M","E","R","E","T","E","M","M","R","M","R","B",null,"M","M","M","M","M","E","$","M","T","E","$","M","M","E","R","B",null,"M","M","M","M","$","E","R","M","T","R","M","M","M","M","R","B",null,null,"R","$","E","B",null],"character_chosen":"Librarian","items_purchased":["Unlock1","OminousPower+1","Replay:Bottled Eggs","Mutilate+1","Membership Card","PageOfBloodbath","Preparation","OminousPower+1","OrangePellets","TungstenRod"],"campfire_rested":1,"item_purchase_floors":[24,24,24,28,28,39,39,54,54,54],"current_hp_per_floor":[60,60,60,60,60,60,60,60,60,60,60,60,60,60,60,52,90,90,75,67,67,67,52,52,52,52,44,44,44,44,44,86,86,90,68,68,68,64,64,64,64,70,70,70,87,87,62,60,60,45,39,90,90,90,90,65],"gold":149,"neow_bonus":"RANDOM_COMMON_RELIC","is_daily":false,"chose_seed":false,"campfire_upgraded":6,"win_rate":0.0,"timestamp":1614332180,"path_taken":["M","M","M","?","?","E","R","E","T","E","M","M","R","M","R","BOSS","M","M","M","M","M","E","$","M","T","E","$","M","M","E","R","BOSS","M","M","M","?","$","E","R","M","T","R","M","M","M","M","R","BOSS","R","$","E","BOSS"],"items_purchased_type":["Card","Card","Relic","Card","Relic","Relic","Card","Card","Relic","Relic"],"build_version":"2020-12-22","purchased_purges":1,"victory":true,"max_hp_per_floor":[90,90,90,90,90,90,90,90,90,90,90,90,90,90,90,90,90,90,90,90,90,90,90,90,90,90,90,90,90,90,90,90,90,90,90,90,90,90,90,90,90,90,90,90,90,90,90,90,90,90,90,90,90,90,90,90],"card_choices":[{"not_picked":["VioletBlade","SuppressingShot","DesperateStruggle","Outburst","FleetEdge","MindPrepared","NightInTheBackstreets","InnerArdor"],"picked":"GuidanceOfTheGears","floor":1},{"not_picked":["EnergyShield","BindingArms","CutIn","ButterflySlash","GreatSerpentsImpact","EndlessBattle","FrontalAssault","PinpointShot"],"picked":"TheWillOfTheCity","floor":2},{"not_picked":["YouOnlyLiveOnce","AsThePrescriptOrders","GreatSerpentsImpact","StructuralAnalysis","ChiWen","EnergyShield","Struggle","GuidanceOfTheGears"],"picked":"AutonomousRush","floor":3},{"not_picked":["FierceOnslaught","Wallop_lor","Collision","Leap_lor","WillOfThePrescript","Rewind","Tailoring","GreatSerpentsImpact"],"picked":"DistortedBlade","floor":5},{"not_picked":["UncannyStrike","Gigigig","EnergyStrike","Pound","Diversion","Concentration","SmokingPipe","Collision"],"picked":"GuardingStance","floor":6},{"not_picked":["BackAttack","SpearedSweep","Multislash","QuickAttack","Parry2","StrongStrike","MultiHit","LeRegole"],"picked":"Unlock1","floor":8},{"not_picked":["MultiHit","PreemptiveStrike","WillOfThePrescript","DesperateStruggle","SpearedSweep","EnergyCycle","MindWhip","QuickAttack"],"picked":"WildCard","floor":10},{"not_picked":["PreemptiveStrike","Fence","EnergyStrike","Tttonst","Standoff","FrontalAssault","GrazeTheGrass","GuardingStance"],"picked":"EnergyConversion","floor":11},{"not_picked":["RhinoRam","FendThisOffIfYouCan","FierceCharge","InhaleSmoke","GreatSerpentsImpact","DistortedBlade","Parry","IdentifyWeakpoint"],"picked":"Faith","floor":12},{"not_picked":["HighKick","UnavoidableGaze","SuppressingShot","FlyingSword","Reload","YoureAHindrance","Rewind","Multislash"],"picked":"EnergyCycle","floor":14},{"not_picked":["GoinFirst","SavageMode"],"picked":"EmotionalTurbulence","floor":16},{"not_picked":["NightInTheBackstreets","EnergyShield","Pound","SunsetBlade","ClassAndRespect","CombatPreparation","EnergyStrike+1","ScratchThat","ReplayTheSpireMod:Uncanny Aura"],"picked":"FleetFootsteps+1","floor":18},{"not_picked":["SkyClearingCut","FleetFootsteps","Struggle","MultiHit","Eject","StrikeDown","TheWillOfTheCity","BackstreetsDash+1","Flash of Steel"],"picked":"FleetEdge+1","floor":19},{"not_picked":["GreatSerpentsImpact","Quickness","SummaryJudgment","FrontalAssault","Faith","HandleRequest+1","SinglePointStab","FleetFootsteps","AT_LightSaberMaster+1"],"picked":"Unlock1","floor":19},{"not_picked":["BoundaryOfDeath","FlashOfSunup","HandleRequest","BackAttack+1","DefenseOrder+1","MultiBlock","FlamingDragonFist","TheWillOfTheCity","REME_HeartOfCthun"],"picked":"QuickSuppression","floor":20},{"not_picked":["EnergyStrike","EndlessBattle","Gamble","BlindFaith","Concentration","CoordinatedAssault+1","MirageStorm","SteelKnuckles","ReplayTheSpireMod:Brewmster"],"picked":"Outburst+1","floor":20},{"not_picked":["UnavoidableGaze","HighKick","EndlessBattle","TheWillOfTheCity","SharpNails","GreatSerpentsImpact","SpearedSweep","PreemptiveStrike","ReplayTheSpireMod:Trickstab"],"picked":"TheRedNotes+1","floor":21},{"not_picked":["Eliminate+1","StrongStrike","HandleRequest","EnergyStrike+1","GrazeTheGrass","MindWhip","QuickAttack","Wallop_lor+1","AT_FalsePromise"],"picked":"CleanUp","floor":21},{"not_picked":["UpbeatPerformance","SweepTheBackstreets","Diversion+1","PreemptiveStrike","Multislash","HighKick","RapidGashes","StructuralAnalysis","Mind Blast"],"picked":"DesperateStruggle","floor":22},{"not_picked":["EnergyStrike","FleetFootsteps","RushDown","StrongStrike","UndertakePrescript","QuickAttack","Thirst","BurningFlash","AT_PowerWithin"],"picked":"MirageStorm","floor":22},{"not_picked":["SerpentSwordTechnique","RipSpace","Pound","FendThisOffIfYouCan","ShockRound+1","MultiBlock","BindingArms","AutomatedMovement","Deep Breath"],"picked":"ICanCookAnything","floor":23},{"not_picked":["TheWillOfTheCity+1","ElectricShock","HeavyPeaks","ChiWen+1","PuppetBlockade+1","EnergyStrike","CutIn","MindPrepared","Replay:Parry+1"],"picked":"GrazeTheGrass+1","floor":25},{"not_picked":["Execute_lor","HandleRequest","Thrust","SummaryJudgment+1","GrazeTheGrass+1","ICanCookAnything","SharpSwipe","GreatSerpentsImpact","AT_Homeward"],"picked":"Leap_lor","floor":25},{"not_picked":["SearingSword","UndertakePrescript","CrackOfDawn","PreemptiveStrike","FierceOnslaught+1","Leap_lor","MultiHit","SweepTheBackstreets+1","HandOfGreed"],"picked":"SwordOfVolition+1","floor":27},{"not_picked":["WillOfThePrescript+1","VenomousFangs","Reload","Standoff+1","Rewind","FleetEdge","ICanCookAnything+1","Diversion","Panacea"],"picked":"RulesOfTheBackstreets+1","floor":29},{"not_picked":["RapidGashes","SpearedSweep","StrikeDown","UnavoidableGaze","SuppressingShot+1","FieryWaltz+1","Standoff","Disposal","The Bomb"],"picked":"LawAndOrder","floor":29},{"not_picked":["HeavyPeaks","LawAndOrder+1","TimeForALittleTest+1","SpearedSweep+1","TheWillOfTheCity","RushDown","FlowOfTheSword+1","SerpentineBarrier","Mind Blast+1"],"picked":"Leap_lor","floor":30},{"not_picked":["SpearedSweep","DaringDecision","BackAttack","HighKick","SkitterAway","FleetFootsteps","Eject","Faith","Replay:Bootleg Shield Generator"],"picked":"SmokingPipe","floor":30},{"not_picked":["MultiHit","AsThePrescriptOrders","Track","Rewind","OpportunitySpotted+1","TheRedNotes","Overpower","AbsorbImpact","Survey Options"],"picked":"ClassAndRespect","floor":31},{"not_picked":["Eradication","SilentNight","FleshFillet","AT_PowerWithin"],"picked":"UnforgettableMelody","floor":33},{"not_picked":["WillOfThePrescript+1","EnergyShield","TasteMyFlamingBat+1","SunsetBlade","UnavoidableGaze+1","Struggle+1","OpportunitySpotted+1","Parry+1","Secret Weapon"],"picked":"QuickSuppression","floor":35},{"not_picked":["TrimTheIngredients+1","SunsetBlade+1","ViolentFlame+1","SharpSwipe+1","SinglePointStab","SmokingPipe+1","FleetFootsteps","Bvapour+1","ReplayUltimateDefense"],"picked":"FervidEmotions","floor":35},{"not_picked":["GuardingStance+1","Unlock1","RulesOfTheBackstreets+1","Wallop_lor+1","Thrust+1","FierceCharge","BackAttack","TraceOfFumes","Apotheosis"],"picked":"DaringDecision","floor":36},{"not_picked":["NightInTheBackstreets","EnergyShield+1","DesperateStruggle+1","Thrust","BiXi","FervidEmotions","IngredientHunt","Parry+1","Specialist+1"],"picked":"SmokingPipe","floor":36},{"not_picked":["SmokingPipe+1","YoureAHindrance+1","DevastatingThrash+1","HighKick","BiAn+1","GaleKick","MultiBlock+1","Collision+1","ReplayTheSpireMod:Necrogeddon"],"picked":"TraceOfFumes","floor":37},{"not_picked":["Mutilate+1","Bvapour","FaintMemories","EndlessBattle","Diversion","FeelinGood+1","BiAn+1","EnergyStrike+1","Replay:Sssssssssstrike"],"picked":"OminousPower","floor":37},{"not_picked":["FierceCharge","Pound+1","Castigation","GuardingStance","SuppressingShot","UpbeatPerformance+1","TimeForALittleTest","SomberProcuration","REME_PuzzleBox"],"picked":"Parry2+1","floor":38},{"not_picked":["FeelinGood","FierceCharge","SerpentineBarrier","Brawl","IdentifyWeakpoint","CumulusWall","ClassAndRespect+1","DirtyBlow+1","Mind Blast"],"picked":"DeepDrag+1","floor":38},{"not_picked":["ToWhereThePrescriptPoints","Punishment","LoosenUp","SmokingPipe","ICanCookAnything+1","Crush","StructuralAnalysis","Parry","AT_FalsePromise+1"],"picked":"TheArtOfRapidSteps","floor":40},{"not_picked":["Wallop_lor+1","RapidGashes+1","StructuralAnalysis+1","Standoff","SuppressingShot+1","BizarreAttack","DriedUp+1","ICanCookAnything+1","Dramatic Entrance+1"],"picked":"TheWillOfTheCity","floor":42},{"not_picked":["SmokingPipe","YouOnlyLiveOnce","FierceCharge","FocusFire+1","IngredientHunt+1","Standoff+1","DarkCloud+1","FlyingSword","Trip"],"picked":"BiAn+1","floor":42},{"not_picked":["Transpierce","MultiBlock+1","EnergyShield","Unlock1","CircusKnives+1","FlowOfTheSword+1","FierceCharge","Outburst+1","REME_EyeOfCthun"],"picked":"Leap_lor","floor":45},{"not_picked":["DesperateStruggle+1","WrathOfTorment","QuickSuppression","TheWillOfTheCity","EnergyShield+1","WillProduceFineSilk","WillBeTasty","SmokingPipe+1","Crow Ritual+1"],"picked":"Concentration","floor":45},{"not_picked":["DevastatingThrash","GreatSerpentsImpact","SuppressingShot","HiddenBlade","ClassAndRespect+1","VioletBlade","UpbeatPerformance","MultiHit+1","Secret Technique"],"picked":"BiAn+1","floor":46},{"not_picked":["LawAndOrder","Suppress","FaintMemories","MindWhip","ShockingBlow","Pound+1","BlindFaith","YoureTooSlow","REME_EyeOfCthun"],"picked":"FleetEdge","floor":46},{"not_picked":["Pound+1","EnergyStrike","DesperateStruggle","PreemptiveStrike+1","SuppressingShot+1","Wallop_lor+1","ChiWen","PuppetBlockade","ReplayTheSpireMod:Necrogeddon"],"picked":"WillBeTasty","floor":47},{"not_picked":["FeelinGood+1","SetFire+1","Parry+1","AsThePrescriptOrders+1","EnergyCycle+1","HighKick+1","CutIn","YouOnlyLiveOnce+1","Survey Options+1"],"picked":"CoordinatedAssault","floor":47},{"not_picked":["PinpointShot","HighKick+1","Multislash+1","UpbeatPerformance+1","Castigation","BizarreAttack+1","SinglePointStab+1","SkyClearingCut","Poisoned Strike"],"picked":"SilentMist+1","floor":48},{"not_picked":["IllEndYou","EndlessBattle","CombatPreparation","ElectricShock","LossOfSenses","BayonetCombat+1","SuanNi","SwordOfVolition+1","MultiHit","REME_MawOfCthun"],"picked":"SKIP","floor":48},{"not_picked":["RepressedFlesh","HiddenBlade+1","CumulusWall","MindWhip","WillOfThePrescript+1","Unlock1","SinglePointStab","SilentMist+1","Thinking Ahead"],"picked":"GrazeTheGrass+1","floor":55}],"player_experience":31843,"relics_obtained":[{"floor":6,"key":"Simple Rune"},{"floor":8,"key":"PageOfPorccubus"},{"floor":10,"key":"Pen Nib"},{"floor":17,"key":"Tiny Chest"},{"floor":17,"key":"Toy Ornithopter"},{"floor":23,"key":"PageOfSingingMachine"},{"floor":26,"key":"Bag of Preparation"},{"floor":27,"key":"Bottled Flame"},{"floor":31,"key":"Regal Pillow"},{"floor":40,"key":"Frozen Egg 2"},{"floor":43,"key":"Dream Catcher"},{"floor":55,"key":"PageOfApocalypseBird"}],"event_choices":[{"damage_healed":0,"gold_gain":100,"player_choice":"Gold","damage_taken":0,"max_hp_gain":0,"max_hp_loss":0,"event_name":"Wheel of Change","floor":4,"gold_loss":0}],"is_beta":false,"boss_relics":[{"not_picked":["REME_DemonsWealth","Replay:Ancient Bell"],"picked":"REME_LowDesire"},{"not_picked":["Honey Jar","Velvet Choker"],"picked":"Coffee Dripper"}],"items_purged_floors":[39],"is_endless":false,"potions_floor_spawned":[1,5,8,11,16,18,19,21,27,33,36,40,42,46,55],"ascension_level":0}}