{"host":"90jl2h70xtuoeg0i","time":1614323461,"event":{"mods":["AchievementEnabler","BaseMod","Colored Map","Colored Powertips","Minty Spire (QoL Compilation)","Relic Stats","ojb\u0027s Info Mod"],"gold_per_floor":[99,99,99,99,99,59,59,59,59,59,59,59,59,59,59,59,59],"floor_reached":16,"language":"ENG","playtime":1809,"items_purged":[],"score":236,"play_id":"40d0fbb5-8172-4193-a6b3-732cd983eeb3","local_time":"20210226021101","is_ascension_mode":true,"campfire_choices":[{"floor":12.0,"key":"REST"},{"floor":15,"key":"REST"}],"circlet_count":0,"master_deck":["AscendersBane","Strike_G","Strike_G","Strike_G","Strike_G","Strike_G","Defend_G","Defend_G","Defend_G","Defend_G","Defend_G","Survivor","Neutralize","Masterful Stab","Flying Knee","Dagger Throw","Underhanded Strike","Grand Finale","Predator","Expertise"],"relics":["Ectoplasm","Akabeko","Letter Opener","Calipers","Tingsha"],"acts_visited":["Exordium"],"potions_floor_usage":[16,16],"damage_taken":[{"damage":0.0,"enemies":"Cultist","floor":1.0,"turns":5.0},{"damage":0.0,"enemies":"2 Louse","floor":3.0,"turns":2.0},{"damage":0.0,"enemies":"Small Slimes","floor":4.0,"turns":3.0},{"damage":2.0,"enemies":"3 Louse","floor":5.0,"turns":3.0},{"damage":3.0,"enemies":"Looter","floor":6.0,"turns":3.0},{"damage":8.0,"enemies":"Exordium Wildlife","floor":7.0,"turns":4.0},{"damage":24.0,"enemies":"Gremlin Nob","floor":8.0,"turns":4.0},{"damage":0.0,"enemies":"Large Slime","floor":10.0,"turns":4.0},{"damage":19.0,"enemies":"Lagavulin","floor":11.0,"turns":8.0},{"damage":4.0,"enemies":"Lots of Slimes","floor":13.0,"turns":4.0},{"damage":6,"enemies":"3 Louse","floor":14,"turns":3},{"damage":38,"enemies":"Hexaghost","floor":16,"turns":8}],"seed_played":"8204982108260994172","potions_obtained":[{"floor":1.0,"key":"PowerPotion"},{"floor":3.0,"key":"Strength Potion"},{"floor":7.0,"key":"EntropicBrew"},{"floor":8.0,"key":"LiquidBronze"},{"floor":11.0,"key":"Explosive Potion"}],"is_trial":false,"path_per_floor":["M","?","M","M","M","M","M","E","T","M","E","R","M","M","R","B"],"character_chosen":"THE_SILENT","items_purchased":[],"campfire_rested":2,"item_purchase_floors":[],"current_hp_per_floor":[59,59,59,59,57,54,46,22,22,22,3,22,18,12,31,0,0],"gold":59,"neow_bonus":"BOSS_RELIC","is_daily":false,"chose_seed":false,"campfire_upgraded":0,"win_rate":0.0,"timestamp":1614323461,"path_taken":["M","?","M","?","M","M","M","E","T","M","E","R","M","M","R","BOSS"],"items_purchased_type":[],"build_version":"2020-12-22","purchased_purges":0,"victory":false,"max_hp_per_floor":[66,66,66,66,66,66,66,66,66,66,66,66,66,66,66,66,66],"relic_stats":{"counters":[12,51],"Tingsha":[18],"Ectoplasm":238,"Letter Opener":[5],"obtain_stats":[{"Calipers":9,"Tingsha":11,"Ectoplasm":0,"Letter Opener":8,"Akabeko":2,"Ring of the Snake":0},{"Calipers":7,"Tingsha":9,"Ectoplasm":0,"Letter Opener":7,"Akabeko":1,"Ring of the Snake":0},{"Calipers":24,"Tingsha":36,"Ectoplasm":0,"Letter Opener":24,"Akabeko":5,"Ring of the Snake":0}]},"card_choices":[{"not_picked":["Bane","Riddle With Holes"],"picked":"Masterful Stab","floor":1.0},{"not_picked":["Infinite Blades","Concentrate"],"picked":"Flying Knee","floor":3.0},{"not_picked":["Calculated Gamble","Backflip"],"picked":"Dagger Throw","floor":4.0},{"not_picked":["Slice","Prepared"],"picked":"Underhanded Strike","floor":5.0},{"not_picked":["Outmaneuver","Dodge and Roll"],"picked":"Grand Finale","floor":6.0},{"not_picked":["Quick Slash","Sucker Punch","Dodge and Roll"],"picked":"SKIP","floor":7.0},{"not_picked":["Bane","Distraction"],"picked":"Predator","floor":8.0},{"not_picked":["Infinite Blades","Poisoned Stab","Dodge and Roll"],"picked":"SKIP","floor":10.0},{"not_picked":["Accuracy","Masterful Stab","Bane"],"picked":"SKIP","floor":11.0},{"not_picked":["Finisher","Quick Slash"],"picked":"Expertise","floor":13.0},{"not_picked":["Bane","Deadly Poison","Flying Knee"],"picked":"SKIP","floor":14}],"player_experience":1509332,"relics_obtained":[{"floor":2.0,"key":"Akabeko"},{"floor":8.0,"key":"Letter Opener"},{"floor":9.0,"key":"Calipers"},{"floor":11.0,"key":"Tingsha"}],"event_choices":[{"damage_healed":0.0,"max_hp_gain":0.0,"max_hp_loss":0.0,"gold_gain":0.0,"event_name":"Wheel of Change","player_choice":"Relic","floor":2.0,"gold_loss":0.0,"damage_taken":0.0}],"is_beta":false,"boss_relics":[],"items_purged_floors":[],"is_endless":false,"potions_floor_spawned":[1,3,7,8,11],"killed_by":"Hexaghost","ascension_level":20}}