{"host":"std4gn17fijhzeq4","time":1614339040,"event":{"mods":["BaseMod","Minty Spire (QoL Compilation)","Replay The Spire","StSLib"],"gold_per_floor":[115,168,168,35,49,74,100,128,128,128,143,143,12,12,64,166,166,81,96,36,49,49,77,77,77,101,17,35,35,70,80,80,175,175,88,88,31,253,253,253,269,329,329,48,73,73,73,89,89,89],"floor_reached":51,"language":"ENG","playtime":5053,"items_purged":["Strike_P","Voices","Replay:AllIn"],"score":858,"play_id":"1be3cbb7-235c-43d5-a254-03ba640ee341","local_time":"20210226063040","is_ascension_mode":true,"campfire_choices":[{"data":"Eruption","floor":10.0,"key":"SMITH"},{"floor":12.0,"key":"REST"},{"data":"ReplayUltimateDefense","floor":29.0,"key":"SMITH"},{"floor":32,"key":"REST"},{"data":"Dramatic Entrance","floor":40,"key":"SMITH"},{"data":"ReplayTheSpireMod:Private Reserves","floor":47,"key":"SMITH"},{"data":"DevaForm","floor":49,"key":"SMITH"}],"circlet_count":0,"master_deck":["Eruption+1","Vigilance+1","FlurryOfBlows+1","CutThroughFate+1","FearNoEvil+1","Evaluate","Perseverance","DevaForm+1","Scrawl","Replay:AllIn","CutThroughFate","SashWhip","Conclude","Vault","MentalFortress","FollowUp","Devotion","ReplayUltimateDefense+1","FlyingSleeves","Wish","Study+1","MentalFortress","MentalFortress","Purity","Dramatic Entrance+1","ReplayTheSpireMod:Private Reserves+1","JustLucky+1","Pain"],"relics":["PureWater","Durian","Replay:Accelerometer","Juzu Bracelet","Replay:Rubber Ducky","Incense Burner","Replay:Wax Seal","ReplayTheSpireMod:CursedCoin","Mirror","Pandora\u0027s Box","MutagenicStrength","Red Mask","Lizard Tail","ReplayTheSpireMod:Lightbulb","InkBottle","Philosopher\u0027s Stone","Pear","Nunchaku","Akabeko","Bronze Scales","WarpedTongs"],"acts_visited":["Exordium","TheCity","TheBeyond"],"potions_floor_usage":[48,50,50],"damage_taken":[{"damage":0.0,"enemies":"Small Slimes","floor":1.0,"turns":3.0},{"damage":2.0,"enemies":"Jaw Worm","floor":5.0,"turns":2.0},{"damage":8.0,"enemies":"Gremlin Nob","floor":6.0,"turns":3.0},{"damage":4.0,"enemies":"3 Sentries","floor":8.0,"turns":6.0},{"damage":1.0,"enemies":"Cultist","floor":11.0,"turns":3.0},{"damage":18.0,"enemies":"Slime Boss","floor":16.0,"turns":7.0},{"damage":8.0,"enemies":"3 Byrds","floor":18.0,"turns":4.0},{"damage":0.0,"enemies":"Shell Parasite","floor":19.0,"turns":2.0},{"damage":0.0,"enemies":"Cultist and Chosen","floor":21.0,"turns":5.0},{"damage":9.0,"enemies":"Masked Bandits","floor":23.0,"turns":3.0},{"damage":1.0,"enemies":"Centurion and Healer","floor":28.0,"turns":6.0},{"damage":39.0,"enemies":"Slavers","floor":30.0,"turns":7.0},{"damage":2,"enemies":"Snake Plant","floor":31,"turns":5},{"damage":3,"enemies":"Collector","floor":33,"turns":7},{"damage":0,"enemies":"Orb Walker","floor":35,"turns":4},{"damage":0,"enemies":"3 Darklings","floor":41,"turns":4},{"damage":0,"enemies":"Nemesis","floor":42,"turns":6},{"damage":0,"enemies":"Reptomancer","floor":45,"turns":5},{"damage":2,"enemies":"Writhing Mass","floor":48,"turns":4},{"damage":3,"enemies":"Replay:Hell Engine","floor":50,"turns":6}],"seed_played":"4978351482221467494","potions_obtained":[{"floor":2.0,"key":"Elixir"},{"floor":2.0,"key":"FairyPotion"},{"floor":2.0,"key":"Strength Potion"},{"floor":5.0,"key":"Energy Potion"},{"floor":6.0,"key":"BottledMiracle"},{"floor":16.0,"key":"Dexterity Potion"},{"floor":28.0,"key":"DuplicationPotion"},{"floor":30.0,"key":"EssenceOfSteel"},{"floor":31,"key":"Dexterity Potion"},{"floor":33,"key":"FairyPotion"},{"floor":41,"key":"Fruit Juice"},{"floor":48,"key":"AttackPotion"}],"is_trial":false,"path_per_floor":["M","?","?","$","M","E","T","E","T","R","M","R","$","?","R","B",null,"M","M","?","M","?","?","?","?","T","$","M","R","E","M","R","B",null,"M","?","$","?","?","R","M","E","T","$","E","?","R","M","R","B",null],"character_chosen":"WATCHER","items_purchased":["FearNoEvil+1","Replay:Wax Seal","ReplayTheSpireMod:CursedCoin","Mirror","ReplayUltimateDefense","MentalFortress","Akabeko"],"campfire_rested":2,"item_purchase_floors":[4,13,13,13,27,37,44],"current_hp_per_floor":[70,53,53,53,51,43,43,39,39,39,38,59,59,45,45,27,59,51,51,51,51,51,42,42,42,42,42,41,41,2,21,42,39,62,62,62,62,62,52,52,52,62,62,62,62,62,62,65,65,62],"gold":89,"neow_bonus":"ONE_RARE_RELIC","is_daily":false,"chose_seed":false,"campfire_upgraded":5,"win_rate":0.0,"timestamp":1614339040,"path_taken":["M","?","?","$","M","E","?","E","T","R","M","R","?","?","R","BOSS","M","M","?","M","?","?","?","?","T","$","M","R","E","M","R","BOSS","M","?","?","?","?","R","M","E","T","$","E","?","R","M","R","BOSS"],"items_purchased_type":["Card","Relic","Relic","Relic","Card","Card","Relic"],"build_version":"2020-12-22","purchased_purges":3,"victory":true,"max_hp_per_floor":[70,70,70,70,70,70,70,70,70,70,70,70,70,70,70,70,70,70,70,70,70,70,70,70,70,70,70,70,70,70,70,70,70,70,70,70,70,70,70,70,70,80,80,80,80,80,80,85,85,85],"card_choices":[{"not_picked":["SashWhip","Replay:AtTheReady"],"picked":"FlurryOfBlows","floor":1.0},{"not_picked":["Weave","WreathOfFlame"],"picked":"CutThroughFate","floor":2.0},{"not_picked":["Fasting2","FlurryOfBlows"],"picked":"Evaluate","floor":5.0},{"not_picked":["Replay:ManipulateFuture","Meditate"],"picked":"Perseverance","floor":6.0},{"not_picked":["CutThroughFate","EmptyBody","Halt"],"picked":"SKIP","floor":8.0},{"not_picked":["CrushJoints","Brilliance","CutThroughFate"],"picked":"SKIP","floor":11.0},{"not_picked":["MasterReality","Ragnarok"],"picked":"DevaForm","floor":16.0},{"not_picked":["WindmillStrike+1","SashWhip+1"],"picked":"MentalFortress","floor":18.0},{"not_picked":["ThirdEye","Replay:AtTheReady"],"picked":"FollowUp","floor":19.0},{"not_picked":["FlurryOfBlows","CutThroughFate+1","Protect"],"picked":"SKIP","floor":21.0},{"not_picked":["Evaluate","ThirdEye"],"picked":"Devotion","floor":23.0},{"not_picked":["Indignation","BowlingBash","FollowUp"],"picked":"SKIP","floor":28.0},{"not_picked":["InnerPeace","Swivel"],"picked":"FlyingSleeves","floor":30.0},{"not_picked":["FlyingSleeves","Sanctity","Replay:Anticipation+1"],"picked":"SKIP","floor":31},{"not_picked":["Blasphemy","DeusExMachina"],"picked":"Wish","floor":33},{"not_picked":["Consecrate","WindmillStrike"],"picked":"Study+1","floor":35},{"not_picked":["Finesse","Blind"],"picked":"Purity","floor":39},{"not_picked":["Bandage Up","Midas Touch"],"picked":"Dramatic Entrance","floor":39},{"not_picked":["Deep Breath","ReplayTheSpireMod:Trickstab"],"picked":"ReplayTheSpireMod:Private Reserves","floor":39},{"not_picked":["Perseverance","Replay:BluntJabs+1","Collect+1"],"picked":"SKIP","floor":41},{"not_picked":["SandsOfTime+1","BowlingBash","ThirdEye+1"],"picked":"SKIP","floor":42},{"not_picked":["Indignation","Wireheading"],"picked":"JustLucky+1","floor":45},{"not_picked":["PathToVictory","EmptyBody+1","EmptyFist+1"],"picked":"SKIP","floor":48}],"player_experience":339688,"relics_obtained":[{"floor":6.0,"key":"Replay:Accelerometer"},{"floor":7.0,"key":"Juzu Bracelet"},{"floor":8.0,"key":"Replay:Rubber Ducky"},{"floor":9.0,"key":"Incense Burner"},{"floor":23.0,"key":"Red Mask"},{"floor":26.0,"key":"ReplayTheSpireMod:Lightbulb"},{"floor":30.0,"key":"InkBottle"},{"floor":42,"key":"Pear"},{"floor":43,"key":"Nunchaku"},{"floor":45,"key":"Bronze Scales"}],"event_choices":[{"damage_healed":0.0,"max_hp_gain":0.0,"max_hp_loss":0.0,"gold_gain":0.0,"event_name":"Shining Light","player_choice":"Entered Light","floor":14.0,"gold_loss":0.0,"damage_taken":14.0,"cards_upgraded":["FlurryOfBlows","CutThroughFate"]},{"damage_healed":0.0,"max_hp_gain":0.0,"max_hp_loss":0.0,"gold_gain":0.0,"event_name":"Drug Dealer","player_choice":"Inject Mutagens","floor":22.0,"gold_loss":0.0,"damage_taken":0.0,"relics_obtained":["MutagenicStrength"]},{"damage_healed":0.0,"max_hp_gain":0.0,"max_hp_loss":0.0,"gold_gain":0.0,"event_name":"Masked Bandits","player_choice":"Fought Bandits","floor":23.0,"gold_loss":0.0,"damage_taken":0.0},{"damage_healed":0.0,"max_hp_gain":0.0,"max_hp_loss":0.0,"gold_gain":0.0,"event_name":"Ghosts","player_choice":"Ignored","floor":24.0,"gold_loss":0.0,"damage_taken":0.0},{"damage_healed":0.0,"max_hp_gain":0.0,"max_hp_loss":0.0,"gold_gain":0.0,"event_name":"Addict","player_choice":"Stole Relic","floor":25.0,"gold_loss":0.0,"damage_taken":0.0,"relics_obtained":["Lizard Tail"],"cards_obtained":["Shame"]},{"cards_removed":["Shame"],"damage_healed":0,"gold_gain":0,"player_choice":"Purged","damage_taken":0,"max_hp_gain":0,"max_hp_loss":0,"event_name":"Purifier","floor":36,"gold_loss":0},{"damage_healed":0,"gold_gain":222,"player_choice":"Wore Mask","damage_taken":0,"max_hp_gain":0,"max_hp_loss":0,"event_name":"Tomb of Lord Red Mask","floor":38,"gold_loss":0},{"damage_healed":0,"gold_gain":0,"player_choice":"Memory 3","damage_taken":10,"max_hp_gain":0,"max_hp_loss":0,"event_name":"SensoryStone","floor":39,"gold_loss":0},{"damage_healed":0,"gold_gain":0,"player_choice":"Rummage","damage_taken":0,"relics_obtained":["WarpedTongs"],"max_hp_gain":0,"max_hp_loss":0,"event_name":"Accursed Blacksmith","floor":46,"gold_loss":0,"cards_obtained":["Pain"]}],"is_beta":false,"boss_relics":[{"not_picked":["Painkiller Herb","Honey Jar"],"picked":"Pandora\u0027s Box"},{"not_picked":["Snecko Eye","Replay:Bronze Core"],"picked":"Philosopher\u0027s Stone"}],"items_purged_floors":[4,13,44],"is_endless":false,"potions_floor_spawned":[5,6,16,28,30,31,33,41,42,48],"ascension_level":8}}