{"host":"b5616rc011fmdz76","time":1614358126,"event":{"mods":["AchievementEnabler","BaseMod","Duelist Mod","GifTheSpireLib","Hermit","Infinite Spire","Minty Spire (QoL Compilation)","Replay The Spire","Shop Mod","StSLib","The Administrix","The Bug Knight","The Cursed","The Disciple","The Hierophant","The Necromancer","The Runesmith","The Servant 0.9.4","???Mod??????Boss"],"gold_per_floor":[118,118,8,18,18,45,45,60,84,39,39,39,39,64,64,162,162,162,162],"floor_reached":18,"language":"PTB","playtime":996,"items_purged":[],"score":191,"play_id":"a1672ce8-e1cc-4367-8cda-16b0b3cc7575","local_time":"20210226134846","is_ascension_mode":false,"campfire_choices":[{"data":"AdministrixMod:Convergence","floor":7,"key":"SMITH"},{"data":"AdministrixMod:NoblePath","floor":11,"key":"SMITH"},{"data":"AdministrixMod:HiddenPower","floor":15,"key":"SMITH"}],"circlet_count":0,"master_deck":["AdministrixMod:Strike_Administrix","AdministrixMod:Strike_Administrix+1","AdministrixMod:Strike_Administrix","AdministrixMod:Strike_Administrix","AdministrixMod:RedCloak","AdministrixMod:Defend_Administrix","AdministrixMod:Defend_Administrix","AdministrixMod:Defend_Administrix","AdministrixMod:Defend_Administrix","AdministrixMod:BlueCloak","AdministrixMod:SeventeenArticleLaser+1","AdministrixMod:HiddenPower+1","AdministrixMod:PlateOfAntiquity+1","AdministrixMod:Convergence+1","AdministrixMod:UnstableVigor","AdministrixMod:NoblePath+1","AdministrixMod:CrackingPangu","AdministrixMod:DiversionaryTactic","AdministrixMod:DeathByGlamour"],"relics":["AdministrixMod:ConductorRitualBaton","NeowsBlessing","Replay:Wax Seal","Strawberry","Mirror","Runic Pyramid"],"acts_visited":["Exordium","TheCity"],"potions_floor_usage":[14,14,16],"damage_taken":[{"damage":0,"enemies":"Jaw Worm","floor":1,"turns":1},{"damage":0,"enemies":"Cultist","floor":4,"turns":1},{"damage":0,"enemies":"Lagavulin","floor":6,"turns":2},{"damage":0,"enemies":"Small Slimes","floor":8,"turns":3},{"damage":13,"enemies":"3 Sentries","floor":14,"turns":4},{"damage":39,"enemies":"Hexaghost","floor":16,"turns":8},{"damage":0,"enemies":"Chosen","floor":18,"turns":4}],"seed_played":"-8014113137706617928","potions_obtained":[{"floor":4,"key":"BlessingOfTheForge"},{"floor":6,"key":"Fire Potion"},{"floor":8,"key":"PowerPotion"},{"floor":16,"key":"Fire Potion"}],"is_trial":false,"path_per_floor":["M","?","$","M","?","E","R","M","T","$","R","?","?","E","R","B",null,"M"],"character_chosen":"TheAdministrix","items_purchased":["AdministrixMod:HiddenPower","AdministrixMod:PlateOfAntiquity+1","AdministrixMod:CrackingPangu"],"campfire_rested":0,"item_purchase_floors":[3,3,10],"current_hp_per_floor":[65,65,65,65,65,65,65,65,72,72,72,72,72,59,59,20,72,72,72],"gold":162,"neow_bonus":"THREE_ENEMY_KILL","is_daily":false,"chose_seed":false,"campfire_upgraded":3,"win_rate":0.0,"timestamp":1614358126,"path_taken":["M","?","$","?","?","E","R","M","T","?","R","?","?","E","R","BOSS","M"],"items_purchased_type":["Card","Card","Card"],"build_version":"2020-12-22","purchased_purges":0,"victory":false,"max_hp_per_floor":[65,65,65,65,65,65,65,65,72,72,72,72,72,72,72,72,72,72,72],"card_choices":[{"not_picked":["AdministrixMod:QuietConspiracy","AdministrixMod:ReachToHeaven"],"picked":"AdministrixMod:SeventeenArticleLaser","floor":1},{"not_picked":["AdministrixMod:PassageOfAges","AdministrixMod:FuneraryRites"],"picked":"AdministrixMod:Convergence","floor":4},{"not_picked":["AdministrixMod:SeventeenArticleLaser","AdministrixMod:ReachToHeaven"],"picked":"AdministrixMod:UnstableVigor","floor":6},{"not_picked":["AdministrixMod:Wuji","AdministrixMod:RegentEdict"],"picked":"AdministrixMod:NoblePath","floor":8},{"not_picked":["AdministrixMod:ChooseYourEnd","AdministrixMod:Transition"],"picked":"AdministrixMod:DiversionaryTactic","floor":14},{"not_picked":["AdministrixMod:TenDesires","AdministrixMod:HopeInTheDark"],"picked":"AdministrixMod:DeathByGlamour","floor":16}],"player_experience":169367,"relics_obtained":[{"floor":6,"key":"Replay:Wax Seal"},{"floor":9,"key":"Strawberry"},{"floor":14,"key":"Mirror"}],"event_choices":[{"damage_healed":0,"gold_gain":0,"player_choice":"Upgraded","damage_taken":0,"max_hp_gain":0,"max_hp_loss":0,"event_name":"Upgrade Shrine","floor":2,"gold_loss":0,"cards_upgraded":["AdministrixMod:SeventeenArticleLaser"]},{"damage_healed":0,"gold_gain":0,"player_choice":"Ignored","damage_taken":0,"max_hp_gain":0,"max_hp_loss":0,"event_name":"Purifier","floor":5,"gold_loss":0},{"damage_healed":0,"gold_gain":0,"player_choice":"Ignored","damage_taken":0,"max_hp_gain":0,"max_hp_loss":0,"event_name":"Liars Game","floor":12,"gold_loss":0}],"is_beta":false,"boss_relics":[{"not_picked":["Runic Dome","Cursed Key"],"picked":"Runic Pyramid"}],"items_purged_floors":[],"is_endless":false,"potions_floor_spawned":[4,6,8,16],"killed_by":"Chosen","ascension_level":0}}