{"host":"q4axc00jr2bozlh9","time":1614342029,"event":{"mods":["AchievementEnabler","BaseMod","Bestiary","Colored Map","Colored Powertips","Curses Come First","Minty Spire (QoL Compilation)","Relic Stats","StSLib","SuperFastMode","UnlockEverythingMod"],"gold_per_floor":[115,190,200,214,214,244,244,277,353,353,369,369,382,420,420,544,544,569,589,589,257,282,318,343,361,361,276,276,301,320,320,320,446,446,470,470,185,205,220,220,251,251,251,287,287,307,345,360,360,360,360,360,0,35,35],"floor_reached":56,"language":"ENG","playtime":2777,"items_purged":["Defend_R","Defend_R","Strike_R"],"score":1554,"play_id":"b008c7fd-faf9-4b73-a772-ef916790bea6","local_time":"20210226132029","is_ascension_mode":false,"campfire_choices":[{"data":"Apotheosis","floor":7,"key":"SMITH"},{"floor":15,"key":"REST"},{"floor":28,"key":"REST"},{"floor":32,"key":"RECALL"},{"data":"Demon Form","floor":40,"key":"SMITH"},{"data":"Limit Break","floor":42,"key":"SMITH"},{"data":"Battle Trance","floor":49,"key":"SMITH"},{"data":"Disarm","floor":52,"key":"SMITH"}],"circlet_count":0,"master_deck":["Defend_R","Defend_R","Bash","Apotheosis+1","Cleave","Battle Trance+1","Infernal Blade","Demon Form+1","Second Wind","True Grit","Inflame","Limit Break+1","Pommel Strike","Shrug It Off","Intimidate","Seeing Red","Exhume","Heavy Blade+1","Disarm+1","Power Through"],"relics":["Burning Blood","Thread and Needle","Art of War","StrikeDummy","Golden Idol","Gremlin Horn","Blood Vial","SlaversCollar","Membership Card","Paper Frog","Letter Opener","Singing Bowl","Busted Crown","Lantern","Self Forming Clay","Sundial","Eternal Feather","Pantograph","The Courier","Oddly Smooth Stone","Vajra","Frozen Eye","Bag of Preparation","Anchor","Centennial Puzzle"],"acts_visited":["Exordium","TheCity","TheBeyond","TheEnding"],"potions_floor_usage":[11,11,11,11,11,23,25,33,36,41,44,46,50,54,55,55],"damage_taken":[{"damage":8,"enemies":"Small Slimes","floor":1,"turns":3},{"damage":3,"enemies":"Jaw Worm","floor":3,"turns":4},{"damage":0,"enemies":"2 Louse","floor":4,"turns":3},{"damage":23,"enemies":"Gremlin Nob","floor":6,"turns":5},{"damage":11,"enemies":"3 Sentries","floor":8,"turns":7},{"damage":3,"enemies":"Looter","floor":11,"turns":2},{"damage":4,"enemies":"2 Fungi Beasts","floor":13,"turns":3},{"damage":0,"enemies":"Lagavulin","floor":14,"turns":7},{"damage":30,"enemies":"Hexaghost","floor":16,"turns":8},{"damage":0,"enemies":"Shell Parasite","floor":18,"turns":7},{"damage":13,"enemies":"Spheric Guardian","floor":19,"turns":6},{"damage":22,"enemies":"Snake Plant","floor":22,"turns":6},{"damage":19,"enemies":"Gremlin Leader","floor":23,"turns":5},{"damage":19,"enemies":"Shelled Parasite and Fungi","floor":24,"turns":7},{"damage":2,"enemies":"Snecko","floor":25,"turns":5},{"damage":8,"enemies":"Cultist and Chosen","floor":29,"turns":6},{"damage":0,"enemies":"3 Cultists","floor":30,"turns":3},{"damage":0,"enemies":"Automaton","floor":33,"turns":5},{"damage":6,"enemies":"3 Shapes","floor":35,"turns":6},{"damage":2,"enemies":"3 Darklings","floor":38,"turns":3},{"damage":9,"enemies":"4 Shapes","floor":39,"turns":3},{"damage":5,"enemies":"Reptomancer","floor":41,"turns":5},{"damage":28,"enemies":"Nemesis","floor":44,"turns":7},{"damage":28,"enemies":"Sphere and 2 Shapes","floor":46,"turns":4},{"damage":0,"enemies":"Giant Head","floor":47,"turns":6},{"damage":5,"enemies":"Maw","floor":48,"turns":6},{"damage":23,"enemies":"Awakened One","floor":50,"turns":7},{"damage":8,"enemies":"Shield and Spear","floor":54,"turns":5},{"damage":19,"enemies":"The Heart","floor":55,"turns":7}],"seed_played":"-1449929688260574184","potions_obtained":[{"floor":1,"key":"Dexterity Potion"},{"floor":4,"key":"EntropicBrew"},{"floor":6,"key":"Weak Potion"},{"floor":18,"key":"LiquidBronze"},{"floor":22,"key":"Strength Potion"},{"floor":25,"key":"Strength Potion"},{"floor":33,"key":"SteroidPotion"},{"floor":36,"key":"Fruit Juice"},{"floor":36,"key":"EntropicBrew"},{"floor":38,"key":"EssenceOfSteel"},{"floor":41,"key":"Energy Potion"},{"floor":44,"key":"Strength Potion"},{"floor":47,"key":"SkillPotion"}],"is_trial":false,"path_per_floor":["M","?","M","M","?","E","R","E","T","?","M","T","M","E","R","B",null,"M","M","?","$","M","E","M","M","T","?","R","M","M","?","R","B",null,"M","?","$","M","M","R","E","R","T","E","?","M","E","M","R","B",null,"R","$","E","B",null],"character_chosen":"IRONCLAD","items_purchased":["Membership Card","Paper Frog","Shrug It Off","Lantern","Self Forming Clay","Disarm","Oddly Smooth Stone","Vajra","Frozen Eye","Bag of Preparation","Anchor"],"campfire_rested":2,"item_purchase_floors":[21,21,21,37,37,37,53,53,53,53,53],"current_hp_per_floor":[54,43,46,52,45,28,28,23,23,23,40,40,42,48,70,48,74,74,67,67,67,53,42,31,37,37,37,59,59,69,69,69,76,76,76,81,81,83,82,82,87,87,87,67,67,49,59,64,76,78,95,95,95,95,84],"gold":35,"neow_bonus":"RANDOM_COLORLESS_2","is_daily":false,"chose_seed":false,"campfire_upgraded":5,"win_rate":0.0,"timestamp":1614342029,"path_taken":["M","?","M","M","?","E","R","E","T","?","M","?","M","E","R","BOSS","M","M","?","$","?","E","M","M","T","?","R","M","M","?","R","BOSS","M","?","?","M","M","R","E","R","T","E","?","?","E","M","R","BOSS","R","$","E","BOSS"],"items_purchased_type":["Relic","Relic","Card","Relic","Relic","Card","Relic","Relic","Relic","Relic","Relic"],"build_version":"2020-12-22","purchased_purges":3,"victory":true,"max_hp_per_floor":[80,80,80,80,80,80,80,80,80,74,74,74,74,74,74,74,74,74,74,74,74,74,74,74,74,74,74,74,74,76,76,76,76,76,76,81,81,83,85,85,87,87,87,89,89,91,93,95,95,95,95,95,95,97,97],"relic_stats":{"Gremlin Horn":[20,29],"Singing Bowl":18,"counters":[29,151],"Golden Idol":201,"Self Forming Clay":[63],"Eternal Feather":12,"Bag of Preparation":[4],"Letter Opener":[418],"Burning Blood":163,"Blood Vial":24,"Centennial Puzzle":[3],"Busted Crown":18,"Sundial":[8],"Pantograph":21,"Art of War":[20],"obtain_stats":[{"Lantern":37,"Gremlin Horn":12,"Singing Bowl":27,"Vajra":53,"Bag of Preparation":53,"Burning Blood":0,"Blood Vial":14,"Frozen Eye":53,"Centennial Puzzle":54,"Sundial":41,"Pantograph":44,"Paper Frog":21,"Golden Idol":10,"Self Forming Clay":37,"Oddly Smooth Stone":53,"Thread and Needle":6,"Eternal Feather":43,"The Courier":47,"Letter Opener":23,"SlaversCollar":17,"Anchor":53,"Busted Crown":34,"Art of War":8,"Membership Card":21,"StrikeDummy":9},{"Lantern":19,"Gremlin Horn":6,"Singing Bowl":15,"Vajra":27,"Bag of Preparation":27,"Burning Blood":0,"Blood Vial":8,"Frozen Eye":27,"Centennial Puzzle":28,"Sundial":22,"Pantograph":23,"Paper Frog":11,"Golden Idol":5,"Self Forming Clay":19,"Oddly Smooth Stone":27,"Thread and Needle":4,"Eternal Feather":22,"The Courier":25,"Letter Opener":13,"SlaversCollar":9,"Anchor":27,"Busted Crown":18,"Art of War":5,"Membership Card":11,"StrikeDummy":5},{"Lantern":98,"Gremlin Horn":24,"Singing Bowl":78,"Vajra":139,"Bag of Preparation":139,"Burning Blood":0,"Blood Vial":34,"Frozen Eye":139,"Centennial Puzzle":144,"Sundial":109,"Pantograph":116,"Paper Frog":55,"Golden Idol":22,"Self Forming Clay":98,"Oddly Smooth Stone":139,"Thread and Needle":15,"Eternal Feather":109,"The Courier":126,"Letter Opener":66,"SlaversCollar":42,"Anchor":139,"Busted Crown":92,"Art of War":22,"Membership Card":55,"StrikeDummy":22}]},"card_choices":[{"not_picked":["The Bomb","Master of Strategy"],"picked":"Apotheosis","floor":0},{"not_picked":["Havoc","Sword Boomerang"],"picked":"Cleave","floor":1},{"not_picked":["Warcry","Wild Strike"],"picked":"Battle Trance","floor":3},{"not_picked":["Sentinel","Wild Strike"],"picked":"Infernal Blade","floor":4},{"not_picked":["Havoc","Combust"],"picked":"Demon Form","floor":6},{"not_picked":["Sentinel","Combust"],"picked":"Second Wind","floor":8},{"not_picked":["Anger","Warcry"],"picked":"True Grit","floor":11},{"not_picked":["Combust","Twin Strike"],"picked":"Inflame","floor":13},{"not_picked":["Bloodletting","Iron Wave","Blood for Blood"],"picked":"SKIP","floor":14},{"not_picked":["Juggernaut","Offering"],"picked":"Limit Break","floor":16},{"not_picked":["Dual Wield","Sever Soul","Iron Wave"],"picked":"SKIP","floor":18},{"not_picked":["Rampage","Headbutt","Blood for Blood"],"picked":"SKIP","floor":19},{"not_picked":["Warcry","Body Slam","Iron Wave"],"picked":"SKIP","floor":22},{"not_picked":["Armaments+1","Pummel","Battle Trance+1"],"picked":"SKIP","floor":23},{"not_picked":["Offering","Second Wind"],"picked":"Intimidate","floor":24},{"not_picked":["Headbutt","Rupture","Shockwave"],"picked":"SKIP","floor":25},{"not_picked":["Anger+1","Clash"],"picked":"Seeing Red","floor":29},{"not_picked":["Blood for Blood","Perfected Strike","Anger"],"picked":"Singing Bowl","floor":30},{"not_picked":["Limit Break","Bludgeon"],"picked":"Exhume","floor":33},{"not_picked":[],"picked":"Heavy Blade+1","floor":35},{"not_picked":["Pommel Strike+1"],"picked":"Singing Bowl","floor":38},{"not_picked":["Sword Boomerang"],"picked":"Singing Bowl","floor":39},{"not_picked":["Double Tap"],"picked":"Singing Bowl","floor":41},{"not_picked":["Heavy Blade+1"],"picked":"Singing Bowl","floor":44},{"not_picked":["Clothesline"],"picked":"Singing Bowl","floor":46},{"not_picked":["Twin Strike"],"picked":"Singing Bowl","floor":47},{"not_picked":["Flex"],"picked":"Singing Bowl","floor":48},{"not_picked":["Power Through+1"],"picked":"Singing Bowl","floor":54}],"player_experience":296835,"relics_obtained":[{"floor":6,"key":"Thread and Needle"},{"floor":8,"key":"Art of War"},{"floor":9,"key":"StrikeDummy"},{"floor":12,"key":"Gremlin Horn"},{"floor":14,"key":"Blood Vial"},{"floor":23,"key":"Letter Opener"},{"floor":41,"key":"Sundial"},{"floor":43,"key":"Eternal Feather"},{"floor":44,"key":"Pantograph"},{"floor":47,"key":"The Courier"},{"floor":54,"key":"Centennial Puzzle"}],"event_choices":[{"damage_healed":0,"gold_gain":75,"player_choice":"Gather Gold","damage_taken":11,"max_hp_gain":0,"max_hp_loss":0,"event_name":"World of Goop","floor":2,"gold_loss":0},{"cards_removed":["Strike_R"],"damage_healed":0,"gold_gain":0,"player_choice":"Card Removal","damage_taken":7,"max_hp_gain":0,"max_hp_loss":0,"event_name":"Golden Wing","floor":5,"gold_loss":0},{"damage_healed":0,"gold_gain":0,"player_choice":"Lose Max HP","damage_taken":0,"relics_obtained":["Golden Idol"],"max_hp_gain":0,"max_hp_loss":6,"event_name":"Golden Idol","floor":10,"gold_loss":0},{"damage_healed":0,"gold_gain":0,"cards_transformed":["Strike_R"],"player_choice":"Transformed","damage_taken":0,"max_hp_gain":0,"max_hp_loss":0,"event_name":"Transmorgrifier","floor":20,"gold_loss":0,"cards_obtained":["Pommel Strike"]},{"damage_healed":0,"gold_gain":0,"player_choice":"Obtained Relic","damage_taken":0,"relics_obtained":["Singing Bowl"],"max_hp_gain":0,"max_hp_loss":0,"event_name":"Addict","floor":27,"gold_loss":85},{"cards_removed":["Strike_R"],"damage_healed":0,"gold_gain":0,"player_choice":"Elegance","damage_taken":0,"max_hp_gain":0,"max_hp_loss":0,"event_name":"Back to Basics","floor":31,"gold_loss":0},{"damage_healed":0,"gold_gain":0,"player_choice":"Got Potions","damage_taken":0,"max_hp_gain":0,"max_hp_loss":0,"event_name":"Lab","floor":36,"gold_loss":0},{"damage_healed":0,"gold_gain":0,"cards_transformed":["Strike_R"],"player_choice":"Transformed","damage_taken":0,"max_hp_gain":0,"max_hp_loss":0,"event_name":"Transmorgrifier","floor":45,"gold_loss":0,"cards_obtained":["Power Through"]}],"is_beta":false,"boss_relics":[{"not_picked":["Runic Pyramid","SacredBark"],"picked":"SlaversCollar"},{"not_picked":["Sozu","Snecko Eye"],"picked":"Busted Crown"}],"items_purged_floors":[21,37,53],"is_endless":false,"potions_floor_spawned":[1,4,6,18,22,25,33,38,41,44,47],"ascension_level":0}}