{"host":"tyn27qd7gau91f81","time":1614321951,"event":{"mods":["BaseMod","Colored Map","Minty Spire (QoL Compilation)","Permanent Neow","Relic Stats","StSLib","everything is the same but u backflip on backflip"],"gold_per_floor":[116,126,401,2,19,19,48,2,2,34,47,47,47,62,62,161,161,174,11,110,110,78,105,105,116,143,177,13,13,13,30,30,132,132,147,147,200,211,229,254,254,279,305,305,330,353,377,11,11,11,11,11,11,43,43,43],"floor_reached":55,"language":"ENG","playtime":8686,"items_purged":["Regret","Strike_B","Strike_B"],"score":928,"play_id":"302d9be1-be33-40cc-83e0-0b2f5141f763","local_time":"20210225224551","is_ascension_mode":false,"campfire_choices":[{"data":"Defragment","floor":6,"key":"SMITH"},{"data":"Echo Form","floor":13,"key":"SMITH"},{"data":"Fusion","floor":15,"key":"SMITH"},{"data":"Fission","floor":24,"key":"SMITH"},{"data":"Sunder","floor":30,"key":"SMITH"},{"data":"Coolheaded","floor":32,"key":"SMITH"},{"floor":49,"key":"RECALL"},{"data":"Coolheaded","floor":52,"key":"SMITH"}],"circlet_count":0,"master_deck":["Defend_B","Defend_B+1","Defend_B","Defend_B","Zap+1","Dualcast","Coolheaded+1","BootSequence","Defragment+1","Chill","Doom and Gloom","Rebound","Capacitor","Coolheaded+1","Echo Form+1","Fusion+1","Fission+1","Turbo","Defragment+1","Ball Lightning","Sunder+1","Capacitor","Electrodynamics","Chaos+1","Consume","Ball Lightning+1","Chaos+1","Storm+1","Redo+1","Blizzard","Chrysalis"],"relics":["FrozenCore","Bag of Preparation","Membership Card","War Paint","DataDisk","Sundial","Pear","DollysMirror","Nilry\u0027s Codex","Blood Vial","Bronze Scales","Medical Kit","Black Star","Lizard Tail","Happy Flower","Bag of Marbles","Juzu Bracelet","Kunai","Orichalcum","MawBank","Akabeko","Strawberry","Meat on the Bone","White Beast Statue","Toy Ornithopter"],"acts_visited":["Exordium","TheCity","TheBeyond","TheEnding"],"potions_floor_usage":[7,11,22,33,37,40,50,55,55],"damage_taken":[{"damage":1,"enemies":"Jaw Worm","floor":1,"turns":3},{"damage":0,"enemies":"Cultist","floor":2,"turns":4},{"damage":0,"enemies":"2 Louse","floor":5,"turns":3},{"damage":2,"enemies":"Lagavulin","floor":7,"turns":8},{"damage":3,"enemies":"3 Sentries","floor":10,"turns":5},{"damage":1,"enemies":"Lots of Slimes","floor":11,"turns":4},{"damage":0,"enemies":"Exordium Thugs","floor":14,"turns":6},{"damage":22,"enemies":"The Guardian","floor":16,"turns":12},{"damage":0,"enemies":"Shell Parasite","floor":18,"turns":5},{"damage":0,"enemies":"2 Thieves","floor":22,"turns":5},{"damage":1,"enemies":"Book of Stabbing","floor":23,"turns":8},{"damage":4,"enemies":"Chosen and Byrds","floor":25,"turns":6},{"damage":23,"enemies":"Gremlin Leader","floor":27,"turns":6},{"damage":0,"enemies":"3 Cultists","floor":31,"turns":5},{"damage":0,"enemies":"Champ","floor":33,"turns":9},{"damage":1,"enemies":"3 Shapes","floor":35,"turns":5},{"damage":9,"enemies":"2 Orb Walkers","floor":37,"turns":6},{"damage":2,"enemies":"Orb Walker","floor":38,"turns":3},{"damage":0,"enemies":"Maw","floor":39,"turns":7},{"damage":0,"enemies":"Reptomancer","floor":40,"turns":6},{"damage":4,"enemies":"Giant Head","floor":42,"turns":9},{"damage":47,"enemies":"Nemesis","floor":45,"turns":5},{"damage":20,"enemies":"Transient","floor":46,"turns":5},{"damage":5,"enemies":"Spire Growth","floor":47,"turns":5},{"damage":30,"enemies":"Time Eater","floor":50,"turns":10},{"damage":20,"enemies":"Shield and Spear","floor":54,"turns":3},{"damage":86,"enemies":"The Heart","floor":55,"turns":6}],"seed_played":"-9002893603736097671","potions_obtained":[{"floor":2,"key":"DistilledChaos"},{"floor":5,"key":"DuplicationPotion"},{"floor":16,"key":"LiquidBronze"},{"floor":18,"key":"PotionOfCapacity"},{"floor":22,"key":"GamblersBrew"},{"floor":27,"key":"Block Potion"},{"floor":33,"key":"SteroidPotion"},{"floor":39,"key":"SkillPotion"},{"floor":42,"key":"Strength Potion"},{"floor":47,"key":"SkillPotion"},{"floor":54,"key":"GamblersBrew"}],"is_trial":false,"path_per_floor":["M","M","?","$","M","R","E","$","T","E","M","?","R","M","R","B",null,"M","$","?","?","M","E","R","M","T","E","$","?","R","M","R","B",null,"M","?","?","M","M","E","?","E","T","?","E","M","M","$","R","B",null,"R","$","E","B"],"character_chosen":"DEFECT","items_purchased":["Membership Card","Defragment","Chill","Doom and Gloom","War Paint","Capacitor","Coolheaded","DollysMirror","DistilledChaos","Medical Kit","Ball Lightning","Sunder","Capacitor","Strawberry","Meat on the Bone","Blizzard","Chrysalis"],"campfire_rested":0,"item_purchase_floors":[4,4,4,4,4,8,8,19,19,28,28,28,28,48,48,48,48],"current_hp_per_floor":[74,74,74,74,74,74,72,72,72,79,78,78,78,78,78,56,85,85,85,85,69,69,68,68,66,66,45,45,45,45,47,47,49,85,84,84,76,76,78,80,80,78,78,78,33,15,12,19,19,49,92,92,92,72,0,0],"gold":43,"neow_bonus":"RANDOM_COMMON_RELIC","is_daily":false,"chose_seed":false,"campfire_upgraded":7,"win_rate":0.0,"timestamp":1614321951,"path_taken":["M","M","?","$","M","R","E","?","T","E","M","?","R","M","R","BOSS","M","?","?","?","?","E","R","M","T","E","$","?","R","M","R","BOSS","M","?","?","M","M","E","?","E","T","?","E","M","M","$","R","BOSS","R","$","E","BOSS"],"items_purchased_type":["Relic","Card","Card","Card","Relic","Card","Card","Relic","Potion","Relic","Card","Card","Card","Relic","Relic","Card","Card"],"build_version":"2020-12-22","purchased_purges":3,"victory":false,"max_hp_per_floor":[75,75,75,75,75,75,75,75,75,85,85,85,85,85,85,85,85,85,85,85,85,85,85,85,85,85,85,85,85,85,85,85,85,85,85,85,85,85,85,85,85,85,85,85,85,85,85,92,92,92,92,92,92,92,92,92],"relic_stats":{"Happy Flower":[14],"counters":[27,159],"Bag of Preparation":[54],"Juzu Bracelet":1,"War Paint":["Defend_B","Zap"],"Orichalcum":[54],"Medical Kit":[12],"MawBank":36,"FrozenCore":[52],"Blood Vial":27,"Lizard Tail":46,"Sundial":[20],"Bronze Scales":[289],"Black Star":4,"Kunai":[0],"obtain_stats":[{"Nilry\u0027s Codex":21,"Bag of Preparation":0,"Juzu Bracelet":42,"FrozenCore":17,"Blood Vial":23,"Lizard Tail":37,"Sundial":9,"DollysMirror":19,"Strawberry":48,"Kunai":42,"Cracked Core":0,"Pear":10,"Happy Flower":40,"War Paint":4,"Orichalcum":43,"Medical Kit":28,"MawBank":45,"Akabeko":45,"White Beast Statue":54,"DataDisk":7,"Bronze Scales":27,"Black Star":34,"Bag of Marbles":40,"Membership Card":4,"Toy Ornithopter":54,"Meat on the Bone":48},{"Nilry\u0027s Codex":9,"Bag of Preparation":0,"Juzu Bracelet":21,"FrozenCore":8,"Blood Vial":11,"Lizard Tail":17,"Sundial":4,"DollysMirror":9,"Strawberry":24,"Kunai":21,"Cracked Core":0,"Pear":5,"Happy Flower":20,"War Paint":2,"Orichalcum":21,"Medical Kit":13,"MawBank":22,"Akabeko":22,"White Beast Statue":26,"DataDisk":4,"Bronze Scales":13,"Black Star":15,"Bag of Marbles":20,"Membership Card":2,"Toy Ornithopter":26,"Meat on the Bone":24},{"Nilry\u0027s Codex":50,"Bag of Preparation":0,"Juzu Bracelet":125,"FrozenCore":45,"Blood Vial":63,"Lizard Tail":100,"Sundial":18,"DollysMirror":50,"Strawberry":140,"Kunai":125,"Cracked Core":0,"Pear":23,"Happy Flower":116,"War Paint":7,"Orichalcum":125,"Medical Kit":75,"MawBank":130,"Akabeko":130,"White Beast Statue":153,"DataDisk":18,"Bronze Scales":75,"Black Star":89,"Bag of Marbles":116,"Membership Card":7,"Toy Ornithopter":153,"Meat on the Bone":140}],"Toy Ornithopter":10,"Meat on the Bone":12},"card_choices":[{"not_picked":["Go for the Eyes","Ball Lightning"],"picked":"Coolheaded","floor":1},{"not_picked":["Recycle","Storm"],"picked":"BootSequence","floor":2},{"not_picked":["Double Energy","Cold Snap"],"picked":"Rebound","floor":5},{"not_picked":["Double Energy","Redo","Beam Cell"],"picked":"SKIP","floor":7},{"not_picked":["Seek","Cold Snap"],"picked":"Echo Form","floor":10},{"not_picked":["Conserve Battery","Gash"],"picked":"Fusion","floor":11},{"not_picked":["Coolheaded","Aggregate","Stack"],"picked":"SKIP","floor":14},{"not_picked":["Thunder Strike","Meteor Strike"],"picked":"Fission","floor":16},{"not_picked":["Steam+1","Skim"],"picked":"Turbo","floor":18},{"not_picked":["Conserve Battery","Cold Snap","Skim"],"picked":"SKIP","floor":22},{"not_picked":["Leap","Conserve Battery","Aggregate"],"picked":"SKIP","floor":23},{"not_picked":["Turbo","Beam Cell","Biased Cognition"],"picked":"SKIP","floor":25},{"not_picked":["Scrape","Aggregate+1","Gash+1"],"picked":"SKIP","floor":27},{"not_picked":["Skim+1","Beam Cell","Leap+1"],"picked":"SKIP","floor":31},{"not_picked":["Biased Cognition","Meteor Strike"],"picked":"Electrodynamics","floor":33},{"not_picked":["Rip and Tear+1","Beam Cell"],"picked":"Chaos+1","floor":35},{"not_picked":["Cold Snap","Skim+1"],"picked":"Consume","floor":38},{"not_picked":["Gash+1","Fusion+1","Leap+1"],"picked":"SKIP","floor":39},{"not_picked":["Compile Driver","Cold Snap+1","Machine Learning"],"picked":"SKIP","floor":40},{"not_picked":["Beam Cell","Melter"],"picked":"Ball Lightning+1","floor":42},{"not_picked":["Rip and Tear+1","Force Field+1"],"picked":"Chaos+1","floor":45},{"not_picked":["Barrage+1","Genetic Algorithm"],"picked":"Storm+1","floor":46},{"not_picked":["Ball Lightning+1","Go for the Eyes"],"picked":"Redo+1","floor":47},{"not_picked":["Leap","Coolheaded","Streamline+1"],"picked":"SKIP","floor":54}],"player_experience":2237734,"relics_obtained":[{"floor":7,"key":"DataDisk"},{"floor":9,"key":"Sundial"},{"floor":10,"key":"Pear"},{"floor":21,"key":"Nilry\u0027s Codex"},{"floor":23,"key":"Blood Vial"},{"floor":27,"key":"Bronze Scales"},{"floor":37,"key":"Lizard Tail"},{"floor":40,"key":"Happy Flower"},{"floor":40,"key":"Bag of Marbles"},{"floor":42,"key":"Juzu Bracelet"},{"floor":42,"key":"Kunai"},{"floor":43,"key":"Orichalcum"},{"floor":45,"key":"MawBank"},{"floor":45,"key":"Akabeko"},{"floor":54,"key":"White Beast Statue"},{"floor":54,"key":"Toy Ornithopter"}],"event_choices":[{"damage_healed":0,"gold_gain":275,"player_choice":"Desecrate","damage_taken":0,"max_hp_gain":0,"max_hp_loss":0,"event_name":"Golden Shrine","floor":3,"gold_loss":0,"cards_obtained":["Regret"]},{"damage_healed":0,"gold_gain":0,"player_choice":"Ignored","damage_taken":0,"max_hp_gain":0,"max_hp_loss":0,"event_name":"NoteForYourself","floor":12,"gold_loss":0},{"damage_healed":0,"gold_gain":99,"player_choice":"Stole From Cult","damage_taken":0,"max_hp_gain":0,"max_hp_loss":0,"event_name":"Nest","floor":20,"gold_loss":0},{"damage_healed":0,"gold_gain":0,"player_choice":"Obtained Book","damage_taken":16,"max_hp_gain":0,"max_hp_loss":0,"event_name":"Cursed Tome","floor":21,"gold_loss":0},{"cards_removed":["Strike_B"],"damage_healed":0,"gold_gain":0,"player_choice":"Elegance","damage_taken":0,"max_hp_gain":0,"max_hp_loss":0,"event_name":"Back to Basics","floor":29,"gold_loss":0},{"cards_removed":["Strike_B"],"damage_healed":0,"gold_gain":0,"player_choice":"Removed Attack","damage_taken":0,"max_hp_gain":0,"max_hp_loss":0,"event_name":"Falling","floor":36,"gold_loss":0},{"damage_healed":0,"gold_gain":0,"player_choice":"Fight","damage_taken":0,"max_hp_gain":0,"max_hp_loss":0,"event_name":"Mysterious Sphere","floor":37,"gold_loss":0},{"damage_healed":0,"gold_gain":0,"player_choice":"0 cards matched","damage_taken":0,"max_hp_gain":0,"max_hp_loss":0,"event_name":"Match and Keep!","floor":41,"gold_loss":0,"cards_obtained":[]},{"damage_healed":0,"gold_gain":0,"player_choice":"Bought 0 Potions","damage_taken":0,"max_hp_gain":0,"max_hp_loss":0,"event_name":"The Woman in Blue","floor":44,"gold_loss":0}],"is_beta":false,"boss_relics":[{"not_picked":["SlaversCollar","Snecko Eye"],"picked":"FrozenCore"},{"not_picked":["Calling Bell","Philosopher\u0027s Stone"],"picked":"Black Star"}],"items_purged_floors":[4,19,48],"is_endless":false,"potions_floor_spawned":[2,5,16,18,22,27,33,35,39,42,45,47,54],"killed_by":"The Heart","ascension_level":0}}