{"host":"d76q0rb9a0s9bgr5","time":1614368999,"event":{"mods":["BaseMod","Downfall","Hubris","Minty Spire (QoL Compilation)","StSLib"],"gold_per_floor":[113,128,278,278,378,378,378,378,398,413,413,413,413,413,413,509,509,525,525,525,538,223,235,235,260,260,270,370,95,95,129,129,129,129,129],"floor_reached":33,"language":"ENG","playtime":2178,"items_purged":["downfall:Bewildered"],"score":296,"play_id":"ed5091ba-9b6c-4e89-8775-c6eeb7665369","local_time":"20210226204959","is_ascension_mode":false,"campfire_choices":[{"data":"sneckomod:QuickBite","floor":6,"key":"SMITH"},{"data":"sneckomod:SoulDraw","floor":8,"key":"SMITH"},{"data":"sneckomod:UnknownUncommonPower","floor":13,"key":"SMITH"},{"data":"sneckomod:Unknown","floor":15,"key":"SMITH"},{"data":"sneckomod:UnknownRareAttack","floor":26,"key":"SMITH"},{"data":"sneckomod:UnknownClassTHE_CHAMP_GRAY","floor":30,"key":"SMITH"},{"data":"sneckomod:UnknownRareAttack","floor":32,"key":"SMITH"}],"circlet_count":0,"master_deck":["sneckomod:Strike","sneckomod:Defend","sneckomod:Defend","sneckomod:Defend","sneckomod:TailWhip","sneckomod:SnekBite","sneckomod:Unknown+1","sneckomod:Unknown+1","sneckomod:QuickMove","sneckomod:UnknownUncommonSkill+1","sneckomod:SoulDraw+1","sneckomod:QuickBite+1","sneckomod:UnknownUncommonPower+1","sneckomod:UnknownRareAttack+1","sneckomod:QuickBite+1","sneckomod:Unknown0Cost","sneckomod:UnknownClassTHE_CHAMP_GRAY+1","sneckomod:SerpentIdol","sneckomod:UnknownRareAttack+1","sneckomod:UnknownClassTHE_CHAMP_GRAY+1","sneckomod:DefensiveFlair","sneckomod:QuickBite","sneckomod:UnknownExhaust+1"],"relics":["Philosopher\u0027s Stone","Darkstone Periapt","Du-Vu Doll","SlaversCollar","sneckomod:BabySnecko","Oddly Smooth Stone","hubris:TinFlute","Bottled Flame","Pocketwatch","hubris:MysteriousPyramids","Thread and Needle","hubris:Spice"],"acts_visited":["Exordium","TheCity"],"potions_floor_usage":[5,10,25,31,33],"damage_taken":[{"damage":0,"enemies":"2 Louse","floor":1,"turns":3},{"damage":0,"enemies":"Jaw Worm","floor":2,"turns":2},{"damage":49,"enemies":"downfall:Heads","floor":5,"turns":7},{"damage":0,"enemies":"Cultist","floor":9,"turns":2},{"damage":10,"enemies":"Exordium Wildlife","floor":10,"turns":4},{"damage":21,"enemies":"WA_ARCHETYPE_RETAIN","floor":16,"turns":5},{"damage":11,"enemies":"Chosen","floor":18,"turns":7},{"damage":0,"enemies":"Spheric Guardian","floor":21,"turns":1},{"damage":2,"enemies":"downfall:FleeingMerchant","floor":22,"turns":4},{"damage":21,"enemies":"Snake Plant","floor":23,"turns":3},{"damage":25,"enemies":"Gremlin Leader","floor":25,"turns":3},{"damage":16,"enemies":"Shelled Parasite and Fungi","floor":27,"turns":2},{"damage":11,"enemies":"IC_STATUS_ARCHETYPE","floor":28,"turns":4},{"damage":0,"enemies":"downfall:FleeingMerchant","floor":29,"turns":4},{"damage":23,"enemies":"Slavers","floor":31,"turns":6},{"damage":53,"enemies":"DF_ARCHETYPE_CLAW","floor":33,"turns":2}],"seed_played":"-4479181491128436812","potions_obtained":[{"floor":1,"key":"Strength Potion"},{"floor":5,"key":"SmokeBomb"},{"floor":10,"key":"Fruit Juice"},{"floor":16,"key":"bronze:BurnAndBuffPotion"},{"floor":21,"key":"Swift Potion"},{"floor":23,"key":"Block Potion"},{"floor":25,"key":"Guardian:BlockOnCardUsePotion"}],"is_trial":false,"path_per_floor":["M","M","?","?","?","R","T","R","M","M","?","T","R","?","R","B",null,"M","?","?","M","$","M","T","E","R","M","?","$","R","E","R","B"],"character_chosen":"THE_SNECKO","items_purchased":["Oddly Smooth Stone","sneckomod:SerpentIdol","Thread and Needle","hubris:Spice"],"campfire_rested":0,"item_purchase_floors":[22,22,29,29],"current_hp_per_floor":[90,90,90,90,41,41,41,41,41,36,36,36,36,36,36,15,95,84,90,90,90,88,67,67,52,52,46,35,43,43,38,38,0,0,0],"gold":129,"neow_bonus":"BOSS_RELIC","is_daily":false,"chose_seed":false,"campfire_upgraded":7,"win_rate":0.0,"timestamp":1614368999,"path_taken":["M","M","?","?","?","R","T","R","?","M","?","?","R","?","R","BOSS","M","?","?","M","$","M","T","E","R","M","?","?","R","E","R","BOSS"],"items_purchased_type":["Relic","Card","Relic","Relic"],"build_version":"2020-12-22","purchased_purges":1,"victory":false,"max_hp_per_floor":[90,90,90,90,90,90,90,90,90,95,95,95,95,95,95,95,95,95,101,101,101,101,101,101,101,101,101,101,109,109,117,117,117,117,117],"card_choices":[{"not_picked":["sneckomod:CheapStock","sneckomod:IronFang"],"picked":"sneckomod:QuickMove","floor":1},{"not_picked":["sneckomod:MixItUp","sneckomod:PureSnecko"],"picked":"sneckomod:UnknownUncommonSkill","floor":2},{"not_picked":["sneckomod:WideSting","sneckomod:SoulDraw"],"picked":"sneckomod:QuickBite","floor":5},{"not_picked":["sneckomod:Unknown1Cost","sneckomod:UnknownBlock","sneckomod:RainOfDice"],"picked":"SKIP","floor":9},{"not_picked":["sneckomod:UnknownX","sneckomod:SoulRoll"],"picked":"sneckomod:UnknownUncommonPower","floor":10},{"not_picked":["sneckomod:SoulExchange","sneckomod:MorePower"],"picked":"sneckomod:UnknownRareAttack","floor":16},{"not_picked":["sneckomod:DiceBoulder","sneckomod:UnknownClassPURPLE"],"picked":"sneckomod:QuickBite","floor":18},{"not_picked":["sneckomod:UnknownBlock","sneckomod:Unknown1Cost"],"picked":"sneckomod:Unknown0Cost","floor":21},{"not_picked":["sneckomod:CheapStock","sneckomod:DiceCrush"],"picked":"sneckomod:UnknownClassTHE_CHAMP_GRAY","floor":22},{"not_picked":["sneckomod:QuickBite","sneckomod:MasterEye"],"picked":"sneckomod:UnknownRareAttack","floor":23},{"not_picked":["sneckomod:UnknownExhaust","sneckomod:DiceCrush","sneckomod:Nope"],"picked":"SKIP","floor":25},{"not_picked":["sneckomod:QuickBite","sneckomod:UnknownX"],"picked":"sneckomod:UnknownClassTHE_CHAMP_GRAY","floor":27},{"not_picked":["sneckomod:UnendingSupply","sneckomod:SnekBeam"],"picked":"sneckomod:DefensiveFlair","floor":28},{"not_picked":["sneckomod:UnknownBlock+1","sneckomod:DiceCrush+1"],"picked":"sneckomod:QuickBite","floor":29},{"not_picked":["sneckomod:MasterEye","sneckomod:Nope"],"picked":"sneckomod:UnknownExhaust+1","floor":31}],"player_experience":177528,"relics_obtained":[{"floor":7,"key":"Darkstone Periapt"},{"floor":12,"key":"Du-Vu Doll"},{"floor":24,"key":"hubris:TinFlute"},{"floor":25,"key":"Bottled Flame"},{"floor":28,"key":"Pocketwatch"},{"floor":28,"key":"hubris:MysteriousPyramids"},{"floor":31,"key":"hubris:Spice"}],"event_choices":[],"is_beta":false,"boss_relics":[{"not_picked":["hubris:TerracottaHorce","Astrolabe"],"picked":"SlaversCollar"}],"items_purged_floors":[22],"is_endless":false,"potions_floor_spawned":[1,5,10,16,21,23,25,27],"killed_by":"DF_ARCHETYPE_CLAW","ascension_level":0}}