{"host":"p2ps6s9o3p66sm0r","time":1614383464,"event":{"mods":["BaseMod","Downfall","Hermit","Minty Spire (QoL Compilation)","Replay The Spire","StSLib","The Cursed","The Servant 0.9.4"],"gold_per_floor":[112,131,40,40,50,77,92,92,115,115,115,128,147,165,165,266,266,280,62,62,80,94,128,203,203,203],"floor_reached":25,"language":"ENG","playtime":1863,"items_purged":[],"score":225,"play_id":"2ae784c5-35c7-4751-a540-b0e058cd96b2","local_time":"20210226185104","is_ascension_mode":false,"campfire_choices":[{"data":"TheCursedMod:SpitefulPray","floor":8,"key":"SMITH"},{"floor":15,"key":"REST"}],"circlet_count":0,"master_deck":["TheCursedMod:Strike_TheCursed","TheCursedMod:Strike_TheCursed","TheCursedMod:Strike_TheCursed","TheCursedMod:Strike_TheCursed","TheCursedMod:Defend_TheCursed","TheCursedMod:Defend_TheCursed","TheCursedMod:Defend_TheCursed","TheCursedMod:Defend_TheCursed","TheCursedMod:CursedWand","TheCursedMod:CleanUpWorkshop","TheCursedMod:Dregs","TheCursedMod:Strike_TheCursed+1","Strike_S","TheCursedMod:SpitefulPray+1","TheCursedMod:Wield+1","TheCursedMod:Stretching+1","TheCursedMod:CircleOfCorruption","TheCursedMod:CircleOfFlame","Pot Of Greed","Pot Of Greed","TheCursedMod:ShockAndAwe","TheCursedMod:CursedBlade","TheCursedMod:CircleOfCorruption","TheCursedMod:CircleOfCorruption","TheCursedMod:CircleOfFlame","TheCursedMod:CollectTribute","CurseOfTheBell","TheCursedMod:SpitefulPray","TheCursedMod:CircleOfFocus","Writhe","TheCursedMod:CursedBoomerang+1","TheCursedMod:LuckyCharm+1","TheCursedMod:ManaBullet"],"relics":["TheCursedMod:BlackMagic101","Grinning Jar","Nunchaku","Calling Bell","Centennial Puzzle","ReplayTheSpireMod:Shallot","Torii","Sling","ReplayTheSpireMod:TigerMarble","Pantograph"],"acts_visited":["Exordium","TheCity"],"potions_floor_usage":[16,16,16,18,23,23],"damage_taken":[{"damage":0,"enemies":"Small Slimes","floor":1,"turns":4},{"damage":0,"enemies":"Cultist","floor":2,"turns":4},{"damage":0,"enemies":"2 Louse","floor":5,"turns":3},{"damage":11,"enemies":"Replay:BlueRogue","floor":6,"turns":8},{"damage":17,"enemies":"Exordium Thugs","floor":7,"turns":5},{"damage":1,"enemies":"Looter","floor":12,"turns":2},{"damage":0,"enemies":"Lots of Slimes","floor":13,"turns":1},{"damage":0,"enemies":"3 Louse","floor":14,"turns":1},{"damage":18,"enemies":"Slime Boss","floor":16,"turns":6},{"damage":19,"enemies":"2 Thieves","floor":18,"turns":5},{"damage":0,"enemies":"Chosen","floor":21,"turns":4},{"damage":19,"enemies":"Sentry and Sphere","floor":22,"turns":4},{"damage":31,"enemies":"Gremlin Leader","floor":23,"turns":5},{"damage":15,"enemies":"Snake Plant","floor":25,"turns":1}],"seed_played":"3588907088536256340","potions_obtained":[{"floor":5,"key":"sneckomod:MuddlingPotion"},{"floor":6,"key":"Strength Potion"},{"floor":13,"key":"Strength Potion"},{"floor":16,"key":"Regen Potion"},{"floor":18,"key":"Weak Potion"},{"floor":22,"key":"BlessingOfTheForge"}],"is_trial":false,"path_per_floor":["M","M","$","?","M","E","M","R","T","?","?","M","M","M","R","B",null,"M","$","?","M","M","E","?","M"],"character_chosen":"THE_CURSED","items_purchased":["TheCursedMod:Stretching+1","TheCursedMod:CircleOfCorruption","Sling","TheCursedMod:CircleOfFocus"],"campfire_rested":1,"item_purchase_floors":[3,3,19,19],"current_hp_per_floor":[75,75,75,85,85,74,57,57,57,40,40,39,39,39,64,46,85,71,71,71,71,52,21,13,0,0],"gold":203,"neow_bonus":"RANDOM_COLORLESS_2","is_daily":false,"chose_seed":false,"campfire_upgraded":1,"win_rate":0.0,"timestamp":1614383464,"path_taken":["M","M","$","?","?","E","M","R","T","?","?","M","M","M","R","BOSS","M","$","?","M","M","E","?","M"],"items_purchased_type":["Card","Card","Relic","Card"],"build_version":"2020-12-22","purchased_purges":0,"victory":false,"max_hp_per_floor":[75,75,75,85,85,85,85,85,85,85,85,85,85,85,85,85,85,85,85,85,85,85,85,85,85,85],"card_choices":[{"not_picked":["Chrysalis","Master of Strategy"],"picked":"Mayhem","floor":0},{"not_picked":["TheCursedMod:FleshFromBone","TheCursedMod:CursedBlade"],"picked":"TheCursedMod:SpitefulPray","floor":1},{"not_picked":["TheCursedMod:SoulCrush","TheCursedMod:DoubleShield"],"picked":"TheCursedMod:Wield","floor":2},{"not_picked":["TheCursedMod:RapidMovement","TheCursedMod:FleshFromBone"],"picked":"TheCursedMod:CircleOfFlame","floor":5},{"not_picked":["TheCursedMod:Torture","TheCursedMod:FleshFromBone"],"picked":"TheCursedMod:ShockAndAwe","floor":6},{"not_picked":["TheCursedMod:CursedArmor","TheCursedMod:CircleOfBlood"],"picked":"TheCursedMod:CursedBlade","floor":7},{"not_picked":["TheCursedMod:DoubleShield","TheCursedMod:RapidMovement"],"picked":"TheCursedMod:CircleOfCorruption","floor":12},{"not_picked":["TheCursedMod:Wield","TheCursedMod:CursedBlade"],"picked":"TheCursedMod:CircleOfCorruption","floor":13},{"not_picked":["TheCursedMod:DemonSword","TheCursedMod:HellsGateOpen"],"picked":"TheCursedMod:CircleOfFlame","floor":14},{"not_picked":["TheCursedMod:Neurasthenia","TheCursedMod:OutForBlood"],"picked":"TheCursedMod:CollectTribute","floor":16},{"not_picked":["TheCursedMod:BloodBarrier+1","TheCursedMod:VitalStrike"],"picked":"TheCursedMod:SpitefulPray","floor":18},{"not_picked":["TheCursedMod:CircleOfFocus","TheCursedMod:CursedAmulet+1"],"picked":"TheCursedMod:CursedBoomerang+1","floor":21},{"not_picked":["TheCursedMod:RapidMovement","TheCursedMod:FleshFromBone"],"picked":"TheCursedMod:LuckyCharm+1","floor":22},{"not_picked":["TheCursedMod:TacticalStrike","TheCursedMod:SpitefulStrike+1"],"picked":"TheCursedMod:ManaBullet","floor":23}],"player_experience":202287,"relics_obtained":[{"floor":6,"key":"Grinning Jar"},{"floor":9,"key":"Nunchaku"},{"floor":17,"key":"Centennial Puzzle"},{"floor":17,"key":"ReplayTheSpireMod:Shallot"},{"floor":17,"key":"Torii"},{"floor":23,"key":"Pantograph"}],"event_choices":[{"cards_removed":["Mayhem"],"damage_healed":0,"gold_gain":0,"player_choice":"Offered Rare","damage_taken":0,"max_hp_gain":10,"max_hp_loss":0,"event_name":"Bonfire Elementals","floor":4,"gold_loss":0},{"damage_healed":0,"gold_gain":0,"player_choice":"Entered Light","damage_taken":17,"max_hp_gain":0,"max_hp_loss":0,"event_name":"Shining Light","floor":10,"gold_loss":0,"cards_upgraded":["TheCursedMod:Wield","TheCursedMod:Strike_TheCursed"]},{"damage_healed":0,"gold_gain":0,"player_choice":"Ignored","damage_taken":0,"max_hp_gain":0,"max_hp_loss":0,"event_name":"Fountain of Cleansing","floor":11,"gold_loss":0},{"damage_healed":0,"gold_gain":0,"player_choice":"Opened","damage_taken":0,"relics_obtained":["ReplayTheSpireMod:TigerMarble"],"max_hp_gain":0,"max_hp_loss":0,"event_name":"The Mausoleum","floor":20,"gold_loss":0,"cards_obtained":["Writhe"]},{"damage_healed":0,"gold_gain":75,"player_choice":"Touch","damage_taken":8,"max_hp_gain":0,"max_hp_loss":0,"event_name":"FaceTrader","floor":24,"gold_loss":0}],"is_beta":false,"boss_relics":[{"not_picked":["ReplayTheSpireMod:DimensionalGlitch","Replay:Bronze Core"],"picked":"Calling Bell"}],"items_purged_floors":[],"is_endless":false,"potions_floor_spawned":[5,6,13,16,18,22],"killed_by":"Snake Plant","ascension_level":0}}