{"host":"5ueuk67tsx07ylcu","time":1614370761,"event":{"mods":["BaseMod","Colored Map","Colored Powertips","Downfall","Duelist Mod","GifTheSpireLib","Hermit","Infinite Spire","Lobotomy","Minty Spire (QoL Compilation)","StSLib","The Animator"],"gold_per_floor":[112,132,57,89,89,117,117,117,140,140,154,154,193,227,227,227,227],"floor_reached":16,"language":"ENG","playtime":828,"items_purged":["animator:Defend"],"score":119,"play_id":"afeb48de-7f9a-43f0-a0c2-06cf1521143f","local_time":"20210226151921","is_ascension_mode":true,"campfire_choices":[{"floor":7,"key":"RECALL"},{"data":"animator:Aqua","floor":12,"key":"SMITH"},{"data":"animator:YunYun","floor":15,"key":"SMITH"}],"circlet_count":0,"master_deck":["animator:Strike_Konosuba","animator:Defend_Konosuba","animator:Strike","animator:Strike","animator:Strike","animator:Defend","animator:Kazuma","animator:Aqua+1","animator:Kazuma","animator:Vanir","animator:Verdia","animator:YunYun+1","animator:YunYun"],"relics":["animator:LivingPicture","animator:TheMissingPiece","NeowsBlessing","Blood Vial","animator:OldCoffin","Odd Mushroom","Du-Vu Doll"],"acts_visited":["Exordium"],"potions_floor_usage":[6,13],"damage_taken":[{"damage":0,"enemies":"Cultist","floor":1,"turns":1},{"damage":0,"enemies":"Small Slimes","floor":2,"turns":1},{"damage":0,"enemies":"Jaw Worm","floor":4,"turns":1},{"damage":20,"enemies":"Gremlin Nob","floor":6,"turns":5},{"damage":0,"enemies":"Looter","floor":11,"turns":4},{"damage":21,"enemies":"The Mushroom Lair","floor":13,"turns":7},{"damage":29,"enemies":"Lagavulin","floor":14,"turns":8},{"damage":33,"enemies":"Hexaghost","floor":16,"turns":12}],"seed_played":"-3247309794034817946","potions_obtained":[{"floor":1,"key":"SkillPotion"},{"floor":2,"key":"AttackPotion"},{"floor":6,"key":"FairyPotion"}],"is_trial":false,"path_per_floor":["M","M","$","M","$","E","R","?","T","?","M","R","?","E","R","B"],"character_chosen":"THE_ANIMATOR","items_purchased":[],"campfire_rested":0,"item_purchase_floors":[],"current_hp_per_floor":[66,66,66,66,66,47,47,40,40,40,44,44,28,4,4,0,0],"gold":227,"neow_bonus":"THREE_ENEMY_KILL","is_daily":false,"chose_seed":false,"campfire_upgraded":2,"win_rate":0.0,"timestamp":1614370761,"path_taken":["M","M","?","M","$","E","R","?","T","?","?","R","?","E","R","BOSS"],"items_purchased_type":[],"build_version":"2020-12-22","purchased_purges":1,"victory":false,"max_hp_per_floor":[66,66,66,66,66,67,67,67,67,67,67,67,67,67,67,67,67],"card_choices":[{"not_picked":["animator:HiiragiShinya","animator:CrowleyEusford","animator:UneriGinkaku"],"picked":"SKIP","floor":1},{"not_picked":["animator:Hakurou","animator:Emonzaemon"],"picked":"animator:Kazuma","floor":2},{"not_picked":["animator:Shuna","animator:KrulTepes"],"picked":"animator:Vanir","floor":4},{"not_picked":["animator:Vanir","animator:Mitsurugi"],"picked":"animator:Verdia","floor":6},{"not_picked":["animator:Kuribayashi","animator:HighElfArcher","animator:TukaLunaMarceau"],"picked":"SKIP","floor":11},{"not_picked":["animator:Layla","animator:Yuuichirou"],"picked":"animator:YunYun","floor":13},{"not_picked":["animator:Priestess","animator:CowGirl"],"picked":"animator:YunYun","floor":14}],"player_experience":351216,"relics_obtained":[{"floor":6,"key":"Blood Vial"},{"floor":6,"key":"animator:OldCoffin"},{"floor":13,"key":"Odd Mushroom"},{"floor":14,"key":"Du-Vu Doll"}],"event_choices":[{"cards_removed":["animator:Defend"],"damage_healed":0,"gold_gain":0,"player_choice":"Card Removal","damage_taken":7,"max_hp_gain":0,"max_hp_loss":0,"event_name":"Golden Wing","floor":8,"gold_loss":0},{"damage_healed":0,"gold_gain":0,"player_choice":"Ignored","damage_taken":0,"max_hp_gain":0,"max_hp_loss":0,"event_name":"Liars Game","floor":10,"gold_loss":0},{"damage_healed":0,"gold_gain":0,"player_choice":"Fought Mushrooms","damage_taken":0,"max_hp_gain":0,"max_hp_loss":0,"event_name":"Mushrooms","floor":13,"gold_loss":0}],"is_beta":false,"boss_relics":[],"items_purged_floors":[3],"is_endless":false,"potions_floor_spawned":[1,2,6],"killed_by":"Hexaghost","ascension_level":2}}