{"host":"2lo6hma6kymb0g9i","time":1614367039,"event":{"mods":["BaseMod","Colored Map","DeckTracker","Minty Spire (QoL Compilation)","SuperFastMode"],"gold_per_floor":[113,113,113,113,113,153,169,209,209,209,80,80,80,80],"floor_reached":13,"language":"JPN","playtime":699,"items_purged":[],"score":228,"play_id":"9f124b9c-26cd-4b79-8ec4-40c047d80908","local_time":"20210227041719","is_ascension_mode":true,"campfire_choices":[{"floor":10,"key":"REST"}],"circlet_count":0,"master_deck":["AscendersBane","Strike_G","Strike_G","Strike_G","Strike_G+1","Defend_G","Defend_G","Defend_G","Defend_G","Defend_G","Survivor","Neutralize","Noxious Fumes+1","Distraction","PiercingWail","Bane","Backflip","Terror+1","Footwork"],"relics":["Ring of the Snake","NeowsBlessing","Golden Idol","Strawberry","Tiny Chest","Toxic Egg 2"],"acts_visited":["Exordium"],"potions_floor_usage":[],"damage_taken":[{"damage":0,"enemies":"Cultist","floor":1,"turns":1},{"damage":0,"enemies":"Lagavulin","floor":6,"turns":1},{"damage":0,"enemies":"2 Louse","floor":7,"turns":1},{"damage":44,"enemies":"3 Sentries","floor":8,"turns":10},{"damage":25,"enemies":"Gremlin Nob","floor":13,"turns":3}],"seed_played":"-3418179395586149807","potions_obtained":[],"is_trial":false,"path_per_floor":["M","$","?","?","T","E","M","E","T","R","$","?","E"],"character_chosen":"THE_SILENT","items_purchased":["Terror+1","Footwork"],"campfire_rested":1,"item_purchase_floors":[11,11],"current_hp_per_floor":[59,59,59,59,59,66,66,22,22,42,42,22,0,0],"gold":80,"neow_bonus":"THREE_ENEMY_KILL","is_daily":false,"chose_seed":false,"campfire_upgraded":0,"win_rate":0.0,"timestamp":1614367039,"path_taken":["M","?","?","?","?","E","M","E","T","R","$","?","E"],"items_purchased_type":["Card","Card"],"build_version":"2020-12-22","purchased_purges":0,"victory":false,"max_hp_per_floor":[66,66,60,60,60,67,67,67,67,67,67,67,67,67],"card_choices":[{"not_picked":["Backflip","Bane"],"picked":"Noxious Fumes","floor":1},{"not_picked":["Noxious Fumes","Accuracy"],"picked":"PiercingWail","floor":6},{"not_picked":["Venomology","Poisoned Stab"],"picked":"Bane","floor":7},{"not_picked":["Bane","Reflex"],"picked":"Backflip","floor":8}],"player_experience":1263344,"relics_obtained":[{"floor":6,"key":"Strawberry"},{"floor":8,"key":"Tiny Chest"},{"floor":9,"key":"Toxic Egg 2"}],"event_choices":[{"damage_healed":0,"gold_gain":0,"player_choice":"Lose Max HP","damage_taken":0,"relics_obtained":["Golden Idol"],"max_hp_gain":0,"max_hp_loss":6,"event_name":"Golden Idol","floor":3,"gold_loss":0},{"damage_healed":0,"gold_gain":0,"cards_transformed":["Strike_G"],"player_choice":"Change","damage_taken":0,"max_hp_gain":0,"max_hp_loss":0,"event_name":"Living Wall","floor":4,"gold_loss":0,"cards_obtained":["Distraction"]},{"damage_healed":0,"gold_gain":0,"player_choice":"Entered Light","damage_taken":20,"max_hp_gain":0,"max_hp_loss":0,"event_name":"Shining Light","floor":12,"gold_loss":0,"cards_upgraded":["Strike_G","Noxious Fumes"]}],"is_beta":false,"boss_relics":[],"items_purged_floors":[],"is_endless":false,"potions_floor_spawned":[],"killed_by":"Gremlin Nob","ascension_level":20}}