{"host":"t1puqh5lxz8sp6fn","time":1614317760,"event":{"mods":["AchievementEnabler","BaseMod","Colored Powertips","Minty Spire (QoL Compilation)","Rare Cards Sparkle","Relic Stats","StSLib"],"gold_per_floor":[117,117,134,145,26,52,64,64,89,89,100,100,130,198,198,275,275,288,238,251,261,9,38,38,58,58,75,107,107,22,22,22,96,96,111,130,155,169,169,169,180,207,207,223,223,249,83,39,39,39,39],"floor_reached":50,"playtime":2490,"items_purged":["Strike_G","Writhe"],"score":1105,"play_id":"620d731b-df88-4a6f-936e-987c10998dfb","local_time":"20210226023600","is_ascension_mode":true,"campfire_choices":[{"floor":10.0,"key":"REST"},{"floor":15.0,"key":"REST"},{"data":"Catalyst","floor":24.0,"key":"SMITH"},{"floor":29.0,"key":"REST"},{"data":"Calculated Gamble","floor":32.0,"key":"SMITH"},{"floor":40.0,"key":"RECALL"},{"floor":49.0,"key":"DIG"}],"circlet_count":0,"master_deck":["AscendersBane","Strike_G+1","Defend_G","Defend_G","Defend_G+1","Defend_G","Defend_G","Survivor","Neutralize","Trip+1","Backstab","Footwork","Poisoned Stab","Predator+1","Deadly Poison","Dagger Spray","Malaise","CurseOfTheBell","Dagger Throw+1","Catalyst+1","Calculated Gamble+1","Well Laid Plans","Burst","Malaise+1","Slice+1","Eviscerate+1","Prepared","Noxious Fumes","Heel Hook+1","Thinking Ahead","Panacea","Secret Weapon","Bullet Time","Backflip+1","PiercingWail+1"],"relics":["Ring of the Snake","Bag of Preparation","Regal Pillow","MealTicket","Snake Skull","Calling Bell","Toy Ornithopter","The Courier","The Specimen","TwistedFunnel","Orichalcum","Ancient Tea Set","Paper Crane","Happy Flower","Potion Belt","Astrolabe","Shovel","Mango","Toxic Egg 2","Gambling Chip"],"acts_visited":["Exordium","TheCity","TheBeyond"],"potions_floor_usage":[50,50],"damage_taken":[{"damage":2.0,"enemies":"Small Slimes","floor":1.0,"turns":3.0},{"damage":0.0,"enemies":"2 Louse","floor":3.0,"turns":2.0},{"damage":0.0,"enemies":"Cultist","floor":4.0,"turns":5.0},{"damage":21.0,"enemies":"3 Sentries","floor":6.0,"turns":9.0},{"damage":9.0,"enemies":"Large Slime","floor":7.0,"turns":5.0},{"damage":0.0,"enemies":"Blue Slaver","floor":11.0,"turns":3.0},{"damage":9.0,"enemies":"Lagavulin","floor":13.0,"turns":5.0},{"damage":41.0,"enemies":"Slime Boss","floor":16.0,"turns":9.0},{"damage":1.0,"enemies":"3 Byrds","floor":18.0,"turns":4.0},{"damage":0.0,"enemies":"Chosen","floor":20.0,"turns":5.0},{"damage":15.0,"enemies":"Centurion and Healer","floor":21.0,"turns":7.0},{"damage":0.0,"enemies":"Gremlin Leader","floor":23.0,"turns":4.0},{"damage":2.0,"enemies":"3 Cultists","floor":25.0,"turns":4.0},{"damage":5.0,"enemies":"Snake Plant","floor":27.0,"turns":5.0},{"damage":27.0,"enemies":"Slavers","floor":28.0,"turns":4.0},{"damage":45.0,"enemies":"Collector","floor":33.0,"turns":7.0},{"damage":4.0,"enemies":"3 Shapes","floor":35.0,"turns":5.0},{"damage":6.0,"enemies":"3 Darklings","floor":36.0,"turns":4.0},{"damage":0.0,"enemies":"Mind Bloom Boss Battle","floor":37.0,"turns":8.0},{"damage":2.0,"enemies":"4 Shapes","floor":38.0,"turns":5.0},{"damage":1.0,"enemies":"Writhing Mass","floor":41.0,"turns":2.0},{"damage":17.0,"enemies":"Reptomancer","floor":42.0,"turns":4.0},{"damage":28.0,"enemies":"Jaw Worm Horde","floor":44.0,"turns":4.0},{"damage":56.0,"enemies":"Nemesis","floor":46.0,"turns":5.0},{"damage":69,"enemies":"Awakened One","floor":50,"turns":11}],"seed_played":"8475821927325664067","potions_obtained":[{"floor":3.0,"key":"GhostInAJar"},{"floor":4.0,"key":"SteroidPotion"},{"floor":6.0,"key":"Strength Potion"},{"floor":18.0,"key":"LiquidBronze"},{"floor":23.0,"key":"FairyPotion"},{"floor":28.0,"key":"Dexterity Potion"},{"floor":37.0,"key":"BlessingOfTheForge"},{"floor":42.0,"key":"AttackPotion"},{"floor":44.0,"key":"Swift Potion"},{"floor":46.0,"key":"PowerPotion"}],"is_trial":false,"path_per_floor":["M","?","M","M","$","E","M","?","T","R","M","?","E","?","R","B",null,"M","?","M","M","$","E","R","M","T","M","E","R","?","?","R","B",null,"M","M","?","M","?","R","M","E","T","M","?","E","$","$","R","B"],"character_chosen":"THE_SILENT","items_purchased":["Predator","TwistedFunnel","Orichalcum","Dexterity Potion","Swift Potion","PiercingWail+1"],"campfire_rested":3,"item_purchase_floors":[5,22,22,47,47,48],"current_hp_per_floor":[57,57,57,57,57,36,27,7,7,41,41,30,21,21,55,14,53,52,52,52,37,52,57,57,55,55,50,28,62,62,62,62,17,54,50,44,44,42,32,32,31,33,33,10,26,24,39,54,54,0,0],"gold":39,"neow_bonus":"RANDOM_COLORLESS","is_daily":false,"chose_seed":false,"campfire_upgraded":2,"win_rate":0.0,"timestamp":1614317760,"path_taken":["M","?","M","M","$","E","M","?","T","R","M","?","E","?","R","BOSS","M","?","M","?","$","E","R","M","T","M","E","R","?","?","R","BOSS","M","?","?","M","?","R","M","E","T","?","?","E","?","$","R","BOSS"],"items_purchased_type":["Card","Relic","Relic","Potion","Potion","Card"],"build_version":"2020-12-13","purchased_purges":2,"victory":false,"max_hp_per_floor":[66,66,66,66,66,66,66,66,66,66,66,66,66,66,66,66,66,66,66,66,66,66,66,66,66,66,66,66,66,66,66,66,66,66,66,66,66,66,66,66,66,80,80,80,80,80,80,80,80,80,80],"relic_stats":{"Regal Pillow":45,"Happy Flower":[18],"counters":[25,129],"Astrolabe":["Malaise","Slice","Eviscerate"],"Snake Skull":[142],"Bag of Preparation":[42],"Orichalcum":[264],"Shovel":1,"Gambling Chip":[4],"MealTicket":45,"obtain_stats":[{"TwistedFunnel":22,"Potion Belt":30,"Regal Pillow":9,"The Specimen":17,"Happy Flower":28,"Astrolabe":34,"Mango":42,"Snake Skull":13,"The Courier":17,"Bag of Preparation":6,"Orichalcum":22,"Paper Crane":26,"Ancient Tea Set":23,"Calling Bell":17,"Shovel":37,"Gambling Chip":49,"MealTicket":12,"Toxic Egg 2":46,"Toy Ornithopter":17,"Ring of the Snake":0},{"TwistedFunnel":11,"Potion Belt":15,"Regal Pillow":5,"The Specimen":8,"Happy Flower":15,"Astrolabe":16,"Mango":22,"Snake Skull":7,"The Courier":8,"Bag of Preparation":4,"Orichalcum":11,"Paper Crane":13,"Ancient Tea Set":12,"Calling Bell":8,"Shovel":19,"Gambling Chip":24,"MealTicket":6,"Toxic Egg 2":24,"Toy Ornithopter":8,"Ring of the Snake":0},{"TwistedFunnel":57,"Potion Belt":74,"Regal Pillow":24,"The Specimen":41,"Happy Flower":74,"Astrolabe":81,"Mango":109,"Snake Skull":32,"The Courier":41,"Bag of Preparation":19,"Orichalcum":57,"Paper Crane":65,"Ancient Tea Set":61,"Calling Bell":41,"Shovel":98,"Gambling Chip":118,"MealTicket":27,"Toxic Egg 2":118,"Toy Ornithopter":41,"Ring of the Snake":0}],"Toy Ornithopter":35,"Ring of the Snake":[50]},"card_choices":[{"not_picked":["Purity","Dramatic Entrance"],"picked":"Trip","floor":0.0},{"not_picked":["Backflip","Outmaneuver"],"picked":"Backstab","floor":1.0},{"not_picked":["Cloak And Dagger","Outmaneuver"],"picked":"Footwork","floor":3.0},{"not_picked":["Leg Sweep","Flying Knee"],"picked":"Poisoned Stab","floor":4.0},{"not_picked":["Eviscerate","Accuracy","Masterful Stab"],"picked":"SKIP","floor":6.0},{"not_picked":["Terror","Tactician"],"picked":"Deadly Poison","floor":7.0},{"not_picked":["Accuracy","Skewer"],"picked":"Dagger Spray","floor":11.0},{"not_picked":["Setup","Outmaneuver"],"picked":"Dash","floor":13.0},{"not_picked":["Wraith Form v2","A Thousand Cuts"],"picked":"Malaise","floor":16.0},{"not_picked":["Slice","Predator"],"picked":"Dagger Throw","floor":18.0},{"not_picked":["Dagger Throw+1","Accuracy","Backflip"],"picked":"SKIP","floor":20.0},{"not_picked":["Sucker Punch","Dodge and Roll"],"picked":"Catalyst","floor":21.0},{"not_picked":["Flying Knee+1","Caltrops","Slice"],"picked":"SKIP","floor":23.0},{"not_picked":["Expertise+1","Sucker Punch+1"],"picked":"Calculated Gamble","floor":25.0},{"not_picked":["Masterful Stab","Deadly Poison","Leg Sweep"],"picked":"SKIP","floor":27.0},{"not_picked":["Bullet Time","Deadly Poison","Slice"],"picked":"SKIP","floor":28.0},{"not_picked":["Doppelganger","Wraith Form v2"],"picked":"Burst","floor":33.0},{"not_picked":["Poisoned Stab","Sucker Punch+1"],"picked":"Prepared","floor":35.0},{"not_picked":["Leg Sweep","Escape Plan"],"picked":"Noxious Fumes","floor":36.0},{"not_picked":["Riddle With Holes","Finisher"],"picked":"Heel Hook+1","floor":37.0},{"not_picked":["Dagger Spray","Concentrate+1","Dagger Throw"],"picked":"SKIP","floor":38.0},{"not_picked":["Forethought","Swift Strike"],"picked":"Thinking Ahead","floor":39.0},{"not_picked":["Trip","Jack Of All Trades"],"picked":"Panacea","floor":39.0},{"not_picked":["Forethought","Trip"],"picked":"Secret Weapon","floor":39.0},{"not_picked":["Acrobatics","Cloak And Dagger","Dagger Spray"],"picked":"SKIP","floor":41.0},{"not_picked":["Poisoned Stab+1","Concentrate"],"picked":"Bullet Time","floor":42.0},{"not_picked":["Dagger Spray","Quick Slash","Dagger Throw"],"picked":"SKIP","floor":44.0},{"not_picked":["Sucker Punch+1","Caltrops"],"picked":"Backflip+1","floor":46.0}],"player_experience":555138,"relics_obtained":[{"floor":6.0,"key":"Bag of Preparation"},{"floor":9.0,"key":"Regal Pillow"},{"floor":13.0,"key":"Snake Skull"},{"floor":17.0,"key":"Toy Ornithopter"},{"floor":17.0,"key":"The Courier"},{"floor":17.0,"key":"The Specimen"},{"floor":23.0,"key":"Ancient Tea Set"},{"floor":26.0,"key":"Paper Crane"},{"floor":28.0,"key":"Happy Flower"},{"floor":37.0,"key":"Shovel"},{"floor":42.0,"key":"Mango"},{"floor":46.0,"key":"Toxic Egg 2"},{"floor":49.0,"key":"Gambling Chip"}],"event_choices":[{"damage_healed":0.0,"max_hp_gain":0.0,"max_hp_loss":0.0,"gold_gain":0.0,"event_name":"Living Wall","player_choice":"Grow","floor":2.0,"gold_loss":0.0,"damage_taken":0.0,"cards_upgraded":["Trip"]},{"damage_healed":0.0,"max_hp_gain":0.0,"max_hp_loss":0.0,"gold_gain":0.0,"event_name":"Shining Light","player_choice":"Entered Light","floor":8.0,"gold_loss":0.0,"damage_taken":20.0,"cards_upgraded":["Strike_G","Predator"]},{"damage_healed":0.0,"max_hp_gain":0.0,"max_hp_loss":0.0,"gold_gain":0.0,"event_name":"Scrap Ooze","player_choice":"Success","floor":12.0,"gold_loss":0.0,"damage_taken":11.0,"relics_obtained":["MealTicket"]},{"damage_healed":0.0,"max_hp_gain":0.0,"max_hp_loss":0.0,"gold_gain":68.0,"event_name":"Golden Wing","player_choice":"Gained Gold","floor":14.0,"gold_loss":0.0,"damage_taken":0.0},{"damage_healed":0.0,"max_hp_gain":0.0,"max_hp_loss":0.0,"gold_gain":0.0,"event_name":"Designer","player_choice":"Upgraded Two","floor":19.0,"gold_loss":50.0,"damage_taken":0.0,"cards_upgraded":["Dagger Throw","Defend_G"]},{"damage_healed":0.0,"max_hp_gain":0.0,"max_hp_loss":0.0,"gold_gain":0.0,"event_name":"Addict","player_choice":"Obtained Relic","floor":30.0,"gold_loss":85.0,"damage_taken":0.0,"relics_obtained":["Potion Belt"]},{"damage_healed":0.0,"max_hp_gain":0.0,"max_hp_loss":0.0,"gold_gain":0.0,"cards_transformed":["Strike_G"],"event_name":"Transmorgrifier","player_choice":"Transformed","floor":31.0,"gold_loss":0.0,"damage_taken":0.0,"cards_obtained":["Well Laid Plans"]},{"damage_healed":0.0,"max_hp_gain":0.0,"max_hp_loss":0.0,"gold_gain":0.0,"event_name":"MindBloom","player_choice":"Fight","floor":37.0,"gold_loss":0.0,"damage_taken":0.0},{"damage_healed":0.0,"max_hp_gain":0.0,"max_hp_loss":0.0,"gold_gain":0.0,"event_name":"SensoryStone","player_choice":"Memory 3","floor":39.0,"gold_loss":0.0,"damage_taken":10.0},{"damage_healed":16.0,"max_hp_gain":0.0,"max_hp_loss":0.0,"gold_gain":0.0,"event_name":"Winding Halls","player_choice":"Writhe","floor":45.0,"gold_loss":0.0,"damage_taken":0.0,"cards_obtained":["Writhe"]}],"is_beta":false,"boss_relics":[{"not_picked":["Velvet Choker","Tiny House"],"picked":"Calling Bell"},{"not_picked":["WristBlade","Busted Crown"],"picked":"Astrolabe"}],"items_purged_floors":[5,47],"is_endless":false,"potions_floor_spawned":[3,4,6,18,23,28,37,42,44,46],"killed_by":"Awakened One","ascension_level":16}}