{"host":"Finnegan","time":1614372972,"event":{"mods":["AchievementEnabler","BaseMod","Colored Map","Colored Powertips","Highlight Path","Minty Spire (QoL Compilation)","Permanent Neow","Quick Restart","Rare Cards Sparkle","Relic Stats","StSLib","everything is the same but u backflip on backflip","slay the spire mod where everything is the same but ironclad has a cowboy hat"],"gold_per_floor":[117,131,131,143,154,180,196,196,271,321,348,20,30,43,43,114,114,102,22,34,52,11,11,11],"floor_reached":23,"language":"ENG","playtime":1109,"items_purged":["Strike_G","Strike_G"],"score":403,"play_id":"8a2ed749-66f9-4d6a-9a8e-ec4afb2e9a1f","local_time":"20210226215612","is_ascension_mode":true,"campfire_choices":[{"floor":8.0,"key":"REST"},{"data":"Noxious Fumes","floor":15.0,"key":"SMITH"}],"circlet_count":0,"master_deck":["AscendersBane","Strike_G","Strike_G","Strike_G","Defend_G","Defend_G","Defend_G","Defend_G","Defend_G","Survivor+1","Neutralize","Dagger Spray","Noxious Fumes+1","Backflip","Dagger Throw","Noxious Fumes","Sucker Punch","Bane","Prepared","Well Laid Plans","Tools of the Trade","Distraction"],"relics":["Ring of the Snake","PreservedInsect","The Courier","The Specimen","Eternal Feather","HoveringKite"],"acts_visited":["Exordium","TheCity"],"potions_floor_usage":[23,23],"damage_taken":[{"damage":0.0,"enemies":"Small Slimes","floor":1.0,"turns":5.0},{"damage":1.0,"enemies":"Cultist","floor":2.0,"turns":4.0},{"damage":0.0,"enemies":"2 Louse","floor":4.0,"turns":4.0},{"damage":14.0,"enemies":"Exordium Thugs","floor":5.0,"turns":5.0},{"damage":59.0,"enemies":"Gremlin Nob","floor":6.0,"turns":6.0},{"damage":14.0,"enemies":"3 Louse","floor":7.0,"turns":3.0},{"damage":0.0,"enemies":"Lagavulin","floor":11.0,"turns":7.0},{"damage":0.0,"enemies":"Large Slime","floor":13.0,"turns":6.0},{"damage":16.0,"enemies":"2 Fungi Beasts","floor":14.0,"turns":4.0},{"damage":20.0,"enemies":"Hexaghost","floor":16.0,"turns":10.0},{"damage":16.0,"enemies":"2 Thieves","floor":18.0,"turns":4.0},{"damage":7.0,"enemies":"Shell Parasite","floor":20.0,"turns":7.0},{"damage":4.0,"enemies":"Snake Plant","floor":21.0,"turns":7.0},{"damage":17,"enemies":"Book of Stabbing","floor":23,"turns":7}],"seed_played":"-1074691046852090320","potions_obtained":[{"floor":0.0,"key":"FairyPotion"},{"floor":0.0,"key":"SkillPotion"},{"floor":5.0,"key":"DuplicationPotion"},{"floor":13.0,"key":"FearPotion"},{"floor":14.0,"key":"Regen Potion"},{"floor":16.0,"key":"PowerPotion"},{"floor":18.0,"key":"DistilledChaos"},{"floor":20.0,"key":"SkillPotion"}],"is_trial":false,"path_per_floor":["M","M","?","M","M","E","M","R","T","?","E","$","M","M","R","B",null,"M","$","M","M","$","E"],"character_chosen":"THE_SILENT","items_purchased":["Eternal Feather","Prepared","Well Laid Plans","SkillPotion"],"campfire_rested":1,"item_purchase_floors":[12,12,12,22],"current_hp_per_floor":[59,58,58,58,44,19,5,24,24,24,24,24,24,8,20,15,53,37,37,30,26,26,9,9],"gold":11,"neow_bonus":"THREE_SMALL_POTIONS","is_daily":false,"chose_seed":false,"campfire_upgraded":1,"win_rate":0.0,"timestamp":1614372972,"path_taken":["M","M","?","M","M","E","?","R","T","?","E","$","M","M","R","BOSS","M","?","M","M","?","E"],"items_purchased_type":["Relic","Card","Card","Potion"],"build_version":"2020-12-18","purchased_purges":2,"victory":false,"max_hp_per_floor":[66,66,66,66,66,66,66,66,66,66,66,66,66,66,66,66,66,66,66,66,66,66,66,66],"relic_stats":{"counters":[14,79],"HoveringKite":[21],"Eternal Feather":12,"PreservedInsect":72,"obtain_stats":[{"The Specimen":11,"HoveringKite":17,"Eternal Feather":12,"PreservedInsect":6,"The Courier":9,"Ring of the Snake":0},{"The Specimen":7,"HoveringKite":10,"Eternal Feather":7,"PreservedInsect":5,"The Courier":6,"Ring of the Snake":0},{"The Specimen":34,"HoveringKite":54,"Eternal Feather":34,"PreservedInsect":24,"The Courier":27,"Ring of the Snake":0}],"Ring of the Snake":[28]},"card_choices":[{"not_picked":["Prepared","Outmaneuver"],"picked":"Dagger Spray","floor":1.0},{"not_picked":["Riddle With Holes","PiercingWail"],"picked":"Noxious Fumes","floor":2.0},{"not_picked":["Outmaneuver","Quick Slash"],"picked":"Backflip","floor":4.0},{"not_picked":["Tactician","Dodge and Roll"],"picked":"Dagger Throw","floor":5.0},{"not_picked":["Deadly Poison","Finisher"],"picked":"Noxious Fumes","floor":6.0},{"not_picked":["Distraction","Outmaneuver"],"picked":"Sucker Punch","floor":7.0},{"not_picked":["Predator","Flying Knee"],"picked":"Bane","floor":11.0},{"not_picked":["Eviscerate","Unload","Slice"],"picked":"SKIP","floor":13.0},{"not_picked":["Sucker Punch","Poisoned Stab","Blade Dance"],"picked":"SKIP","floor":14.0},{"not_picked":["Grand Finale","Doppelganger"],"picked":"Tools of the Trade","floor":16.0},{"not_picked":["Slice","Eviscerate","Outmaneuver"],"picked":"SKIP","floor":18.0},{"not_picked":["Quick Slash","Blade Dance"],"picked":"Distraction","floor":20.0},{"not_picked":["Quick Slash+1","Dagger Throw+1","Deadly Poison"],"picked":"SKIP","floor":21.0}],"player_experience":918779,"relics_obtained":[{"floor":6.0,"key":"PreservedInsect"},{"floor":9.0,"key":"The Courier"},{"floor":11.0,"key":"The Specimen"}],"event_choices":[{"damage_healed":0.0,"max_hp_gain":0.0,"max_hp_loss":0.0,"gold_gain":0.0,"event_name":"Upgrade Shrine","player_choice":"Upgraded","floor":3.0,"gold_loss":0.0,"damage_taken":0.0,"cards_upgraded":["Survivor"]},{"damage_healed":0.0,"max_hp_gain":0.0,"max_hp_loss":0.0,"gold_gain":50.0,"event_name":"Golden Shrine","player_choice":"Pray","floor":10.0,"gold_loss":0.0,"damage_taken":0.0}],"is_beta":true,"boss_relics":[{"not_picked":["Runic Pyramid","Tiny House"],"picked":"HoveringKite"}],"items_purged_floors":[12,19],"is_endless":false,"potions_floor_spawned":[4,5,13,14,16,18,20],"killed_by":"Book of Stabbing","ascension_level":15}}