{"host":"eeb412nj2w7f9cz8","time":1614336422,"event":{"mods":["Act Like it!","BaseMod","Library of Ruina","Library of Ruina Extra","Minty Spire (QoL Compilation)","StSLib"],"gold_per_floor":[113,125,125,50,68,68,98,110,133,167,182,107,107,138,138,233,233,244,309,309,328,328,328,384,384,384,394,394,412,20,55,55,152,152,172,183,272,272,494,527,527,585,609,638,13,49,148,148,148,148,148,148,148,120,145,145],"floor_reached":57,"language":"ZHS","playtime":3405,"items_purged":["FocusedStrikes","Dodge"],"score":1982,"play_id":"0eedbd75-4f67-42dc-8a63-31161a2bcc56","local_time":"20210226184702","is_ascension_mode":true,"campfire_choices":[{"data":"AGoldenOpportunity","floor":6,"key":"SMITH"},{"data":"UnforgettableMelody","floor":13,"key":"SMITH"},{"data":"Punishment","floor":15,"key":"SMITH"},{"data":"LeRegole","floor":23,"key":"SMITH"},{"data":"RhinoRam","floor":25,"key":"SMITH"},{"data":"GutHarvesting","floor":28,"key":"SMITH"},{"data":"StartinOutLightly","floor":32,"key":"SMITH"},{"floor":41,"key":"RECALL"},{"data":"1","floor":49,"key":"LIFT"},{"data":"2","floor":53,"key":"LIFT"}],"circlet_count":0,"master_deck":["QuickSuppression","DevastatingThrash","Punishment+1","UnforgettableMelody+1","AGoldenOpportunity+1","Rewind","Decapitation","ShockingBlow","DestructiveImpact","SerpentineBarrier","StartinOutLightly+1","GutHarvesting+1","Deflect_lor","FeatherShield","Standoff","EnergyShield+1","Parry2+1","LeRegole+1","StrikeDown","RhinoRam+1","Leap_lor","WaitUp+1","DistortedBlade+1","TendonChords+1","Magnetism","Apotheosis","Discovery","Disposal+1","SteelKnuckles+1","Concentration","LeRegole+1","SwordOfVolition+1","DistortedBlade+1","ShrineToMusic"],"relics":["PageOfLibrarian","PreservedInsect","Centennial Puzzle","Toy Ornithopter","PageOfThreeBirds","Pandora\u0027s Box","Red Mask","Orichalcum","PageOfApocalypseBird","Molten Egg 2","Lee\u0027s Waffle","Thread and Needle","Snecko Eye","CaptainsWheel","PageOfSpiderBud","Happy Flower","Oddly Smooth Stone","Bag of Marbles","DollysMirror","CeramicFish","Girya","Mango","Smiling Mask","Boot"],"acts_visited":["Exordium","TheCity","TheBeyond","TheEnding"],"potions_floor_usage":[16,19,56],"damage_taken":[{"damage":0,"enemies":"Cultist","floor":1,"turns":4},{"damage":0,"enemies":"Small Slimes","floor":2,"turns":2},{"damage":0,"enemies":"Jaw Worm","floor":5,"turns":2},{"damage":0,"enemies":"Lagavulin","floor":7,"turns":3},{"damage":2,"enemies":"Looter","floor":8,"turns":2},{"damage":0,"enemies":"Gremlin Nob","floor":10,"turns":3},{"damage":0,"enemies":"Gremlin Gang","floor":11,"turns":4},{"damage":3,"enemies":"3 Sentries","floor":14,"turns":4},{"damage":20,"enemies":"Hexaghost","floor":16,"turns":2},{"damage":0,"enemies":"Shell Parasite","floor":18,"turns":2},{"damage":11,"enemies":"Masked Bandits","floor":19,"turns":5},{"damage":0,"enemies":"Spheric Guardian","floor":21,"turns":1},{"damage":2,"enemies":"Slavers","floor":24,"turns":3},{"damage":2,"enemies":"Snecko","floor":27,"turns":2},{"damage":4,"enemies":"Centurion and Healer","floor":29,"turns":3},{"damage":2,"enemies":"Book of Stabbing","floor":31,"turns":2},{"damage":2,"enemies":"RedHoodMercenary","floor":33,"turns":5},{"damage":0,"enemies":"Orb Walker","floor":35,"turns":1},{"damage":0,"enemies":"3 Shapes","floor":36,"turns":1},{"damage":0,"enemies":"2 Orb Walkers","floor":37,"turns":1},{"damage":2,"enemies":"Nemesis","floor":40,"turns":2},{"damage":2,"enemies":"Maw","floor":42,"turns":3},{"damage":8,"enemies":"Giant Head","floor":44,"turns":1},{"damage":0,"enemies":"Reptomancer","floor":46,"turns":1},{"damage":4,"enemies":"Mind Bloom Boss Battle","floor":47,"turns":1},{"damage":2,"enemies":"Time Eater","floor":50,"turns":3},{"damage":2,"enemies":"Time Eater","floor":51,"turns":3},{"damage":2,"enemies":"Shield and Spear","floor":55,"turns":2},{"damage":38,"enemies":"The Heart","floor":56,"turns":2}],"seed_played":"-1513055163636540919","potions_obtained":[{"floor":5,"key":"Regen Potion"},{"floor":7,"key":"Weak Potion"},{"floor":11,"key":"FearPotion"},{"floor":16,"key":"Strength Potion"},{"floor":19,"key":"Ancient Potion"},{"floor":44,"key":"Swift Potion"}],"is_trial":false,"path_per_floor":["M","M","?","$","M","R","E","M","T","E","M","$","R","E","R","B",null,"M","?","?","M","?","R","E","R","T","M","R","M","$","E","R","B",null,"M","M","?","?","?","E","R","M","T","E","$","E","?","?","R","B",null,null,"R","$","E","B",null],"character_chosen":"Librarian","items_purchased":["UnforgettableMelody","Molten Egg 2","Lee\u0027s Waffle","Bag of Marbles","Concentration","DollysMirror","CeramicFish","ShrineToMusic"],"campfire_rested":0,"item_purchase_floors":[4,30,30,45,45,45,45,54],"current_hp_per_floor":[60,60,60,60,60,60,60,58,58,58,58,58,58,55,55,40,77,77,68,68,68,68,68,66,66,66,64,64,60,96,94,94,92,96,96,96,96,86,86,87,87,88,88,80,80,80,93,93,93,91,92,110,110,110,108,75],"gold":145,"neow_bonus":"RANDOM_COMMON_RELIC","is_daily":false,"chose_seed":false,"campfire_upgraded":7,"win_rate":0.0,"timestamp":1614336422,"path_taken":["M","?","?","?","M","R","E","M","T","E","M","$","R","E","R","BOSS","M","?","?","M","?","R","E","R","T","?","R","M","$","E","R","BOSS","M","M","?","?","?","E","R","M","T","E","$","E","?","?","R","BOSS","R","$","E","BOSS"],"items_purchased_type":["Card","Relic","Relic","Relic","Card","Relic","Relic","Card"],"build_version":"2020-12-22","purchased_purges":2,"victory":true,"max_hp_per_floor":[77,77,77,77,77,77,77,77,77,77,77,77,77,77,77,77,77,77,77,77,77,77,77,89,89,89,89,89,89,96,96,96,96,96,96,96,96,96,96,96,96,96,96,96,96,96,110,110,110,110,110,110,110,110,110,110],"card_choices":[{"not_picked":["FlashOfSunup","BiAn","CoordinatedAssault","SnakeSlit","FrontalAssault","StartinOutLightly","EndlessBattle","StrongStrike"],"picked":"QuickSuppression","floor":1},{"not_picked":["FervidEmotions","SnakesPrey","Overpower","Unlock1","Guardian_lor","BladeWhirl","DefenseOrder","FieryWaltz"],"picked":"DevastatingThrash","floor":2},{"not_picked":["HighKick","VioletBlade","TasteMyFlamingBat","Laceration","HandleRequest","Outburst","RipSpace","SweepTheBackstreets"],"picked":"AGoldenOpportunity","floor":5},{"not_picked":["ClassAndRespect","StructuralAnalysis","ToWhereThePrescriptPoints","SunsetBlade","Creak","ForcefulGesture","QuickAttack","BiAn"],"picked":"Rewind","floor":7},{"not_picked":["SnakeSlit","EmotionalTurbulence","TraceOfFumes","SerpentineBarrier","SnakesPrey","TrimTheIngredients","DefenseOrder","HighKick","StrongStrike"],"picked":"SKIP","floor":8},{"not_picked":["Feast","GuidanceOfTheGears","GreatSerpentsImpact","Creak","GaleKick","Wallop_lor","MultiHit","HandlingWork","ClassAndRespect"],"picked":"SKIP","floor":10},{"not_picked":["CookingPrep","Execute_lor","BackAttack","BlindFaith","TendonChords","BiAn","ConcentratedFire","ChopItOff","UndertakePrescript"],"picked":"SKIP","floor":11},{"not_picked":["TheArtOfRapidSteps","Riposte","QuickAttack","SnakesPrey","CumulusWall","ChiWen","BayonetCombat","Parry2","BackstreetsDash"],"picked":"SKIP","floor":14},{"not_picked":["Deflect_lor","Commandeering"],"picked":"Decapitation","floor":16},{"not_picked":["SharpenedBlade","BayonetCombat","InkOver+1","OpportunitySpotted","ICanCookAnything","PreemptiveStrike","BiAn","SparkingSpear"],"picked":"EnergyShield+1","floor":18},{"not_picked":["FervidEmotions+1","Parry","Thrust","GrazeTheGrass","Faith","ProselytesBlade","UpbeatPerformance","SpearedSweep+1"],"picked":"Parry2+1","floor":19},{"not_picked":["BizarreAttack","Overpower","BladeWhirl","YoureTooSlow","BiAn","TheWillOfTheCity","StructuralAnalysis","AsThePrescriptOrders"],"picked":"LeRegole","floor":21},{"not_picked":["CircusKnives","EnergyCycle+1","Leap_lor","ScatteringSlash","StartinOutLightly","FierceCharge","StrongStrike","Outburst"],"picked":"RhinoRam","floor":24},{"not_picked":["HighKick+1","Parry","StrikeDown+1","Eliminate","StrongStrike","ClassAndRespect+1","Standoff","GuidanceOfTheGears","FieryWaltz"],"picked":"SKIP","floor":27},{"not_picked":["SummaryJudgment","Rewind+1","Suppress","DefenseOrder","Outburst+1","RushDown","IllEndYou","EndlessBattle"],"picked":"Leap_lor","floor":29},{"not_picked":["ViolentFlame","Parry2","YoureAHindrance+1","Standoff+1","RushDown+1","FleetEdge+1","FierceCharge","UnavoidableGaze+1"],"picked":"WaitUp+1","floor":31},{"not_picked":["Suppress+1","ScratchThat+1"],"picked":"DistortedBlade+1","floor":33},{"not_picked":["GuardingStance","FrontalAssault+1","SuppressingShot+1","SweepTheBackstreets+1","BlindFaith","Overcharge+1","SinglePointStab+1","CumulusWall","Observe"],"picked":"SKIP","floor":35},{"not_picked":["DestructiveImpact+1","Rewind+1","LawAndOrder+1","ToWhereThePrescriptPoints","BiteOff+1","Outburst+1","FieryWaltz+1","DarkCloud"],"picked":"TendonChords+1","floor":36},{"not_picked":["Panache","Mind Blast+1","Deep Breath","Finesse","Trip","Good Instincts","Dramatic Entrance+1","Purity"],"picked":"Magnetism","floor":38},{"not_picked":["Blind","Deep Breath","Jack Of All Trades","Bandage Up","Secret Weapon","Master of Strategy","Chrysalis","Good Instincts"],"picked":"Apotheosis","floor":38},{"not_picked":["Trip","Dramatic Entrance+1","Good Instincts","Purity","Dark Shackles","PanicButton","Jack Of All Trades","Thinking Ahead"],"picked":"Discovery","floor":38},{"not_picked":["EnergyShield+1","Parry+1","JiaoTu+1","SenseQuarry","Reload","YoureTooSlow+1","RatsGuideToSurvival+1","AsThePrescriptOrders"],"picked":"Disposal+1","floor":40},{"not_picked":["UpbeatPerformance+1","BayonetCombat+1","Track+1","MultiHit+1","StrikeDown+1","KeepItFresh+1","ButterflySlash+1","Faith"],"picked":"SteelKnuckles+1","floor":42},{"not_picked":["Overpower+1","Zzzzzap+1","SuanNi","PinpointShot+1","BayonetCombat+1","ClassAndRespect+1","DestructiveImpact+1","YoureAHindrance+1","CoordinatedAssault"],"picked":"SKIP","floor":44},{"not_picked":["BiAn","GrazeTheGrass+1","MultiBlock","EndlessBattle+1","TheRedNotes+1","MindPrepared+1","Eradication+1","SpearedSweep+1"],"picked":"SwordOfVolition+1","floor":46},{"not_picked":["RapidGashes+1","FleetFootsteps","BiAn","OpportunitySpotted+1","MultiHit+1","SharpSwipe+1","SweepTheBackstreets+1","QuickSuppression+1"],"picked":"DistortedBlade+1","floor":47},{"not_picked":["ExtremeEdge+1","FendThisOffIfYouCan+1","SerpentSwordTechnique","ForTheFamily+1","Unlock1+1","HiddenBlade+1","Pound+1","ScratchThat+1","VenomousFangs+1"],"picked":"SKIP","floor":55}],"player_experience":134835,"relics_obtained":[{"floor":7,"key":"Centennial Puzzle"},{"floor":10,"key":"Toy Ornithopter"},{"floor":14,"key":"PageOfThreeBirds"},{"floor":19,"key":"Red Mask"},{"floor":24,"key":"Orichalcum"},{"floor":26,"key":"PageOfApocalypseBird"},{"floor":31,"key":"Thread and Needle"},{"floor":37,"key":"CaptainsWheel"},{"floor":40,"key":"PageOfSpiderBud"},{"floor":43,"key":"Happy Flower"},{"floor":44,"key":"Oddly Smooth Stone"},{"floor":46,"key":"Girya"},{"floor":47,"key":"Mango"},{"floor":55,"key":"Boot"}],"event_choices":[{"damage_healed":0,"gold_gain":0,"player_choice":"1 cards matched","damage_taken":0,"max_hp_gain":0,"max_hp_loss":0,"event_name":"Match and Keep!","floor":3,"gold_loss":0,"cards_obtained":["Punishment"]},{"damage_healed":0,"gold_gain":0,"player_choice":"Fought Bandits","damage_taken":0,"max_hp_gain":0,"max_hp_loss":0,"event_name":"Masked Bandits","floor":19,"gold_loss":0},{"damage_healed":0,"gold_gain":0,"player_choice":"Ignored","damage_taken":0,"max_hp_gain":0,"max_hp_loss":0,"event_name":"Ghosts","floor":20,"gold_loss":0},{"damage_healed":0,"gold_gain":0,"player_choice":"1 cards matched","damage_taken":0,"max_hp_gain":0,"max_hp_loss":0,"event_name":"Match and Keep!","floor":22,"gold_loss":0,"cards_obtained":["StrikeDown"]},{"damage_healed":0,"gold_gain":0,"player_choice":"Fight","damage_taken":0,"max_hp_gain":0,"max_hp_loss":0,"event_name":"Mysterious Sphere","floor":37,"gold_loss":0},{"damage_healed":0,"gold_gain":0,"player_choice":"Memory 3","damage_taken":10,"max_hp_gain":0,"max_hp_loss":0,"event_name":"SensoryStone","floor":38,"gold_loss":0},{"damage_healed":0,"gold_gain":222,"player_choice":"Wore Mask","damage_taken":0,"max_hp_gain":0,"max_hp_loss":0,"event_name":"Tomb of Lord Red Mask","floor":39,"gold_loss":0},{"damage_healed":0,"gold_gain":0,"player_choice":"Fight","damage_taken":0,"max_hp_gain":0,"max_hp_loss":0,"event_name":"MindBloom","floor":47,"gold_loss":0},{"damage_healed":0,"gold_gain":0,"player_choice":"Gave Potion","damage_taken":0,"relics_obtained":["Smiling Mask"],"max_hp_gain":0,"max_hp_loss":0,"event_name":"WeMeetAgain","floor":48,"gold_loss":0}],"is_beta":false,"boss_relics":[{"not_picked":["PageOfBlackSwan","Sozu"],"picked":"Pandora\u0027s Box"},{"not_picked":["SlaversCollar","Empty Cage"],"picked":"Snecko Eye"}],"items_purged_floors":[12,45],"is_endless":false,"potions_floor_spawned":[5,7,11,14,16,19,21,27,29,33,36,44,46,47],"ascension_level":3}}