{"host":"tt32keynd3mw9xtf","time":1614344442,"event":{"mods":["100% Spire Juice","Act Like it!","Arknights","BaseMod","Colored Powertips","Gensokyo","Hermit","Koishi","Library of Ruina","Library of Ruina Extra","Lobotomy","LobotomyExtend","Marisa£®ÏF”Í°°ƒß¿Ì…≥£©","Minty Spire (QoL Compilation)","Ruina","Spicy Shops","StSLib","The Alterego","Youmu£®ªÍ∆«—˝√Œ£©"],"gold_per_floor":[117,134,147,72,91,119,134,164,188,200,211,238,238,255,255,353,353,372,372,391,45,45,45,45,61,61,61,80,106,123,150,150,252,252,267,142,159,159,159,159,194,208,208,220,220,56,73,73,73,73,73,73,73,23,53,53],"floor_reached":57,"language":"ZHS","playtime":3796,"items_purged":["Pain","LightAttack","LightDefense"],"score":1321,"play_id":"45d20ddd-db31-4b5f-b3e5-1ff7fc9423bc","local_time":"20210226210042","is_ascension_mode":false,"campfire_choices":[{"floor":15,"key":"REST"},{"data":"TieShanKao","floor":23,"key":"SMITH"},{"data":"Dodge","floor":27,"key":"SMITH"},{"data":"UnforgettableMelody","floor":32,"key":"SMITH"},{"data":"RagingStormLove","floor":40,"key":"SMITH"},{"floor":49,"key":"RECALL"},{"data":"Quickness","floor":53,"key":"SMITH"}],"circlet_count":0,"master_deck":["Dodge+1","LightDefense","LightDefense","LightDefense","ChargeAndCover","FrontalAssault","SinglePointStab+1","LawAndOrder","Unlock1+1","FierceCharge","FlowOfTheSword+1","RulesOfTheBackstreets","BattleCommand","TieShanKao+1","InnerArdor","FrontalAssault","RagingStormLove+1","Quickness+1","ChiWen","FlyingSword+1","UnforgettableMelody+1","SearingSword+1","Commandeering","CleanUp","StructuralAnalysis+1","CrackOfDawn","FleetFootsteps","GoinFirst","TheWillOfTheCity","SunsetBlade+1","IronWall","FeatherShield","FlowOfTheSword+1","FierceCharge","BiAn+1","FleetEdge+1"],"relics":["PageOfLibrarian","PageOfTheSilentOrchestra","LetterFromLob","PageOfQueenBee","PageOfSnowWhitesApple","Whetstone","Philosopher\u0027s Stone","Nloth\u0027s Gift","PageOfJudgementBird","HonorFeather","Oddly Smooth Stone","PreservedInsect","Art of War","Coffee Dripper","PageOfBigBird","Gaze_r","Orrery","Bag of Marbles"],"acts_visited":["Exordium","TheCity","Gensokyo:Gensokyoest","TheEnding"],"potions_floor_usage":[16,47,50,51,56,56],"damage_taken":[{"damage":1,"enemies":"Small Slimes","floor":1,"turns":2},{"damage":1,"enemies":"Cultist","floor":2,"turns":2},{"damage":10,"enemies":"Jaw Worm","floor":3,"turns":2},{"damage":0,"enemies":"3 Louse","floor":5,"turns":3},{"damage":7,"enemies":"Gremlin Nob","floor":6,"turns":3},{"damage":0,"enemies":"Red Slaver","floor":7,"turns":2},{"damage":11,"enemies":"Lagavulin","floor":8,"turns":3},{"damage":0,"enemies":"Looter","floor":10,"turns":1},{"damage":7,"enemies":"Exordium Thugs","floor":11,"turns":2},{"damage":2,"enemies":"3 Sentries","floor":12,"turns":3},{"damage":2,"enemies":"2 Fungi Beasts","floor":14,"turns":2},{"damage":0,"enemies":"Hexaghost","floor":16,"turns":4},{"damage":0,"enemies":"Chosen","floor":18,"turns":2},{"damage":0,"enemies":"Spheric Guardian","floor":20,"turns":2},{"damage":73,"enemies":"Centurion and Healer","floor":22,"turns":3},{"damage":0,"enemies":"Centurion and Healer","floor":25,"turns":2},{"damage":0,"enemies":"Sentry and Sphere","floor":28,"turns":1},{"damage":25,"enemies":"Book of Stabbing","floor":29,"turns":3},{"damage":0,"enemies":"Chosen and Byrds","floor":30,"turns":2},{"damage":3,"enemies":"Gremlin Leader","floor":31,"turns":2},{"damage":44,"enemies":"KingOfGreed","floor":33,"turns":7},{"damage":0,"enemies":"Gensokyo:3_Bats","floor":35,"turns":2},{"damage":0,"enemies":"Gensokyo:3_Boulders","floor":37,"turns":2},{"damage":28,"enemies":"Gensokyo:Doremy","floor":41,"turns":3},{"damage":0,"enemies":"Gensokyo:SeedOfUnknown","floor":42,"turns":2},{"damage":3,"enemies":"Gensokyo:4_Bats","floor":44,"turns":2},{"damage":33,"enemies":"Gensokyo:4_Bats","floor":45,"turns":2},{"damage":0,"enemies":"Gensokyo:4_Bats","floor":45,"turns":1},{"damage":0,"enemies":"Gensokyo:Dusk_and_Dawn","floor":47,"turns":2},{"damage":8,"enemies":"Gensokyo:Scarlet_Devils","floor":50,"turns":6},{"damage":52,"enemies":"Gensokyo:Scarlet_Devils","floor":51,"turns":13},{"damage":3,"enemies":"Shield and Spear","floor":55,"turns":3},{"damage":72,"enemies":"The Heart","floor":56,"turns":4}],"seed_played":"-4202294435270286633","potions_obtained":[{"floor":3,"key":"LiquidMemories"},{"floor":6,"key":"EntropicBrew"},{"floor":10,"key":"FairyPotion"},{"floor":16,"key":"LiquidMemories"},{"floor":28,"key":"Energy Potion"},{"floor":29,"key":"Regen Potion"},{"floor":44,"key":"Swift Potion"},{"floor":55,"key":"DistilledChaos"}],"is_trial":false,"path_per_floor":["M","M","M","$","M","E","M","E","T","M","M","E","?","M","R","B",null,"M","?","M","$","M","R","?","M","T","R","M","E","M","E","R","B",null,"M","$","M","?","?","R","E","M","T","M","?","COS","M","?","R","B",null,null,"R","$","E","B",null],"character_chosen":"Librarian","items_purchased":["PageOfJudgementBird","Fire Potion"],"campfire_rested":1,"item_purchase_floors":[21,54],"current_hp_per_floor":[59,58,48,48,48,41,41,30,30,30,23,21,21,19,44,44,86,86,86,86,86,86,86,96,96,96,96,96,71,71,68,96,76,96,96,96,96,96,96,94,66,66,66,63,61,61,66,66,94,86,34,94,94,94,91,21],"gold":53,"neow_bonus":"ONE_RARE_RELIC","is_daily":false,"chose_seed":false,"campfire_upgraded":5,"win_rate":0.0,"timestamp":1614344442,"path_taken":["M","M","M","$","M","E","M","E","T","M","M","E","?","M","R","BOSS","M","?","?","$","M","R","?","M","T","R","M","E","?","E","R","BOSS","M","$","M","?","?","R","E","?","T","M","?","COS","M","?","R","BOSS","R","$","E","BOSS"],"items_purchased_type":["Relic","Potion"],"build_version":"2020-12-22","purchased_purges":3,"victory":true,"max_hp_per_floor":[86,86,86,86,86,86,84,84,84,84,84,84,84,84,86,86,86,86,86,86,86,86,86,96,96,96,96,96,96,96,96,96,96,96,96,96,96,96,96,94,94,94,94,94,94,94,94,94,94,94,94,94,94,94,94,94],"card_choices":[{"not_picked":["DefenseOrder","TheWillOfTheCity","SinglePointStab","InnerArdor","ChopItOff","Collision","DistortedBlade","SpearedSweep"],"picked":"FrontalAssault","floor":1},{"not_picked":["FleetFootsteps","Faith","IngredientHunt","AssaultOrder","StrongStrike","MindCrush","VioletBlade","RushDown"],"picked":"SinglePointStab","floor":2},{"not_picked":["Ripple","SmokingPipe","MultiBlock","UnavoidableGaze","EnergyShield","GroundSmash","MultiHit","PreemptiveStrike"],"picked":"LawAndOrder","floor":3},{"not_picked":["PreemptiveStrike","FendThisOffIfYouCan","ShockRound","JiaoTu","DriedUp","EnergyShield","Outburst","SilentMist"],"picked":"Unlock1","floor":5},{"not_picked":["EnergyConversion","SharpSwipe","IllEndYou","CoordinatedAssault","InkOver","NonstopAssault","Parry2","Eject"],"picked":"GoinFirst","floor":6},{"not_picked":["WillOfThePrescript","IllEndYou","Faith","MultiHit","ViolentFlame","Standoff","GrazeTheGrass","TheWillOfTheCity"],"picked":"FierceCharge","floor":7},{"not_picked":["Eject","BackAttack","HiddenBlade","Execute_lor","GutHarvesting","CircusKnives","SpearedSweep","ExtractFuel"],"picked":"FlowOfTheSword","floor":8},{"not_picked":["DirtyBlow","ViolentFlame","FleetFootsteps","Leap_lor","GoinFirst","Feast","BindingChains","FleetEdge"],"picked":"RulesOfTheBackstreets","floor":10},{"not_picked":["HeavyPeaks","BiteOff","FleetEdge","StayCalm","ConcentratedFire","HighKick","EnergyStrike","SparkingSpear"],"picked":"BattleCommand","floor":11},{"not_picked":["EnergyShield","SerpentSwordTechnique","AutonomousRush","NonstopAssault","PuppetBlockade","TendonChords","CookingPrep","Outburst"],"picked":"TieShanKao","floor":12},{"not_picked":["UndertakePrescript","FocusFire","SmokingPipe","YouOnlyLiveOnce","Wallop_lor","FleetEdge","FieryWaltz","MindWhip"],"picked":"InnerArdor","floor":14},{"not_picked":["IngredientHunt","FleetFootsteps","FendThisOffIfYouCan","YoureAHindrance","UncannyStrike","Parry2","NightInTheBackstreets","TimeForALittleTest"],"picked":"FrontalAssault","floor":15},{"not_picked":["Cruelty","GutHarvesting"],"picked":"RagingStormLove","floor":16},{"not_picked":["StrikeDown","MultiBlock","ScratchThat","CoordinatedAssault","DesperateStruggle+1","JiaoTu","HandleRequest","HighKick"],"picked":"Quickness","floor":18},{"not_picked":["ClassAndRespect","EndlessBattle","TimeForALittleTest","Multislash","Slice_lor","DefenseOrder+1","Preparation+1","SpearedSweep+1"],"picked":"ChiWen","floor":20},{"not_picked":["BiteOff","MultiHit","Parry2","BindingChains","HandleRequest","Endure","Faith","Unlock1"],"picked":"FlyingSword+1","floor":25},{"not_picked":["ViolentFlame","Reload","SerpentineBarrier+1","WillOfThePrescript","SharpenedBlade","Preparation","SerpentSwordTechnique","SharpSwipe+1"],"picked":"SinglePointStab","floor":28},{"not_picked":["BulkyImpact","SavageMode","RepressedFlesh","BlowItUp","SnakesPrey+1","LawAndOrder","ClassAndRespect","ScratchThat"],"picked":"UnforgettableMelody","floor":29},{"not_picked":["Standoff+1","FleetFootsteps","FlyingSword","PreemptiveStrike","TheRedNotes","Multislash","Deflect_lor","Reload+1"],"picked":"SearingSword+1","floor":30},{"not_picked":["Punishment","SharpNails","WillProduceFineSilk","TrashDisposal","DirtyBlow+1","StayCalm","Transpierce","Gamble"],"picked":"Commandeering","floor":31},{"not_picked":["ChargeUp","Castigation"],"picked":"CleanUp","floor":33},{"not_picked":["Creak","PinpointShot+1","TheArtOfRapidSteps+1","SteelKnuckles","BindingChains","ToOvercomeCrisis+1","HighKick","FendThisOffIfYouCan"],"picked":"StructuralAnalysis+1","floor":35},{"not_picked":["QuickSuppression+1","Parry+1","Thrust+1","AsThePrescriptOrders+1","WaitUp+1","Reload+1","SkitterAway+1","Standoff+1"],"picked":"CrackOfDawn","floor":37},{"not_picked":["FlashingStrike","SerpentineBarrier","DaringDecision","BizarreAttack+1","ChargeUp","OpportunitySpotted","Outburst+1","Punishment"],"picked":"FleetFootsteps","floor":41},{"not_picked":["Bvapour+1","Unlock1","CutIn+1","LoosenUp","GrazeTheGrass","ClassAndRespect","FleetFootsteps+1","MultiBlock"],"picked":"GoinFirst","floor":42},{"not_picked":["HighKick","SparkingSpear","SteelKnuckles+1","DarkCloud","ChargeUp","YouOnlyLiveOnce+1","BiAn","TendonChords"],"picked":"TheWillOfTheCity","floor":44},{"not_picked":["FieryDragonSlash","RushDown","SerpentineBarrier+1","FendThisOffIfYouCan","FleetFootsteps+1","ChargeUp","WillOfThePrescript+1","ExtractFuel+1"],"picked":"SunsetBlade+1","floor":46},{"not_picked":["Reload+1","VioletBlade","TieShanKao","SharpSwipe+1","Multislash+1","EnergyShield+1","ConcentratedFire","SerpentSwordTechnique+1"],"picked":"IronWall","floor":46},{"not_picked":["AssaultOrder+1","InhaleSmoke","Ripple+1","SharpNails","Unlock1","ClassAndRespect","GrazeTheGrass","DefenseOrder"],"picked":"FeatherShield","floor":46},{"not_picked":["ScratchThat","FierceCharge+1","Quickness","Faith","PreemptiveStrike+1","ProselytesBlade+1","TasteMyFlamingBat","DriedUp+1"],"picked":"FlowOfTheSword+1","floor":46},{"not_picked":["HighKick+1","EnergyBeam","WillOfThePrescript","Standoff+1","BladeWhirl","BackstreetsDash","MultiHit","TheArtOfRapidSteps"],"picked":"FierceCharge","floor":46},{"not_picked":["HandlingWork+1","BackAttack","BladeWhirl+1","GaleKick","Thrust+1","BindingArms","HandleRequest+1","MultiHit"],"picked":"BiAn+1","floor":47},{"not_picked":["Commandeering","DeepDrag","FlashingStrike","Outburst+1","NightInTheBackstreets+1","FeelinGood+1","Juggling","SharpSwipe"],"picked":"FleetEdge+1","floor":55}],"player_experience":315489,"relics_obtained":[{"floor":1,"key":"LetterFromLob"},{"floor":6,"key":"PageOfQueenBee"},{"floor":8,"key":"Dream Catcher"},{"floor":9,"key":"PageOfSnowWhitesApple"},{"floor":12,"key":"Whetstone"},{"floor":26,"key":"Oddly Smooth Stone"},{"floor":29,"key":"PreservedInsect"},{"floor":31,"key":"Art of War"},{"floor":41,"key":"PageOfBigBird"},{"floor":55,"key":"Bag of Marbles"}],"event_choices":[{"damage_healed":0,"gold_gain":0,"player_choice":"0 cards matched","damage_taken":0,"max_hp_gain":0,"max_hp_loss":0,"event_name":"Match and Keep!","floor":13,"gold_loss":0,"cards_obtained":[]},{"damage_healed":0,"gold_gain":0,"player_choice":"Traded Relic","damage_taken":0,"relics_obtained":["Nloth\u0027s Gift"],"max_hp_gain":0,"max_hp_loss":0,"event_name":"N\u0027loth","floor":19,"relics_lost":["Dream Catcher"],"gold_loss":0},{"cards_removed":["GoinFirst"],"damage_healed":0,"gold_gain":0,"player_choice":"Offered Rare","damage_taken":0,"max_hp_gain":10,"max_hp_loss":0,"event_name":"Bonfire Elementals","floor":24,"gold_loss":0}],"is_beta":false,"boss_relics":[{"not_picked":["SlaversCollar","Fusion Hammer"],"picked":"Philosopher\u0027s Stone"},{"not_picked":["SacredBark","Astrolabe"],"picked":"Coffee Dripper"}],"items_purged_floors":[4,21,36],"is_endless":false,"potions_floor_spawned":[3,6,10,11,12,16,22,25,28,29,35,42,44,55],"ascension_level":0}}