{"host":"uv231blk40vjdojr","time":1614359503,"event":{"mods":["BaseMod","Minty Spire (QoL Compilation)","Relic Stats","ojb\u0027s Info Mod"],"gold_per_floor":[110,123,143,93,103,103,133,158,182,221,237,257,257,283,283,394,394,414,192,203,118,163,201,201,243,291,326,354,354,398,198,198,311,311,322,333,360,20,43,69,81,125,137,149,201,272,284,366,378,390,402,423,11,55,55],"floor_reached":56,"language":"ENG","playtime":3166,"items_purged":["Strike_P","Defend_P","Defend_P"],"score":2090,"play_id":"5faf56c7-d8e7-46b6-8399-4d744d9fbb5b","local_time":"20210226181143","is_ascension_mode":true,"campfire_choices":[{"data":"Conclude","floor":6.0,"key":"SMITH"},{"floor":13,"key":"REST"},{"data":"CrushJoints","floor":15,"key":"SMITH"},{"data":"TalkToTheHand","floor":29,"key":"SMITH"},{"data":"Fasting2","floor":32,"key":"SMITH"},{"floor":44,"key":"RECALL"},{"floor":47,"key":"REST"},{"floor":49,"key":"REST"},{"floor":52,"key":"REST"}],"circlet_count":0,"master_deck":["Strike_P","Strike_P","Defend_P","Defend_P","Eruption+1","Vigilance","FollowUp","FollowUp+1","Conclude+1","InnerPeace","DeceiveReality","SashWhip+1","CrushJoints+1","Brilliance+1","Wallop+1","Ghostly","Ghostly+1","Ghostly+1","Ghostly","Ghostly","WindmillStrike+1","FollowUp+1","Indignation","TalkToTheHand+1","Fasting2+1","LessonLearned+1","Tantrum+1","Brilliance","Protect+1","Worship+1","Wallop+1","Scrawl"],"relics":["Velvet Choker","CeramicFish","Pen Nib","Oddly Smooth Stone","SlaversCollar","PreservedInsect","Art of War","Darkstone Periapt","The Courier","Toy Ornithopter","Dream Catcher","Nunchaku","Eternal Feather","Melange","Fusion Hammer","Bronze Scales","Potion Belt","MawBank","Ice Cream","Bottled Tornado","Molten Egg 2","StoneCalendar","Yang","Bag of Marbles","TeardropLocket","Vajra","TungstenRod"],"acts_visited":["Exordium","TheCity","TheBeyond","TheEnding"],"potions_floor_usage":[12,18,18,42,42,55],"damage_taken":[{"damage":0.0,"enemies":"Jaw Worm","floor":1.0,"turns":3.0},{"damage":2.0,"enemies":"2 Louse","floor":2.0,"turns":2.0},{"damage":0.0,"enemies":"Cultist","floor":3.0,"turns":2.0},{"damage":7.0,"enemies":"Exordium Wildlife","floor":5.0,"turns":3.0},{"damage":22.0,"enemies":"Lagavulin","floor":7.0,"turns":4.0},{"damage":0.0,"enemies":"Large Slime","floor":8.0,"turns":3.0},{"damage":16.0,"enemies":"3 Sentries","floor":10.0,"turns":8.0},{"damage":6,"enemies":"Looter","floor":11,"turns":4},{"damage":0,"enemies":"Exordium Wildlife","floor":12,"turns":4},{"damage":0,"enemies":"Lagavulin","floor":14,"turns":3},{"damage":8,"enemies":"Hexaghost","floor":16,"turns":9},{"damage":0,"enemies":"2 Thieves","floor":18,"turns":1},{"damage":1,"enemies":"Shell Parasite","floor":20,"turns":5},{"damage":1,"enemies":"Gremlin Leader","floor":23,"turns":4},{"damage":0,"enemies":"Book of Stabbing","floor":25,"turns":6},{"damage":0,"enemies":"Gremlin Leader","floor":27,"turns":4},{"damage":3,"enemies":"Snake Plant","floor":28,"turns":3},{"damage":0,"enemies":"Book of Stabbing","floor":30,"turns":5},{"damage":8,"enemies":"Champ","floor":33,"turns":8},{"damage":8,"enemies":"Orb Walker","floor":35,"turns":7},{"damage":0,"enemies":"3 Darklings","floor":36,"turns":5},{"damage":2,"enemies":"4 Shapes","floor":37,"turns":5},{"damage":0,"enemies":"Sphere and 2 Shapes","floor":39,"turns":7},{"damage":2,"enemies":"Giant Head","floor":40,"turns":8},{"damage":0,"enemies":"Reptomancer","floor":42,"turns":7},{"damage":0,"enemies":"Giant Head","floor":45,"turns":6},{"damage":0,"enemies":"Mind Bloom Boss Battle","floor":46,"turns":7},{"damage":4,"enemies":"Time Eater","floor":50,"turns":7},{"damage":0,"enemies":"Shield and Spear","floor":54,"turns":3},{"damage":68,"enemies":"The Heart","floor":55,"turns":7}],"seed_played":"-8044373231353422990","potions_obtained":[{"floor":2.0,"key":"BottledMiracle"},{"floor":5.0,"key":"SpeedPotion"},{"floor":10.0,"key":"FairyPotion"},{"floor":12,"key":"StancePotion"},{"floor":14,"key":"AttackPotion"},{"floor":20,"key":"SkillPotion"},{"floor":25,"key":"BlessingOfTheForge"},{"floor":27,"key":"Block Potion"},{"floor":40,"key":"Explosive Potion"}],"is_trial":false,"path_per_floor":["M","M","M","?","M","R","E","M","T","E","M","M","R","E","R","B",null,"M","$","M","?","?","E","T","E","T","E","M","R","E","$","R","B",null,"M","M","M","$","M","E","?","E","T","R","E","?","R","T","R","B",null,"R","$","E","B",null],"character_chosen":"WATCHER","items_purchased":["PreservedInsect","Melange","Bronze Scales","Potion Belt","Bag of Marbles","TeardropLocket","Vajra"],"campfire_rested":4,"item_purchase_floors":[19,31,38,38,53,53,53],"current_hp_per_floor":[65,63,63,63,56,56,34,34,34,18,12,12,33,33,33,25,60,60,60,59,59,36,35,35,35,35,35,32,32,32,32,36,28,34,26,26,24,24,24,22,22,32,32,34,34,34,34,34,34,30,33,34,34,34,2],"gold":55,"neow_bonus":"BOSS_RELIC","is_daily":false,"chose_seed":false,"campfire_upgraded":4,"win_rate":0.0,"timestamp":1614359503,"path_taken":["M","M","M","?","M","R","E","M","T","E","M","M","R","E","R","BOSS","M","$","M","?","?","E","?","E","T","E","?","R","E","$","R","BOSS","M","M","M","$","M","E","?","E","T","R","E","?","R","?","R","BOSS","R","$","E","BOSS"],"items_purchased_type":["Relic","Relic","Relic","Relic","Relic","Relic","Relic"],"build_version":"2020-12-22","purchased_purges":3,"victory":true,"max_hp_per_floor":[72,72,72,72,72,72,72,72,72,72,72,72,72,72,72,72,72,72,72,72,72,36,36,36,36,36,36,36,36,36,36,36,36,36,36,36,36,36,36,36,34,34,34,34,34,34,34,34,34,34,34,34,34,34,34],"relic_stats":{"Darkstone Periapt":0,"counters":[30,150],"CeramicFish":198,"Melange":[24],"Eternal Feather":7,"StoneCalendar":[63],"Yang":[42],"Pen Nib":[24],"PreservedInsect":576,"MawBank":156,"Dream Catcher":3,"Nunchaku":[15],"Bronze Scales":[210],"Art of War":[19],"obtain_stats":[{"Darkstone Periapt":23,"Ice Cream":42,"CeramicFish":7,"Melange":31,"Vajra":53,"StoneCalendar":46,"Yang":48,"TeardropLocket":53,"Bottled Tornado":43,"Dream Catcher":26,"Nunchaku":27,"Fusion Hammer":34,"Potion Belt":38,"Velvet Choker":0,"Oddly Smooth Stone":14,"Eternal Feather":30,"Pen Nib":10,"PreservedInsect":19,"The Courier":24,"MawBank":40,"SlaversCollar":17,"Bronze Scales":38,"Molten Egg 2":45,"Art of War":21,"Bag of Marbles":53,"PureWater":0,"Toy Ornithopter":25,"TungstenRod":54},{"Darkstone Periapt":14,"Ice Cream":25,"CeramicFish":5,"Melange":18,"Vajra":28,"StoneCalendar":27,"Yang":27,"TeardropLocket":28,"Bottled Tornado":25,"Dream Catcher":15,"Nunchaku":16,"Fusion Hammer":19,"Potion Belt":22,"Velvet Choker":0,"Oddly Smooth Stone":10,"Eternal Feather":18,"Pen Nib":7,"PreservedInsect":12,"The Courier":14,"MawBank":24,"SlaversCollar":11,"Bronze Scales":22,"Molten Egg 2":26,"Art of War":13,"Bag of Marbles":28,"PureWater":0,"Toy Ornithopter":15,"TungstenRod":29},{"Darkstone Periapt":55,"Ice Cream":120,"CeramicFish":14,"Melange":73,"Vajra":140,"StoneCalendar":133,"Yang":133,"TeardropLocket":140,"Bottled Tornado":120,"Dream Catcher":61,"Nunchaku":65,"Fusion Hammer":81,"Potion Belt":98,"Velvet Choker":0,"Oddly Smooth Stone":36,"Eternal Feather":73,"Pen Nib":25,"PreservedInsect":46,"The Courier":55,"MawBank":113,"SlaversCollar":45,"Bronze Scales":98,"Molten Egg 2":126,"Art of War":51,"Bag of Marbles":140,"PureWater":0,"Toy Ornithopter":61,"TungstenRod":143}],"Toy Ornithopter":15,"TungstenRod":45},"card_choices":[{"not_picked":["Crescendo","Prostrate"],"picked":"FollowUp","floor":1.0},{"not_picked":["PathToVictory","SignatureMove"],"picked":"FollowUp","floor":2.0},{"not_picked":["Swivel","WreathOfFlame"],"picked":"Conclude","floor":3.0},{"not_picked":["FlurryOfBlows","Conclude"],"picked":"InnerPeace","floor":5.0},{"not_picked":["Collect","Omniscience","FollowUp"],"picked":"SKIP","floor":7.0},{"not_picked":["Protect","InnerPeace"],"picked":"DeceiveReality","floor":8.0},{"not_picked":["Prostrate","FollowUp"],"picked":"SashWhip","floor":10.0},{"not_picked":["FlurryOfBlows","ForeignInfluence","Evaluate"],"picked":"SKIP","floor":11},{"not_picked":["BattleHymn","Protect"],"picked":"CrushJoints","floor":12},{"not_picked":["BowlingBash","FollowUp","ClearTheMind"],"picked":"SKIP","floor":14},{"not_picked":["Wish","Scrawl"],"picked":"Brilliance","floor":16},{"not_picked":["Adaptation","ReachHeaven+1"],"picked":"Wallop+1","floor":18},{"not_picked":["Protect","Conclude","PathToVictory"],"picked":"SKIP","floor":20},{"not_picked":["Collect","Crescendo"],"picked":"WindmillStrike","floor":23},{"not_picked":["FlurryOfBlows","EmptyBody+1"],"picked":"FollowUp+1","floor":25},{"not_picked":["EmptyBody+1","CarveReality"],"picked":"Indignation","floor":27},{"not_picked":["ThirdEye","LikeWater"],"picked":"TalkToTheHand","floor":28},{"not_picked":["EmptyBody","Judgement"],"picked":"Fasting2","floor":30},{"not_picked":["Devotion","DevaForm"],"picked":"LessonLearned","floor":33},{"not_picked":["BowlingBash+1","Protect","EmptyBody+1"],"picked":"SKIP","floor":35},{"not_picked":["BowlingBash","Halt+1","CarveReality"],"picked":"SKIP","floor":36},{"not_picked":["WaveOfTheHand","EmptyBody+1"],"picked":"Tantrum+1","floor":37},{"not_picked":["ForeignInfluence","JustLucky"],"picked":"Brilliance","floor":39},{"not_picked":["FollowUp","WreathOfFlame+1","WindmillStrike"],"picked":"SKIP","floor":40},{"not_picked":["CrushJoints","EmptyBody","Prostrate+1"],"picked":"SKIP","floor":42},{"not_picked":["BowlingBash+1","CutThroughFate+1"],"picked":"Protect+1","floor":45},{"not_picked":["DeusExMachina","EmptyFist+1"],"picked":"Worship+1","floor":46},{"not_picked":["EmptyBody+1","Meditate"],"picked":"Wallop+1","floor":52},{"not_picked":["Nirvana","Fasting2"],"picked":"Scrawl","floor":54}],"player_experience":801615,"relics_obtained":[{"floor":7.0,"key":"CeramicFish"},{"floor":10.0,"key":"Pen Nib"},{"floor":14,"key":"Oddly Smooth Stone"},{"floor":23,"key":"Darkstone Periapt"},{"floor":24,"key":"The Courier"},{"floor":25,"key":"Toy Ornithopter"},{"floor":26,"key":"Dream Catcher"},{"floor":27,"key":"Nunchaku"},{"floor":30,"key":"Eternal Feather"},{"floor":40,"key":"MawBank"},{"floor":42,"key":"Ice Cream"},{"floor":43,"key":"Bottled Tornado"},{"floor":45,"key":"Molten Egg 2"},{"floor":46,"key":"StoneCalendar"},{"floor":48,"key":"Yang"},{"floor":54,"key":"TungstenRod"}],"event_choices":[{"cards_removed":["Strike_P"],"damage_healed":0.0,"max_hp_gain":0.0,"max_hp_loss":0.0,"gold_gain":0.0,"event_name":"The Cleric","player_choice":"Card Removal","floor":4.0,"gold_loss":50.0,"damage_taken":0.0},{"damage_healed":0,"gold_gain":0,"player_choice":"Obtained Relic","damage_taken":0,"relics_obtained":["Art of War"],"max_hp_gain":0,"max_hp_loss":0,"event_name":"Addict","floor":21,"gold_loss":85},{"damage_healed":0,"gold_gain":0,"player_choice":"Became a Ghost","damage_taken":0,"max_hp_gain":0,"max_hp_loss":36,"event_name":"Ghosts","floor":22,"gold_loss":0,"cards_obtained":["Ghostly","Ghostly","Ghostly","Ghostly","Ghostly"]},{"damage_healed":0,"gold_gain":0,"player_choice":"Max HP","damage_taken":0,"max_hp_gain":0,"max_hp_loss":2,"event_name":"Winding Halls","floor":41,"gold_loss":0},{"damage_healed":0,"gold_gain":0,"player_choice":"Fight","damage_taken":0,"max_hp_gain":0,"max_hp_loss":0,"event_name":"MindBloom","floor":46,"gold_loss":0}],"is_beta":false,"boss_relics":[{"not_picked":["Black Star","Ectoplasm"],"picked":"SlaversCollar"},{"not_picked":["Busted Crown","Snecko Eye"],"picked":"Fusion Hammer"}],"items_purged_floors":[19,31,38],"is_endless":false,"potions_floor_spawned":[2,5,10,12,14,20,25,27,33,36,37,40],"ascension_level":9}}