{"host":"70zhvo5nwrhp1mbg","time":1614314938,"event":{"mods":["AchievementEnabler","BaseMod","Bestiary","Colored Map","Colored Powertips","Minty Spire (QoL Compilation)","Rare Cards Sparkle","Relic Stats","StSLib","ojb\u0027s Better Paths Mod","ojb\u0027s Info Mod: The sequel"],"gold_per_floor":[219,238,313,331,331,331,331,360,360,380,397,416,432,443,443,443,443],"floor_reached":16,"language":"ENG","playtime":1804,"items_purged":[],"score":207,"play_id":"ed45184c-03ee-4160-b92c-43c9e7e9a93a","local_time":"20210225234858","is_ascension_mode":true,"campfire_choices":[{"data":"Whirlwind","floor":7,"key":"SMITH"},{"data":"Armaments","floor":15,"key":"SMITH"}],"circlet_count":0,"master_deck":["AscendersBane","Strike_R","Strike_R","Strike_R","Strike_R","Strike_R","Defend_R","Defend_R","Defend_R","Defend_R","Bash","Whirlwind+1","Body Slam","Headbutt","Battle Trance","Spot Weakness","Armaments+1","Bludgeon+1","Wild Strike+1"],"relics":["Burning Blood","Molten Egg 2","Anchor"],"acts_visited":["Exordium"],"potions_floor_usage":[2,8,10,12],"damage_taken":[{"damage":7,"enemies":"Small Slimes","floor":1,"turns":5},{"damage":8,"enemies":"2 Louse","floor":2,"turns":4},{"damage":9,"enemies":"Jaw Worm","floor":4,"turns":4},{"damage":50,"enemies":"3 Sentries","floor":8,"turns":10},{"damage":7,"enemies":"2 Fungi Beasts","floor":10,"turns":4},{"damage":0,"enemies":"3 Louse","floor":11,"turns":2},{"damage":11,"enemies":"Looter","floor":12,"turns":4},{"damage":3,"enemies":"Blue Slaver","floor":13,"turns":3},{"damage":0,"enemies":"2 Fungi Beasts","floor":14,"turns":3},{"damage":30,"enemies":"The Guardian","floor":16,"turns":4}],"seed_played":"2820440559935757970","potions_obtained":[{"floor":1,"key":"Regen Potion"},{"floor":4,"key":"Explosive Potion"},{"floor":8,"key":"AttackPotion"},{"floor":10,"key":"Weak Potion"}],"is_trial":false,"path_per_floor":["M","M","?","M","?","?","R","E","T","M","M","M","M","M","R","B"],"character_chosen":"IRONCLAD","items_purchased":[],"campfire_rested":0,"item_purchase_floors":[],"current_hp_per_floor":[67,74,63,60,65,65,65,21,21,20,26,21,24,30,30,0,0],"gold":443,"neow_bonus":"HUNDRED_GOLD","is_daily":false,"chose_seed":false,"campfire_upgraded":2,"win_rate":0.0,"timestamp":1614314938,"path_taken":["M","M","?","M","?","?","R","E","T","M","M","M","M","M","R","BOSS"],"items_purchased_type":[],"build_version":"2020-12-22","purchased_purges":0,"victory":false,"max_hp_per_floor":[75,75,75,75,80,80,80,80,80,80,80,80,80,80,80,80,80],"relic_stats":{"counters":[10,43],"obtain_stats":[{"Anchor":9,"Molten Egg 2":8,"Burning Blood":0},{"Anchor":4,"Molten Egg 2":4,"Burning Blood":0},{"Anchor":23,"Molten Egg 2":23,"Burning Blood":0}],"Burning Blood":54},"card_choices":[{"not_picked":["Infernal Blade","Blood for Blood"],"picked":"Whirlwind","floor":1},{"not_picked":["Wild Strike","Rage"],"picked":"Body Slam","floor":2},{"not_picked":["Flex","Perfected Strike"],"picked":"Headbutt","floor":4},{"not_picked":["Flex","Havoc","Clash+1"],"picked":"SKIP","floor":8},{"not_picked":["Sword Boomerang+1","Sentinel"],"picked":"Battle Trance","floor":10},{"not_picked":["Clash+1","Warcry"],"picked":"Spot Weakness","floor":11},{"not_picked":["Ghostly Armor","Sword Boomerang+1"],"picked":"Armaments","floor":12},{"not_picked":["Reckless Charge+1","Carnage+1"],"picked":"Bludgeon+1","floor":13},{"not_picked":["Armaments","Seeing Red"],"picked":"Wild Strike+1","floor":14}],"player_experience":732312,"relics_obtained":[{"floor":8,"key":"Molten Egg 2"},{"floor":9,"key":"Anchor"}],"event_choices":[{"damage_healed":0,"gold_gain":75,"player_choice":"Gather Gold","damage_taken":11,"max_hp_gain":0,"max_hp_loss":0,"event_name":"World of Goop","floor":3,"gold_loss":0},{"damage_healed":0,"gold_gain":0,"player_choice":"Donut","damage_taken":0,"max_hp_gain":5,"max_hp_loss":0,"event_name":"Big Fish","floor":5,"gold_loss":0},{"damage_healed":0,"gold_gain":0,"player_choice":"Ignored","damage_taken":0,"max_hp_gain":0,"max_hp_loss":0,"event_name":"Shining Light","floor":6,"gold_loss":0}],"is_beta":false,"boss_relics":[],"items_purged_floors":[],"is_endless":false,"potions_floor_spawned":[1,4,8,10],"killed_by":"The Guardian","ascension_level":19}}