{"host":"rsbhidffjle4v6w5","time":1614331150,"event":{"mods":["Act Like it!","Ascension Reborn","BaseMod","Better Note","Better Third Choice","BetterRewards","Block Reminder","Colored Map","Hermit","Minty Spire (QoL Compilation)","Quick Restart","Replay The Spire","Ruina","StSLib"],"gold_per_floor":[118,118,118,118,118,136,136,216,216,288,318,332,361,189,189,189,189,315,315,350,350,374,150,169,204,204,286,286,376,453,993,1031,1031,1031,1242,1242,1254,1023,1077,827,935,998,998,1052,1052,1052,783,854,868,942,956,1000,1040,1054,1068,844,956,972],"floor_reached":59,"language":"ENG","playtime":3527,"items_purged":[],"score":1510,"play_id":"3482d969-8580-4588-ada3-aa234d5a4891","local_time":"20210226121910","is_ascension_mode":true,"campfire_choices":[{"data":"Discovery","floor":9.0,"key":"SMITH"},{"floor":15.0,"key":"RECALL"},{"floor":17.0,"key":"REST"},{"data":"1","floor":34.0,"key":"LIFT"},{"data":"2","floor":43.0,"key":"LIFT"},{"data":"3","floor":46.0,"key":"LIFT"},{"data":"hermit:DeadOrAlive","floor":51.0,"key":"SMITH"},{"data":"hermit:FlashPowder","floor":55.0,"key":"SMITH"}],"circlet_count":0,"master_deck":["hermit:Strike_Hermit","hermit:Strike_Hermit","hermit:Strike_Hermit+1","hermit:Strike_Hermit+1","hermit:Defend_Hermit+1","hermit:Defend_Hermit","hermit:Defend_Hermit","hermit:Defend_Hermit+1","hermit:Snapshot","hermit:Covet","Discovery+1","hermit:Roulette","hermit:Strike_Hermit+1","hermit:DeadOrAlive+1","hermit:GoldenBullet","hermit:Deadeye","hermit:BodyArmor+1","Mayhem","hermit:RoundhouseKick+1","hermit:FlashPowder+1","hermit:Dive+1","Discovery+1","hermit:Showdown+1","The Bomb","hermit:Horror","hermit:HeroicBravado","hermit:NoHoldsBarred","hermit:Roulette+1","hermit:FlashPowder+1","hermit:RoundhouseKick","hermit:Manifest+1","hermit:Deadeye+1","hermit:Manifest+1","Magnetism","hermit:Roulette+1","Bandage Up","hermit:Deadeye+1"],"relics":["hermit:Momento","Lee\u0027s Waffle","CaptainsWheel","Potion Belt","Pantograph","ReplayTheSpireMod:TigerMarble","hermit:RyeStalk","Membership Card","Incense Burner","Durian","ChewingGum","Meat on the Bone","Juzu Bracelet","Mango","DollysMirror","ReplayTheSpireMod:Lightbulb","Strawberry","InkBottle","Oddly Smooth Stone","Girya","Snecko Eye","Chemical X","Bag of Preparation","Whetstone","HandDrill","Replay:Bandana","Replay:Towering Pillar of Hats","Replay:Mystery Machine","War Paint","Bronze Scales","Snack Pack","Lantern","TheAbacus","MawBank","Bird Faced Urn","ClockworkSouvenir","Replay:Rubber Ducky","White Beast Statue","Ginger"],"acts_visited":["Exordium","TheCity","TheBeyond","TheEnding"],"potions_floor_usage":[58,58,58,58,58,58,58,58,58],"damage_taken":[{"damage":0.0,"enemies":"2 Louse","floor":1.0,"turns":1.0},{"damage":0.0,"enemies":"Jaw Worm","floor":6.0,"turns":3.0},{"damage":31.0,"enemies":"Lagavulin","floor":8.0,"turns":8.0},{"damage":6.0,"enemies":"Gremlin Nob","floor":10.0,"turns":3.0},{"damage":0.0,"enemies":"Cultist","floor":12.0,"turns":2.0},{"damage":4.0,"enemies":"Red Slaver","floor":13.0,"turns":3.0},{"damage":17.0,"enemies":"Hexaghost","floor":18.0,"turns":9.0},{"damage":0.0,"enemies":"Chosen","floor":20.0,"turns":3.0},{"damage":11.0,"enemies":"2 Thieves","floor":22.0,"turns":4.0},{"damage":0.0,"enemies":"Chosen and Byrds","floor":24.0,"turns":6.0},{"damage":15.0,"enemies":"Gremlin Leader","floor":25.0,"turns":7.0},{"damage":6.0,"enemies":"Slavers","floor":27.0,"turns":7.0},{"damage":1.0,"enemies":"Replay:Snechameleon","floor":30.0,"turns":6.0},{"damage":3.0,"enemies":"Centurion and Healer","floor":32.0,"turns":5.0},{"damage":59.0,"enemies":"Automaton","floor":35.0,"turns":9.0},{"damage":0.0,"enemies":"3 Darklings","floor":37.0,"turns":3.0},{"damage":0.0,"enemies":"3 Shapes","floor":39.0,"turns":3.0},{"damage":11.0,"enemies":"2 Orb Walkers","floor":41.0,"turns":4.0},{"damage":77.0,"enemies":"Reptomancer","floor":42.0,"turns":8.0},{"damage":0.0,"enemies":"R_Hoarder","floor":44.0,"turns":5.0},{"damage":0.0,"enemies":"Nemesis","floor":50.0,"turns":1.0},{"damage":1.0,"enemies":"Replay:Hell Engine","floor":52.0,"turns":7.0},{"damage":44.0,"enemies":"Donu and Deca","floor":53.0,"turns":6.0},{"damage":11,"enemies":"Shield and Spear","floor":57,"turns":3},{"damage":86,"enemies":"The Heart","floor":58,"turns":10}],"seed_played":"2508461834876156902","potions_obtained":[{"floor":8.0,"key":"EntropicBrew"},{"floor":13.0,"key":"Block Potion"},{"floor":18.0,"key":"hermit:BlackBile"},{"floor":24.0,"key":"Dexterity Potion"},{"floor":25.0,"key":"Doom Potion"},{"floor":26.0,"key":"Strength Potion"},{"floor":26.0,"key":"Toxic Potion"},{"floor":27.0,"key":"FearPotion"},{"floor":30.0,"key":"Explosive Potion"},{"floor":37.0,"key":"Dexterity Potion"},{"floor":50.0,"key":"Dexterity Potion"},{"floor":57,"key":"EntropicBrew"}],"is_trial":false,"path_per_floor":["M","?","PTL","PTL","?","M","?","E","R","E","T","M","M","$","R","?","R","B",null,"M","?","M","$","M","E","?","E","T","?","E","?","M","T","R","B",null,"M","$","M","$","?","E","R","E","T","R","$","?","?","E","R","B","B",null,"R","$","E","B",null],"character_chosen":"HERMIT","items_purchased":["Lee\u0027s Waffle","Discovery","Potion Belt","Fruit Juice","Pantograph","Membership Card","Mayhem","Juzu Bracelet","Mango","DollysMirror","Chemical X","Bag of Preparation","The Bomb","hermit:Horror","AttackPotion","Block Potion","Whetstone","HandDrill","Replay:Bandana","hermit:HeroicBravado","hermit:NoHoldsBarred","Snack Pack","Lantern","TheAbacus","LiquidMemories","hermit:Manifest+1","Energy Potion","ClockworkSouvenir","Replay:Rubber Ducky","White Beast Statue","Bandage Up"],"campfire_rested":1,"item_purchase_floors":[0,0,0,0,0,14,14,23,23,23,38,38,38,38,38,38,40,40,40,40,40,47,47,47,47,47,47,56,56,56,56],"current_hp_per_floor":[87,92,92,92,74,74,74,43,43,37,37,37,33,33,33,8,37,45,97,97,97,86,100,100,85,85,86,86,75,74,28,37,37,37,15,118,118,118,118,118,107,42,42,54,54,54,54,54,49,63,63,103,78,118,118,118,113,61],"gold":972,"neow_bonus":"","is_daily":false,"chose_seed":false,"campfire_upgraded":3,"win_rate":0.0,"timestamp":1614331150,"path_taken":["M","?","PTL","PTL","?","M","?","E","R","E","T","?","M","?","R","?","R","BOSS","M","?","M","?","M","E","?","E","T","?","E","?","M","?","R","BOSS","M","?","M","$","?","E","R","E","T","R","$","?","?","E","R","BOSS","BOSS","R","$","E","BOSS"],"items_purchased_type":["Relic","Card","Relic","Potion","Relic","Relic","Card","Relic","Relic","Relic","Relic","Relic","Card","Card","Potion","Potion","Relic","Relic","Relic","Card","Card","Relic","Relic","Relic","Potion","Card","Potion","Relic","Relic","Relic","Card"],"build_version":"2020-12-22","purchased_purges":0,"victory":true,"max_hp_per_floor":[87,92,92,92,92,92,92,92,92,92,92,92,92,92,92,97,97,97,97,97,97,97,111,111,111,111,118,118,118,118,118,118,118,118,118,118,118,118,118,118,118,118,118,118,118,118,118,118,118,118,118,118,118,118,118,118,118,118],"card_choices":[{"not_picked":["hermit:SprayPray","hermit:Desperado","hermit:TrackingShot"],"picked":"SKIP","floor":1.0},{"not_picked":["hermit:Brawl","hermit:TrackingShot+1"],"picked":"hermit:Roulette","floor":6.0},{"not_picked":["hermit:Roulette","hermit:Quickdraw+1"],"picked":"hermit:Deadeye","floor":8.0},{"not_picked":["hermit:LoneWolf","hermit:Feint","hermit:Determination"],"picked":"SKIP","floor":10.0},{"not_picked":["hermit:Dissolve","hermit:Coalescence","hermit:Manifest"],"picked":"SKIP","floor":12.0},{"not_picked":["hermit:Combo+1","hermit:LowProfile"],"picked":"hermit:BodyArmor+1","floor":13.0},{"not_picked":["hermit:Reprieve","hermit:FatalDesire"],"picked":"hermit:RoundhouseKick","floor":18.0},{"not_picked":["hermit:Vantage+1","hermit:Deadeye"],"picked":"hermit:FlashPowder","floor":20.0},{"not_picked":["hermit:Misfire+1","hermit:Manifest+1"],"picked":"hermit:Dive+1","floor":22.0},{"not_picked":["hermit:Vantage+1","hermit:Horror","hermit:NoHoldsBarred"],"picked":"SKIP","floor":24.0},{"not_picked":["hermit:LowProfile","hermit:Roulette","hermit:HoleUp"],"picked":"SKIP","floor":25.0},{"not_picked":["hermit:Manifest","hermit:BigShot+1","hermit:Shortfuse"],"picked":"SKIP","floor":27.0},{"not_picked":["hermit:Misfire+1","hermit:Vantage","hermit:LowProfile+1"],"picked":"SKIP","floor":30.0},{"not_picked":["hermit:Headshot+1","hermit:Roulette+1","hermit:LowProfile"],"picked":"SKIP","floor":32.0},{"not_picked":["hermit:Vantage+1","hermit:Glare+1"],"picked":"hermit:Showdown+1","floor":37.0},{"not_picked":["hermit:EyeOfTheStorm+1","hermit:TrackingShot+1","hermit:LowProfile+1"],"picked":"SKIP","floor":39.0},{"not_picked":["hermit:Midnight","hermit:GoldenBullet+1"],"picked":"hermit:Roulette+1","floor":41.0},{"not_picked":["hermit:Spite+1","hermit:ItchyTrigger+1"],"picked":"hermit:FlashPowder+1","floor":42.0},{"not_picked":["hermit:Snipe+1","hermit:Malice+1"],"picked":"hermit:RoundhouseKick","floor":44.0},{"not_picked":["hermit:Brawl+1","hermit:Midnight+1"],"picked":"hermit:Deadeye+1","floor":48.0},{"not_picked":["hermit:Determination","hermit:Coalescence+1"],"picked":"hermit:Manifest+1","floor":48.0},{"not_picked":["ReplayTheSpireMod:Uncanny Aura","Trip"],"picked":"Magnetism","floor":49.0},{"not_picked":["hermit:Ricochet+1","hermit:Shortfuse+1"],"picked":"hermit:Roulette+1","floor":50.0},{"not_picked":["hermit:Feint","hermit:Shortfuse"],"picked":"hermit:Deadeye+1","floor":57}],"player_experience":1173052,"relics_obtained":[{"floor":8.0,"key":"ReplayTheSpireMod:TigerMarble"},{"floor":10.0,"key":"hermit:RyeStalk"},{"floor":25.0,"key":"ReplayTheSpireMod:Lightbulb"},{"floor":27.0,"key":"Strawberry"},{"floor":28.0,"key":"InkBottle"},{"floor":30.0,"key":"Oddly Smooth Stone"},{"floor":33.0,"key":"Girya"},{"floor":41.0,"key":"Replay:Towering Pillar of Hats"},{"floor":42.0,"key":"Replay:Mystery Machine"},{"floor":44.0,"key":"War Paint"},{"floor":45.0,"key":"Bronze Scales"},{"floor":48.0,"key":"MawBank"},{"floor":50.0,"key":"Bird Faced Urn"},{"floor":57,"key":"Ginger"}],"event_choices":[{"damage_healed":0.0,"max_hp_gain":5.0,"max_hp_loss":0.0,"gold_gain":0.0,"event_name":"Big Fish","player_choice":"Donut","floor":2.0,"gold_loss":0.0,"damage_taken":0.0},{"damage_healed":92.0,"max_hp_gain":0.0,"max_hp_loss":92.0,"gold_gain":0.0,"event_name":"betterThird:BetterShining","player_choice":"Upgrade","floor":5.0,"gold_loss":0.0,"damage_taken":18.0,"cards_upgraded":["hermit:Strike_Hermit","hermit:Strike_Hermit"]},{"damage_healed":0.0,"max_hp_gain":0.0,"max_hp_loss":0.0,"gold_gain":0.0,"event_name":"Match and Keep!","player_choice":"3 cards matched","floor":7.0,"gold_loss":0.0,"damage_taken":0.0,"cards_obtained":["hermit:Strike_Hermit","hermit:DeadOrAlive","hermit:GoldenBullet"]},{"damage_healed":0.0,"max_hp_gain":0.0,"max_hp_loss":0.0,"gold_gain":1.0,"event_name":"betterThird:BetterScrap","player_choice":"Relic Relic ","floor":16.0,"gold_loss":0.0,"damage_taken":30.0,"cards_obtained":["Fusion"]},{"damage_healed":0.0,"max_hp_gain":0.0,"max_hp_loss":0.0,"gold_gain":0.0,"event_name":"WeMeetAgain","player_choice":"Gave Potion","floor":21.0,"gold_loss":0.0,"damage_taken":0.0,"relics_obtained":["Meat on the Bone"]},{"damage_healed":0.0,"max_hp_gain":0.0,"max_hp_loss":0.0,"gold_gain":0.0,"event_name":"Lab","player_choice":"Got Potions","floor":26.0,"gold_loss":0.0,"damage_taken":0.0},{"damage_healed":0.0,"max_hp_gain":0.0,"max_hp_loss":0.0,"gold_gain":75.0,"event_name":"FaceTrader","player_choice":"Touch","floor":29.0,"gold_loss":0.0,"damage_taken":11.0},{"damage_healed":0.0,"max_hp_gain":0.0,"max_hp_loss":0.0,"gold_gain":450.0,"event_name":"Knowing Skull","player_choice":"GOLD GOLD GOLD GOLD GOLD ","floor":31.0,"potions_obtained":[],"gold_loss":0.0,"damage_taken":46.0,"cards_obtained":[]},{"damage_healed":0.0,"max_hp_gain":0.0,"max_hp_loss":0.0,"gold_gain":0.0,"event_name":"Mysterious Sphere","player_choice":"Fight","floor":41.0,"gold_loss":0.0,"damage_taken":0.0},{"damage_healed":0.0,"max_hp_gain":0.0,"max_hp_loss":0.0,"gold_gain":0.0,"event_name":"SensoryStone","player_choice":"Memory 2","floor":49.0,"gold_loss":0.0,"damage_taken":5.0}],"is_beta":false,"boss_relics":[{"not_picked":["Replay:Ancient Bell","Kintsugi"],"picked":"ChewingGum"},{"not_picked":["hermit:ClaspedLocket","Astrolabe"],"picked":"Snecko Eye"}],"items_purged_floors":[],"is_endless":false,"potions_floor_spawned":[8,13,18,24,25,27,30,37,50,57],"ascension_level":0}}