{"host":"qksa0nge77ubun9a","time":1614322663,"event":{"mods":["AchievementEnabler","BaseMod","Colored Map","Colored Powertips","Googly Eyes","Highlight Path","Minty Spire (QoL Compilation)","Quick Restart","StSLib"],"gold_per_floor":[112,124,136,36,54,80,143,143,170,195,207,19,19,44,44,44,44],"floor_reached":16,"language":"ENG","playtime":6646,"items_purged":["Defend_R"],"score":198,"play_id":"42c87ec2-485c-46ed-ae44-215b1ab8318b","local_time":"20210225225743","is_ascension_mode":true,"campfire_choices":[{"floor":13.0,"key":"REST"},{"floor":15.0,"key":"REST"}],"circlet_count":0,"master_deck":["AscendersBane","Strike_R","Strike_R","Strike_R","Strike_R","Strike_R","Defend_R","Defend_R","Bash","Shrug It Off","True Grit","Armaments","Havoc","Wild Strike","Dual Wield","Headbutt","Pummel","Inflame","Fire Breathing","Anger"],"relics":["Burning Blood","Omamori","Tiny Chest","Nunchaku","Turnip","Membership Card","Boot"],"acts_visited":[],"potions_floor_usage":[16],"damage_taken":[{"damage":0.0,"enemies":"Small Slimes","floor":1.0,"turns":3.0},{"damage":6.0,"enemies":"2 Louse","floor":2.0,"turns":3.0},{"damage":5.0,"enemies":"Jaw Worm","floor":3.0,"turns":4.0},{"damage":0.0,"enemies":"2 Fungi Beasts","floor":5.0,"turns":4.0},{"damage":38.0,"enemies":"Lagavulin","floor":6.0,"turns":6.0},{"damage":45.0,"enemies":"Gremlin Nob","floor":7.0,"turns":5.0},{"damage":18.0,"enemies":"Gremlin Nob","floor":10.0,"turns":4.0},{"damage":6.0,"enemies":"3 Louse","floor":11.0,"turns":4.0},{"damage":30.0,"enemies":"3 Sentries","floor":14.0,"turns":7.0},{"damage":50,"enemies":"The Guardian","floor":16,"turns":7}],"seed_played":"8469024957353237641","potions_obtained":[{"floor":2.0,"key":"Strength Potion"},{"floor":3.0,"key":"BlessingOfTheForge"},{"floor":6.0,"key":"FearPotion"},{"floor":7.0,"key":"SpeedPotion"},{"floor":14.0,"key":"ColorlessPotion"}],"is_trial":false,"path_per_floor":["M","M","M","$","M","E","?","?","T","E","M","$","R","E","R","B"],"character_chosen":"IRONCLAD","items_purchased":["Havoc","Membership Card","Fire Breathing"],"campfire_rested":2,"item_purchase_floors":[4,12,12],"current_hp_per_floor":[78,78,79,79,80,48,9,35,35,23,23,23,47,23,47,0,0],"gold":44,"neow_bonus":"REMOVE_CARD","is_daily":false,"chose_seed":false,"campfire_upgraded":0,"win_rate":0.0,"timestamp":1614322663,"path_taken":["M","M","M","$","M","E","?","?","T","E","M","$","R","E","R","BOSS"],"items_purchased_type":["Card","Relic","Card"],"build_version":"2020-12-22","purchased_purges":1,"victory":false,"max_hp_per_floor":[80,80,80,80,80,80,80,80,80,80,80,80,80,80,80,80,80],"card_choices":[{"not_picked":["Anger","Battle Trance"],"picked":"Shrug It Off","floor":1.0},{"not_picked":["Combust","Pommel Strike"],"picked":"True Grit","floor":2.0},{"not_picked":["Battle Trance","Power Through"],"picked":"Armaments","floor":3.0},{"not_picked":["Anger","Searing Blow"],"picked":"Wild Strike","floor":5.0},{"not_picked":["Corruption","Combust"],"picked":"Dual Wield","floor":6.0},{"not_picked":["Disarm","Rupture"],"picked":"Headbutt","floor":7.0},{"not_picked":["Headbutt","Havoc"],"picked":"Pummel","floor":10.0},{"not_picked":["Perfected Strike","Cleave"],"picked":"Inflame","floor":11.0},{"not_picked":["Armaments","Anger","Headbutt"],"picked":"SKIP","floor":14.0},{"not_picked":["Armaments","Headbutt"],"picked":"Anger","floor":14.0}],"player_experience":1433651,"relics_obtained":[{"floor":6.0,"key":"Omamori"},{"floor":7.0,"key":"Tiny Chest"},{"floor":9.0,"key":"Nunchaku"},{"floor":10.0,"key":"Turnip"},{"floor":14.0,"key":"Boot"}],"event_choices":[{"damage_healed":0.0,"max_hp_gain":0.0,"max_hp_loss":0.0,"gold_gain":0.0,"event_name":"Dead Adventurer","player_choice":"Searched \u00271\u0027 times","floor":7.0,"gold_loss":0.0,"damage_taken":0.0},{"damage_healed":26.0,"max_hp_gain":0.0,"max_hp_loss":0.0,"gold_gain":0.0,"event_name":"Big Fish","player_choice":"Banana","floor":8.0,"gold_loss":0.0,"damage_taken":0.0}],"is_beta":false,"boss_relics":[],"items_purged_floors":[4],"is_endless":false,"potions_floor_spawned":[2,3,6,7,14],"killed_by":"The Guardian","ascension_level":13}}