{"host":"mg3e76uznu9x14du","time":1614367927,"event":{"mods":["BaseMod","Better Note","Colored Map","Downfall","Minty Spire (QoL Compilation)","Permanent Neow","Relic Stats","Spire Arcade","StSLib","Waifu the Spire","everything is the same but u backflip on backflip"],"gold_per_floor":[99,118,133,189,289,307,307,334,234,84,117,117,54,65,85,85,85],"floor_reached":16,"language":"ENG","playtime":1156,"items_purged":[],"score":127,"play_id":"327d2396-87c5-43b6-9ca7-2270310860d7","local_time":"20210226143207","is_ascension_mode":true,"campfire_choices":[{"data":"sneckomod:SnekBite","floor":1,"key":"SMITH"},{"data":"sneckomod:CheapStock","floor":9,"key":"SMITH"},{"data":"sneckomod:MorePower","floor":12,"key":"SMITH"}],"circlet_count":0,"master_deck":["sneckomod:Strike","sneckomod:Strike","sneckomod:Strike","sneckomod:Defend","sneckomod:Defend","sneckomod:Defend","sneckomod:TailWhip","sneckomod:SnekBite+1","sneckomod:Unknown","sneckomod:Unknown","sneckomod:UnknownDraw","sneckomod:UnknownCommonAttack","sneckomod:CheapStock+1","sneckomod:UnknownCommonSkill","sneckomod:UnknownVulnerable","sneckomod:UnknownStrength","sneckomod:MorePower+1","sneckomod:UnknownX+1","sneckomod:SoulRoll","sneckomod:UnknownCommonSkill","sneckomod:UnknownExhaust+1","sneckomod:UnknownDexterity","sneckomod:Unknown0Cost+1","sneckomod:SnekBeam+1"],"relics":["sneckomod:SneckoSoul","Blood Vial","Molten Egg 2","MealTicket","downfall:HeartBlessingGreen","Orichalcum"],"acts_visited":["Exordium"],"potions_floor_usage":[8,11,14,16],"damage_taken":[{"damage":11,"enemies":"2 Louse","floor":2,"turns":3},{"damage":0,"enemies":"Small Slimes","floor":3,"turns":2},{"damage":32,"enemies":"Gremlin Nob","floor":4,"turns":4},{"damage":0,"enemies":"Cultist","floor":6,"turns":3},{"damage":28,"enemies":"Lagavulin","floor":8,"turns":6},{"damage":23,"enemies":"Gremlin Nob","floor":11,"turns":4},{"damage":5,"enemies":"downfall:FleeingMerchant","floor":13,"turns":4},{"damage":20,"enemies":"Exordium Wildlife","floor":14,"turns":4},{"damage":20,"enemies":"Lots of Slimes","floor":15,"turns":3},{"damage":60,"enemies":"DF_ARCHETYPE_STREAMLINE","floor":16,"turns":9}],"seed_played":"-3574956861620933764","potions_obtained":[{"floor":2,"key":"Fire Potion"},{"floor":6,"key":"sneckomod:MuddlingPotion"},{"floor":11,"key":"Swift Potion"},{"floor":14,"key":"bronze:BurnAndBuffPotion"},{"floor":15,"key":"Weak Potion"}],"is_trial":false,"path_per_floor":["R","M","M","?","?","M","T","E","R","?","E","R","$","M","M","B"],"character_chosen":"THE_SNECKO","items_purchased":["sneckomod:UnknownCommonSkill"],"campfire_rested":0,"item_purchase_floors":[13],"current_hp_per_floor":[90,79,79,56,56,58,58,32,32,100,77,77,94,76,58,0,0],"gold":85,"neow_bonus":"THREE_CARDS","is_daily":false,"chose_seed":false,"campfire_upgraded":3,"win_rate":0.0,"timestamp":1614367927,"path_taken":["R","M","M","?","?","M","T","E","R","?","E","R","$","?","M","BOSS"],"items_purchased_type":["Card"],"build_version":"2020-12-22","purchased_purges":0,"victory":false,"max_hp_per_floor":[90,90,90,90,90,90,90,90,90,100,100,100,100,100,100,100,100],"relic_stats":{"Blood Vial":14,"counters":[10,42],"MealTicket":15,"Orichalcum":[60],"obtain_stats":[{"Blood Vial":4,"Molten Egg 2":7,"MealTicket":8,"downfall:HeartBlessingGreen":9,"Orichalcum":11,"sneckomod:SneckoSoul":0},{"Blood Vial":2,"Molten Egg 2":4,"MealTicket":5,"downfall:HeartBlessingGreen":5,"Orichalcum":6,"sneckomod:SneckoSoul":0},{"Blood Vial":5,"Molten Egg 2":12,"MealTicket":18,"downfall:HeartBlessingGreen":18,"Orichalcum":22,"sneckomod:SneckoSoul":0}]},"card_choices":[{"not_picked":["sneckomod:UnknownCommonAttack","sneckomod:RainOfDice"],"picked":"sneckomod:UnknownDraw","floor":0},{"not_picked":["sneckomod:QuickMove","sneckomod:Unknown0Cost"],"picked":"sneckomod:UnknownCommonAttack","floor":2},{"not_picked":["sneckomod:DiceCrush","sneckomod:UnknownCommonAttack"],"picked":"sneckomod:CheapStock","floor":3},{"not_picked":["sneckomod:DefensiveFlair","sneckomod:IronFang"],"picked":"sneckomod:UnknownCommonSkill","floor":4},{"not_picked":["sneckomod:Nope","sneckomod:SoulDraw"],"picked":"sneckomod:UnknownVulnerable","floor":6},{"not_picked":["sneckomod:UnknownExhaust","sneckomod:UnknownBlock"],"picked":"sneckomod:UnknownStrength","floor":8},{"not_picked":["sneckomod:RainOfDice+1","sneckomod:UnknownCommonSkill"],"picked":"sneckomod:MorePower","floor":11},{"not_picked":["sneckomod:UnknownStrength+1","sneckomod:UnknownColorless+1"],"picked":"sneckomod:UnknownX+1","floor":13},{"not_picked":["sneckomod:UnknownColorless","sneckomod:ImprovisedGuard"],"picked":"sneckomod:SoulRoll","floor":13},{"not_picked":["sneckomod:UnknownStrike+1","sneckomod:UnknownUncommonSkill+1"],"picked":"sneckomod:UnknownExhaust+1","floor":14},{"not_picked":["sneckomod:UnknownDraw","sneckomod:DiceCrush+1"],"picked":"sneckomod:UnknownDexterity","floor":14},{"not_picked":["sneckomod:Unknown1Cost+1","sneckomod:UnknownExhaust+1"],"picked":"sneckomod:Unknown0Cost+1","floor":15},{"not_picked":["sneckomod:SoulRoll","sneckomod:QuickBite+1"],"picked":"sneckomod:SnekBeam+1","floor":15}],"player_experience":535385,"relics_obtained":[{"floor":7,"key":"Molten Egg 2"},{"floor":8,"key":"MealTicket"},{"floor":11,"key":"Orichalcum"}],"event_choices":[],"is_beta":false,"boss_relics":[],"items_purged_floors":[],"is_endless":false,"potions_floor_spawned":[2,6,11,14,15],"killed_by":"DF_ARCHETYPE_STREAMLINE","ascension_level":3}}