{"host":"04hh9gplt9wkfmr1","time":1614359600,"event":{"mods":["AchievementEnabler","BaseMod","Colored Map","KOR Keyword Fix","Minty Spire (QoL Compilation)","Rare Cards Sparkle","SuperFastMode"],"gold_per_floor":[111,111,126,145,145,145,166,166,166,177,177,211,136,163,163,259,259,275,374,43,57,69,69,69,69],"floor_reached":24,"language":"KOR","playtime":563,"items_purged":["Regret"],"score":316,"play_id":"537b839d-fdce-49a4-9b50-2e2c69625534","local_time":"20210227021320","is_ascension_mode":true,"campfire_choices":[{"data":"Electrodynamics","floor":6.0,"key":"SMITH"},{"floor":8.0,"key":"REST"},{"floor":15.0,"key":"REST"},{"data":"Fission","floor":23.0,"key":"SMITH"}],"circlet_count":0,"master_deck":["AscendersBane","Strike_B","Strike_B","Strike_B","Defend_B","Defend_B","Defend_B","Defend_B","Zap","Dualcast","Electrodynamics+1","Hologram","Double Energy","Tempest","Ball Lightning","Hologram","Leap","Fission+1","CurseOfTheBell","Tempest+1","Core Surge","Heatsinks+1"],"relics":["Cracked Core","Odd Mushroom","Cables","Shuriken","Ancient Tea Set","Dream Catcher","Calling Bell","Pen Nib","Singing Bowl","Peace Pipe","Frozen Egg 2"],"acts_visited":["Exordium","TheCity"],"potions_floor_usage":[24],"damage_taken":[{"damage":6.0,"enemies":"Cultist","floor":1.0,"turns":4.0},{"damage":0.0,"enemies":"Small Slimes","floor":3.0,"turns":2.0},{"damage":1.0,"enemies":"2 Louse","floor":4.0,"turns":2.0},{"damage":6.0,"enemies":"The Mushroom Lair","floor":7.0,"turns":3.0},{"damage":7.0,"enemies":"Large Slime","floor":10.0,"turns":5.0},{"damage":17.0,"enemies":"Gremlin Nob","floor":12.0,"turns":3.0},{"damage":10.0,"enemies":"3 Sentries","floor":14.0,"turns":3.0},{"damage":29.0,"enemies":"Hexaghost","floor":16.0,"turns":9.0},{"damage":7.0,"enemies":"3 Byrds","floor":18.0,"turns":2.0},{"damage":3.0,"enemies":"Chosen","floor":21.0,"turns":3.0},{"damage":17.0,"enemies":"3 Cultists","floor":22.0,"turns":4.0},{"damage":48,"enemies":"Book of Stabbing","floor":24,"turns":3}],"seed_played":"-6891666830024157009","potions_obtained":[{"floor":3.0,"key":"PotionOfCapacity"},{"floor":4.0,"key":"Fire Potion"},{"floor":14.0,"key":"Energy Potion"},{"floor":18.0,"key":"DuplicationPotion"}],"is_trial":false,"path_per_floor":["M","$","M","M","?","R","?","R","T","M","?","E","$","E","R","B",null,"M","?","$","M","M","R","E"],"character_chosen":"DEFECT","items_purchased":["Frozen Egg 2","Core Surge"],"campfire_rested":2,"item_purchase_floors":[20,20],"current_hp_per_floor":[44,44,44,43,36,36,30,52,52,45,45,28,28,18,40,11,59,52,52,52,51,34,34,0,0],"gold":69,"neow_bonus":"THREE_RARE_CARDS","is_daily":false,"chose_seed":false,"campfire_upgraded":2,"win_rate":0.0,"timestamp":1614359600,"path_taken":["M","?","M","?","?","R","?","R","T","M","?","E","$","E","R","BOSS","M","?","$","M","M","R","E"],"items_purchased_type":["Relic","Card"],"build_version":"2020-12-22","purchased_purges":1,"victory":false,"max_hp_per_floor":[75,75,75,75,75,75,75,75,75,75,75,75,75,75,75,75,75,75,75,75,77,77,77,77,77],"card_choices":[{"not_picked":["Creative AI","Biased Cognition"],"picked":"Electrodynamics","floor":0.0},{"not_picked":["Conserve Battery","Steam","Rebound"],"picked":"SKIP","floor":1.0},{"not_picked":["Coolheaded","Go for the Eyes"],"picked":"Hologram","floor":3.0},{"not_picked":["Blizzard","Turbo"],"picked":"Double Energy","floor":4.0},{"not_picked":["Ball Lightning","Leap"],"picked":"Tempest","floor":7.0},{"not_picked":["Sweeping Beam","Rebound"],"picked":"Ball Lightning","floor":10.0},{"not_picked":["Redo","Multi-Cast","Steam"],"picked":"SKIP","floor":12.0},{"not_picked":["Streamline","Compile Driver"],"picked":"Hologram","floor":14.0},{"not_picked":["Redo","Rebound"],"picked":"Leap","floor":15.0},{"not_picked":["Meteor Strike","Multi-Cast"],"picked":"Fission","floor":16.0},{"not_picked":["Chaos","Chill"],"picked":"Tempest+1","floor":18.0},{"not_picked":["Beam Cell","Rebound","Sweeping Beam"],"picked":"Singing Bowl","floor":21.0},{"not_picked":["Streamline+1","Melter"],"picked":"Heatsinks+1","floor":22.0}],"player_experience":176907,"relics_obtained":[{"floor":7.0,"key":"Odd Mushroom"},{"floor":9.0,"key":"Cables"},{"floor":12.0,"key":"Ancient Tea Set"},{"floor":14.0,"key":"Dream Catcher"},{"floor":17.0,"key":"Pen Nib"},{"floor":17.0,"key":"Singing Bowl"},{"floor":17.0,"key":"Peace Pipe"}],"event_choices":[{"cards_removed":["Strike_B"],"damage_healed":0.0,"max_hp_gain":0.0,"max_hp_loss":0.0,"gold_gain":0.0,"event_name":"Golden Wing","player_choice":"Card Removal","floor":5.0,"gold_loss":0.0,"damage_taken":7.0},{"damage_healed":0.0,"max_hp_gain":0.0,"max_hp_loss":0.0,"gold_gain":0.0,"event_name":"Mushrooms","player_choice":"Fought Mushrooms","floor":7.0,"gold_loss":0.0,"damage_taken":0.0},{"damage_healed":0.0,"max_hp_gain":0.0,"max_hp_loss":0.0,"gold_gain":0.0,"event_name":"Big Fish","player_choice":"Box","floor":11.0,"gold_loss":0.0,"damage_taken":0.0,"relics_obtained":["Shuriken"],"cards_obtained":["Regret"]},{"damage_healed":0.0,"max_hp_gain":0.0,"max_hp_loss":0.0,"gold_gain":99.0,"event_name":"Nest","player_choice":"Stole From Cult","floor":19.0,"gold_loss":0.0,"damage_taken":0.0}],"is_beta":false,"boss_relics":[{"not_picked":["Empty Cage","Pandora\u0027s Box"],"picked":"Calling Bell"}],"items_purged_floors":[13],"is_endless":false,"potions_floor_spawned":[3,4,14,18],"killed_by":"Book of Stabbing","ascension_level":11}}