{"host":"fnlf8nl5agtxb8g8","time":1614312045,"event":{"mods":["Act Like it!","BaseMod","Better Altar","Better Match","Better Note","Better Sensory Stone","Better Skull","Better Third Choice","Better Vampires","Downfall","Minty Spire (QoL Compilation)","Quick Restart","Rare Cards Sparkle","StSLib"],"gold_per_floor":[111,122,136,148,168,207,207,225,225,246,279,292,9,45,45,151,151,173,182,182,192,201,201,234,234,234,234,234,264,264,264],"floor_reached":30,"language":"ENG","playtime":3520,"items_purged":[],"score":410,"play_id":"a641d1a1-c34a-4f45-839c-e7ae5b01f409","local_time":"20210225220045","is_ascension_mode":true,"campfire_choices":[{"data":"Zap","floor":7.0,"key":"SMITH"},{"data":"Machine Learning","floor":15.0,"key":"SMITH"},{"data":"Enlightenment","floor":23.0,"key":"SMITH"},{"data":"sneckomod:DiceBoulder+2","floor":25.0,"key":"SMITH"},{"data":"sneckomod:DiceBoulder+3","floor":27.0,"key":"SMITH"}],"circlet_count":0,"master_deck":["Strike_B","Strike_B","Strike_B","Defend_B","Defend_B","Defend_B","Defend_B","Zap+1","Dualcast","FTL","Ball Lightning","Chill","Electrodynamics","Enlightenment+1","Machine Learning+1","Echo Form","Turbo+1","Glacier","sneckomod:DiceBoulder+4"],"relics":["Cracked Core","CeramicFish","Ancient Tea Set","Nunchaku","Guardian:PocketSentry","sneckomod:SneckoTalon","TungstenRod","Bloody Idol","Bottled Flame"],"acts_visited":["Exordium","TheCity"],"potions_floor_usage":[],"damage_taken":[{"damage":0.0,"enemies":"2 Louse","floor":1.0,"turns":2.0},{"damage":8.0,"enemies":"Jaw Worm","floor":2.0,"turns":3.0},{"damage":5.0,"enemies":"Small Slimes","floor":3.0,"turns":3.0},{"damage":5.0,"enemies":"2 Fungi Beasts","floor":4.0,"turns":3.0},{"damage":12.0,"enemies":"Gremlin Gang","floor":5.0,"turns":3.0},{"damage":27.0,"enemies":"3 Sentries","floor":6.0,"turns":5.0},{"damage":7.0,"enemies":"Large Slime","floor":8.0,"turns":4.0},{"damage":3.0,"enemies":"Looter","floor":10.0,"turns":3.0},{"damage":6.0,"enemies":"Gremlin Nob","floor":11.0,"turns":3.0},{"damage":0.0,"enemies":"2 Fungi Beasts","floor":12.0,"turns":2.0},{"damage":0.0,"enemies":"3 Sentries","floor":14.0,"turns":3.0},{"damage":0.0,"enemies":"Slime Boss","floor":16.0,"turns":6.0},{"damage":18.0,"enemies":"Spheric Guardian","floor":18.0,"turns":4.0},{"damage":0.0,"enemies":"3 Byrds","floor":21.0,"turns":2.0},{"damage":18.0,"enemies":"Slavers","floor":24.0,"turns":3.0},{"damage":0.0,"enemies":"Gremlin Leader","floor":29.0,"turns":5.0},{"damage":12,"enemies":"Colosseum Slavers","floor":30,"turns":1}],"seed_played":"4045198353182541819","potions_obtained":[{"floor":1.0,"key":"EntropicBrew"},{"floor":3.0,"key":"Regen Potion"},{"floor":6.0,"key":"SkillPotion"},{"floor":12.0,"key":"LiquidBronze"},{"floor":16.0,"key":"PowerPotion"},{"floor":24.0,"key":"Block Potion"}],"is_trial":false,"path_per_floor":["M","M","M","M","M","E","R","M","T","M","E","M","?","E","R","B",null,"M","?","?","M","?","R","E","R","T","R","?","E","?"],"character_chosen":"DEFECT","items_purchased":[],"campfire_rested":0,"item_purchase_floors":[],"current_hp_per_floor":[82,74,69,64,61,34,34,27,27,24,18,18,24,24,24,24,88,70,70,62,62,62,62,44,44,44,44,1,6,0,0],"gold":264,"neow_bonus":"TEN_PERCENT_HP_BONUS","is_daily":false,"chose_seed":false,"campfire_upgraded":5,"win_rate":0.0,"timestamp":1614312045,"path_taken":["M","M","M","M","M","E","R","M","T","M","E","M","?","E","R","BOSS","M","?","?","?","?","R","E","R","T","R","?","E","?"],"items_purchased_type":[],"build_version":"2020-12-22","purchased_purges":0,"victory":false,"max_hp_per_floor":[82,82,82,82,82,82,82,82,82,82,82,82,88,88,88,88,88,88,88,88,88,88,88,88,88,88,88,88,88,88,88],"card_choices":[{"not_picked":["Recycle","Beam Cell"],"picked":"FTL","floor":1.0},{"not_picked":["Skim","Barrage","Rebound"],"picked":"SKIP","floor":2.0},{"not_picked":["Reprogram","Steam"],"picked":"Ball Lightning","floor":3.0},{"not_picked":["Streamline","Beam Cell","Steam Power"],"picked":"SKIP","floor":4.0},{"not_picked":["Coolheaded","Beam Cell","Conserve Battery"],"picked":"SKIP","floor":5.0},{"not_picked":["Genetic Algorithm","Recycle"],"picked":"Chill","floor":6.0},{"not_picked":["Darkness","Steam Power","Sunder"],"picked":"SKIP","floor":8.0},{"not_picked":["Rip and Tear","Steam Power"],"picked":"Electrodynamics","floor":10.0},{"not_picked":["Compile Driver","Leap","Force Field"],"picked":"SKIP","floor":11.0},{"not_picked":["Static Discharge","Sunder","Heatsinks"],"picked":"SKIP","floor":12.0},{"not_picked":["Tempest","Sweeping Beam"],"picked":"Machine Learning","floor":14.0},{"not_picked":["Core Surge","Fission"],"picked":"Echo Form","floor":16.0},{"not_picked":["Force Field+1","Reinforced Body+1"],"picked":"Turbo+1","floor":18.0},{"not_picked":["Hologram","Leap","Streamline"],"picked":"SKIP","floor":21.0},{"not_picked":["Heatsinks+1","Rebound","Leap"],"picked":"SKIP","floor":24.0},{"not_picked":["Force Field","Streamline","Defragment"],"picked":"SKIP","floor":29.0}],"player_experience":918319,"relics_obtained":[{"floor":6.0,"key":"CeramicFish"},{"floor":9.0,"key":"Ancient Tea Set"},{"floor":11.0,"key":"Nunchaku"},{"floor":14.0,"key":"Guardian:PocketSentry"},{"floor":24.0,"key":"TungstenRod"},{"floor":29.0,"key":"Bottled Flame"}],"event_choices":[{"damage_healed":0.0,"max_hp_gain":0.0,"max_hp_loss":0.0,"gold_gain":0.0,"event_name":"betterThird:BetterSerpent","player_choice":"RENOUNCE","floor":13.0,"gold_loss":292.0,"damage_taken":292.0,"cards_obtained":["Enlightenment"]},{"damage_healed":0.0,"max_hp_gain":0.0,"max_hp_loss":0.0,"gold_gain":0.0,"cards_transformed":["Strike_B"],"event_name":"Transmorgrifier","player_choice":"Transformed","floor":19.0,"gold_loss":0.0,"damage_taken":0.0,"cards_obtained":["Glacier"]},{"damage_healed":0.0,"max_hp_gain":0.0,"max_hp_loss":0.0,"gold_gain":0.0,"event_name":"Wheel of Change","player_choice":"Damaged","floor":20.0,"gold_loss":0.0,"damage_taken":8.0},{"damage_healed":0.0,"max_hp_gain":0.0,"max_hp_loss":0.0,"gold_gain":0.0,"event_name":"betterNote:BetterNote","player_choice":"Take","floor":22.0,"gold_loss":0.0,"damage_taken":0.0,"cards_obtained":["sneckomod:DiceBoulder"]},{"damage_healed":0.0,"max_hp_gain":44.0,"max_hp_loss":1.0,"gold_gain":0.0,"event_name":"betterAltar:BetterAltar","player_choice":" Idol ","floor":28.0,"potions_obtained":[],"relics_lost":[],"gold_loss":0.0,"damage_taken":44.0,"relics_obtained":["Bloody Idol"]},{"damage_healed":0,"gold_gain":0,"player_choice":"Fight","damage_taken":0,"max_hp_gain":0,"max_hp_loss":0,"event_name":"Colosseum","floor":30,"gold_loss":0}],"is_beta":false,"boss_relics":[{"not_picked":["Pandora\u0027s Box","SacredBark"],"picked":"sneckomod:SneckoTalon"}],"items_purged_floors":[],"is_endless":false,"potions_floor_spawned":[1,3,6,11,12,16,21,24],"killed_by":"Colosseum Slavers","ascension_level":1}}