{"host":"l4r9l8cq5shl803l","time":1614376678,"event":{"mods":["AchievementEnabler","Act Like it!","Aspiration","BaseMod","Colored Map","Downfall","Hermit","Hubris","Minty Spire (QoL Compilation)","Rare Cards Sparkle","Reliquary","Replay The Spire","Ruina","StSLib","The Bug Knight","The Construct","The Cursed","The Necromancer","everything is the same but u backflip on backflip"],"gold_per_floor":[112,112,0,20,39,69,69,69,93,107,27,53,133,148,148,248,248,268,76,94,126,126,169,194,194,194,211,242,260,20,60,60,162,162,180,180,44,64,14,14,41,6,6,56,74,113,113,153,153,160,160,160,16,65,65],"floor_reached":56,"language":"ENG","playtime":5697,"items_purged":["hermit:Defend_Hermit","hermit:Defend_Hermit","hermit:Strike_Hermit"],"score":1300,"play_id":"d0cf9554-6830-4e6c-a940-f59594518c0f","local_time":"20210226145758","is_ascension_mode":false,"campfire_choices":[{"data":"hermit:BlackWind","floor":7,"key":"SMITH"},{"data":"hermit:Strike_Hermit","floor":15,"key":"PURGE"},{"floor":25,"key":"RECALL"},{"data":"hermit:GoldenBullet","floor":32,"key":"SMITH"},{"data":"hermit:ShadowCloak","floor":40,"key":"SMITH"},{"data":"hermit:Roughhouse","floor":47,"key":"SMITH"},{"data":"hermit:DeadMansHand","floor":49,"key":"SMITH"},{"data":"hermit:Covet","floor":52,"key":"SMITH"}],"circlet_count":0,"master_deck":["hermit:Defend_Hermit","hermit:Snapshot","hermit:Covet+1","hermit:ShadowCloak+1","hermit:Desperado+1","hermit:Misfire","hermit:DeadMansHand+1","hermit:BlackWind+1","Injury","hermit:FullyLoaded+1","hermit:Enervate","hermit:HoleUp+1","hermit:Scavenge+1","hermit:FromBeyond+1","hermit:Scavenge+1","hermit:Gestalt+1","hermit:EyeOfTheStorm+1","hermit:Manifest+1","hermit:Cheat+1","ReplayTheSpireMod:Tripwire+1","Deflect+1","Finisher","hermit:Feint+1","hermit:GoldenBullet+1","hermit:Gambit+1","hermit:DeadMansHand+1","ruina:FadedMemories+1","ruina:FadedMemories+1","hermit:LoneWolf+1","hermit:Roughhouse+1","hermit:BodyArmor+1","hermit:SprayPray","hermit:Strike_Hermit","ReplayTheSpireMod:Brewmster+1","hermit:Determination+1","hermit:Malice","Replay:Sssssssssshield+1","hermit:Coalescence+1","hermit:SprayPray","hermit:EyeOfTheStorm+1","hermit:FromBeyond+1","hermit:Determination+1"],"relics":["hermit:Momento","NeowsBlessing","reliquary:JackalopeAntler","Toxic Egg 2","Blue Doll","Ancient Tea Set","hermit:BartenderGlass","hubris:Reverence","Nunchaku","hermit:Spyglass","Painkiller Herb","Iron Hammer","Pocketwatch","Snack Pack","reliquary:Spinner","DollysMirror","hubris:CrystalStatue"],"acts_visited":["Exordium","ruina:Briah","TheBeyond","TheEnding"],"potions_floor_usage":[16,16,18,18,18,20,20,23,24,24,27,28,28,29,29,29,33,33,33,35,38,38,38,38,38,38,41,41,45,45,45,46,46,48,48,48,50,50,50,54,54,54,54,54,55,55,55,55,55,55,55],"damage_taken":[{"damage":0,"enemies":"2 Louse","floor":1,"turns":1},{"damage":0,"enemies":"Jaw Worm","floor":4,"turns":1},{"damage":0,"enemies":"Small Slimes","floor":5,"turns":1},{"damage":28,"enemies":"Lagavulin","floor":6,"turns":6},{"damage":10,"enemies":"Looter","floor":10,"turns":3},{"damage":0,"enemies":"Replay:BlueRogue","floor":12,"turns":2},{"damage":0,"enemies":"Large Slime","floor":14,"turns":2},{"damage":25,"enemies":"The Guardian","floor":16,"turns":12},{"damage":0,"enemies":"ruina:Nosferatu","floor":18,"turns":3},{"damage":6,"enemies":"ruina:2_Scarecrows","floor":20,"turns":6},{"damage":0,"enemies":"ruina:Woodsman","floor":21,"turns":6},{"damage":16,"enemies":"ruina:ServantOfWrath","floor":23,"turns":7},{"damage":1,"enemies":"ruina:KingOfGreed","floor":24,"turns":5},{"damage":0,"enemies":"ruina:QueenOfHate","floor":27,"turns":4},{"damage":23,"enemies":"ruina:Mountain","floor":28,"turns":8},{"damage":2,"enemies":"ruina:3_Scarecrows","floor":29,"turns":3},{"damage":0,"enemies":"ruina:ServantOfWrath","floor":31,"turns":4},{"damage":12,"enemies":"ruina:Red_and_Wolf","floor":33,"turns":10},{"damage":10,"enemies":"Orb Walker","floor":35,"turns":2},{"damage":46,"enemies":"3 Darklings","floor":38,"turns":6},{"damage":0,"enemies":"Maw","floor":41,"turns":6},{"damage":0,"enemies":"Mind Bloom Boss Battle","floor":44,"turns":2},{"damage":2,"enemies":"Spire Growth","floor":45,"turns":4},{"damage":8,"enemies":"Nemesis","floor":46,"turns":6},{"damage":2,"enemies":"Giant Head","floor":48,"turns":6},{"damage":15,"enemies":"Donu and Deca","floor":50,"turns":8},{"damage":52,"enemies":"Shield and Spear","floor":54,"turns":5},{"damage":58,"enemies":"The Heart","floor":55,"turns":8}],"seed_played":"545969232691151828","potions_obtained":[{"floor":5,"key":"sneckomod:MuddlingPotion"},{"floor":12,"key":"Adrenaline Potion"},{"floor":14,"key":"EssenceOfSteel"},{"floor":16,"key":"Fire Potion"},{"floor":20,"key":"sneckomod:MuddlingPotion"},{"floor":24,"key":"Adrenaline Potion"},{"floor":27,"key":"AttackPotion"},{"floor":31,"key":"FairyPotion"},{"floor":33,"key":"Fire Potion"},{"floor":38,"key":"champ:CounterPotion"},{"floor":44,"key":"Fire Potion"},{"floor":48,"key":"LiquidBronze"}],"is_trial":false,"path_per_floor":["M","?","$","M","M","E","R","?","T","M","$","E","?","M","R_BF","B",null,"M","$","M","M","?","E","M","R","T","M","E","M","$","E","R","B",null,"?","?","T","?","T","T","?","T","T","?","?","E","T","E","T","B",null,"T","T","E","B",null],"character_chosen":"HERMIT","items_purchased":["hermit:Desperado+1","ReplayTheSpireMod:Uncanny Aura+1","hermit:Enervate","hermit:Gestalt+1","hermit:EyeOfTheStorm+1","ruina:FadedMemories+1","ReplayTheSpireMod:Brewmster+1","hermit:Determination+1","Replay:Sssssssssshield+1","DollysMirror"],"campfire_rested":0,"item_purchase_floors":[3,11,11,19,19,30,37,39,42,53],"current_hp_per_floor":[75,68,68,68,68,40,40,40,40,30,30,30,30,30,30,5,75,75,75,69,69,69,53,52,52,52,52,29,27,27,27,27,15,75,65,65,65,19,19,19,19,19,19,19,17,9,9,15,15,4,75,75,75,29,22],"gold":65,"neow_bonus":"THREE_ENEMY_KILL","is_daily":false,"chose_seed":false,"campfire_upgraded":6,"win_rate":0.0,"timestamp":1614376678,"path_taken":["M","?","$","M","M","E","R","?","T","M","$","E","?","M","R_BF","BOSS","M","$","M","M","?","E","?","R","T","M","E","M","$","E","R","BOSS","?","?","T","?","T","T","?","?","T","?","?","E","T","E","T","BOSS","T","T","E","BOSS"],"items_purchased_type":["Card","Card","Card","Card","Card","Card","Card","Card","Card","Relic"],"build_version":"2020-12-22","purchased_purges":3,"victory":true,"max_hp_per_floor":[75,75,75,75,75,75,75,75,75,75,75,75,75,75,75,75,75,75,75,75,75,75,75,75,75,75,75,75,75,75,75,75,75,75,75,75,75,75,75,75,75,75,75,75,75,75,75,75,75,75,75,75,75,75,75],"card_choices":[{"not_picked":["hermit:Desperado","hermit:Roulette"],"picked":"hermit:ShadowCloak","floor":1},{"not_picked":["hermit:HoleUp","hermit:Vantage"],"picked":"hermit:Misfire","floor":4},{"not_picked":["hermit:Horror","hermit:LuckOfTheDraw"],"picked":"hermit:DeadMansHand","floor":5},{"not_picked":["hermit:PistolWhip","hermit:LuckOfTheDraw"],"picked":"hermit:BlackWind","floor":6},{"not_picked":["hermit:Snipe+1","hermit:Ricochet"],"picked":"hermit:FullyLoaded+1","floor":10},{"not_picked":["hermit:Coalescence+1","hermit:Headshot"],"picked":"hermit:HoleUp+1","floor":12},{"not_picked":["hermit:Feint+1","hermit:NoHoldsBarred"],"picked":"hermit:Scavenge+1","floor":14},{"not_picked":["hermit:HighNoon","hermit:Magnum"],"picked":"hermit:FromBeyond+1","floor":16},{"not_picked":["hermit:Determination+1","hermit:Roulette"],"picked":"hermit:Scavenge+1","floor":18},{"not_picked":["hermit:Ricochet+1","hermit:LowProfile+1"],"picked":"hermit:Manifest+1","floor":20},{"not_picked":["hermit:Reprieve+1","hermit:Brawl"],"picked":"hermit:Cheat+1","floor":21},{"not_picked":["hermit:HoleUp+1","hermit:CalledShot"],"picked":"hermit:Feint+1","floor":23},{"not_picked":["hermit:GhostlyPresence+1","hermit:LowProfile+1","hermit:Feint+1"],"picked":"SKIP","floor":24},{"not_picked":["hermit:WideOpen","hermit:FlashPowder+1"],"picked":"hermit:GoldenBullet","floor":27},{"not_picked":["hermit:DeadMansHand+1","hermit:Misfire"],"picked":"hermit:Gambit+1","floor":28},{"not_picked":["hermit:Coalescence+1","hermit:Misfire+1"],"picked":"hermit:DeadMansHand+1","floor":29},{"not_picked":["hermit:Vantage+1","hermit:LowProfile+1"],"picked":"hermit:LoneWolf+1","floor":31},{"not_picked":["hermit:Adapt","hermit:Reprieve+1"],"picked":"hermit:Roughhouse","floor":33},{"not_picked":["hermit:Spite","hermit:Virtue+1"],"picked":"hermit:BodyArmor+1","floor":35},{"not_picked":["hermit:WideOpen","hermit:LowProfile+1","hermit:Vantage+1"],"picked":"SKIP","floor":38},{"not_picked":["hermit:DeadMansHand+1","hermit:Misfire+1"],"picked":"hermit:Malice","floor":41},{"not_picked":["hermit:ItchyTrigger","hermit:Vantage+1"],"picked":"hermit:Coalescence+1","floor":45},{"not_picked":["hermit:Manifest+1","hermit:DeadMansHand+1"],"picked":"hermit:SprayPray","floor":46},{"not_picked":["hermit:Manifest+1","hermit:HighNoon"],"picked":"hermit:EyeOfTheStorm+1","floor":48},{"not_picked":["hermit:WideOpen+1","hermit:GhostlyPresence+1"],"picked":"hermit:Determination+1","floor":54}],"player_experience":116740,"relics_obtained":[{"floor":6,"key":"reliquary:JackalopeAntler"},{"floor":9,"key":"Blue Doll"},{"floor":12,"key":"Ancient Tea Set"},{"floor":23,"key":"hubris:Reverence"},{"floor":28,"key":"Nunchaku"},{"floor":31,"key":"hermit:Spyglass"},{"floor":43,"key":"Iron Hammer"},{"floor":44,"key":"Pocketwatch"},{"floor":46,"key":"Snack Pack"},{"floor":48,"key":"reliquary:Spinner"},{"floor":54,"key":"hubris:CrystalStatue"}],"event_choices":[{"cards_removed":["hermit:Strike_Hermit"],"damage_healed":0,"gold_gain":0,"player_choice":"Card Removal","damage_taken":7,"max_hp_gain":0,"max_hp_loss":0,"event_name":"Golden Wing","floor":2,"gold_loss":0},{"damage_healed":0,"gold_gain":0,"player_choice":"2 cards matched","damage_taken":0,"max_hp_gain":0,"max_hp_loss":0,"event_name":"Match and Keep!","floor":36,"gold_loss":0,"cards_obtained":["hermit:SprayPray","hermit:Strike_Hermit"]},{"damage_healed":0,"gold_gain":0,"player_choice":"2 cards matched","damage_taken":0,"max_hp_gain":0,"max_hp_loss":0,"event_name":"Match and Keep!","floor":36,"gold_loss":0,"cards_obtained":["hermit:SprayPray","hermit:Strike_Hermit"]},{"damage_healed":0,"gold_gain":0,"player_choice":"Fight","damage_taken":0,"max_hp_gain":0,"max_hp_loss":0,"event_name":"MindBloom","floor":44,"gold_loss":0}],"is_beta":false,"boss_relics":[{"not_picked":["Astrolabe","hubris:RunicObelisk"],"picked":"hermit:BartenderGlass"},{"not_picked":["hubris:VirtuousBlindfold","hubris:CrackedHourglass"],"picked":"Painkiller Herb"}],"items_purged_floors":[3,19,30],"is_endless":false,"potions_floor_spawned":[5,12,14,16,20,24,27,31,33,38,44,48],"ascension_level":0}}