{"host":"0ntunplbxyg40l63","time":1614371695,"event":{"mods":["BaseMod","Colored Map","Colored Powertips","Downfall","Highlight Path","Minty Spire (QoL Compilation)","Relic Stats","StSLib"],"gold_per_floor":[99,99,99,99,113,129,129,143,143,143,243,257,257,269,285,285,285,285],"floor_reached":16,"language":"ENG","playtime":568,"items_purged":[],"score":92,"play_id":"196f27f0-79a1-40cd-bd3d-e5e45e386ea2","local_time":"20210226203455","is_ascension_mode":false,"campfire_choices":[{"data":"sneckomod:TailWhip","floor":1,"key":"SMITH"},{"floor":9,"key":"RECALL"}],"circlet_count":0,"master_deck":["sneckomod:Strike","sneckomod:Strike","sneckomod:Strike","sneckomod:Defend","sneckomod:Defend","sneckomod:Defend","sneckomod:TailWhip+1","sneckomod:SnekBite","sneckomod:Unknown","sneckomod:Unknown","sneckomod:WideSting","sneckomod:WideSting","sneckomod:Nope","sneckomod:UnknownCommonAttack","sneckomod:UnknownUncommonAttack","sneckomod:UnknownCommonAttack","sneckomod:Nope","sneckomod:UnknownVulnerable","sneckomod:SlitherStrike","sneckomod:SoulDraw","sneckomod:Unknown1Cost","sneckomod:QuickBite"],"relics":["sneckomod:SneckoSoul","downfall:HeartsMalice","Bottled Flame","Prayer Wheel"],"acts_visited":["Exordium"],"potions_floor_usage":[16],"damage_taken":[{"damage":0,"enemies":"Cultist","floor":2,"turns":1},{"damage":0,"enemies":"Small Slimes","floor":3,"turns":1},{"damage":0,"enemies":"2 Louse","floor":4,"turns":1},{"damage":13,"enemies":"2 Fungi Beasts","floor":5,"turns":4},{"damage":8,"enemies":"Blue Slaver","floor":6,"turns":3},{"damage":9,"enemies":"Red Slaver","floor":8,"turns":2},{"damage":15,"enemies":"downfall:LooterAlt","floor":12,"turns":3},{"damage":0,"enemies":"Exordium Wildlife","floor":14,"turns":3},{"damage":15,"enemies":"Lots of Slimes","floor":15,"turns":3},{"damage":54,"enemies":"SI_SHIV_ARCHETYPE","floor":16,"turns":7}],"seed_played":"-606260999577837020","potions_obtained":[{"floor":6,"key":"SmokeBomb"},{"floor":12,"key":"Energy Potion"},{"floor":14,"key":"FearPotion"}],"is_trial":false,"path_per_floor":["R","M","M","M","M","M","T","M","R","?","?","M","?","M","M","B"],"character_chosen":"THE_SNECKO","items_purchased":[],"campfire_rested":0,"item_purchase_floors":[],"current_hp_per_floor":[90,90,90,90,77,69,69,60,60,48,48,33,63,63,53,0,0,0],"gold":285,"neow_bonus":"THREE_ENEMY_KILL","is_daily":false,"chose_seed":false,"campfire_upgraded":1,"win_rate":0.0,"timestamp":1614371695,"path_taken":["R","M","?","M","M","M","T","M","R","?","?","M","?","M","M","BOSS"],"items_purchased_type":[],"build_version":"2020-12-22","purchased_purges":0,"victory":false,"max_hp_per_floor":[90,90,90,90,90,90,90,90,90,90,90,90,90,90,90,90,90,90],"relic_stats":{"counters":[10,25],"Prayer Wheel":3,"obtain_stats":[{"Bottled Flame":7,"downfall:HeartsMalice":0,"Prayer Wheel":10,"sneckomod:SneckoSoul":0},{"Bottled Flame":5,"downfall:HeartsMalice":0,"Prayer Wheel":6,"sneckomod:SneckoSoul":0},{"Bottled Flame":7,"downfall:HeartsMalice":0,"Prayer Wheel":9,"sneckomod:SneckoSoul":0}]},"card_choices":[{"not_picked":["sneckomod:SoulCleanse","sneckomod:UnknownStrike"],"picked":"sneckomod:WideSting","floor":2},{"not_picked":["sneckomod:QuickMove","sneckomod:UnknownUncommonAttack"],"picked":"sneckomod:WideSting","floor":3},{"not_picked":["sneckomod:TrashToTreasure","sneckomod:DiceBlock"],"picked":"sneckomod:Nope","floor":4},{"not_picked":["sneckomod:SoulCleanse","sneckomod:CheapStock"],"picked":"sneckomod:UnknownCommonAttack","floor":5},{"not_picked":["sneckomod:UnknownCommonSkill","sneckomod:DiceBlock"],"picked":"sneckomod:UnknownUncommonAttack","floor":6},{"not_picked":["sneckomod:Unknown1Cost","sneckomod:DiceBlock"],"picked":"sneckomod:UnknownCommonAttack","floor":8},{"not_picked":["sneckomod:QuickMove","sneckomod:MasterEye"],"picked":"sneckomod:Nope","floor":12},{"not_picked":["sneckomod:UnknownVulnerable","sneckomod:SoulCleanse","sneckomod:SoulRoll"],"picked":"SKIP","floor":12},{"not_picked":["sneckomod:SoulCleanse","sneckomod:SoulRoll"],"picked":"sneckomod:UnknownVulnerable","floor":12},{"not_picked":["sneckomod:Memorize","sneckomod:UnknownX"],"picked":"sneckomod:SlitherStrike","floor":14},{"not_picked":["sneckomod:QuickBite","sneckomod:SlitherStrike"],"picked":"sneckomod:SoulDraw","floor":14},{"not_picked":["sneckomod:UnknownDraw","sneckomod:PureSnecko"],"picked":"sneckomod:Unknown1Cost","floor":15},{"not_picked":["sneckomod:TrashToTreasure","sneckomod:QuickMove","sneckomod:QuickBite"],"picked":"SKIP","floor":15},{"not_picked":["sneckomod:TrashToTreasure","sneckomod:QuickMove"],"picked":"sneckomod:QuickBite","floor":15}],"player_experience":68555,"relics_obtained":[{"floor":7,"key":"Bottled Flame"}],"event_choices":[{"damage_healed":0,"gold_gain":0,"player_choice":"Success","damage_taken":12,"relics_obtained":["Prayer Wheel"],"max_hp_gain":0,"max_hp_loss":0,"event_name":"Scrap Ooze","floor":10,"gold_loss":0},{"damage_healed":30,"gold_gain":0,"player_choice":"Banana","damage_taken":0,"max_hp_gain":0,"max_hp_loss":0,"event_name":"Big Fish","floor":13,"gold_loss":0}],"is_beta":false,"boss_relics":[],"items_purged_floors":[],"is_endless":false,"potions_floor_spawned":[6,12,14],"killed_by":"SI_SHIV_ARCHETYPE","ascension_level":0}}