{"host":"jt67skv49snb75sm","time":1614378354,"event":{"mods":["BaseMod","Bestiary","Minty Spire (QoL Compilation)","Relic Stats"],"gold_per_floor":[113,128,145,160,160,160,175,208,208,208,208,208],"floor_reached":11,"language":"ENG","playtime":307,"items_purged":[],"score":146,"play_id":"b39eda1d-f3af-4a1e-bf23-0f1bf10bc249","local_time":"20210226232554","is_ascension_mode":true,"campfire_choices":[{"data":"CrushJoints","floor":6,"key":"SMITH"}],"circlet_count":0,"master_deck":["AscendersBane","Strike_P","Strike_P","Strike_P","Strike_P","Defend_P","Defend_P","Defend_P","Defend_P","Eruption+1","Vigilance","Protect","BowlingBash","CutThroughFate","CrushJoints+1","Evaluate","Meditate"],"relics":["PureWater","Gremlin Horn","Mercury Hourglass","Ginger"],"acts_visited":["Exordium"],"potions_floor_usage":[8,11,11],"damage_taken":[{"damage":6,"enemies":"Cultist","floor":1,"turns":5},{"damage":8,"enemies":"Small Slimes","floor":2,"turns":3},{"damage":0,"enemies":"2 Louse","floor":3,"turns":2},{"damage":0,"enemies":"2 Fungi Beasts","floor":4,"turns":4},{"damage":11,"enemies":"Looter","floor":7,"turns":2},{"damage":15,"enemies":"3 Sentries","floor":8,"turns":5},{"damage":17,"enemies":"Lagavulin","floor":11,"turns":4}],"seed_played":"5432398447717372473","potions_obtained":[{"floor":3,"key":"DuplicationPotion"},{"floor":4,"key":"BlessingOfTheForge"},{"floor":8,"key":"BottledMiracle"}],"is_trial":false,"path_per_floor":["M","M","M","M","T","R","M","E","T","?","E"],"character_chosen":"WATCHER","items_purchased":[],"campfire_rested":0,"item_purchase_floors":[],"current_hp_per_floor":[55,47,47,47,47,47,36,21,21,21,4,4],"gold":208,"neow_bonus":"UPGRADE_CARD","is_daily":false,"chose_seed":false,"campfire_upgraded":1,"win_rate":0.0,"timestamp":1614378354,"path_taken":["M","M","M","?","?","R","M","E","T","?","E"],"items_purchased_type":[],"build_version":"2020-12-22","purchased_purges":0,"victory":false,"max_hp_per_floor":[68,68,68,68,68,68,68,68,68,68,68,68],"relic_stats":{"Gremlin Horn":[2,2],"counters":[7,25],"Ginger":[0],"obtain_stats":[{"Gremlin Horn":5,"Ginger":9,"PureWater":0,"Mercury Hourglass":8},{"Gremlin Horn":4,"Ginger":6,"PureWater":0,"Mercury Hourglass":6},{"Gremlin Horn":14,"Ginger":21,"PureWater":0,"Mercury Hourglass":21}],"Mercury Hourglass":[6]},"card_choices":[{"not_picked":["Evaluate","Crescendo"],"picked":"Protect","floor":1},{"not_picked":["Consecrate","Indignation"],"picked":"BowlingBash","floor":2},{"not_picked":["Study","ThirdEye"],"picked":"CutThroughFate","floor":3},{"not_picked":["Worship","BowlingBash"],"picked":"CrushJoints","floor":4},{"not_picked":["CutThroughFate","ThirdEye"],"picked":"Evaluate","floor":7},{"not_picked":["CrushJoints","CarveReality"],"picked":"Meditate","floor":8}],"player_experience":931463,"relics_obtained":[{"floor":5,"key":"Gremlin Horn"},{"floor":8,"key":"Mercury Hourglass"},{"floor":9,"key":"Ginger"}],"event_choices":[{"damage_healed":0,"gold_gain":0,"player_choice":"Ignored","damage_taken":0,"max_hp_gain":0,"max_hp_loss":0,"event_name":"Shining Light","floor":10,"gold_loss":0}],"is_beta":false,"boss_relics":[],"items_purged_floors":[],"is_endless":false,"potions_floor_spawned":[3,4,8],"killed_by":"Lagavulin","ascension_level":19}}