{"host":"5qewjvycy34u7aeo","time":1614304376,"event":{"mods":["BaseMod","Curses Come First","Downfall","GifTheSpireLib","Infinite Spire","Minty Spire (QoL Compilation)","Permanent Neow","Replay The Spire","StSLib"],"gold_per_floor":[116,116,133,143,157,182,182,197,224,224,224,224,238,238,238,337,337,353,437,437,437,437],"floor_reached":21,"language":"ENG","playtime":900,"items_purged":[],"score":197,"play_id":"ee04fc96-de40-48cf-8179-b24bf7c0160b","local_time":"20210225195256","is_ascension_mode":true,"campfire_choices":[{"floor":7,"key":"REST"},{"floor":10,"key":"REST"},{"data":"CrushJoints","floor":12,"key":"SMITH"},{"floor":15,"key":"REST"}],"circlet_count":0,"master_deck":["Eruption","Vigilance","ClearTheMind","FlyingSleeves","CrushJoints+1","FlurryOfBlows","Evaluate","Escape Plan","Alpha","CutThroughFate","Collect","Nirvana","DevaForm","EmptyMind","Replay:BluntJabs","Halt","Crescendo+1","Perseverance","J.A.X."],"relics":["Replay:M_StaffOfTheSnake","Replay:Bottled Steam","Potion Belt","infinitespire:Cubic Diamond","Blue Candle","Pandora\u0027s Box"],"acts_visited":["Exordium","TheCity"],"potions_floor_usage":[3,6,16],"damage_taken":[{"damage":0.0,"enemies":"2 Louse","floor":1.0,"turns":1.0},{"damage":21,"enemies":"Cultist","floor":3,"turns":8},{"damage":19,"enemies":"Small Slimes","floor":4,"turns":2},{"damage":3,"enemies":"Blue Slaver","floor":5,"turns":4},{"damage":16,"enemies":"Lagavulin","floor":6,"turns":6},{"damage":13,"enemies":"Large Slime","floor":8,"turns":5},{"damage":7,"enemies":"2 Fungi Beasts","floor":13,"turns":3},{"damage":38,"enemies":"Fading Forest","floor":16,"turns":11},{"damage":24,"enemies":"3 Byrds","floor":18,"turns":5},{"damage":26,"enemies":"Shell Parasite","floor":21,"turns":4}],"seed_played":"-5727564825736899215","potions_obtained":[{"floor":1.0,"key":"Block Potion"},{"floor":3,"key":"Adrenaline Potion"},{"floor":6,"key":"LifebloodPotion"},{"floor":8,"key":"Toxic Potion"}],"is_trial":false,"path_per_floor":["M","?","M","M","M","E","R","M","T","R","?","R","M","?","R","B",null,"M","?","?","M"],"character_chosen":"WATCHER","items_purchased":[],"campfire_rested":3,"item_purchase_floors":[],"current_hp_per_floor":[65,65,44,25,22,6,25,12,12,31,31,31,24,19,38,10,65,41,25,25,0,0],"gold":437,"neow_bonus":"REMOVE_TWO","is_daily":false,"chose_seed":false,"campfire_upgraded":1,"win_rate":0.0,"timestamp":1614304376,"path_taken":["M","?","M","?","?","E","R","M","T","R","?","R","M","?","R","BOSS","M","?","?","M"],"items_purchased_type":[],"build_version":"2020-12-22","purchased_purges":0,"victory":false,"max_hp_per_floor":[65,65,65,65,65,65,65,65,65,65,65,65,65,65,65,65,65,65,65,65,65,65],"card_choices":[{"not_picked":["WaveOfTheHand","Study"],"picked":"ClearTheMind","floor":1.0},{"not_picked":["EmptyBody","FollowUp"],"picked":"FlyingSleeves","floor":3},{"not_picked":["EmptyBody","Halt"],"picked":"CrushJoints","floor":4},{"not_picked":["CrushJoints","Wish"],"picked":"FlurryOfBlows","floor":5},{"not_picked":["ThirdEye","Omniscience","EmptyBody"],"picked":"SKIP","floor":6},{"not_picked":["SashWhip","Prostrate"],"picked":"Evaluate","floor":8},{"not_picked":["WreathOfFlame","Evaluate"],"picked":"Escape Plan","floor":13},{"not_picked":["SpiritShield","Ragnarok"],"picked":"Alpha","floor":16},{"not_picked":["ClearTheMind","Collect"],"picked":"Replay:BluntJabs","floor":18},{"not_picked":["Consecrate","Replay:BluntJabs+1"],"picked":"Halt","floor":19},{"not_picked":["BattleHymn","Replay:ManipulateFuture"],"picked":"Crescendo+1","floor":19},{"not_picked":["FlyingSleeves","ForeignInfluence+1"],"picked":"Perseverance","floor":19}],"player_experience":534742,"relics_obtained":[{"floor":6,"key":"Replay:Bottled Steam"},{"floor":9,"key":"Potion Belt"}],"event_choices":[{"cards_removed":["Strike_P"],"damage_healed":0.0,"max_hp_gain":0.0,"max_hp_loss":0.0,"gold_gain":0.0,"event_name":"Wheel of Change","player_choice":"Card Removal","floor":2.0,"gold_loss":0.0,"damage_taken":0.0},{"damage_healed":0,"gold_gain":0,"player_choice":"Obtain J.A.X.","damage_taken":0,"max_hp_gain":0,"max_hp_loss":0,"event_name":"Drug Dealer","floor":20,"gold_loss":0,"cards_obtained":["J.A.X."]}],"is_beta":false,"boss_relics":[{"not_picked":["Philosopher\u0027s Stone","VioletLotus"],"picked":"Pandora\u0027s Box"}],"items_purged_floors":[],"is_endless":false,"potions_floor_spawned":[1,3,6,8],"killed_by":"Shell Parasite","ascension_level":2}}