{"host":"hrvs05np4ys7itky","time":1614366128,"event":{"mods":["BaseMod","Colored Map","Colored Powertips","Downfall","Emptier Cage","Hermit","Highlight Path","Minty Spire (QoL Compilation)","Permanent Neow","Rare Cards Sparkle","Relic Stats","StSLib","everything is the same but u backflip on backflip"],"gold_per_floor":[114,125,22,37,2,2,27,27,27,27,38,38,63,83,83,83,83],"floor_reached":16,"language":"ENG","playtime":633,"items_purged":[],"score":175,"play_id":"55735809-2e15-4355-9079-a0619385f03a","local_time":"20210226140208","is_ascension_mode":true,"campfire_choices":[{"data":"Zap","floor":6,"key":"SMITH"},{"data":"Buffer","floor":8,"key":"SMITH"},{"data":"Streamline","floor":15,"key":"SMITH"}],"circlet_count":0,"master_deck":["AscendersBane","Strike_B","Strike_B","Strike_B","Strike_B","Defend_B","Defend_B","Defend_B","Defend_B+1","Zap+1","Dualcast","Panache","Redo","Beam Cell","Scrape","Rebound","Gash+1","Buffer+1","Leap","Steam","Streamline+1"],"relics":["Cracked Core","PreservedInsect","Darkstone Periapt","Odd Mushroom"],"acts_visited":["Exordium"],"potions_floor_usage":[7,14,16],"damage_taken":[{"damage":17,"enemies":"2 Louse","floor":1,"turns":4},{"damage":4,"enemies":"Small Slimes","floor":2,"turns":3},{"damage":7,"enemies":"Jaw Worm","floor":4,"turns":3},{"damage":30,"enemies":"3 Sentries","floor":7,"turns":4},{"damage":0,"enemies":"Looter","floor":11,"turns":3},{"damage":0,"enemies":"The Mushroom Lair","floor":13,"turns":5},{"damage":0,"enemies":"Blue Slaver","floor":14,"turns":2},{"damage":14,"enemies":"The Guardian","floor":16,"turns":8}],"seed_played":"2010994976064173299","potions_obtained":[{"floor":1,"key":"SteroidPotion"},{"floor":4,"key":"FocusPotion"},{"floor":7,"key":"sneckomod:MuddlingPotion"}],"is_trial":false,"path_per_floor":["M","M","$","M","?","R","E","R","T","?","M","?","?","M","R","B"],"character_chosen":"DEFECT","items_purchased":["Scrape","Rebound"],"campfire_rested":0,"item_purchase_floors":[3,3],"current_hp_per_floor":[47,43,43,36,52,52,22,22,22,43,43,24,24,24,24,10,10],"gold":83,"neow_bonus":"RANDOM_COLORLESS_2","is_daily":false,"chose_seed":false,"campfire_upgraded":3,"win_rate":0.0,"timestamp":1614366128,"path_taken":["M","M","$","M","?","R","E","R","T","?","M","?","?","M","R","BOSS"],"items_purchased_type":["Card","Card"],"build_version":"2020-12-22","purchased_purges":0,"victory":false,"max_hp_per_floor":[64,64,64,64,64,64,64,64,64,64,64,64,64,64,64,64,64],"relic_stats":{"Darkstone Periapt":0,"counters":[8,32],"PreservedInsect":0,"obtain_stats":[{"Darkstone Periapt":9,"PreservedInsect":7,"Odd Mushroom":13,"Cracked Core":0},{"Darkstone Periapt":4,"PreservedInsect":4,"Odd Mushroom":6,"Cracked Core":0},{"Darkstone Periapt":14,"PreservedInsect":14,"Odd Mushroom":22,"Cracked Core":0}]},"card_choices":[{"not_picked":["Magnetism","Apotheosis"],"picked":"Panache","floor":0},{"not_picked":["Barrage","Blizzard"],"picked":"Redo","floor":1},{"not_picked":["Chaos","Sweeping Beam"],"picked":"Beam Cell","floor":2},{"not_picked":["Steam","Lockon"],"picked":"Gash","floor":4},{"not_picked":["Redo","Sweeping Beam"],"picked":"Buffer","floor":7},{"not_picked":["Stack","Redo"],"picked":"Leap","floor":11},{"not_picked":["Turbo","Cold Snap"],"picked":"Steam","floor":13},{"not_picked":["Recycle","Turbo"],"picked":"Streamline","floor":14}],"player_experience":1140796,"relics_obtained":[{"floor":7,"key":"PreservedInsect"},{"floor":9,"key":"Darkstone Periapt"},{"floor":13,"key":"Odd Mushroom"}],"event_choices":[{"damage_healed":16,"gold_gain":0,"player_choice":"Healed","damage_taken":0,"max_hp_gain":0,"max_hp_loss":0,"event_name":"The Cleric","floor":5,"gold_loss":35},{"damage_healed":21,"gold_gain":0,"player_choice":"Banana","damage_taken":0,"max_hp_gain":0,"max_hp_loss":0,"event_name":"Big Fish","floor":10,"gold_loss":0},{"damage_healed":0,"gold_gain":0,"player_choice":"Entered Light","damage_taken":19,"max_hp_gain":0,"max_hp_loss":0,"event_name":"Shining Light","floor":12,"gold_loss":0,"cards_upgraded":["Defend_B","Gash"]},{"damage_healed":0,"gold_gain":0,"player_choice":"Fought Mushrooms","damage_taken":0,"max_hp_gain":0,"max_hp_loss":0,"event_name":"Mushrooms","floor":13,"gold_loss":0}],"is_beta":false,"boss_relics":[],"items_purged_floors":[],"is_endless":false,"potions_floor_spawned":[1,4,7],"killed_by":"The Guardian","ascension_level":15}}