{"host":"seyebgsfkenzddlz","time":1614347435,"event":{"mods":["AchievementEnabler","BaseMod","Bestiary","Block Reminder","Colored Powertips","Minty Spire (QoL Compilation)","Practice Mode","Relic Stats"],"gold_per_floor":[116,66,66,82,92,121,221,255,310,310,330,4,15,30,30,128,128,147,147,1,1,1,1,31,43,68,93,105,136,164,12,12,117,117,134,0,0,0,0,0,34,45,98,112,112,112],"floor_reached":45,"language":"RUS","playtime":1886,"items_purged":[],"score":545,"play_id":"c878d2d5-f4b6-4058-adcd-747faec6c6fb","local_time":"20210226235035","is_ascension_mode":true,"campfire_choices":[{"floor":10.0,"key":"REST"},{"data":"Defragment","floor":15.0,"key":"SMITH"},{"data":"Thunder Strike","floor":23.0,"key":"SMITH"},{"data":"Self Repair","floor":28.0,"key":"SMITH"},{"data":"Chaos","floor":32.0,"key":"SMITH"},{"floor":40.0,"key":"RECALL"}],"circlet_count":0,"master_deck":["Defend_B","Defend_B","Defend_B","Zap","Dualcast","Conserve Battery","Ball Lightning","Streamline","Doom and Gloom","Self Repair+1","Lockon","Defragment+1","Coolheaded","Thunder Strike+1","Turbo","Bite","Bite","Bite","Bite","Bite","Tempest","Leap","Chaos+1","Static Discharge+1","Defragment","Electrodynamics","Leap+1","Madness","Madness","Undo+1","Parasite"],"relics":["Cracked Core","StrikeDummy","Orichalcum","Ancient Tea Set","Smiling Mask","Toolbox","Velvet Choker","Vajra","Lantern","MawBank","Membership Card","Nuclear Battery","Red Mask","Letter Opener"],"acts_visited":["Exordium","TheCity","TheBeyond"],"potions_floor_usage":[45],"damage_taken":[{"damage":6.0,"enemies":"Small Slimes","floor":1.0,"turns":6.0},{"damage":0.0,"enemies":"Jaw Worm","floor":4.0,"turns":3.0},{"damage":0.0,"enemies":"Cultist","floor":5.0,"turns":2.0},{"damage":28.0,"enemies":"Lagavulin","floor":6.0,"turns":6.0},{"damage":11.0,"enemies":"3 Sentries","floor":8.0,"turns":4.0},{"damage":3.0,"enemies":"Exordium Thugs","floor":11.0,"turns":2.0},{"damage":5.0,"enemies":"Exordium Wildlife","floor":13.0,"turns":5.0},{"damage":0.0,"enemies":"2 Fungi Beasts","floor":14.0,"turns":3.0},{"damage":19.0,"enemies":"Hexaghost","floor":16.0,"turns":7.0},{"damage":16.0,"enemies":"2 Thieves","floor":18.0,"turns":3.0},{"damage":47.0,"enemies":"Gremlin Leader","floor":24.0,"turns":6.0},{"damage":14.0,"enemies":"Shell Parasite","floor":25.0,"turns":3.0},{"damage":5.0,"enemies":"Cultist and Chosen","floor":27.0,"turns":4.0},{"damage":20.0,"enemies":"Shelled Parasite and Fungi","floor":29.0,"turns":6.0},{"damage":13.0,"enemies":"Centurion and Healer","floor":30.0,"turns":6.0},{"damage":52.0,"enemies":"Champ","floor":33.0,"turns":9.0},{"damage":20.0,"enemies":"3 Shapes","floor":35.0,"turns":3.0},{"damage":55.0,"enemies":"Nemesis","floor":41.0,"turns":7.0},{"damage":6.0,"enemies":"Orb Walker","floor":42.0,"turns":2.0},{"damage":0.0,"enemies":"Jaw Worm Horde","floor":44.0,"turns":3.0},{"damage":32,"enemies":"Writhing Mass","floor":45,"turns":3}],"seed_played":"-5775245770705164576","potions_obtained":[{"floor":1.0,"key":"Dexterity Potion"},{"floor":4.0,"key":"LiquidBronze"},{"floor":6.0,"key":"SteroidPotion"},{"floor":24.0,"key":"Block Potion"},{"floor":33.0,"key":"GamblersBrew"},{"floor":41.0,"key":"BlessingOfTheForge"},{"floor":44.0,"key":"Fire Potion"}],"is_trial":false,"path_per_floor":["M","?","?","M","M","E","?","E","T","R","M","$","M","M","R","B",null,"M","?","$","?","$","R","E","M","T","M","R","M","M","$","R","B",null,"M","?","?","?","$","R","E","M","T","M","M"],"character_chosen":"DEFECT","items_purchased":["FairyPotion","Defragment","Toolbox","Vajra","Membership Card","Defragment"],"campfire_rested":1,"item_purchase_floors":[12,12,12,20,31,31],"current_hp_per_floor":[76,76,69,69,69,41,41,30,30,54,58,58,60,67,67,55,82,66,57,57,57,57,57,27,26,26,36,36,46,53,53,53,25,57,39,39,32,32,32,32,17,13,13,18,0,0],"gold":112,"neow_bonus":"TEN_PERCENT_HP_BONUS","is_daily":false,"chose_seed":false,"campfire_upgraded":4,"win_rate":0.0,"timestamp":1614347435,"path_taken":["M","?","?","M","M","E","?","E","T","R","M","$","M","M","R","BOSS","M","?","$","?","?","R","E","?","T","M","R","M","M","$","R","BOSS","M","?","?","?","$","R","E","M","T","M","?"],"items_purchased_type":["Potion","Card","Relic","Relic","Relic","Card"],"build_version":"2020-12-22","purchased_purges":0,"victory":false,"max_hp_per_floor":[82,82,82,82,82,82,82,82,82,82,82,82,82,82,82,82,82,82,57,57,57,57,57,57,57,57,57,57,57,57,57,57,57,57,57,57,57,57,57,57,57,57,57,57,57,57],"relic_stats":{"counters":[21,93],"Letter Opener":[12],"Orichalcum":[174],"Smiling Mask":0,"MawBank":60,"obtain_stats":[{"Lantern":24,"Velvet Choker":17,"Vajra":20,"Letter Opener":41,"Orichalcum":6,"Ancient Tea Set":8,"Smiling Mask":9,"MawBank":26,"Nuclear Battery":34,"Toolbox":12,"Red Mask":36,"Membership Card":31,"Cracked Core":0,"StrikeDummy":3},{"Lantern":11,"Velvet Choker":9,"Vajra":10,"Letter Opener":18,"Orichalcum":4,"Ancient Tea Set":5,"Smiling Mask":5,"MawBank":12,"Nuclear Battery":16,"Toolbox":6,"Red Mask":17,"Membership Card":15,"Cracked Core":0,"StrikeDummy":1},{"Lantern":47,"Velvet Choker":38,"Vajra":41,"Letter Opener":85,"Orichalcum":17,"Ancient Tea Set":21,"Smiling Mask":21,"MawBank":50,"Nuclear Battery":75,"Toolbox":23,"Red Mask":78,"Membership Card":66,"Cracked Core":0,"StrikeDummy":6}]},"card_choices":[{"not_picked":["Cold Snap","Melter"],"picked":"Conserve Battery","floor":1.0},{"not_picked":["Cold Snap","Gash"],"picked":"Ball Lightning","floor":4.0},{"not_picked":["Conserve Battery","Gash"],"picked":"Streamline","floor":5.0},{"not_picked":["Steam","Sweeping Beam"],"picked":"Doom and Gloom","floor":6.0},{"not_picked":["Conserve Battery","Streamline"],"picked":"Self Repair","floor":8.0},{"not_picked":["Recycle","Sweeping Beam"],"picked":"Lockon","floor":11.0},{"not_picked":["Tempest","Doom and Gloom"],"picked":"Coolheaded","floor":13.0},{"not_picked":["Biased Cognition","Hello World","Sweeping Beam"],"picked":"SKIP","floor":14.0},{"not_picked":["Buffer","Amplify"],"picked":"Thunder Strike","floor":16.0},{"not_picked":["Sweeping Beam+1","Hello World+1"],"picked":"Turbo","floor":18.0},{"not_picked":["Lockon","Darkness","Turbo"],"picked":"SKIP","floor":24.0},{"not_picked":["Streamline","Stack"],"picked":"Tempest","floor":25.0},{"not_picked":["Reprogram","Barrage"],"picked":"Leap","floor":27.0},{"not_picked":["Barrage+1","Stack+1"],"picked":"Chaos","floor":29.0},{"not_picked":["Stack","Compile Driver"],"picked":"Static Discharge+1","floor":30.0},{"not_picked":["Biased Cognition","All For One"],"picked":"Electrodynamics","floor":33.0},{"not_picked":["Beam Cell","Compile Driver"],"picked":"Leap+1","floor":35.0},{"not_picked":["Sweeping Beam+1","Doom and Gloom","Compile Driver"],"picked":"SKIP","floor":41.0},{"not_picked":["Turbo","Auto Shields+1"],"picked":"Undo+1","floor":42.0},{"not_picked":["Cold Snap","Blizzard+1","Go for the Eyes"],"picked":"SKIP","floor":44.0}],"player_experience":138286,"relics_obtained":[{"floor":6.0,"key":"Orichalcum"},{"floor":8.0,"key":"Ancient Tea Set"},{"floor":9.0,"key":"Smiling Mask"},{"floor":24.0,"key":"Lantern"},{"floor":26.0,"key":"MawBank"},{"floor":41.0,"key":"Letter Opener"}],"event_choices":[{"cards_removed":["Defend_B"],"damage_healed":0.0,"max_hp_gain":0.0,"max_hp_loss":0.0,"gold_gain":0.0,"event_name":"The Cleric","player_choice":"Card Removal","floor":2.0,"gold_loss":50.0,"damage_taken":0.0},{"damage_healed":0.0,"max_hp_gain":0.0,"max_hp_loss":0.0,"gold_gain":0.0,"event_name":"Scrap Ooze","player_choice":"Success","floor":3.0,"gold_loss":0.0,"damage_taken":7.0,"relics_obtained":["StrikeDummy"]},{"damage_healed":0.0,"max_hp_gain":0.0,"max_hp_loss":0.0,"gold_gain":100.0,"event_name":"Golden Shrine","player_choice":"Pray","floor":7.0,"gold_loss":0.0,"damage_taken":0.0},{"damage_healed":0.0,"max_hp_gain":0.0,"max_hp_loss":25.0,"gold_gain":0.0,"event_name":"Vampires","player_choice":"Became a vampire","floor":19.0,"gold_loss":0.0,"damage_taken":0.0,"cards_obtained":["Bite","Bite","Bite","Bite","Bite"]},{"damage_healed":0.0,"max_hp_gain":0.0,"max_hp_loss":0.0,"gold_gain":0.0,"event_name":"Ghosts","player_choice":"Ignored","floor":21.0,"gold_loss":0.0,"damage_taken":0.0},{"damage_healed":0.0,"max_hp_gain":0.0,"max_hp_loss":0.0,"gold_gain":0.0,"event_name":"Tomb of Lord Red Mask","player_choice":"Paid","floor":36.0,"gold_loss":134.0,"damage_taken":0.0,"relics_obtained":["Red Mask"]},{"damage_healed":0.0,"max_hp_gain":0.0,"max_hp_loss":0.0,"gold_gain":0.0,"event_name":"Winding Halls","player_choice":"Embrace Madness","floor":37.0,"gold_loss":0.0,"damage_taken":7.0,"cards_obtained":["Madness","Madness"]},{"damage_healed":0.0,"max_hp_gain":0.0,"max_hp_loss":0.0,"gold_gain":0.0,"event_name":"Mysterious Sphere","player_choice":"Ignored","floor":38.0,"gold_loss":0.0,"damage_taken":0.0}],"is_beta":false,"boss_relics":[{"not_picked":["Runic Dome","SacredBark"],"picked":"Velvet Choker"},{"not_picked":["Pandora\u0027s Box","Black Star"],"picked":"Nuclear Battery"}],"items_purged_floors":[],"is_endless":false,"potions_floor_spawned":[1,4,6,13,24,33,41,44],"killed_by":"Writhing Mass","ascension_level":2}}