{"host":"8t5dkgm85abdp22d","time":1614326669,"event":{"mods":["100% Spire Juice","ATMod(阿瑾Mod)","Act Like it!","BaseMod","Colored Powertips","Conspire","Gensokyo","Hallownest","Library of Ruina","Library of Ruina Extra","Marisa（F雨　魔理沙）","Minty Spire (QoL Compilation)","MostiFishMod","Remilia（蕾米莉亚）","RumiaBox-露米娅的神秘盒子","StSLib","The Bug Knight","UnlockEverythingMod","Waifu the Spire","WarShipGirlsR/战舰少女R mod","Wide Potions","Yakumo Yukari mod"],"gold_per_floor":[115,127,147,222,273,324,304,413,413,458,458,458,516,579,579,706,706,769,862,862,862,483,642,642,684,709,709,762,762,762],"floor_reached":29,"language":"ZHS","playtime":1079,"items_purged":["LightAttack"],"score":442,"play_id":"8035a114-8b4e-45fb-b717-275ece93bc51","local_time":"20210226160429","is_ascension_mode":true,"campfire_choices":[{"data":"TendonChords","floor":11,"key":"SMITH"},{"data":"TieShanKao","floor":15,"key":"SMITH"},{"data":"UnforgettableMelody","floor":24,"key":"SMITH"},{"data":"Overcharge","floor":27,"key":"SMITH"}],"circlet_count":0,"master_deck":["Dodge","LightDefense","LightAttack","LightAttack","LightDefense","LightDefense","LightDefense","ChargeAndCover","FocusedStrikes","AT_DarkMatter","TendonChords+1","SilentMist","Parry2","Faith","TieShanKao+1","Overcharge+1","BindingChains","UnforgettableMelody+1","TheRedNotes+1","MindCrush","FrontalAssault","VioletBlade","PanicButton","Purity"],"relics":["PageOfLibrarian","AT_ATBox","DaveBox","NeowsBlessing","RhineCircuit","SynthV:TestCard","AT_MibuBalloonWealth","Mummified Hand","AT_PhaseBoots","Happy Flower","AddBug","SynthV:TestCard","Omamori","Vajra","PageOfSnowWhitesApple","Toy Ornithopter","PreservedInsect"],"acts_visited":["Exordium","TheCity"],"potions_floor_usage":[28,28],"damage_taken":[{"damage":0,"enemies":"Cultist","floor":1,"turns":1},{"damage":0,"enemies":"2 Louse","floor":2,"turns":1},{"damage":0,"enemies":"Jaw Worm","floor":3,"turns":1},{"damage":0,"enemies":"conspire:MimicChest","floor":5,"turns":8},{"damage":7,"enemies":"Lagavulin","floor":6,"turns":5},{"damage":1,"enemies":"3 Sentries","floor":8,"turns":6},{"damage":0,"enemies":"Looter","floor":10,"turns":2},{"damage":0,"enemies":"Lagavulin","floor":13,"turns":5},{"damage":10,"enemies":"Exordium Wildlife","floor":14,"turns":2},{"damage":4,"enemies":"The Guardian","floor":16,"turns":6},{"damage":20,"enemies":"conspire:FuzzyDice","floor":18,"turns":5},{"damage":12,"enemies":"3 Byrds","floor":19,"turns":4},{"damage":25,"enemies":"conspire:Head Lice","floor":23,"turns":3},{"damage":31,"enemies":"Snake Plant","floor":25,"turns":4},{"damage":19,"enemies":"conspire:SneckoGhost","floor":28,"turns":4}],"seed_played":"-4094386291005595112","potions_obtained":[{"floor":5,"key":"Regen Potion"},{"floor":6,"key":"PowerPotion"},{"floor":23,"key":"Energy Potion"}],"is_trial":false,"path_per_floor":["M","M","M","?","?","E","?","E","T","M","R","?","E","M","R","B",null,"M","M","?","?","$","E","R","M","T","R","E","?"],"character_chosen":"Librarian","items_purchased":["Omamori","Vajra"],"campfire_rested":0,"item_purchase_floors":[22,22],"current_hp_per_floor":[60,62,62,51,60,62,62,67,67,67,67,67,73,66,66,68,91,74,65,65,65,65,43,43,15,15,15,14,0,0],"gold":762,"neow_bonus":"THREE_ENEMY_KILL","is_daily":false,"chose_seed":false,"campfire_upgraded":4,"win_rate":0.0,"timestamp":1614326669,"path_taken":["M","M","M","?","?","E","?","E","T","?","R","?","E","M","R","BOSS","M","M","?","?","$","E","R","M","T","R","E","?"],"items_purchased_type":["Relic","Relic"],"build_version":"2020-12-22","purchased_purges":1,"victory":false,"max_hp_per_floor":[62,85,85,85,85,85,85,85,85,85,85,85,91,91,91,91,91,91,91,91,91,91,91,91,91,91,91,91,91,91],"card_choices":[{"not_picked":["HardRehearsal","MultiHit","AsThePrescriptOrders","Faith","StructuralAnalysis","QuickSuppression","GroundSmash","QuickAttack"],"picked":"TendonChords","floor":1},{"not_picked":["NightInTheBackstreets","StrikeDown","EnergyConversion","SweepTheBackstreets","IngredientHunt","TraceOfFumes","SpearedSweep","StructuralAnalysis","SturdyDefense","ForTheFamily"],"picked":"SilentMist","floor":2},{"not_picked":["SmokingPipe","DefenseOrder","Thrust","DirtyBlow","SharpSwipe","SinglePointStab","AutomatedMovement","GaleKick","BackAttack","EndlessBattle"],"picked":"Parry2","floor":3},{"not_picked":["FlashOfSunup","Parry2","FierceCharge","UpbeatPerformance","PreemptiveStrike","LoosenUp","GuardingStance","EndlessBattle","FleetFootsteps","SnakesPrey"],"picked":"Faith","floor":5},{"not_picked":["BulkyImpact","ForTheFamily","Pound","Parry","WillProduceFineSilk","SuppressingShot","StrongStrike","TendonChords","ChiWen","FierceCharge","SharpSwipe"],"picked":"SKIP","floor":6},{"not_picked":["ScratchThat","Reload","Marionette","Endure","IngredientHunt","Rampage_lor","FrontalAssault","Fence","MindCrush","MultiBlock"],"picked":"TieShanKao","floor":8},{"not_picked":["CookingPrep","DesperateStruggle","BiAn","Transpierce","EndlessBattle","Multislash","ConcentratedFire","Faith","UnavoidableGaze","GrazeTheGrass"],"picked":"Overcharge","floor":10},{"not_picked":["ViolentFlame","PuppetBlockade","AsThePrescriptOrders","SpearedSweep","WrathOfTorment","ButterflySlash","Diversion","Wallop_lor","DevastatingThrash","FierceOnslaught","Guardian_lor"],"picked":"SKIP","floor":13},{"not_picked":["EnergyCycle","Thrust","StructuralAnalysis","HeavyPeaks","SharpenedBlade","TendonChords","AGoldenOpportunity","PreemptiveStrike","SerpentSwordTechnique","Parry"],"picked":"BindingChains","floor":14},{"not_picked":["Commandeering","RipSpace","BoundaryOfDeath","Castigation"],"picked":"UnforgettableMelody","floor":16},{"not_picked":["StrongStrike","CumulusWall","GrazeTheGrass","IllEndYou","ShockingBlow","HighKick+1","Reload","UnavoidableGaze+1","Gigigig","SnakeSlit","BladeWhirl"],"picked":"SKIP","floor":18},{"not_picked":["Outburst","SilentNight","Quickness","QuickSuppression","UnavoidableGaze","StrikeDown+1","DevastatingThrash","ShrineToMusic","Reload","AutonomousRush","SweepTheBackstreets","DarkCloud"],"picked":"TheRedNotes+1","floor":19},{"not_picked":["DarkCloud","ChiWen","MindPrepared","SnakesPrey","Diversion","MultiBlock","ViolentFlame+1","Standoff","LossOfSenses","Endure+1","EnergyStrike","WaitUp"],"picked":"MindCrush","floor":23},{"not_picked":["Brawl","Punishment","GuardingStance+1","BulkyImpact","Thirst","CoordinatedAssault","WillOfThePrescript","Diversion","StrongStrike","UnavoidableGaze","PreparedMind+1","SpearedSweep"],"picked":"FrontalAssault","floor":25},{"not_picked":["Brawl","GutHarvesting","VenomousFangs","BiteOff","CircusKnives+1","ICanCookAnything","HiddenBlade+1","ClassAndRespect","Leap_lor","UncannyStrike","HighKick","Quickness"],"picked":"VioletBlade","floor":28}],"player_experience":138538,"relics_obtained":[{"floor":1,"key":"SynthV:TestCard"},{"floor":5,"key":"AT_MibuBalloonWealth"},{"floor":6,"key":"Mummified Hand"},{"floor":8,"key":"AT_SpeedBoots"},{"floor":13,"key":"Happy Flower"},{"floor":18,"key":"SynthV:TestCard"},{"floor":23,"key":"PageOfSnowWhitesApple"},{"floor":26,"key":"Toy Ornithopter"},{"floor":28,"key":"PreservedInsect"}],"event_choices":[{"damage_healed":0,"gold_gain":75,"player_choice":"Gather Gold","damage_taken":11,"max_hp_gain":0,"max_hp_loss":0,"event_name":"World of Goop","floor":4,"gold_loss":0},{"damage_healed":0,"gold_gain":0,"player_choice":"Ignored","damage_taken":0,"max_hp_gain":0,"max_hp_loss":0,"event_name":"Liars Game","floor":12,"gold_loss":0},{"damage_healed":0,"gold_gain":0,"player_choice":"Leave","damage_taken":0,"max_hp_gain":0,"max_hp_loss":0,"event_name":"conspire:Investor","floor":20,"gold_loss":0},{"damage_healed":0,"gold_gain":0,"player_choice":"Ignored","damage_taken":0,"max_hp_gain":0,"max_hp_loss":0,"event_name":"Vampires","floor":21,"gold_loss":0}],"is_beta":false,"boss_relics":[{"not_picked":["MoonlightInvasionPlan","Philosopher\u0027s Stone"],"picked":"AddBug"}],"items_purged_floors":[22],"is_endless":false,"potions_floor_spawned":[5,6,8,14,18,23],"ascension_level":4}}