{"host":"d52brwsy6af8zvaq","time":1614366777,"event":{"mods":["AchievementEnabler","BaseMod","Bestiary","Highlight Path","Minty Spire (QoL Compilation)","Quick Restart","Relic Stats","ojb\u0027s Better Paths Mod"],"gold_per_floor":[212,230,246,396,157,157,190,190,190,219,219,230,246,246,246,246,246],"floor_reached":16,"language":"ENG","playtime":847,"items_purged":["Doubt"],"score":245,"play_id":"9b8c5758-f193-4e50-ad56-659f8b104e1e","local_time":"20210226121257","is_ascension_mode":true,"campfire_choices":[{"data":"Zap","floor":6.0,"key":"SMITH"},{"data":"Stack","floor":11.0,"key":"SMITH"},{"data":"Hologram","floor":15,"key":"SMITH"}],"circlet_count":0,"master_deck":["AscendersBane","Strike_B","Strike_B","Strike_B","Strike_B","Defend_B","Defend_B","Defend_B","Defend_B","Zap+1","Dualcast","Rebound","Self Repair","Rebound","Cold Snap","Ball Lightning","Stack+1","Conserve Battery","Turbo","Hologram+1","Beam Cell"],"relics":["Cracked Core","Membership Card","Mango","Shovel","Anchor"],"acts_visited":["Exordium"],"potions_floor_usage":[],"damage_taken":[{"damage":13.0,"enemies":"Small Slimes","floor":1.0,"turns":4.0},{"damage":0.0,"enemies":"2 Louse","floor":2.0,"turns":1.0},{"damage":1.0,"enemies":"Cultist","floor":3.0,"turns":3.0},{"damage":29.0,"enemies":"Lagavulin","floor":7.0,"turns":8.0},{"damage":21.0,"enemies":"3 Sentries","floor":10.0,"turns":8.0},{"damage":5.0,"enemies":"Gremlin Gang","floor":12.0,"turns":5.0},{"damage":2.0,"enemies":"Large Slime","floor":13.0,"turns":5.0},{"damage":49,"enemies":"Hexaghost","floor":16,"turns":10}],"seed_played":"5036757386300690048","potions_obtained":[{"floor":1.0,"key":"SpeedPotion"},{"floor":7.0,"key":"FearPotion"},{"floor":12.0,"key":"FocusPotion"}],"is_trial":false,"path_per_floor":["M","M","M","?","$","R","E","?","T","E","R","M","M","?","R","B"],"character_chosen":"DEFECT","items_purchased":["Membership Card","Cold Snap","Ball Lightning"],"campfire_rested":0,"item_purchase_floors":[5,5,5],"current_hp_per_floor":[51,51,57,57,57,57,49,54,54,40,40,42,47,47,47,0,0],"gold":246,"neow_bonus":"HUNDRED_GOLD","is_daily":false,"chose_seed":false,"campfire_upgraded":3,"win_rate":0.0,"timestamp":1614366777,"path_taken":["M","M","M","?","$","R","E","?","T","E","R","M","M","?","R","BOSS"],"items_purchased_type":["Relic","Card","Card"],"build_version":"2020-12-22","purchased_purges":1,"victory":false,"max_hp_per_floor":[71,71,71,71,71,71,85,90,90,90,90,90,90,90,90,90,90],"relic_stats":{"Shovel":0,"counters":[8,44],"obtain_stats":[{"Anchor":10,"Shovel":9,"Mango":7,"Membership Card":5,"Cracked Core":0},{"Anchor":5,"Shovel":4,"Mango":4,"Membership Card":3,"Cracked Core":0},{"Anchor":24,"Shovel":16,"Mango":16,"Membership Card":8,"Cracked Core":0}]},"card_choices":[{"not_picked":["BootSequence","Conserve Battery"],"picked":"Rebound","floor":1.0},{"not_picked":["Rebound","Turbo"],"picked":"Self Repair","floor":2.0},{"not_picked":["Consume","Redo"],"picked":"Rebound","floor":3.0},{"not_picked":["Double Energy","Turbo"],"picked":"Stack","floor":7.0},{"not_picked":["Redo","Compile Driver"],"picked":"Conserve Battery","floor":10.0},{"not_picked":["Redo","All For One"],"picked":"Turbo","floor":12.0},{"not_picked":["Redo","Stack"],"picked":"Hologram","floor":13.0}],"player_experience":2384134,"relics_obtained":[{"floor":7.0,"key":"Mango"},{"floor":9.0,"key":"Shovel"},{"floor":10.0,"key":"Anchor"}],"event_choices":[{"damage_healed":0.0,"max_hp_gain":0.0,"max_hp_loss":0.0,"gold_gain":150.0,"event_name":"Liars Game","player_choice":"AGREE","floor":4.0,"gold_loss":0.0,"damage_taken":0.0,"cards_obtained":["Doubt"]},{"damage_healed":0.0,"max_hp_gain":5.0,"max_hp_loss":0.0,"gold_gain":0.0,"event_name":"Big Fish","player_choice":"Donut","floor":8.0,"gold_loss":0.0,"damage_taken":0.0},{"damage_healed":0.0,"max_hp_gain":0.0,"max_hp_loss":0.0,"gold_gain":0.0,"event_name":"Match and Keep!","player_choice":"1 cards matched","floor":14.0,"gold_loss":0.0,"damage_taken":0.0,"cards_obtained":["Beam Cell"]}],"is_beta":false,"boss_relics":[],"items_purged_floors":[5],"is_endless":false,"potions_floor_spawned":[1,7,12],"killed_by":"Hexaghost","ascension_level":20}}