{"host":"0r455zfix56tawas","time":1614327451,"event":{"mods":["AlwaysNeverKeys","BaseMod","Colored Powertips","Downfall","Highlight Path","Minty Spire (QoL Compilation)","Permanent Neow","StSLib","The Necromancer","The Servant 0.9.4"],"gold_per_floor":[112,112,132,132,145,145,173,173,173,173,183,203,203,230,230,332,332,332,257,257,257,257,257,257,110,110,110,110,110],"floor_reached":28,"language":"ENG","playtime":815,"items_purged":[],"score":232,"play_id":"88590bad-b652-4ca6-81d2-2e716ce86ae0","local_time":"20210226091731","is_ascension_mode":false,"campfire_choices":[{"data":"Uncharnel","floor":6,"key":"SMITH"},{"data":"Life_Drain","floor":8,"key":"SMITH"},{"data":"Bone_Armory","floor":10,"key":"SMITH"},{"data":"Death_March_Dance","floor":15,"key":"SMITH"},{"floor":23,"key":"REST"}],"circlet_count":0,"master_deck":["Strike_W","Strike_W","Strike_W","Defend_W","Defend_W","Defend_W","Defend_W","Negative_Energy_Arrows","Bone_Wall","Death_March_Dance+1","Chill_Blood","Uncharnel+1","Bone_Armory+1","Flash of Steel","Negative_Energy_Shield","Grasp_Heart","Life_Drain+1","Uncharnel","Decay","Grasp_Heart","Thousand_Bone_Knives+1","Negative_Energy_Shield+1","Death_March_Dance+1","Thousand_Bone_Knives+1"],"relics":["Vampire_Amulet","Unceasing Top","Incense Burner","Dream Catcher","Ectoplasm","DollysMirror","Pen Nib"],"acts_visited":["Exordium","TheCity"],"potions_floor_usage":[19],"damage_taken":[{"damage":0.0,"enemies":"Small Slimes","floor":1.0,"turns":3.0},{"damage":4.0,"enemies":"Cultist","floor":3.0,"turns":4.0},{"damage":3,"enemies":"2 Louse","floor":5,"turns":6},{"damage":23,"enemies":"Gremlin Nob","floor":7,"turns":4},{"damage":12,"enemies":"Lots of Slimes","floor":11,"turns":5},{"damage":0,"enemies":"Looter","floor":12,"turns":4},{"damage":3,"enemies":"Lagavulin","floor":14,"turns":5},{"damage":56,"enemies":"The Guardian","floor":16,"turns":9},{"damage":2,"enemies":"Chosen","floor":18,"turns":4},{"damage":28,"enemies":"2 Thieves","floor":19,"turns":4},{"damage":27,"enemies":"Shelled Parasite and Fungi","floor":21,"turns":4},{"damage":25,"enemies":"Chosen and Byrds","floor":22,"turns":7},{"damage":26,"enemies":"Snake Plant","floor":24,"turns":3},{"damage":11,"enemies":"Shelled Parasite and Fungi","floor":27,"turns":3},{"damage":23,"enemies":"Centurion and Healer","floor":28,"turns":2}],"seed_played":"-989214929223000357","potions_obtained":[{"floor":1.0,"key":"AttackPotion"},{"floor":11,"key":"SteroidPotion"},{"floor":12,"key":"Dexterity Potion"},{"floor":16,"key":"Explosive Potion"},{"floor":18,"key":"EssenceOfSteel"},{"floor":22,"key":"Ancient Potion"}],"is_trial":false,"path_per_floor":["M","?","M","?","M","R","E","R","T","R","M","M","?","E","R","B",null,"M","M","?","M","M","R","M","$","T","M","M"],"character_chosen":"NECROMANCER","items_purchased":["DollysMirror"],"campfire_rested":1,"item_purchase_floors":[25],"current_hp_per_floor":[75,75,73,73,74,74,53,53,53,53,57,65,65,74,74,30,75,75,57,57,34,19,41,23,23,23,16,0,0],"gold":110,"neow_bonus":"ONE_RANDOM_RARE_CARD","is_daily":false,"chose_seed":false,"campfire_upgraded":4,"win_rate":0.0,"timestamp":1614327451,"path_taken":["M","?","?","?","?","R","E","R","T","R","M","M","?","E","R","BOSS","M","?","?","M","?","R","M","$","T","M","M"],"items_purchased_type":["Relic"],"build_version":"2020-12-22","purchased_purges":0,"victory":false,"max_hp_per_floor":[75,75,75,75,75,75,75,75,75,75,75,75,75,75,75,75,75,75,75,75,75,75,75,75,75,75,75,75,75],"card_choices":[{"not_picked":["Bone_Bullets","Scare"],"picked":"Death_March_Dance","floor":1.0},{"not_picked":["Whirlwind_of_Bones","Toxic_Smoke_Screen"],"picked":"Uncharnel","floor":3.0},{"not_picked":["Bone_Bullets","Scare","Toxic_Smoke_Screen"],"picked":"SKIP","floor":5},{"not_picked":["Death_March_Dance","Shackles_Of_Pain"],"picked":"Life_Drain","floor":7},{"not_picked":["Negative_Energy_Sphere","Vampiric_Strike","Necromantic_Selection"],"picked":"SKIP","floor":11},{"not_picked":["Blood_for_Blood","Bone_Spikes"],"picked":"Uncharnel","floor":12},{"not_picked":["Bone_Bullets","Death_March_Dance","Violent_Necrosis"],"picked":"SKIP","floor":14},{"not_picked":["Bone_Prison","Bone_Bullets","Blood_Whip+1"],"picked":"SKIP","floor":18},{"not_picked":["Scare","Slay_Living","Bone_Armor"],"picked":"SKIP","floor":19},{"not_picked":["Blood_for_Blood","Acid_Javelin","Plague_Bolt"],"picked":"SKIP","floor":21},{"not_picked":["Bone_Shift","Finger_Of_Death+1","Negative_Energy_Mist"],"picked":"SKIP","floor":22},{"not_picked":["Bone_Bullets","Finger_Of_Death+1"],"picked":"Thousand_Bone_Knives+1","floor":23},{"not_picked":["Deaths_Shadow","Death_March_Dance+1"],"picked":"Negative_Energy_Shield+1","floor":24},{"not_picked":["Bone_Bullets","Death_March_Dance+1"],"picked":"Thousand_Bone_Knives+1","floor":27}],"player_experience":1035426,"relics_obtained":[{"floor":7,"key":"Unceasing Top"},{"floor":9,"key":"Incense Burner"},{"floor":14,"key":"Dream Catcher"},{"floor":26,"key":"Pen Nib"}],"event_choices":[{"damage_healed":0.0,"max_hp_gain":0.0,"max_hp_loss":0.0,"gold_gain":0.0,"cards_transformed":["Negative_Energy_Bomb"],"event_name":"Transmorgrifier","player_choice":"Transformed","floor":2.0,"gold_loss":0.0,"damage_taken":0.0,"cards_obtained":["Chill_Blood"]},{"damage_healed":0,"gold_gain":0,"player_choice":"4 cards matched","damage_taken":0,"max_hp_gain":0,"max_hp_loss":0,"event_name":"Match and Keep!","floor":4,"gold_loss":0,"cards_obtained":["Bone_Armory","Flash of Steel","Negative_Energy_Shield","Grasp_Heart"]},{"damage_healed":0,"gold_gain":0,"player_choice":"Cursed","damage_taken":0,"max_hp_gain":0,"max_hp_loss":0,"event_name":"Wheel of Change","floor":13,"gold_loss":0,"cards_obtained":["Decay"]},{"damage_healed":0,"gold_gain":0,"cards_transformed":["Strike_W"],"player_choice":"Transformed","damage_taken":0,"max_hp_gain":0,"max_hp_loss":0,"event_name":"Transmorgrifier","floor":20,"gold_loss":0,"cards_obtained":["Grasp_Heart"]}],"is_beta":false,"boss_relics":[{"not_picked":["Fusion Hammer","Coffee Dripper"],"picked":"Ectoplasm"}],"items_purged_floors":[],"is_endless":false,"potions_floor_spawned":[1,11,12,16,18,22,27],"killed_by":"Centurion and Healer","ascension_level":0}}