{"host":"64qzurqwi0x0qgxo","time":1614324047,"event":{"mods":["ATMod(°¢èªMod)","Act Like it!","BaseMod","Colored Map","Colored Powertips","Googly Eyes","Keyboard Shortcuts","Library of Ruina","Library of Ruina Extra","Lobotomy","LobotomyExtend","Minty Spire (QoL Compilation)","MostiFishMod","Rare Cards Sparkle","Relic Stats","Remove Card Discount Mod","Replay The Spire","StSLib","The Animator","noobMod"],"gold_per_floor":[112,131,209,224,234,253,288,336,366,366,386,405,104,127,127,127,228,228,228,78,38,49,49,79,92,92,92,125,125,144,158,158,158,158,158,158,158,76,111,123],"floor_reached":40,"language":"ZHS","playtime":2279,"items_purged":[],"score":1437,"play_id":"ac498ccf-52b0-4055-8abe-7e7cabd0b645","local_time":"20210226152047","is_ascension_mode":true,"campfire_choices":[{"floor":15,"key":"RECALL"},{"data":"Faith","floor":28,"key":"SMITH"},{"floor":32,"key":"REST"},{"floor":36,"key":"REST"}],"circlet_count":0,"master_deck":["Laetitia","Multislash+1","QueenOfHatred","Faith+1","DreamingCurrent","SpearedSweep+1","BeautyBeast","DestructiveImpact+1","Porccubus","SinglePointStab+1","RulesOfTheBackstreets+1","DeepDrag+1","InkOver+1","BlackArmy"],"relics":["PageOfLibrarian","ice","DaveBox","AT_ATBox","CogitoBucket","MostiFishMod:AdaptiveDefenses","SynthV:TestCard","ice","SynthV:TestCard","LetterFromLob","Amita_r","PageOfSpiderBud","Molten Egg 2","Replay:Rubber Ducky","BehaviorAdjustment","Guide Book","AT_EbonyIvory","Dream Catcher","RhineCircuit","Gaze_r","Replay:Baseball","Bronze Scales","HellTrain","Happy Flower","MawBank"],"acts_visited":["Exordium","TheBeyond","TheEnding"],"potions_floor_usage":[],"damage_taken":[{"damage":0.0,"enemies":"2 Louse","floor":1.0,"turns":1.0},{"damage":0.0,"enemies":"Small Slimes","floor":1.0,"turns":1.0},{"damage":0,"enemies":"2 Louse","floor":3,"turns":1},{"damage":7,"enemies":"Jaw Worm","floor":4,"turns":3},{"damage":0,"enemies":"Blue Slaver","floor":5,"turns":1},{"damage":18,"enemies":"Gremlin Nob","floor":6,"turns":3},{"damage":0,"enemies":"Lagavulin","floor":8,"turns":3},{"damage":0,"enemies":"3 Louse","floor":10,"turns":1},{"damage":0,"enemies":"Red Slaver","floor":11,"turns":1},{"damage":46,"enemies":"Hexaghost","floor":16,"turns":3},{"damage":0,"enemies":"Orb Walker","floor":18,"turns":1},{"damage":18,"enemies":"Orb Walker","floor":21,"turns":1},{"damage":110,"enemies":"R_Hoarder","floor":23,"turns":9},{"damage":8,"enemies":"3 Darklings","floor":24,"turns":2},{"damage":165,"enemies":"Reptomancer","floor":27,"turns":10},{"damage":6,"enemies":"Spire Growth","floor":29,"turns":1},{"damage":5,"enemies":"Maw","floor":30,"turns":4},{"damage":79,"enemies":"Awakened One","floor":33,"turns":9},{"damage":85,"enemies":"Awakened One","floor":34,"turns":5},{"damage":10,"enemies":"Shield and Spear","floor":38,"turns":2},{"damage":69,"enemies":"The Heart","floor":39,"turns":4}],"seed_played":"-5277630236695342209","potions_obtained":[{"floor":11,"key":"PowerPotion"}],"is_trial":false,"path_per_floor":["M","?","M","?","M","M","M","E","?","E","T","M","M","$","T","$","R","B",null,"M","$","?","M","?","E","M","$","T","E","R","M","M","?","R","B",null,null,"R","$","E","B",null],"character_chosen":"Librarian","items_purchased":["Guide Book","AT_EbonyIvory","Replay:Baseball","InkOver+1"],"campfire_rested":2,"item_purchase_floors":[12,12,19,37],"current_hp_per_floor":[60,90,90,90,83,83,77,54,73,73,79,82,82,82,82,82,75,75,84,84,84,82,100,91,101,101,101,100,100,133,138,138,138,124,76,166,166,166,162,147],"gold":135,"neow_bonus":"","is_daily":false,"chose_seed":false,"campfire_upgraded":1,"win_rate":0.0,"timestamp":1614324047,"path_taken":["M","?","M","?","M","M","M","E","?","E","T","M","M","?","?","$","R","BOSS","M","$","?","?","?","E","M","$","T","E","R","M","M","?","R","BOSS","R","$","E","BOSS"],"items_purchased_type":["Relic","Relic","Relic","Card"],"build_version":"2020-12-22","purchased_purges":0,"victory":true,"max_hp_per_floor":[90,90,90,90,90,91,92,92,93,93,96,97,97,97,97,97,98,98,99,99,99,100,100,105,117,117,117,135,135,136,138,138,138,154,166,166,166,166,170,215],"relic_stats":{"Dream Catcher":2,"Happy Flower":[8],"counters":[23,68],"Bronze Scales":[155],"MawBank":24,"obtain_stats":[{"AT_ATBox":0,"DaveBox":0,"Happy Flower":27,"Guide Book":12,"MostiFishMod:AdaptiveDefenses":0,"AT_EbonyIvory":12,"ice":0,"MawBank":38,"Amita_r":4,"PageOfSpiderBud":6,"Replay:Rubber Ducky":8,"RhineCircuit":17,"Gaze_r":18,"PageOfLibrarian":0,"CogitoBucket":0,"Dream Catcher":13,"Replay:Baseball":19,"SynthV:TestCard":1,"Bronze Scales":23,"Molten Egg 2":7,"BehaviorAdjustment":10,"LetterFromLob":1,"HellTrain":24},{"AT_ATBox":0,"DaveBox":0,"Happy Flower":17,"Guide Book":10,"MostiFishMod:AdaptiveDefenses":0,"AT_EbonyIvory":10,"ice":0,"MawBank":22,"Amita_r":4,"PageOfSpiderBud":6,"Replay:Rubber Ducky":7,"RhineCircuit":11,"Gaze_r":12,"PageOfLibrarian":0,"CogitoBucket":0,"Dream Catcher":10,"Replay:Baseball":12,"SynthV:TestCard":1,"Bronze Scales":14,"Molten Egg 2":6,"BehaviorAdjustment":9,"LetterFromLob":1,"HellTrain":16},{"AT_ATBox":0,"DaveBox":0,"Happy Flower":43,"Guide Book":16,"MostiFishMod:AdaptiveDefenses":0,"AT_EbonyIvory":16,"ice":0,"MawBank":64,"Amita_r":6,"PageOfSpiderBud":10,"Replay:Rubber Ducky":13,"RhineCircuit":19,"Gaze_r":20,"PageOfLibrarian":0,"CogitoBucket":0,"Dream Catcher":16,"Replay:Baseball":20,"SynthV:TestCard":1,"Bronze Scales":30,"Molten Egg 2":10,"BehaviorAdjustment":15,"LetterFromLob":1,"HellTrain":33}]},"card_choices":[{"not_picked":["WallGazer","Variant"],"picked":"Rudolta","floor":1.0},{"not_picked":["Parry","ChopItOff","SnakesPrey","ExtractFuel","Reload","ClassAndRespect","SinglePointStab","FleetEdge","PreemptiveStrike"],"picked":"SKIP","floor":1.0},{"not_picked":["ForcefulGesture","SuppressingShot","TendonChords","PreemptiveStrike","Quickness","HiddenBlade","BackAttack","SmokingPipe","Rewind","HighKick","ProselytesBlade"],"picked":"SKIP","floor":1},{"not_picked":["Bloodbath","Wellcheers"],"picked":"OldLady","floor":3},{"not_picked":["VioletBlade","TraceOfFumes","Outburst","SpearedSweep","BattleCommand","HiddenBlade","Unlock1","AutomatedMovement","FlashingStrike","Mutilate","EnergyStrike","UnavoidableGaze","Reload"],"picked":"SKIP","floor":3},{"not_picked":["WallGazer","Freischutz"],"picked":"Scorched","floor":4},{"not_picked":["ViolentFlame","Zzzzzap","SpearedSweep","Parry2","DesperateStruggle","Reload","Diversion","DarkCloud","SuppressingShot","StrikeDown","SomberProcuration","NightInTheBackstreets","Leap_lor"],"picked":"SKIP","floor":4},{"not_picked":["WhitesApple","SnowQueen"],"picked":"WhiteNight","floor":5},{"not_picked":["Suppress","Pound","SmokingPipe","Rewind","GreatSerpentsImpact","EnergyCycle","FaintMemories","AutomatedMovement","StructuralAnalysis","TendonChords","FeelinGood","Leap_lor","Reload"],"picked":"SKIP","floor":5},{"not_picked":["LittlePrince","BeautyBeast"],"picked":"SpiderBud","floor":6},{"not_picked":["TrimTheIngredients","Pound","Overpower","OpportunitySpotted","Endure","Deflect_lor","TasteMyFlamingBat","Castigation","FierceCharge","AlloutWar","Struggle","Quickness","ICanCookAnything"],"picked":"SKIP","floor":6},{"not_picked":["TrimTheIngredients","Pound","Overpower","OpportunitySpotted","Endure","Deflect_lor","TasteMyFlamingBat","Castigation","FierceCharge","AlloutWar","Struggle","Quickness","ICanCookAnything"],"picked":"SKIP","floor":6},{"not_picked":["FairyFestival","BeautyBeast"],"picked":"Murderer","floor":8},{"not_picked":["MultiBlock","IdentifyWeakpoint","Eliminate+1","SinglePointStab+1","TendonChords+1","WaitUp","SunsetBlade","HardRehearsal+1","StructuralAnalysis","ChopItOff+1","GrazeTheGrass+1","Mutilate+1","ElectricShock+1"],"picked":"SKIP","floor":8},{"not_picked":["Bloodbath","UniverseFragment"],"picked":"BlueStar","floor":10},{"not_picked":["SpearedSweep+1","BoundaryOfDeath+1","VenomousFangs+1","CircusKnives+1","ChiWen+1","GrazeTheGrass+1","LoosenUp+1","Quickness","StartinOutLightly","EnergyStrike+1","Thrust+1","EnergyCycle+1","MindPrepared+1"],"picked":"SKIP","floor":10},{"not_picked":["SpearedSweep+1","BoundaryOfDeath+1","VenomousFangs+1","CircusKnives+1","ChiWen+1","GrazeTheGrass+1","LoosenUp+1","Quickness","StartinOutLightly","EnergyStrike+1","Thrust+1","EnergyCycle+1","MindPrepared+1"],"picked":"SKIP","floor":10},{"not_picked":["Bloodbath","FairyFestival"],"picked":"Rudolta","floor":11},{"not_picked":["SearingSword+1","EmotionalTurbulence+1","FieryWaltz+1","StrongStrike+1","GreatSerpentsImpact+1","UncannyStrike+1","SetFire+1","SteelKnuckles+1","MultiHit+1","AlloutWar","StructuralAnalysis","Parry+1","SuppressingShot+1"],"picked":"SKIP","floor":11},{"not_picked":["NakedNest","Porccubus"],"picked":"BigBadWolf","floor":16},{"not_picked":["GalaxyChild","Laetitia"],"picked":"BeautyBeast","floor":21},{"not_picked":["Endure+1","MindWhip+1","CircusKnives+1","HandlingWork+1","EnergyStrike+1","SmokingPipe","GuardingStance","EnergyShield","QuickAttack+1","NightInTheBackstreets+1","TendonChords+1","BiAn+1","RapidGashes+1"],"picked":"SKIP","floor":21},{"not_picked":["LaLuna","Murderer","SpiderBud"],"picked":"Singing Bowl","floor":23},{"not_picked":["GreedKing","Wellcheers"],"picked":"Laetitia","floor":23},{"not_picked":["Pound+1","BiAn+1","CircusKnives+1","StrikeDown+1","SpearedSweep+1","FeelinGood+1","EnergyBeam+1","SharpSwipe+1","SunsetBlade+1","GroundSmash+1","UncannyStrike+1","WaitUp"],"picked":"Multislash+1","floor":23},{"not_picked":["MeltingLove","Scarecrow"],"picked":"QueenOfHatred","floor":24},{"not_picked":["GuardingStance+1","SweepTheBackstreets+1","InhaleSmoke+1","GreatSerpentsImpact+1","SunsetBlade","Multislash+1","CoordinatedAssault+1","SuppressingShot+1","SmokingPipe","WillBeTasty+1","NightInTheBackstreets+1","MultiBlock"],"picked":"Faith","floor":24},{"not_picked":["LittlePrince","GreedKing"],"picked":"DreamingCurrent","floor":27},{"not_picked":["RepressedFlesh+1","TheRedNotes+1","JiaoTu+1","ElectricShock+1","GroundSmash+1","GuardingStance","QuickAttack+1","SunsetBlade","FierceCharge+1","NonstopAssault+1","Rewind+1","EnergyStrike+1"],"picked":"SpearedSweep+1","floor":27},{"not_picked":["Funeral","Freischutz"],"picked":"BeautyBeast","floor":29},{"not_picked":["Parry+1","GrazeTheGrass+1","DefenseOrder+1","Mutilate+1","IngredientHunt+1","ChargeUp","SpearedSweep+1","SteelKnuckles+1","UnavoidableGaze+1","Leap_lor+1","AsThePrescriptOrders","TendonChords+1"],"picked":"DestructiveImpact+1","floor":29},{"not_picked":["SingingMachine","FieryBird"],"picked":"Porccubus","floor":30},{"not_picked":["SmokingPipe","AutonomousRush+1","EnergyConversion+1","WillOfThePrescript","QuickSuppression+1","InkOver+1","EnergyStrike+1","BackAttack","Thrust+1","UnforgettableMelody","FaintMemories+1","HiddenBlade+1"],"picked":"SinglePointStab+1","floor":30},{"not_picked":["EnergyStrike+1","Standoff+1","StrongStrike+1","GreatSerpentsImpact+1","Reload+1","StructuralAnalysis","DesperateStruggle+1","Outburst+1","TrashDisposal+1","ClassAndRespect+1","Tailoring+1","FleetFootsteps"],"picked":"RulesOfTheBackstreets+1","floor":32},{"not_picked":["Leap_lor+1","EndlessBattle+1","BiAn+1","TheArtOfRapidSteps+1","RhinoRam+1","DesperateStruggle+1","Parry+1","DarkCloud+1","FleetFootsteps","EnergyCycle+1","GrazeTheGrass+1","Rewind"],"picked":"DeepDrag+1","floor":36},{"not_picked":["SnowQueen","QueenBee"],"picked":"BlackArmy","floor":38},{"not_picked":["SerpentSwordTechnique+1","GrazeTheGrass+1","Leap_lor+1","NightInTheBackstreets+1","CookingPrep+1","UnavoidableGaze+1","Unlock1+1","Parry+1","SnakesPrey","FrontalAssault+1","AssaultOrder+1","DevastatingThrash+1","Tailoring+1"],"picked":"SKIP","floor":38}],"player_experience":116811,"relics_obtained":[{"floor":1.0,"key":"SynthV:TestCard"},{"floor":1.0,"key":"LetterFromLob"},{"floor":1,"key":"SynthV:TestCard"},{"floor":1,"key":"LetterFromLob"},{"floor":6,"key":"PageOfSpiderBud"},{"floor":7,"key":"Molten Egg 2"},{"floor":8,"key":"Replay:Rubber Ducky"},{"floor":13,"key":"Dream Catcher"},{"floor":23,"key":"Bronze Scales"},{"floor":27,"key":"Happy Flower"},{"floor":38,"key":"MawBank"}],"event_choices":[{"damage_healed":0,"gold_gain":78,"player_choice":"Gained Gold","damage_taken":0,"max_hp_gain":0,"max_hp_loss":0,"event_name":"Golden Wing","floor":2,"gold_loss":0},{"damage_healed":0,"gold_gain":0,"player_choice":"Upgrade","damage_taken":0,"max_hp_gain":0,"max_hp_loss":0,"event_name":"Designer","floor":20,"gold_loss":40,"cards_upgraded":["DegradedShockwave"]},{"damage_healed":0,"gold_gain":0,"player_choice":"Ignored","damage_taken":0,"max_hp_gain":0,"max_hp_loss":0,"event_name":"Purifier","floor":31,"gold_loss":0}],"is_beta":false,"boss_relics":[{"not_picked":["SacredBark","Astrolabe"],"picked":"RhineCircuit"}],"items_purged_floors":[],"is_endless":false,"potions_floor_spawned":[4,6,8,11,27,29,38],"ascension_level":2}}