{"host":"9gxprskaw0c5jpbt","time":1614382116,"event":{"mods":["AchievementEnabler","BaseMod","Colored Map","Highlight Path","KOR Keyword Fix","Minty Spire (QoL Compilation)","Rare Cards Sparkle","StSLib","SuperFastMode","everything is the same but u backflip on backflip"],"gold_per_floor":[369,387,312,24,174,174,174,174],"floor_reached":7,"language":"KOR","playtime":127,"items_purged":[],"score":78,"play_id":"15b3fe0d-90d8-46b1-8393-c5a07b18d1a6","local_time":"20210227082836","is_ascension_mode":true,"campfire_choices":[{"data":"Body Slam","floor":6,"key":"SMITH"}],"circlet_count":0,"master_deck":["AscendersBane","Strike_R","Strike_R","Strike_R","Strike_R","Defend_R","Defend_R","Defend_R","Defend_R","Bash","Body Slam+1","Evolve","Battle Trance","Doubt"],"relics":["Burning Blood","Lee\u0027s Waffle"],"acts_visited":["Exordium"],"potions_floor_usage":[7],"damage_taken":[{"damage":9.0,"enemies":"2 Louse","floor":1.0,"turns":3.0},{"damage":30.0,"enemies":"Small Slimes","floor":2.0,"turns":6.0},{"damage":20,"enemies":"3 Sentries","floor":7,"turns":4}],"seed_played":"7889702282182330982","potions_obtained":[{"floor":2.0,"key":"SkillPotion"}],"is_trial":false,"path_per_floor":["M","M","?","$","?","R","E"],"character_chosen":"IRONCLAD","items_purchased":["Lee\u0027s Waffle","Evolve","Battle Trance"],"campfire_rested":0,"item_purchase_floors":[4,4,4],"current_hp_per_floor":[65,41,41,75,75,75,55,55],"gold":174,"neow_bonus":"TWO_FIFTY_GOLD","is_daily":false,"chose_seed":false,"campfire_upgraded":1,"win_rate":0.0,"timestamp":1614382116,"path_taken":["M","M","?","$","?","R","E"],"items_purchased_type":["Relic","Card","Card"],"build_version":"2020-12-22","purchased_purges":0,"victory":false,"max_hp_per_floor":[68,68,68,75,75,75,75,75],"card_choices":[{"not_picked":["Warcry","Infernal Blade"],"picked":"Body Slam","floor":1.0},{"not_picked":["Body Slam","Rampage","Dark Embrace"],"picked":"SKIP","floor":2.0}],"player_experience":997534,"relics_obtained":[],"event_choices":[{"cards_removed":["Strike_R"],"damage_healed":0.0,"max_hp_gain":0.0,"max_hp_loss":0.0,"gold_gain":0.0,"event_name":"The Cleric","player_choice":"Card Removal","floor":3.0,"gold_loss":75.0,"damage_taken":0.0},{"damage_healed":0,"gold_gain":150,"player_choice":"AGREE","damage_taken":0,"max_hp_gain":0,"max_hp_loss":0,"event_name":"Liars Game","floor":5,"gold_loss":0,"cards_obtained":["Doubt"]}],"is_beta":false,"boss_relics":[],"items_purged_floors":[],"is_endless":false,"potions_floor_spawned":[2],"killed_by":"3 Sentries","ascension_level":20}}