{"host":"dwyzfvnzfcqffr30","time":1614331476,"event":{"mods":["2.2 Compatiblity","Act Like it!","Aspiration","BaseMod","Beaked The Cultist","Better Altar","Better Match","Better Note","Better Sensory Stone","Better Skull","Better Third Choice","Clockwork Mod","Colored Map","Colored Powertips","Conspire","Downfall","Elementarium","GifTheSpireLib","Halation","Hermit","Hubris","Infinite Spire","Ironclad Rager","Jedi Mod","Menagerie","Mimic Mod","Minty Spire (QoL Compilation)","Permanent Neow","Random Character Button","Relic Filter Mod","Reliquary","Replay The Spire","Shapeshifter Mod","Spicy Shops","Spikes Relics","StSLib","Stuff the Spire","The Construct","The Disciple","The Druid","The Marked","TheFirefly","Trackpad","Wandering Minibosses"],"gold_per_floor":[124,153,153,173,142,479,524,587,610,610,683,608,608,665,665,805,805,872,18,18,18,32,32,62,77,100,100,119,157,157,9,9,113,113,133,162,185,185,60,92,92,108,134,170,170,207,266,305,305,320,320,320,22,77,188],"floor_reached":56,"language":"ENG","playtime":23792,"items_purged":["StSShapeShifter:Lynx_Form+1","StSShapeShifter:Tortoise_Form+1","StSShapeShifter:ShapeShifter_Strike+1","StSShapeShifter:ShapeShifter_Strike+1"],"score":2098,"play_id":"fda40a14-7ae8-4faa-914e-e0dd905404dc","local_time":"20210226012436","is_ascension_mode":true,"campfire_choices":[{"floor":10.0,"key":"RECALL"},{"floor":13.0,"key":"REST"},{"data":"StSShapeShifter:Spring+1","floor":15.0,"key":"SMITH"},{"data":"StSShapeShifter:BarkSkin+1","floor":23.0,"key":"SMITH"},{"data":"StSShapeShifter:BarkSkin+2","floor":27.0,"key":"SMITH"},{"floor":30.0,"key":"REST"},{"data":"StSShapeShifter:RockSlide+1","floor":32.0,"key":"SMITH"},{"data":"StSShapeShifter:Spring+2","floor":41.0,"key":"SMITH"},{"data":"StSShapeShifter:BurstingSpore+1","floor":45.0,"key":"SMITH"},{"data":"StSShapeShifter:BurstingSpore+2","floor":49.0,"key":"SMITH"},{"data":"StSShapeShifter:Spring+3","floor":52.0,"key":"SMITH"}],"circlet_count":0,"master_deck":["Clockwork:Improve+1","StSShapeShifter:ShapeShifter_Strike+1","StSShapeShifter:ShapeShifter_Strike+1","StSShapeShifter:ShapeShifter_Defend+1","StSShapeShifter:ShapeShifter_Defend+1","StSShapeShifter:ShapeShifter_Defend+1","StSShapeShifter:ShapeShifter_Defend+1","StSShapeShifter:ShapeShifter_Defend+1","StSShapeShifter:Flood+1","MasterReality+1","Apotheosis+1","StSShapeShifter:RockSlide+2","StSShapeShifter:VineHandcuffs+1","StSShapeShifter:ReplenishingNectar+1","StSShapeShifter:Spring+4","StSShapeShifter:BurstOfLifeEscapeDeath+1","StSShapeShifter:AdaptiveStrikes+1","StSShapeShifter:Summer+1","StSShapeShifter:PoisonIvy+1","StSShapeShifter:BarkSkin+3","Apotheosis+1","StSShapeShifter:FesteringBite+1","StSShapeShifter:BurstingSpore+3","StSShapeShifter:Synchronicity+1","StSShapeShifter:GoldenBerries+1","StSShapeShifter:Sap_Burst+1"],"relics":["StSShapeShifter:AnimalHeart","StSShapeShifter:TheShapeShiftersMagnolia","Bottled Tornado","hubris:TinFlute","halation:Prosthetics","infinitespire:EvilPickle","conspire:InfiniteJournal","SacredBark","Quantum Egg","Molten Egg 2","Toxic Egg 2","Frozen Egg 2","reliquary:ExpiredCoupon","betterThird:SlimedRelic","Old Coin","infinitespire:Broken Mirror","trackpad:Compendium","construct:WeddingRing","SpikesRelics:DaevaFist","hubris:MedicalManual","Prayer Wheel","reliquary:PartyBalloon","aspiration:Stabinomicon","reliquary:Knoch","jedi:crownofsimplicity","infinitespire:EvilPickle","halation:Yufonium","jedi:angrymask","StuffTheSpire:Gunfinga","halation:IllGainedPizza","reliquary:Spinner","StuffTheSpire:Experiment12","Medical Kit","StuffTheSpire:Tea"],"acts_visited":["Exordium","TheCity","TheBeyond","TheEnding"],"potions_floor_usage":[55],"damage_taken":[{"damage":2.0,"enemies":"2 Louse","floor":1.0,"turns":2.0},{"damage":0.0,"enemies":"conspire:MimicChest","floor":2.0,"turns":5.0},{"damage":0.0,"enemies":"Small Slimes","floor":4.0,"turns":1.0},{"damage":6.0,"enemies":"Lagavulin","floor":6.0,"turns":5.0},{"damage":0.0,"enemies":"Cultist","floor":7.0,"turns":3.0},{"damage":2.0,"enemies":"3 Sentries","floor":8.0,"turns":3.0},{"damage":2.0,"enemies":"Lagavulin","floor":11.0,"turns":7.0},{"damage":0.0,"enemies":"Looter","floor":14.0,"turns":2.0},{"damage":0.0,"enemies":"Fading Forest","floor":16.0,"turns":11.0},{"damage":6.0,"enemies":"Spheric Guardian","floor":18.0,"turns":7.0},{"damage":3.0,"enemies":"Chosen","floor":22.0,"turns":3.0},{"damage":0.0,"enemies":"Book of Stabbing","floor":24.0,"turns":4.0},{"damage":8.0,"enemies":"Snake Plant","floor":25.0,"turns":3.0},{"damage":13.0,"enemies":"Chosen and Byrds","floor":28.0,"turns":5.0},{"damage":15.0,"enemies":"Slavers","floor":29.0,"turns":4.0},{"damage":16.0,"enemies":"Pondfish","floor":33.0,"turns":9.0},{"damage":15.0,"enemies":"3 Darklings","floor":35.0,"turns":3.0},{"damage":11.0,"enemies":"Orb Walker","floor":36.0,"turns":4.0},{"damage":4.0,"enemies":"4 Shapes","floor":37.0,"turns":2.0},{"damage":0.0,"enemies":"Giant Head","floor":40.0,"turns":9.0},{"damage":0.0,"enemies":"Spire Growth","floor":42.0,"turns":6.0},{"damage":0.0,"enemies":"Reptomancer","floor":44.0,"turns":7.0},{"damage":53.0,"enemies":"Sphere and 2 Shapes","floor":46.0,"turns":7.0},{"damage":15.0,"enemies":"Nemesis","floor":47.0,"turns":9.0},{"damage":38.0,"enemies":"Transient","floor":48.0,"turns":5.0},{"damage":0.0,"enemies":"Time Eater","floor":50.0,"turns":11.0},{"damage":21,"enemies":"Shield and Spear","floor":54,"turns":8},{"damage":10,"enemies":"The Heart","floor":55,"turns":12}],"seed_played":"8121746455227819596","potions_obtained":[{"floor":2.0,"key":"jedi:StrikingPotion"},{"floor":6.0,"key":"PowerPotion"},{"floor":7.0,"key":"Explosive Potion"},{"floor":16.0,"key":"Reflective Coating"},{"floor":18.0,"key":"SpeedPotion"},{"floor":22.0,"key":"champ:CounterPotion"},{"floor":33.0,"key":"jedi:StrikingPotion"},{"floor":35.0,"key":"StSShapeShifter:PolyBeastPotion"},{"floor":42.0,"key":"bronze:BurnAndBuffPotion"},{"floor":47.0,"key":"Reflective Coating"},{"floor":54,"key":"Elixir"}],"is_trial":false,"path_per_floor":["M","?","?","M","?","E","M","E","T","R","E","?","R","M","R","B",null,"M","$","?","AVR","M","R","E","M","T","R","M","E","R","$","R","B",null,"M","M","M","?","$","E","R","M","T","E","R","M","E","M","R","B",null,"R","$","E","B",null],"character_chosen":"SHAPESHIFTER","items_purchased":["StSShapeShifter:BarkSkin+1","SpikesRelics:DaevaFist","hubris:MedicalManual","Prayer Wheel","PowerPotion","StuffTheSpire:Experiment12","Medical Kit"],"campfire_rested":2,"item_purchase_floors":[19,19,19,19,31,53,53],"current_hp_per_floor":[69,69,69,69,58,52,52,50,50,50,49,49,70,71,71,71,71,71,71,71,71,68,68,71,63,63,63,61,46,67,67,67,64,69,54,52,48,48,48,70,70,70,70,70,70,40,66,64,64,70,70,70,70,70,70],"gold":188,"neow_bonus":"THREE_RARE_CARDS","is_daily":false,"chose_seed":false,"campfire_upgraded":8,"win_rate":0.0,"timestamp":1614331476,"path_taken":["M","?","?","M","?","E","M","E","T","R","E","?","R","M","R","BOSS","M","$","?","AVR","M","R","E","M","T","R","?","E","R","$","R","BOSS","M","?","M","?","$","E","R","M","T","E","R","M","E","?","R","BOSS","R","$","E","BOSS"],"items_purchased_type":["Card","Relic","Relic","Relic","Potion","Relic","Relic"],"build_version":"2020-12-22","purchased_purges":4,"victory":true,"max_hp_per_floor":[71,71,71,71,71,71,71,71,71,71,71,71,71,71,71,71,71,71,71,71,71,71,71,71,71,71,71,71,71,71,71,71,71,71,71,71,70,70,70,70,70,70,70,70,70,70,70,70,70,70,70,70,70,70,70],"card_choices":[{"not_picked":["StSShapeShifter:Earthquake","StSShapeShifter:Uproot_Redwood"],"picked":"StSShapeShifter:Flood","floor":0.0},{"not_picked":["StSShapeShifter:FlowerShield+1","StSShapeShifter:FallingLeaves+1"],"picked":"StSShapeShifter:RockSlide+1","floor":1.0},{"not_picked":["StSShapeShifter:Maul+1","StSShapeShifter:SquirrelForm+1","StSShapeShifter:Wildfire2+1"],"picked":"SKIP","floor":4.0},{"not_picked":["StSShapeShifter:RockSlide+1","StSShapeShifter:FoxForm+1"],"picked":"StSShapeShifter:VineHandcuffs+1","floor":6.0},{"not_picked":["StSShapeShifter:MultiSpiritedStrike+1","StSShapeShifter:WolfsBane+1"],"picked":"StSShapeShifter:ReplenishingNectar+1","floor":7.0},{"not_picked":["StSShapeShifter:FallingLeaves+1","StSShapeShifter:ShiftingStrike+1","StSShapeShifter:Rest+1"],"picked":"SKIP","floor":8.0},{"not_picked":["StSShapeShifter:MonkeyForm+1","StSShapeShifter:VineHandcuffs+1"],"picked":"StSShapeShifter:Spring+1","floor":11.0},{"not_picked":["StSShapeShifter:Winter+1","StSShapeShifter:Uproot_Redwood+1"],"picked":"StSShapeShifter:BurstOfLifeEscapeDeath+1","floor":12.0},{"not_picked":["StSShapeShifter:ReplenishingNectar+1","StSShapeShifter:VineHandcuffs+1"],"picked":"StSShapeShifter:AdaptiveStrikes+1","floor":14.0},{"not_picked":["StSShapeShifter:DragonForm+1","StSShapeShifter:MammothForm+1"],"picked":"StSShapeShifter:Summer+1","floor":16.0},{"not_picked":["StSShapeShifter:BladeOfGrass+1","StSShapeShifter:ThornedSkin+1"],"picked":"StSShapeShifter:PoisonIvy+1","floor":18.0},{"not_picked":["StSShapeShifter:ShiftingStrike+1","StSShapeShifter:FallingLeaves+1"],"picked":"StSShapeShifter:FesteringBite+1","floor":22.0},{"not_picked":["StSShapeShifter:Ensconce+1","StSShapeShifter:Rabid+1"],"picked":"StSShapeShifter:BurstingSpore+1","floor":22.0},{"not_picked":["StSShapeShifter:MultiSpiritedStrike+1","StSShapeShifter:AdaptiveStrikes+1","StSShapeShifter:BarkSkin+1"],"picked":"SKIP","floor":24.0},{"not_picked":["StSShapeShifter:RockSlide+1","StSShapeShifter:BloomingSlash+1","StSShapeShifter:Maul+1"],"picked":"SKIP","floor":25.0},{"not_picked":["StSShapeShifter:Tornado+1","StSShapeShifter:Rest+1","StSShapeShifter:SunflowerShuriken+1"],"picked":"SKIP","floor":25.0},{"not_picked":["StSShapeShifter:FallingLeaves+1","StSShapeShifter:CursedApple+1"],"picked":"StSShapeShifter:Synchronicity+1","floor":28.0},{"not_picked":["StSShapeShifter:OakBlade+1","StSShapeShifter:RitualOfTheElders+1","StSShapeShifter:ShiftingStrike+1"],"picked":"SKIP","floor":28.0},{"not_picked":["StSShapeShifter:AdaptiveStrikes+1","StSShapeShifter:DeerForm+1","StSShapeShifter:FesteringBite+1"],"picked":"SKIP","floor":29.0},{"not_picked":["StSShapeShifter:Roar+1","StSShapeShifter:FlowerShield+1"],"picked":"StSShapeShifter:GoldenBerries+1","floor":35.0},{"not_picked":["StSShapeShifter:DeerForm+1","StSShapeShifter:BurstingSpore+1","StSShapeShifter:BarkSkin+1"],"picked":"SKIP","floor":35.0},{"not_picked":["StSShapeShifter:BloomingSlash+1","StSShapeShifter:FallingLeaves+1","StSShapeShifter:PhoenixForm+1"],"picked":"SKIP","floor":36.0},{"not_picked":["StSShapeShifter:RockSlide+1","StSShapeShifter:Guard+1","StSShapeShifter:OakBlade+1"],"picked":"SKIP","floor":36.0},{"not_picked":["StSShapeShifter:TopazSkin+1","StSShapeShifter:Roar+1","StSShapeShifter:WaspSwarmForm+1"],"picked":"SKIP","floor":37.0},{"not_picked":["StSShapeShifter:VineHandcuffs+1","StSShapeShifter:WolfForm+1","StSShapeShifter:Rest+1"],"picked":"SKIP","floor":37.0},{"not_picked":["StSShapeShifter:MultiSpiritedStrike+1","StSShapeShifter:BladeOfGrass+1","StSShapeShifter:FallingLeaves+1"],"picked":"SKIP","floor":40.0},{"not_picked":["StSShapeShifter:GoldenBerries+1","StSShapeShifter:DeerForm+1","StSShapeShifter:VineHandcuffs+1"],"picked":"SKIP","floor":42.0},{"not_picked":["StSShapeShifter:PantherForm+1","StSShapeShifter:CursedApple+1","StSShapeShifter:BurstingSpore+1"],"picked":"SKIP","floor":42.0},{"not_picked":["StSShapeShifter:VineHandcuffs+1","StSShapeShifter:SquirrelForm+1","StSShapeShifter:Roar+1"],"picked":"SKIP","floor":44.0},{"not_picked":["StSShapeShifter:DeerForm+1","StSShapeShifter:PoisonIvy+1","StSShapeShifter:Rabid+1"],"picked":"SKIP","floor":46.0},{"not_picked":["StSShapeShifter:BloomingSlash+1","StSShapeShifter:PoisonIvy+1","StSShapeShifter:Consume+1"],"picked":"SKIP","floor":46.0},{"not_picked":["StSShapeShifter:FlowerShield+1","StSShapeShifter:BladeOfGrass+1","StSShapeShifter:BurstingSpore+1"],"picked":"SKIP","floor":47.0},{"not_picked":["StSShapeShifter:FlowerShield+1","StSShapeShifter:BladeOfGrass+1","StSShapeShifter:BurstingSpore+1"],"picked":"SKIP","floor":47.0},{"not_picked":["StSShapeShifter:RaptorForm+1","StSShapeShifter:AdaptiveStrikes+1","StSShapeShifter:Evolution+1"],"picked":"SKIP","floor":48.0},{"not_picked":["StSShapeShifter:FallingLeaves+1","StSShapeShifter:WaspSwarmForm+1","StSShapeShifter:VineHandcuffs+1"],"picked":"SKIP","floor":48.0},{"not_picked":["StSShapeShifter:VineHandcuffs+1","StSShapeShifter:PoisonIvy+1"],"picked":"StSShapeShifter:Sap_Burst+1","floor":54}],"player_experience":3666426,"relics_obtained":[{"floor":2.0,"key":"reliquary:ExpiredCoupon"},{"floor":6.0,"key":"Old Coin"},{"floor":8.0,"key":"infinitespire:Broken Mirror"},{"floor":11.0,"key":"trackpad:Compendium"},{"floor":24.0,"key":"aspiration:Stabinomicon"},{"floor":26.0,"key":"reliquary:Knoch"},{"floor":29.0,"key":"jedi:crownofsimplicity"},{"floor":40.0,"key":"jedi:angrymask"},{"floor":43.0,"key":"StuffTheSpire:Gunfinga"},{"floor":44.0,"key":"halation:IllGainedPizza"},{"floor":47.0,"key":"reliquary:Spinner"},{"floor":54,"key":"StuffTheSpire:Tea"}],"event_choices":[{"damage_healed":0.0,"max_hp_gain":0.0,"max_hp_loss":10.0,"gold_gain":0.0,"event_name":"betterThird:BetterWriting","player_choice":"Simplicity","floor":0.0,"gold_loss":0.0,"damage_taken":0.0},{"damage_healed":0.0,"max_hp_gain":0.0,"max_hp_loss":0.0,"gold_gain":0.0,"event_name":"betterThird:BetterSerpent","player_choice":"Ignored","floor":3.0,"gold_loss":0.0,"damage_taken":153.0},{"damage_healed":0.0,"max_hp_gain":0.0,"max_hp_loss":0.0,"gold_gain":0.0,"event_name":"betterThird:BetterGoop","player_choice":"Slimed","floor":5.0,"gold_loss":31.0,"damage_taken":11.0},{"damage_healed":0.0,"max_hp_gain":0.0,"max_hp_loss":0.0,"gold_gain":0.0,"event_name":"betterMatch:BetterMatch","player_choice":"2","floor":12.0,"gold_loss":0.0,"damage_taken":0.0,"cards_obtained":["betterMatch:RareCard"]},{"damage_healed":0.0,"max_hp_gain":0.0,"max_hp_loss":0.0,"gold_gain":0.0,"event_name":"Duplicator","player_choice":"Copied","floor":20.0,"gold_loss":0.0,"damage_taken":0.0,"cards_obtained":["Apotheosis"]},{"cards_removed":["StSShapeShifter:ShapeShifter_Strike"],"damage_healed":0.0,"max_hp_gain":0.0,"max_hp_loss":0.0,"gold_gain":0.0,"event_name":"Bonfire Elementals","player_choice":"Offered Basic","floor":38.0,"gold_loss":0.0,"damage_taken":0.0}],"is_beta":false,"boss_relics":[{"not_picked":["conspire:SlowCooker","halation:Prosthetics"],"picked":"construct:WeddingRing"},{"not_picked":["hubris:RunicObelisk","Astrolabe"],"picked":"halation:Yufonium"}],"items_purged_floors":[19,21,31,39],"is_endless":false,"potions_floor_spawned":[2,6,7,16,18,22,33,35,42,47,54],"ascension_level":5}}