{"host":"yx5rao87132cy5xq","time":1614341366,"event":{"mods":["2.2 Compatiblity","AchievementEnabler","BaseMod","Bestiary","Colored Map","Colored Powertips","Highlight Path","Minty Spire (QoL Compilation)","Quick Restart","Relic Stats","Slay-I","SuperFastMode"],"gold_per_floor":[115,135,135,153,153,186,186,221,300,35,55,55,55,89,89,191,191,207,220,420,41,41,70,83,109,109,109,109,109,139,139,139,239,239,255,255,273,287,287,287,314,314,368,368,378,419,438,0,0,0],"floor_reached":51,"language":"ENG","playtime":3138,"items_purged":["Strike_G","Strike_G","Strike_G"],"score":971,"play_id":"3133e7ba-301d-4e81-b570-9aa2ab462af7","local_time":"20210226130926","is_ascension_mode":true,"campfire_choices":[{"data":"Venomology","floor":7.0,"key":"SMITH"},{"data":"Blade Dance","floor":13.0,"key":"SMITH"},{"data":"Deflect","floor":15.0,"key":"SMITH"},{"data":"Malaise","floor":28,"key":"SMITH"},{"data":"Terror","floor":32,"key":"SMITH"},{"data":"Adrenaline","floor":40,"key":"SMITH"},{"data":"Accuracy","floor":42,"key":"SMITH"},{"data":"Survivor","floor":44,"key":"SMITH"},{"floor":49,"key":"REST"}],"circlet_count":0,"master_deck":["Strike_G","Strike_G","Defend_G","Defend_G","Defend_G","Survivor+1","Neutralize+1","Terror+1","Cloak And Dagger","Slice","Underhanded Strike+1","Venomology+1","Well Laid Plans","Blade Dance+1","Accuracy+1","PiercingWail","Deflect+1","Malaise+1","PiercingWail+1","Adrenaline+1","Dodge and Roll","Quick Slash","Slice","J.A.X.","All Out Attack","Die Die Die","Calculated Gamble+1","Footwork"],"relics":["Ring of the Snake","Tingsha","Whetstone","Mercury Hourglass","Membership Card","Odd Mushroom","Centennial Puzzle","Busted Crown","ClockworkSouvenir","Omamori","Bottled Tornado","Eternal Feather","Juzu Bracelet","Blue Candle","Shuriken","The Courier","Calling Bell","CeramicFish","Matryoshka","StoneCalendar","Kunai","Strawberry","Potion Belt","Paper Crane","Ornamental Fan","Vajra","Toy Ornithopter","Bottled Flame"],"acts_visited":["Exordium","TheCity","TheBeyond"],"potions_floor_usage":[18,18,19,22,23,23,23,24,25,25,30,30,33,41,41,45,46,46,50,50,50,50,50],"damage_taken":[{"damage":1.0,"enemies":"2 Louse","floor":1.0,"turns":3.0},{"damage":0.0,"enemies":"Jaw Worm","floor":2.0,"turns":3.0},{"damage":0.0,"enemies":"Small Slimes","floor":4.0,"turns":3.0},{"damage":31.0,"enemies":"Lagavulin","floor":6.0,"turns":8.0},{"damage":3.0,"enemies":"Gremlin Nob","floor":8.0,"turns":3.0},{"damage":8.0,"enemies":"The Mushroom Lair","floor":11.0,"turns":4.0},{"damage":0.0,"enemies":"3 Sentries","floor":14.0,"turns":4.0},{"damage":12.0,"enemies":"Hexaghost","floor":16.0,"turns":5.0},{"damage":0,"enemies":"Spheric Guardian","floor":18,"turns":3},{"damage":0,"enemies":"Chosen","floor":19,"turns":4},{"damage":0,"enemies":"3 Cultists","floor":22,"turns":1},{"damage":7,"enemies":"Slavers","floor":23,"turns":4},{"damage":3,"enemies":"Snake Plant","floor":24,"turns":4},{"damage":5,"enemies":"Book of Stabbing","floor":25,"turns":4},{"damage":3,"enemies":"Slavers","floor":30,"turns":4},{"damage":33,"enemies":"Champ","floor":33,"turns":10},{"damage":3,"enemies":"Orb Walker","floor":35,"turns":3},{"damage":10,"enemies":"3 Darklings","floor":37,"turns":2},{"damage":15,"enemies":"Sphere and 2 Shapes","floor":38,"turns":5},{"damage":14,"enemies":"Giant Head","floor":41,"turns":6},{"damage":9,"enemies":"Writhing Mass","floor":45,"turns":6},{"damage":16,"enemies":"Nemesis","floor":46,"turns":7},{"damage":5,"enemies":"Spire Growth","floor":47,"turns":4},{"damage":51,"enemies":"Time Eater","floor":50,"turns":12}],"seed_played":"2151090603638949344","potions_obtained":[{"floor":6.0,"key":"DistilledChaos"},{"floor":11.0,"key":"LiquidBronze"},{"floor":14.0,"key":"ColorlessPotion"},{"floor":16.0,"key":"SpeedPotion"},{"floor":18,"key":"ColorlessPotion"},{"floor":23,"key":"SpeedPotion"},{"floor":37,"key":"Weak Potion"},{"floor":45,"key":"DistilledChaos"},{"floor":47,"key":"AttackPotion"}],"is_trial":false,"path_per_floor":["M","M","?","M","?","E","R","E","T","$","?","?","R","E","R","B",null,"M","M","?","$","M","E","M","E","T","?","R","T","E","T","R","B",null,"M","?","M","M","?","R","E","R","T","R","M","E","M","$","R","B",null],"character_chosen":"THE_SILENT","items_purchased":["Membership Card","Blade Dance","Accuracy","BlessingOfTheForge","ClockworkSouvenir","Omamori","Adrenaline","Dodge and Roll","Quick Slash","SmokeBomb","Ornamental Fan","Vajra","Footwork","FairyPotion","Toy Ornithopter","Bottled Flame"],"campfire_rested":1,"item_purchase_floors":[10,10,10,10,21,21,21,21,21,21,48,48,48,48,48,48],"current_hp_per_floor":[69,69,74,74,74,43,43,40,40,40,32,25,25,25,25,13,75,75,75,75,75,75,68,65,60,60,60,75,75,72,72,75,42,75,72,75,65,50,50,65,64,75,82,82,73,57,52,52,82,36],"gold":0,"neow_bonus":"TRANSFORM_CARD","is_daily":false,"chose_seed":false,"campfire_upgraded":8,"win_rate":0.0,"timestamp":1614341366,"path_taken":["M","M","?","M","?","E","R","E","T","?","?","?","R","E","R","BOSS","M","M","?","$","M","E","?","E","T","?","R","?","E","?","R","BOSS","M","?","M","M","?","R","E","R","T","R","M","E","M","$","R","BOSS"],"items_purchased_type":["Relic","Card","Card","Potion","Relic","Relic","Card","Card","Card","Potion","Relic","Relic","Card","Potion","Relic","Relic"],"build_version":"2020-12-22","purchased_purges":3,"victory":true,"max_hp_per_floor":[70,70,75,75,75,75,75,75,75,75,75,75,75,75,75,75,75,75,75,75,75,75,75,75,75,75,75,75,75,75,75,75,75,75,75,75,75,75,75,75,75,75,82,82,82,82,82,82,82,82],"relic_stats":{"counters":[24,110],"Blue Candle":[0],"CeramicFish":18,"Tingsha":[99],"Eternal Feather":59,"StoneCalendar":[52],"Juzu Bracelet":0,"Whetstone":["Neutralize","Underhanded Strike"],"Mercury Hourglass":[327],"Centennial Puzzle":[42],"Busted Crown":30,"Shuriken":[37],"Ornamental Fan":[20],"Kunai":[15],"obtain_stats":[{"CeramicFish":34,"Vajra":48,"StoneCalendar":34,"Juzu Bracelet":26,"Whetstone":8,"Bottled Tornado":23,"ClockworkSouvenir":21,"Centennial Puzzle":14,"Matryoshka":34,"Strawberry":43,"Kunai":41,"Ring of the Snake":0,"Potion Belt":43,"Blue Candle":29,"Tingsha":6,"Eternal Feather":25,"The Courier":31,"Omamori":21,"Odd Mushroom":11,"Paper Crane":46,"Mercury Hourglass":9,"Calling Bell":34,"Bottled Flame":48,"Busted Crown":17,"Shuriken":30,"Ornamental Fan":48,"Membership Card":10,"Toy Ornithopter":48},{"CeramicFish":16,"Vajra":23,"StoneCalendar":16,"Juzu Bracelet":14,"Whetstone":5,"Bottled Tornado":12,"ClockworkSouvenir":10,"Centennial Puzzle":7,"Matryoshka":16,"Strawberry":20,"Kunai":20,"Ring of the Snake":0,"Potion Belt":20,"Blue Candle":14,"Tingsha":4,"Eternal Feather":14,"The Courier":15,"Omamori":10,"Odd Mushroom":6,"Paper Crane":22,"Mercury Hourglass":5,"Calling Bell":16,"Bottled Flame":23,"Busted Crown":8,"Shuriken":15,"Ornamental Fan":23,"Membership Card":5,"Toy Ornithopter":23},{"CeramicFish":66,"Vajra":98,"StoneCalendar":66,"Juzu Bracelet":52,"Whetstone":20,"Bottled Tornado":44,"ClockworkSouvenir":39,"Centennial Puzzle":28,"Matryoshka":66,"Strawberry":81,"Kunai":81,"Ring of the Snake":0,"Potion Belt":81,"Blue Candle":52,"Tingsha":17,"Eternal Feather":52,"The Courier":56,"Omamori":39,"Odd Mushroom":24,"Paper Crane":94,"Mercury Hourglass":20,"Calling Bell":66,"Bottled Flame":98,"Busted Crown":33,"Shuriken":56,"Ornamental Fan":98,"Membership Card":20,"Toy Ornithopter":98}],"Toy Ornithopter":5,"Ring of the Snake":[48]},"card_choices":[{"not_picked":["Sucker Punch","Poisoned Stab"],"picked":"Cloak And Dagger","floor":1.0},{"not_picked":["Poisoned Stab","Tactician"],"picked":"Slice","floor":2.0},{"not_picked":["Acrobatics","Outmaneuver"],"picked":"Underhanded Strike","floor":4.0},{"not_picked":["Cloak And Dagger","Acrobatics"],"picked":"Venomology","floor":6.0},{"not_picked":["Prepared","Sucker Punch"],"picked":"Well Laid Plans","floor":8.0},{"not_picked":["Acrobatics","Sucker Punch"],"picked":"PiercingWail","floor":11.0},{"not_picked":["Slice","Storm of Steel"],"picked":"Deflect","floor":14.0},{"not_picked":["Die Die Die","Storm of Steel"],"picked":"Malaise","floor":16.0},{"not_picked":[],"picked":"PiercingWail+1","floor":18},{"not_picked":["Masterful Stab+1"],"picked":"SKIP","floor":19},{"not_picked":["Sucker Punch+1"],"picked":"SKIP","floor":23},{"not_picked":[],"picked":"Slice","floor":24},{"not_picked":["Underhanded Strike"],"picked":"SKIP","floor":25},{"not_picked":[],"picked":"All Out Attack","floor":30},{"not_picked":[],"picked":"Die Die Die","floor":33},{"not_picked":["PiercingWail"],"picked":"SKIP","floor":35},{"not_picked":["Dagger Throw"],"picked":"SKIP","floor":37},{"not_picked":["Calculated Gamble"],"picked":"SKIP","floor":38},{"not_picked":["Dagger Throw+1"],"picked":"SKIP","floor":41},{"not_picked":["Sucker Punch"],"picked":"SKIP","floor":45},{"not_picked":[],"picked":"Calculated Gamble+1","floor":46},{"not_picked":["Concentrate"],"picked":"SKIP","floor":47}],"player_experience":1205071,"relics_obtained":[{"floor":6.0,"key":"Tingsha"},{"floor":8.0,"key":"Whetstone"},{"floor":9.0,"key":"Mercury Hourglass"},{"floor":11.0,"key":"Odd Mushroom"},{"floor":14.0,"key":"Centennial Puzzle"},{"floor":23,"key":"Bottled Tornado"},{"floor":25,"key":"Eternal Feather"},{"floor":26,"key":"Juzu Bracelet"},{"floor":29,"key":"Blue Candle"},{"floor":30,"key":"Shuriken"},{"floor":31,"key":"The Courier"},{"floor":34,"key":"CeramicFish"},{"floor":34,"key":"Matryoshka"},{"floor":34,"key":"StoneCalendar"},{"floor":41,"key":"Kunai"},{"floor":43,"key":"Strawberry"},{"floor":43,"key":"Potion Belt"},{"floor":46,"key":"Paper Crane"}],"event_choices":[{"damage_healed":0.0,"max_hp_gain":5.0,"max_hp_loss":0.0,"gold_gain":0.0,"event_name":"Big Fish","player_choice":"Donut","floor":3.0,"gold_loss":0.0,"damage_taken":0.0},{"damage_healed":0.0,"max_hp_gain":0.0,"max_hp_loss":0.0,"gold_gain":0.0,"event_name":"Liars Game","player_choice":"Ignored","floor":5.0,"gold_loss":0.0,"damage_taken":0.0},{"damage_healed":0.0,"max_hp_gain":0.0,"max_hp_loss":0.0,"gold_gain":0.0,"event_name":"Mushrooms","player_choice":"Fought Mushrooms","floor":11.0,"gold_loss":0.0,"damage_taken":0.0},{"cards_removed":["Defend_G"],"damage_healed":0.0,"max_hp_gain":0.0,"max_hp_loss":0.0,"gold_gain":0.0,"event_name":"Golden Wing","player_choice":"Card Removal","floor":12.0,"gold_loss":0.0,"damage_taken":7.0},{"damage_healed":0,"gold_gain":200,"player_choice":"Gold","damage_taken":0,"max_hp_gain":0,"max_hp_loss":0,"event_name":"Wheel of Change","floor":20,"gold_loss":0},{"damage_healed":0,"gold_gain":0,"player_choice":"Obtain J.A.X.","damage_taken":0,"max_hp_gain":0,"max_hp_loss":0,"event_name":"Drug Dealer","floor":27,"gold_loss":0,"cards_obtained":["J.A.X."]},{"damage_healed":19,"gold_gain":0,"player_choice":"Writhe","damage_taken":0,"max_hp_gain":0,"max_hp_loss":0,"event_name":"Winding Halls","floor":36,"gold_loss":0,"cards_obtained":["Writhe"]},{"damage_healed":0,"gold_gain":0,"player_choice":"Ignored","damage_taken":0,"max_hp_gain":0,"max_hp_loss":0,"event_name":"Tomb of Lord Red Mask","floor":39,"gold_loss":0}],"is_beta":false,"boss_relics":[{"not_picked":["Tiny House","Philosopher\u0027s Stone"],"picked":"Busted Crown"},{"not_picked":["Runic Pyramid","Empty Cage"],"picked":"Calling Bell"}],"items_purged_floors":[10,21,48],"is_endless":false,"potions_floor_spawned":[6,11,14,16,18,22,23,37,45,47],"ascension_level":3}}