{"host":"5qewjvycy34u7aeo","time":1614303393,"event":{"mods":["BaseMod","Curses Come First","Downfall","GifTheSpireLib","Infinite Spire","Minty Spire (QoL Compilation)","Permanent Neow","Replay The Spire","StSLib"],"gold_per_floor":[114,114,128,144,144,144,172,172,172,205,53,53,63,82,82,82,82],"floor_reached":16,"language":"ENG","playtime":943,"items_purged":["Strike_P"],"score":149,"play_id":"7ffd9fed-d564-400c-98f7-d0a52bbab296","local_time":"20210225193633","is_ascension_mode":true,"campfire_choices":[{"data":"Perseverance","floor":6,"key":"SMITH"},{"data":"Eruption","floor":8,"key":"SMITH"},{"data":"ClearTheMind","floor":12,"key":"SMITH"},{"data":"Evaluate","floor":15,"key":"SMITH"}],"circlet_count":0,"master_deck":["Strike_P","Strike_P","Strike_P","Defend_P","Defend_P","Defend_P","Defend_P","Eruption+1","Perseverance+1","Evaluate+1","Evaluate","Bash","ThirdEye","ClearTheMind+1","MentalFortress+1"],"relics":["Strawberry","Replay:M_SmolderingBlood","Divine Protection","Golden Egg","Gremlin Food"],"acts_visited":["Exordium"],"potions_floor_usage":[7,10,16],"damage_taken":[{"damage":1,"enemies":"Small Slimes","floor":1,"turns":6},{"damage":0,"enemies":"Cultist","floor":3,"turns":2},{"damage":0,"enemies":"2 Louse","floor":4,"turns":2},{"damage":0,"enemies":"Lagavulin","floor":7,"turns":5},{"damage":12,"enemies":"3 Sentries","floor":10,"turns":9},{"damage":0,"enemies":"Exordium Wildlife","floor":13,"turns":7},{"damage":0,"enemies":"Large Slime","floor":14,"turns":4},{"damage":71,"enemies":"Slime Boss","floor":16,"turns":20}],"seed_played":"4783660773789186924","potions_obtained":[{"floor":3,"key":"PowerPotion"},{"floor":7,"key":"Strength Potion"},{"floor":14,"key":"Elixir"}],"is_trial":false,"path_per_floor":["M","?","M","M","?","R","E","R","T","E","$","R","M","M","R","B"],"character_chosen":"WATCHER","items_purchased":["MentalFortress"],"campfire_rested":0,"item_purchase_floors":[11],"current_hp_per_floor":[78,78,78,78,78,78,78,78,78,66,66,66,66,66,66,0,0],"gold":82,"neow_bonus":"RANDOM_COMMON_RELIC","is_daily":false,"chose_seed":false,"campfire_upgraded":4,"win_rate":0.0,"timestamp":1614303393,"path_taken":["M","?","?","M","?","R","E","R","T","E","?","R","M","M","R","BOSS"],"items_purchased_type":["Card"],"build_version":"2020-12-22","purchased_purges":1,"victory":false,"max_hp_per_floor":[79,79,79,79,79,79,79,79,79,79,79,79,79,79,79,79,79],"card_choices":[{"not_picked":["Worship","Halt"],"picked":"Perseverance","floor":1},{"not_picked":["WheelKick","Protect"],"picked":"Evaluate","floor":3},{"not_picked":["ReachHeaven","Prostrate"],"picked":"Evaluate","floor":4},{"not_picked":["Scrawl","Carnage"],"picked":"ThirdEye","floor":7},{"not_picked":["Indignation","Prostrate"],"picked":"ClearTheMind","floor":10},{"not_picked":["SandsOfTime","Study","Evaluate"],"picked":"SKIP","floor":13},{"not_picked":["JustLucky","Adaptation","Conclude"],"picked":"SKIP","floor":14}],"player_experience":533799,"relics_obtained":[{"floor":7,"key":"Divine Protection"},{"floor":9,"key":"Golden Egg"},{"floor":10,"key":"Gremlin Food"}],"event_choices":[{"damage_healed":0,"gold_gain":0,"player_choice":"0 cards matched","damage_taken":0,"max_hp_gain":0,"max_hp_loss":0,"event_name":"Match and Keep!","floor":2,"gold_loss":0,"cards_obtained":[]}],"is_beta":false,"boss_relics":[],"items_purged_floors":[11],"is_endless":false,"potions_floor_spawned":[3,7,14],"killed_by":"Slime Boss","ascension_level":2}}