{"host":"zp8jvycvinn13jdb","time":1614298184,"event":{"mods":["BaseMod","Better Match","Colored Powertips","Downfall","Googly Eyes","Hermit","Minty Spire (QoL Compilation)","Rare Cards Sparkle","Relic Stats","StSLib","SuperFastMode","Synergy Search","The Bug Knight","The Cursed"],"gold_per_floor":[109,84,84,97,97,61,61,71,125,75,85,114,124,143,143,143,143],"floor_reached":16,"language":"ENG","playtime":501,"items_purged":[],"score":92,"play_id":"04b8f4ed-3352-464a-b0df-3b76d1dab5a5","local_time":"20210225190944","is_ascension_mode":false,"campfire_choices":[{"floor":15,"key":"REST"}],"circlet_count":0,"master_deck":["Strike_G","Strike_G","Strike_G","Defend_G","Defend_G","Defend_G","Defend_G","Defend_G","Survivor","Neutralize","Slice","Flying Knee+1","Infinite Blades","Venomology","Dodge and Roll","Slice","Quick Slash","Blade Dance"],"relics":["Ring of the Snake","NeowsBlessing","Paper Crane","Boot","Odd Mushroom"],"acts_visited":["Exordium"],"potions_floor_usage":[],"damage_taken":[{"damage":0,"enemies":"Small Slimes","floor":1,"turns":1},{"damage":0,"enemies":"2 Louse","floor":4,"turns":1},{"damage":0,"enemies":"Jaw Worm","floor":8,"turns":1},{"damage":19,"enemies":"Lots of Slimes","floor":11,"turns":5},{"damage":9,"enemies":"The Mushroom Lair","floor":12,"turns":5},{"damage":12,"enemies":"Exordium Wildlife","floor":13,"turns":3},{"damage":10,"enemies":"2 Fungi Beasts","floor":14,"turns":3},{"damage":38,"enemies":"The Guardian","floor":16,"turns":9}],"seed_played":"-7471312455780144187","potions_obtained":[{"floor":1,"key":"SmokeBomb"},{"floor":11,"key":"SpeedPotion"}],"is_trial":false,"path_per_floor":["M","$","?","M","?","$","?","M","T","?","M","?","M","M","R","B"],"character_chosen":"THE_SILENT","items_purchased":["Slice","Infinite Blades"],"campfire_rested":1,"item_purchase_floors":[2,6],"current_hp_per_floor":[70,70,67,67,67,67,67,67,67,67,48,39,27,17,38,0,0],"gold":143,"neow_bonus":"THREE_ENEMY_KILL","is_daily":false,"chose_seed":false,"campfire_upgraded":0,"win_rate":0.0,"timestamp":1614298184,"path_taken":["M","$","?","M","?","$","?","?","T","?","M","?","M","M","R","BOSS"],"items_purchased_type":["Card","Card"],"build_version":"2020-12-22","purchased_purges":0,"victory":false,"max_hp_per_floor":[70,70,70,70,70,70,70,70,70,70,70,70,70,70,70,70,70],"relic_stats":{"counters":[8,28],"Boot":[34],"obtain_stats":[{"NeowsBlessing":0,"Paper Crane":3,"Odd Mushroom":12,"Boot":9,"Ring of the Snake":0},{"NeowsBlessing":0,"Paper Crane":1,"Odd Mushroom":5,"Boot":3,"Ring of the Snake":0},{"NeowsBlessing":0,"Paper Crane":1,"Odd Mushroom":13,"Boot":3,"Ring of the Snake":0}],"Ring of the Snake":[16]},"card_choices":[{"not_picked":["Choke","Underhanded Strike","Accuracy"],"picked":"SKIP","floor":1},{"not_picked":["Eviscerate","Backflip"],"picked":"Flying Knee","floor":4},{"not_picked":["Outmaneuver","Dagger Spray"],"picked":"Dodge and Roll","floor":8},{"not_picked":["Leg Sweep","Choke"],"picked":"Slice","floor":11},{"not_picked":["Riddle With Holes","Escape Plan"],"picked":"Quick Slash","floor":12},{"not_picked":["Heel Hook","Leg Sweep","Tactician"],"picked":"SKIP","floor":13},{"not_picked":["Acrobatics","A Thousand Cuts"],"picked":"Blade Dance","floor":14}],"player_experience":201357,"relics_obtained":[{"floor":9,"key":"Boot"},{"floor":12,"key":"Odd Mushroom"}],"event_choices":[{"damage_healed":0,"gold_gain":0,"player_choice":"Success","damage_taken":3,"relics_obtained":["Paper Crane"],"max_hp_gain":0,"max_hp_loss":0,"event_name":"Scrap Ooze","floor":3,"gold_loss":0},{"damage_healed":0,"gold_gain":0,"player_choice":"Grow","damage_taken":0,"max_hp_gain":0,"max_hp_loss":0,"event_name":"Living Wall","floor":5,"gold_loss":0,"cards_upgraded":["Flying Knee"]},{"damage_healed":0,"gold_gain":0,"cards_transformed":["Strike_G"],"player_choice":"Transformed","damage_taken":0,"max_hp_gain":0,"max_hp_loss":0,"event_name":"Transmorgrifier","floor":7,"gold_loss":0,"cards_obtained":["Venomology"]},{"cards_removed":["Strike_G"],"damage_healed":0,"gold_gain":0,"player_choice":"Card Removal","damage_taken":0,"max_hp_gain":0,"max_hp_loss":0,"event_name":"The Cleric","floor":10,"gold_loss":50},{"damage_healed":0,"gold_gain":0,"player_choice":"Fought Mushrooms","damage_taken":0,"max_hp_gain":0,"max_hp_loss":0,"event_name":"Mushrooms","floor":12,"gold_loss":0}],"is_beta":false,"boss_relics":[],"items_purged_floors":[],"is_endless":false,"potions_floor_spawned":[1,11,13,14],"killed_by":"The Guardian","ascension_level":0}}