{"host":"or8fr2mp0k3eluj8","time":1614342653,"event":{"mods":["AchievementEnabler","BaseMod","Colored Map","DeckTracker","Keyboard Shortcuts","Minty Spire (QoL Compilation)","StSLib","SuperFastMode","everything is the same but u backflip on backflip"],"gold_per_floor":[111,121,46,46,60,70,82,117,117,131,131,141,176,76,76,173,173,189,64,78,78,78,107,107,140,164,164,164,164,177,191,191,191,191],"floor_reached":33,"language":"KOR","playtime":1560,"items_purged":["Defend_P","Strike_P","Defend_P"],"score":416,"play_id":"57910b76-7294-429e-8a76-b2bb30f61643","local_time":"20210226213053","is_ascension_mode":true,"campfire_choices":[{"floor":11,"key":"REST"},{"data":"WheelKick","floor":15,"key":"SMITH"},{"data":"InnerPeace","floor":28,"key":"SMITH"},{"floor":32,"key":"REST"}],"circlet_count":0,"master_deck":["Strike_P","Strike_P","Defend_P","Defend_P","Eruption+1","Vigilance","Meditate","WheelKick+1","InnerPeace+1","Tantrum+1"],"relics":["PureWater","NeowsBlessing","White Beast Statue","Yang","Pear","Sozu","Sundial","Juzu Bracelet","MealTicket"],"acts_visited":["Exordium","TheCity"],"potions_floor_usage":[7],"damage_taken":[{"damage":0,"enemies":"Jaw Worm","floor":1,"turns":1},{"damage":0,"enemies":"Cultist","floor":2,"turns":1},{"damage":0,"enemies":"Small Slimes","floor":5,"turns":1},{"damage":0,"enemies":"Blue Slaver","floor":6,"turns":3},{"damage":13,"enemies":"Exordium Thugs","floor":7,"turns":3},{"damage":18,"enemies":"Lagavulin","floor":8,"turns":5},{"damage":14,"enemies":"Exordium Wildlife","floor":10,"turns":5},{"damage":0,"enemies":"Blue Slaver","floor":12,"turns":3},{"damage":12,"enemies":"Gremlin Nob","floor":13,"turns":4},{"damage":0,"enemies":"Slime Boss","floor":16,"turns":5},{"damage":22,"enemies":"3 Byrds","floor":18,"turns":4},{"damage":0,"enemies":"Chosen","floor":20,"turns":3},{"damage":0,"enemies":"Gremlin Leader","floor":23,"turns":6},{"damage":22,"enemies":"Book of Stabbing","floor":25,"turns":3},{"damage":14,"enemies":"Snake Plant","floor":30,"turns":2},{"damage":0,"enemies":"Snecko","floor":31,"turns":2},{"damage":66,"enemies":"Champ","floor":33,"turns":5}],"seed_played":"-5634242215346071134","potions_obtained":[{"floor":2,"key":"BottledMiracle"},{"floor":6,"key":"SneckoOil"},{"floor":7,"key":"Fruit Juice"},{"floor":8,"key":"Regen Potion"},{"floor":10,"key":"Swift Potion"},{"floor":13,"key":"StancePotion"},{"floor":16,"key":"EntropicBrew"}],"is_trial":false,"path_per_floor":["M","M","$","?","M","M","M","E","T","M","R","M","E","$","R","B",null,"M","$","M","$","?","E","$","E","T","?","R","?","M","M","R","B"],"character_chosen":"WATCHER","items_purchased":[],"campfire_rested":2,"item_purchase_floors":[],"current_hp_per_floor":[72,72,72,72,72,72,64,46,46,32,55,55,53,53,53,53,87,65,65,65,65,65,65,65,43,43,43,43,43,29,29,55,0,0],"gold":191,"neow_bonus":"THREE_ENEMY_KILL","is_daily":false,"chose_seed":false,"campfire_upgraded":2,"win_rate":0.0,"timestamp":1614342653,"path_taken":["M","M","$","?","M","M","M","E","T","?","R","M","E","$","R","BOSS","M","$","M","?","?","E","$","E","T","?","R","?","M","M","R","BOSS"],"items_purchased_type":[],"build_version":"2020-12-22","purchased_purges":3,"victory":false,"max_hp_per_floor":[72,72,72,72,72,72,77,77,77,77,77,77,87,87,87,87,87,87,87,87,87,87,87,87,87,87,87,87,87,87,87,87,87,87],"card_choices":[{"not_picked":["Protect","FlyingSleeves","Evaluate"],"picked":"SKIP","floor":1},{"not_picked":["FlurryOfBlows","LikeWater","FlyingSleeves"],"picked":"SKIP","floor":2},{"not_picked":["WreathOfFlame","SashWhip","Prostrate"],"picked":"SKIP","floor":5},{"not_picked":["CutThroughFate","FollowUp"],"picked":"Meditate","floor":6},{"not_picked":["CutThroughFate","Wallop","Prostrate"],"picked":"SKIP","floor":7},{"not_picked":["SashWhip","Evaluate","Wireheading"],"picked":"SKIP","floor":8},{"not_picked":["Nirvana","ClearTheMind","PathToVictory"],"picked":"SKIP","floor":10},{"not_picked":["EmptyBody","LikeWater","Nirvana"],"picked":"SKIP","floor":12},{"not_picked":["Indignation","Wish"],"picked":"WheelKick","floor":13},{"not_picked":["FearNoEvil+1","EmptyBody"],"picked":"InnerPeace","floor":18},{"not_picked":["FlyingSleeves","Halt","Weave"],"picked":"SKIP","floor":20},{"not_picked":["Wish","Devotion"],"picked":"Tantrum","floor":23},{"not_picked":["Judgement","Ragnarok","CutThroughFate"],"picked":"SKIP","floor":25},{"not_picked":["Consecrate","WheelKick","Sanctity"],"picked":"SKIP","floor":30},{"not_picked":["Study","Halt","EmptyBody"],"picked":"SKIP","floor":31}],"player_experience":470582,"relics_obtained":[{"floor":8,"key":"White Beast Statue"},{"floor":9,"key":"Yang"},{"floor":13,"key":"Pear"},{"floor":23,"key":"Sundial"},{"floor":25,"key":"Juzu Bracelet"},{"floor":26,"key":"MealTicket"}],"event_choices":[{"damage_healed":0,"gold_gain":0,"player_choice":"Upgraded","damage_taken":0,"max_hp_gain":0,"max_hp_loss":0,"event_name":"Upgrade Shrine","floor":4,"gold_loss":0,"cards_upgraded":["Eruption"]},{"cards_removed":["Strike_P"],"damage_healed":0,"gold_gain":0,"player_choice":"Elegance","damage_taken":0,"max_hp_gain":0,"max_hp_loss":0,"event_name":"Back to Basics","floor":22,"gold_loss":0},{"damage_healed":0,"gold_gain":0,"player_choice":"Forge","damage_taken":0,"max_hp_gain":0,"max_hp_loss":0,"event_name":"Accursed Blacksmith","floor":27,"gold_loss":0,"cards_upgraded":["Tantrum"]},{"damage_healed":0,"gold_gain":0,"player_choice":"Ignored","damage_taken":0,"max_hp_gain":0,"max_hp_loss":0,"event_name":"The Mausoleum","floor":29,"gold_loss":0}],"is_beta":false,"boss_relics":[{"not_picked":["SacredBark","Calling Bell"],"picked":"Sozu"}],"items_purged_floors":[3,14,19],"is_endless":false,"potions_floor_spawned":[2,6,7,8,10,12,13,16,18,20,23,25,30,31],"killed_by":"Champ","ascension_level":1}}