{"host":"5ffrjkuvgrxgllwx","time":1614318323,"event":{"mods":["AchievementEnabler","BaseMod","Colored Map","Colored Powertips","Minty Spire (QoL Compilation)","Quick Restart","Rare Cards Sparkle","StSLib","everything is the same but u backflip on backflip"],"gold_per_floor":[109,109,109,11,28,53,53,87,139,154,170,180,180,195,195,195,195],"floor_reached":16,"language":"ENG","playtime":579,"items_purged":[],"score":207,"play_id":"68336733-bcd4-4844-9354-d252fcbf5831","local_time":"20210226004523","is_ascension_mode":true,"campfire_choices":[{"floor":7,"key":"REST"},{"floor":15,"key":"REST"}],"circlet_count":0,"master_deck":["AscendersBane","Strike_P+1","Strike_P","Strike_P","Strike_P","Defend_P","Defend_P","Defend_P","Defend_P","Eruption","Vigilance","Halt","Protect+1","Tantrum","FlurryOfBlows","Swivel","Judgement+1","Wireheading","Perseverance","Wish","Consecrate","Halt"],"relics":["PureWater","Boot","Anchor","Bag of Marbles"],"acts_visited":["Exordium"],"potions_floor_usage":[6,8,8,16],"damage_taken":[{"damage":4.0,"enemies":"2 Louse","floor":1.0,"turns":5.0},{"damage":0.0,"enemies":"Cultist","floor":5.0,"turns":2.0},{"damage":4,"enemies":"3 Sentries","floor":6,"turns":5},{"damage":27,"enemies":"Lagavulin","floor":8,"turns":6},{"damage":0,"enemies":"Jaw Worm","floor":10,"turns":3},{"damage":0,"enemies":"Exordium Wildlife","floor":11,"turns":1},{"damage":6,"enemies":"Large Slime","floor":12,"turns":5},{"damage":14,"enemies":"3 Louse","floor":14,"turns":4},{"damage":26,"enemies":"Hexaghost","floor":16,"turns":4}],"seed_played":"1868486678217401131","potions_obtained":[{"floor":3.0,"key":"BlessingOfTheForge"},{"floor":3.0,"key":"FearPotion"},{"floor":5.0,"key":"Weak Potion"},{"floor":6,"key":"SkillPotion"},{"floor":8,"key":"CultistPotion"},{"floor":11,"key":"FearPotion"}],"is_trial":false,"path_per_floor":["M","?","?","$","M","E","R","E","T","M","M","M","?","M","R","B"],"character_chosen":"WATCHER","items_purchased":["Tantrum","FlurryOfBlows"],"campfire_rested":2,"item_purchase_floors":[4,4],"current_hp_per_floor":[57,37,37,37,37,33,53,26,26,26,26,20,20,6,26,0,0],"gold":195,"neow_bonus":"THREE_CARDS","is_daily":false,"chose_seed":false,"campfire_upgraded":0,"win_rate":0.0,"timestamp":1614318323,"path_taken":["M","?","?","$","M","E","R","E","T","M","M","?","?","M","R","BOSS"],"items_purchased_type":["Card","Card"],"build_version":"2020-12-22","purchased_purges":0,"victory":false,"max_hp_per_floor":[68,68,68,68,68,68,68,68,68,68,68,68,68,68,68,68,68],"card_choices":[{"not_picked":["Crescendo","LikeWater"],"picked":"Halt","floor":0.0},{"not_picked":["FlurryOfBlows","MentalFortress"],"picked":"Protect","floor":1.0},{"not_picked":["FollowUp","Establishment"],"picked":"Swivel","floor":5.0},{"not_picked":["Collect","DeceiveReality"],"picked":"Judgement","floor":6},{"not_picked":["SandsOfTime","JustLucky"],"picked":"Wireheading","floor":8},{"not_picked":["Sanctity","DeceiveReality"],"picked":"Perseverance","floor":10},{"not_picked":["EmptyFist","Crescendo"],"picked":"Wish","floor":11},{"not_picked":["ClearTheMind","ThirdEye"],"picked":"Consecrate","floor":12},{"not_picked":["PathToVictory","Sanctity"],"picked":"Halt","floor":14}],"player_experience":1415941,"relics_obtained":[{"floor":6,"key":"Boot"},{"floor":8,"key":"Anchor"},{"floor":9,"key":"Bag of Marbles"}],"event_choices":[{"damage_healed":0.0,"max_hp_gain":0.0,"max_hp_loss":0.0,"gold_gain":0.0,"event_name":"Shining Light","player_choice":"Entered Light","floor":2.0,"gold_loss":0.0,"damage_taken":20.0,"cards_upgraded":["Strike_P","Protect"]},{"damage_healed":0.0,"max_hp_gain":0.0,"max_hp_loss":0.0,"gold_gain":0.0,"event_name":"Lab","player_choice":"Got Potions","floor":3.0,"gold_loss":0.0,"damage_taken":0.0},{"damage_healed":0,"gold_gain":0,"player_choice":"Grow","damage_taken":0,"max_hp_gain":0,"max_hp_loss":0,"event_name":"Living Wall","floor":13,"gold_loss":0,"cards_upgraded":["Judgement"]}],"is_beta":false,"boss_relics":[],"items_purged_floors":[],"is_endless":false,"potions_floor_spawned":[5,6,8,11],"killed_by":"Hexaghost","ascension_level":17}}