{"host":"1vxemzms76200xsp","time":1614375104,"event":{"mods":["AchievementEnabler","BaseMod","Better Synergies","Highlight Path","Minty Spire (QoL Compilation)","StSLib","The Bug Knight"],"gold_per_floor":[110,122,47,62,28,28,46,46,73,73,108,108,118,141,141,141,141],"floor_reached":16,"language":"ENG","playtime":602,"items_purged":["Strike_G"],"score":100,"play_id":"a511d971-8e6a-4105-83c3-1cf80344bea4","local_time":"20210226233144","is_ascension_mode":false,"campfire_choices":[{"data":"Infinite Blades","floor":6,"key":"SMITH"},{"data":"Cloak And Dagger","floor":8,"key":"SMITH"},{"floor":10,"key":"REST"},{"data":"Night Terror","floor":12,"key":"SMITH"},{"floor":15,"key":"REST"}],"circlet_count":0,"master_deck":["Strike_G","Strike_G","Strike_G","Strike_G","Defend_G","Defend_G","Defend_G","Defend_G","Defend_G","Survivor","Neutralize+1","Infinite Blades+1","Finisher","Finisher","Finisher","Cloak And Dagger+1","Night Terror+1","Blade Dance","Cloak And Dagger"],"relics":["Ring of the Snake","Ancient Tea Set","Smiling Mask","Odd Mushroom"],"acts_visited":["Exordium"],"potions_floor_usage":[],"damage_taken":[{"damage":4,"enemies":"Cultist","floor":1,"turns":5},{"damage":1,"enemies":"2 Louse","floor":2,"turns":3},{"damage":2,"enemies":"Small Slimes","floor":4,"turns":4},{"damage":9,"enemies":"2 Fungi Beasts","floor":7,"turns":3},{"damage":14,"enemies":"Gremlin Nob","floor":11,"turns":3},{"damage":16,"enemies":"Exordium Thugs","floor":13,"turns":3},{"damage":9,"enemies":"The Mushroom Lair","floor":14,"turns":4},{"damage":53,"enemies":"The Guardian","floor":16,"turns":7}],"seed_played":"2733893063343854861","potions_obtained":[{"floor":2,"key":"EntropicBrew"},{"floor":7,"key":"Ancient Potion"},{"floor":13,"key":"Fire Potion"}],"is_trial":false,"path_per_floor":["M","M","$","M","$","R","M","R","T","R","E","R","M","?","R","B"],"character_chosen":"THE_SILENT","items_purchased":["Finisher"],"campfire_rested":2,"item_purchase_floors":[5],"current_hp_per_floor":[66,65,65,63,63,63,54,54,54,70,56,56,40,31,52,0,0],"gold":141,"neow_bonus":"UPGRADE_CARD","is_daily":false,"chose_seed":false,"campfire_upgraded":3,"win_rate":0.0,"timestamp":1614375104,"path_taken":["M","M","$","M","?","R","M","R","T","R","E","R","M","?","R","BOSS"],"items_purchased_type":["Card"],"build_version":"2020-12-22","purchased_purges":1,"victory":false,"max_hp_per_floor":[70,70,70,70,70,70,70,70,70,70,70,70,70,70,70,70,70],"card_choices":[{"not_picked":["Bane","Slice"],"picked":"Infinite Blades","floor":1},{"not_picked":["Riddle With Holes","Outmaneuver"],"picked":"Finisher","floor":2},{"not_picked":["Flechettes","Skewer"],"picked":"Finisher","floor":4},{"not_picked":["Endless Agony","Catalyst"],"picked":"Cloak And Dagger","floor":7},{"not_picked":["Blur","Finisher"],"picked":"Night Terror","floor":11},{"not_picked":["Prepared","Outmaneuver"],"picked":"Blade Dance","floor":13},{"not_picked":["Finisher","Deadly Poison"],"picked":"Cloak And Dagger","floor":14}],"player_experience":40150,"relics_obtained":[{"floor":9,"key":"Ancient Tea Set"},{"floor":11,"key":"Smiling Mask"},{"floor":14,"key":"Odd Mushroom"}],"event_choices":[{"damage_healed":0,"gold_gain":0,"player_choice":"Fought Mushrooms","damage_taken":0,"max_hp_gain":0,"max_hp_loss":0,"event_name":"Mushrooms","floor":14,"gold_loss":0}],"is_beta":false,"boss_relics":[],"items_purged_floors":[3],"is_endless":false,"potions_floor_spawned":[2,7,13],"killed_by":"The Guardian","ascension_level":0}}