{"host":"gn4zoccfnie4id9c","time":1614375117,"event":{"mods":["AchievementEnabler","BaseMod","Colored Map","Downfall","Minty Spire (QoL Compilation)","Replay The Spire","StSLib"],"gold_per_floor":[99,117,136,75,150,162,210,210,238,238,248,17,17,52,62,158,158,158,176,191,151,151,151,204,116,116,149,149,149,49,49,68,68,68,68],"floor_reached":33,"language":"ENG","playtime":2987,"items_purged":[],"score":336,"play_id":"555ff082-1e3d-4c62-b35d-2fdeedd56a50","local_time":"20210226163157","is_ascension_mode":false,"campfire_choices":[{"data":"Slimebound:Split","floor":1,"key":"SMITH"},{"floor":8,"key":"RECALL"},{"data":"Slimebound:GoopSpray","floor":10,"key":"SMITH"},{"data":"Slimebound:Nibble","floor":13,"key":"SMITH"},{"floor":23,"key":"REST"},{"floor":28,"key":"REST"},{"floor":30,"key":"REST"}],"circlet_count":0,"master_deck":["Slimebound:Strike_Slimebound","Slimebound:Strike_Slimebound","Slimebound:Strike_Slimebound","Slimebound:Tackle","Slimebound:Defend_Slimebound","Slimebound:Defend_Slimebound","Slimebound:Defend_Slimebound","Slimebound:Defend_Slimebound","Slimebound:Split+1","Slimebound:CorrosiveSpit","Slimebound:Nibble+1","Slimebound:SplitMire","Slimebound:LivingWall","Slimebound:GoopSpray+1","Slimebound:GrowthPunch","Slimebound:RainOfGoop","Slimebound:SlimeBarrage","Slimebound:LevelUp","Slimebound:ProtectTheBoss","Slimebound:Chomp","Slimebound:DisruptingSlam","Slimebound:DouseInSlime","Slimebound:CheckThePlaybook","Slimebound:SplitLeeching","Slimebound:RejuvenatingLick","Slimebound:RollThrough","Sadistic Nature","Replay:BasicMightCard","Jack Of All Trades","Slimebound:Gluttony","Slimebound:SplitBruiser","Slimebound:Equalize+1","downfall:Bewildered","Slimebound:FormOfPuddle+1"],"relics":["Slimebound:AbsorbEndCombat","Blood Vial","Odd Mushroom","PreservedInsect","Slimebound:TarBlob","ReplayTheSpireMod:ShopPack","Mirror","downfall:RedIOU","Happy Flower","downfall:HeartBlessingBlue","sneckomod:BabySnecko"],"acts_visited":["Exordium","TheCity"],"potions_floor_usage":[12,16,21,21,32,33],"damage_taken":[{"damage":4,"enemies":"Cultist","floor":2,"turns":3},{"damage":11,"enemies":"Jaw Worm","floor":3,"turns":3},{"damage":0,"enemies":"downfall:FleeingMerchant","floor":4,"turns":4},{"damage":0,"enemies":"Small Slimes","floor":6,"turns":2},{"damage":11,"enemies":"The Mushroom Lair","floor":9,"turns":4},{"damage":3,"enemies":"2 Fungi Beasts","floor":11,"turns":3},{"damage":3,"enemies":"downfall:FleeingMerchant","floor":12,"turns":4},{"damage":0,"enemies":"Lagavulin","floor":14,"turns":4},{"damage":2,"enemies":"Blue Slaver","floor":15,"turns":3},{"damage":33,"enemies":"WA_ARCHETYPE_RETAIN","floor":16,"turns":7},{"damage":3,"enemies":"Chosen","floor":19,"turns":3},{"damage":27,"enemies":"Shell Parasite","floor":20,"turns":5},{"damage":14,"enemies":"downfall:FleeingMerchant","floor":21,"turns":4},{"damage":29,"enemies":"Slavers","floor":27,"turns":2},{"damage":18,"enemies":"3 Cultists","floor":32,"turns":4},{"damage":90,"enemies":"DF_ARCHETYPE_CLAW","floor":33,"turns":7}],"seed_played":"8726146532153643263","potions_obtained":[{"floor":3,"key":"hexamod:SoulburnPotion"},{"floor":6,"key":"LifebloodPotion"},{"floor":9,"key":"SkillPotion"},{"floor":16,"key":"GamblersBrew"},{"floor":19,"key":"Slimebound:SlimyTonguePotion"},{"floor":27,"key":"AttackPotion"}],"is_trial":false,"path_per_floor":["R","M","M","$","?","M","T","R","?","R","M","$","R","E","M","B",null,"R_BF","M","M","$","?","R","T","$","?","E","R","$","R","?","M","B"],"character_chosen":"SLIMEBOUND","items_purchased":["Slimebound:GoopSpray","PreservedInsect","Slimebound:ProtectTheBoss","ReplayTheSpireMod:ShopPack","Mirror","Slimebound:Gluttony","Slimebound:SplitBruiser"],"campfire_rested":3,"item_purchase_floors":[4,12,12,21,21,25,25],"current_hp_per_floor":[71,67,58,66,66,71,71,71,68,68,70,71,71,71,71,44,71,47,52,33,29,29,50,50,50,50,31,52,52,81,81,80,0,0,0],"gold":68,"neow_bonus":"TEN_PERCENT_HP_BONUS","is_daily":false,"chose_seed":false,"campfire_upgraded":3,"win_rate":0.0,"timestamp":1614375117,"path_taken":["R","M","M","?","?","M","T","R","?","R","M","$","R","E","M","BOSS","R_BF","M","M","$","?","R","T","$","?","E","R","$","R","?","M","BOSS"],"items_purchased_type":["Card","Relic","Card","Relic","Relic","Card","Card"],"build_version":"2020-12-22","purchased_purges":0,"victory":false,"max_hp_per_floor":[71,71,71,71,71,71,71,71,71,71,71,71,71,71,71,71,71,71,71,71,71,71,71,71,71,71,71,71,71,81,81,81,81,81,81],"card_choices":[{"not_picked":["Slimebound:Prepare","Slimebound:Dissolve"],"picked":"Slimebound:Nibble","floor":2},{"not_picked":["Slimebound:RainOfGoop","Slimebound:PressTheAttack"],"picked":"Slimebound:SplitMire","floor":3},{"not_picked":["Slimebound:LeechEnergy","Slimebound:SplitAcid"],"picked":"Slimebound:LivingWall","floor":4},{"not_picked":["Slimebound:LeechEnergy","Slimebound:ProtectTheBoss"],"picked":"Slimebound:GrowthPunch","floor":6},{"not_picked":["Slimebound:MegaLick","Slimebound:PressTheAttack"],"picked":"Slimebound:RainOfGoop","floor":9},{"not_picked":["Slimebound:FirmFortitude","Slimebound:FinishingTackle"],"picked":"Slimebound:SlimeBarrage","floor":11},{"not_picked":["Slimebound:Dissolve","Slimebound:GoopTackle"],"picked":"Slimebound:LevelUp","floor":12},{"not_picked":["Slimebound:LeechEnergy","Slimebound:ComboTackle"],"picked":"Slimebound:Chomp","floor":14},{"not_picked":["Slimebound:Replication","Slimebound:SlimeBrawl"],"picked":"Slimebound:DisruptingSlam","floor":15},{"not_picked":["Slimebound:DuplicatedForm","Slimebound:MassFeed"],"picked":"Slimebound:DouseInSlime","floor":16},{"not_picked":["Slimebound:Prepare","Slimebound:SamplingLick"],"picked":"Slimebound:SplitLeeching","floor":19},{"not_picked":["Slimebound:Chomp+1","Slimebound:LivingWall"],"picked":"Slimebound:RejuvenatingLick","floor":20},{"not_picked":["Slimebound:SlimeSpikes","Slimebound:LeechEnergy+1"],"picked":"Slimebound:RollThrough","floor":21},{"not_picked":["Thinking Ahead","Violence"],"picked":"Sadistic Nature","floor":21},{"not_picked":["Replay:Sssssssssshield","Dramatic Entrance"],"picked":"Replay:BasicMightCard","floor":21},{"not_picked":["Master of Strategy","Transmutation"],"picked":"Jack Of All Trades","floor":21},{"not_picked":["Slimebound:FinishingTackle","Slimebound:ForwardTackle"],"picked":"Slimebound:Equalize+1","floor":27},{"not_picked":["Slimebound:GoopTackle","Slimebound:FlameTackle"],"picked":"Slimebound:FormOfPuddle+1","floor":32}],"player_experience":143474,"relics_obtained":[{"floor":7,"key":"Blood Vial"},{"floor":9,"key":"Odd Mushroom"},{"floor":14,"key":"Nunchaku"},{"floor":27,"key":"Happy Flower"}],"event_choices":[{"damage_healed":0,"gold_gain":0,"player_choice":"Fought Mushrooms","damage_taken":0,"max_hp_gain":0,"max_hp_loss":0,"event_name":"Mushrooms","floor":9,"gold_loss":0}],"is_beta":false,"boss_relics":[{"not_picked":["Busted Crown","Sozu"],"picked":"Slimebound:TarBlob"}],"items_purged_floors":[],"is_endless":false,"potions_floor_spawned":[3,6,9,16,19,27],"killed_by":"DF_ARCHETYPE_CLAW","ascension_level":0}}