{"host":"0s686iw3hprdrk8c","time":1614370302,"event":{"mods":["AchievementEnabler","BaseMod","Bestiary","Downfall","Hermit","Hubris","Marisa????????","Minty Spire (QoL Compilation)","Replay The Spire","StSLib","The Cursed","The Hierophant","The Saiyan","The Servant 0.9.4"],"gold_per_floor":[119,134,144,163,267,301,319,319,400,1,21,21,21,37,37,141,141,157,167,21,21,221,221,232,232,232,119,119,119,40,66,66,167,167,185,33,33,308,325,350,350,369,396,427,427,439,439,455,455,455,455,455,35,67,67,67],"floor_reached":55,"language":"ENG","playtime":4967,"items_purged":[],"score":805,"play_id":"a6c9360e-0f4b-412f-99a0-f3eb6e579919","local_time":"20210226151141","is_ascension_mode":true,"campfire_choices":[{"floor":13.0,"key":"REST"},{"floor":15.0,"key":"REST"},{"floor":23.0,"key":"RECALL"},{"data":"TheCursedMod:UltimatePain","floor":25.0,"key":"SMITH"},{"data":"TheCursedMod:Evocation","floor":28.0,"key":"SMITH"},{"data":"TheCursedMod:HellsGateOpen","floor":32.0,"key":"SMITH"},{"data":"TheCursedMod:OutForBlood","floor":41,"key":"SMITH"},{"data":"TheCursedMod:LuckyCharm","floor":45,"key":"SMITH"},{"data":"TheCursedMod:DemonicPact","floor":47,"key":"SMITH"},{"data":"TheCursedMod:SaltUponWound","floor":52,"key":"SMITH"}],"circlet_count":0,"master_deck":["TheCursedMod:Defend_TheCursed","TheCursedMod:Defend_TheCursed","TheCursedMod:Defend_TheCursed","TheCursedMod:Defend_TheCursed","TheCursedMod:CursedWand","TheCursedMod:CleanUpWorkshop","TheCursedMod:Dregs","TheCursedMod:SpitefulStrike","TheCursedMod:Hemoplague+1","TheCursedMod:SpitefulStrike","TheCursedMod:Hemoplague+1","ReplayTheSpireMod:Splinters","TheCursedMod:CircleOfCorruption","TheCursedMod:Neurasthenia","TheCursedMod:Obscuration","TheCursedMod:SaltUponWound+1","TheCursedMod:CursedArmor","TheCursedMod:FleshFromBone+1","TheCursedMod:SurpriseAttack","TheCursedMod:CursedStaff","TheCursedMod:Mangle","TheCursedMod:UltimatePain+1","TheCursedMod:LuckyCharm+1","TheCursedMod:Mangle","TheCursedMod:Evocation+1","TheCursedMod:Hemoplague+1","TheCursedMod:CursedAmulet","TheCursedMod:HellfireBreathing","TheCursedMod:SurpriseAttack","downfall:Bewildered","TheCursedMod:HellsGateOpen+1","TheCursedMod:LuckyCharm+1","TheCursedMod:OutForBlood+1","TheCursedMod:CursedShiv","Regret","TheCursedMod:Torture+1","TheCursedMod:SurpriseAttack","TheCursedMod:CircleOfFocus+1","TheCursedMod:Mangle+1","TheCursedMod:DemonicPact+1","TheCursedMod:HellsGateOpen","TheCursedMod:Hemoplague+1","TheCursedMod:FleshFromBone+1"],"relics":["TheCursedMod:BlackMagic101","NeowsBlessing","Replay:Baseball","Oddly Smooth Stone","Snack Pack","Art of War","hubris:HerbalPaste","Black Star","Strawberry","Replay:Bottled Eggs","sneckomod:BabySnecko","hubris:Metronome","Nunchaku","Empty Cage","Sling","hubris:Icosahedron","ReplayTheSpireMod:Shallot","Incense Burner","ReplayFunnel","Simple Rune","Mercury Hourglass","White Beast Statue","Counterbalance"],"acts_visited":["Exordium","TheCity","TheBeyond","TheEnding"],"potions_floor_usage":[40,50,50,54,55],"damage_taken":[{"damage":0.0,"enemies":"Small Slimes","floor":1.0,"turns":1.0},{"damage":0.0,"enemies":"2 Louse","floor":2.0,"turns":1.0},{"damage":0.0,"enemies":"Cultist","floor":3.0,"turns":1.0},{"damage":22.0,"enemies":"Large Slime","floor":4.0,"turns":8.0},{"damage":28.0,"enemies":"Lagavulin","floor":6.0,"turns":7.0},{"damage":14.0,"enemies":"Exordium Thugs","floor":7.0,"turns":3.0},{"damage":8.0,"enemies":"2 Fungi Beasts","floor":11.0,"turns":5.0},{"damage":5.0,"enemies":"Looter","floor":14.0,"turns":3.0},{"damage":11.0,"enemies":"The Guardian","floor":16.0,"turns":7.0},{"damage":20.0,"enemies":"2 Thieves","floor":18.0,"turns":5.0},{"damage":1.0,"enemies":"Shell Parasite","floor":19.0,"turns":6.0},{"damage":18.0,"enemies":"Centurion and Healer","floor":24.0,"turns":7.0},{"damage":21.0,"enemies":"Gremlin Leader","floor":31.0,"turns":7.0},{"damage":53.0,"enemies":"hubris:MusketHawk","floor":33.0,"turns":8.0},{"damage":23.0,"enemies":"3 Darklings","floor":35.0,"turns":7.0},{"damage":13.0,"enemies":"Orb Walker","floor":39.0,"turns":5.0},{"damage":17,"enemies":"Nemesis","floor":40,"turns":7},{"damage":5,"enemies":"4 Shapes","floor":42,"turns":4},{"damage":3,"enemies":"Reptomancer","floor":44,"turns":6},{"damage":0,"enemies":"Jaw Worm Horde","floor":46,"turns":4},{"damage":1,"enemies":"3 Darklings","floor":48,"turns":6},{"damage":28,"enemies":"Donu and Deca","floor":50,"turns":10},{"damage":39,"enemies":"Shield and Spear","floor":54,"turns":7},{"damage":63,"enemies":"The Heart","floor":55,"turns":3}],"seed_played":"-2710472711321069895","potions_obtained":[{"floor":1.0,"key":"champ:CounterPotion"},{"floor":4.0,"key":"CultistPotion"},{"floor":7.0,"key":"Languid Potion"},{"floor":11.0,"key":"Venom Potion"},{"floor":24.0,"key":"Strength Potion"},{"floor":33.0,"key":"TheCursedMod:DregsPotion"},{"floor":39.0,"key":"Explosive Potion"},{"floor":40,"key":"champ:CounterPotion"},{"floor":42,"key":"Reflective Coating"}],"is_trial":false,"path_per_floor":["M","M","M","M","?","E","M","?","T","$","M","$","R","M","R","B",null,"M","M","$","?","?","R","M","R","T","$","R","?","$","E","R","B",null,"M","$","?","?","M","E","R","M","T","E","R","M","R","M","R","B",null,"R","$","E","B"],"character_chosen":"THE_CURSED","items_purchased":["Art of War","hubris:HerbalPaste","TheCursedMod:FleshFromBone+1","TheCursedMod:SurpriseAttack","Strawberry","TheCursedMod:HellfireBreathing","TheCursedMod:SurpriseAttack","TheCursedMod:HellsGateOpen","Sling","Flashbang","Mercury Hourglass","TheCursedMod:Hemoplague"],"campfire_rested":2,"item_purchase_floors":[10,10,10,10,20,27,27,30,36,53,53,53],"current_hp_per_floor":[75,75,75,53,53,25,11,8,8,8,6,6,28,28,50,49,75,58,63,70,70,70,70,62,62,62,62,62,62,62,49,49,6,82,62,62,62,62,57,52,52,55,55,64,64,76,76,81,81,59,82,82,82,50,0,0],"gold":67,"neow_bonus":"THREE_ENEMY_KILL","is_daily":false,"chose_seed":false,"campfire_upgraded":7,"win_rate":0.0,"timestamp":1614370301,"path_taken":["M","M","M","M","?","E","M","?","T","$","M","$","R","M","R","BOSS","M","M","$","?","?","R","?","R","T","$","R","?","?","E","R","BOSS","M","$","?","?","M","E","R","M","T","E","R","?","R","?","R","BOSS","R","$","E","BOSS"],"items_purchased_type":["Relic","Relic","Card","Card","Relic","Card","Card","Card","Relic","Potion","Relic","Card"],"build_version":"2020-12-22","purchased_purges":0,"victory":false,"max_hp_per_floor":[75,75,75,75,75,75,75,75,75,75,75,75,75,75,75,75,75,75,75,82,82,82,82,82,82,82,82,82,82,82,82,82,82,82,82,82,82,82,82,82,82,82,82,82,82,82,82,82,82,82,82,82,82,82,82,82],"card_choices":[{"not_picked":["TheCursedMod:SpitefulPlan","TheCursedMod:SmokeScreen"],"picked":"TheCursedMod:SpitefulStrike","floor":1.0},{"not_picked":["TheCursedMod:ReleasedKnowledge","TheCursedMod:CursedBlade"],"picked":"TheCursedMod:Hemoplague","floor":2.0},{"not_picked":["TheCursedMod:VitalStrike","TheCursedMod:CursedBlade"],"picked":"TheCursedMod:SpitefulStrike","floor":3.0},{"not_picked":["TheCursedMod:RapidMovement","TheCursedMod:SmokeScreen"],"picked":"TheCursedMod:Hemoplague","floor":4.0},{"not_picked":["TheCursedMod:Stretching","TheCursedMod:CursedMace"],"picked":"TheCursedMod:CircleOfCorruption","floor":5.0},{"not_picked":["TheCursedMod:CursedBoomerang","TheCursedMod:CursedAmulet"],"picked":"TheCursedMod:Neurasthenia","floor":5.0},{"not_picked":["TheCursedMod:RavingStaff","TheCursedMod:CursedArmor"],"picked":"TheCursedMod:Obscuration","floor":5.0},{"not_picked":["TheCursedMod:DoubleShield","TheCursedMod:CircleOfCorruption"],"picked":"TheCursedMod:SaltUponWound","floor":6.0},{"not_picked":["TheCursedMod:SoulReap","TheCursedMod:PrepareRite"],"picked":"TheCursedMod:CursedArmor","floor":7.0},{"not_picked":["TheCursedMod:ManaBullet","TheCursedMod:CircleOfFocus"],"picked":"TheCursedMod:CursedStaff","floor":11.0},{"not_picked":["TheCursedMod:AbyssShockwave","TheCursedMod:CircleOfCorruption"],"picked":"TheCursedMod:Mangle","floor":14.0},{"not_picked":["TheCursedMod:ParallelWorld","TheCursedMod:DarkBarrier"],"picked":"TheCursedMod:UltimatePain","floor":16.0},{"not_picked":["TheCursedMod:DoubleShield","TheCursedMod:AshesToAshes+1"],"picked":"TheCursedMod:LuckyCharm","floor":18.0},{"not_picked":["TheCursedMod:SpitefulPlan","TheCursedMod:Stretching+1"],"picked":"TheCursedMod:Mangle","floor":19.0},{"not_picked":["TheCursedMod:Stretching","TheCursedMod:CursedMace"],"picked":"TheCursedMod:CursedAmulet","floor":24.0},{"not_picked":["TheCursedMod:SoulCrush","TheCursedMod:Evocation"],"picked":"TheCursedMod:LuckyCharm+1","floor":31.0},{"not_picked":["TheCursedMod:ShockAndAwe","TheCursedMod:DemonSword"],"picked":"TheCursedMod:OutForBlood","floor":33.0},{"not_picked":["TheCursedMod:SmokeScreen","TheCursedMod:Torture"],"picked":"TheCursedMod:CursedShiv","floor":35.0},{"not_picked":["TheCursedMod:CircleOfFocus","TheCursedMod:RapidMovement"],"picked":"TheCursedMod:Torture+1","floor":39.0},{"not_picked":["TheCursedMod:Stigma","TheCursedMod:CircleOfFlame"],"picked":"TheCursedMod:SurpriseAttack","floor":40},{"not_picked":["TheCursedMod:FleshFromBone+1","TheCursedMod:CircleOfFlame+1"],"picked":"TheCursedMod:CircleOfFocus+1","floor":42},{"not_picked":["TheCursedMod:TroublousMinions+1","TheCursedMod:VitalStrike+1"],"picked":"TheCursedMod:Mangle+1","floor":44},{"not_picked":["TheCursedMod:SpitefulStrike","TheCursedMod:Obscuration+1"],"picked":"TheCursedMod:DemonicPact","floor":46},{"not_picked":["TheCursedMod:Mangle+1","TheCursedMod:CursedMace+1"],"picked":"TheCursedMod:HellsGateOpen","floor":48},{"not_picked":["TheCursedMod:ReleasedStrength+1","TheCursedMod:LuckyCharm"],"picked":"TheCursedMod:FleshFromBone+1","floor":54}],"player_experience":283424,"relics_obtained":[{"floor":6.0,"key":"Replay:Baseball"},{"floor":9.0,"key":"Snack Pack"},{"floor":26.0,"key":"Replay:Bottled Eggs"},{"floor":31.0,"key":"hubris:Metronome"},{"floor":31.0,"key":"Nunchaku"},{"floor":40,"key":"ReplayTheSpireMod:Shallot"},{"floor":40,"key":"Incense Burner"},{"floor":44,"key":"ReplayFunnel"},{"floor":44,"key":"Simple Rune"},{"floor":54,"key":"White Beast Statue"},{"floor":54,"key":"Counterbalance"}],"event_choices":[{"damage_healed":0.0,"max_hp_gain":0.0,"max_hp_loss":0.0,"gold_gain":0.0,"event_name":"Scrap Ooze","player_choice":"Success","floor":8.0,"gold_loss":0.0,"damage_taken":3.0,"relics_obtained":["Oddly Smooth Stone"]},{"damage_healed":0.0,"max_hp_gain":0.0,"max_hp_loss":0.0,"gold_gain":0.0,"cards_transformed":["TheCursedMod:Strike_TheCursed","TheCursedMod:Strike_TheCursed"],"event_name":"Drug Dealer","player_choice":"Became Test Subject","floor":21.0,"gold_loss":0.0,"damage_taken":0.0,"cards_obtained":["TheCursedMod:Evocation","TheCursedMod:Hemoplague"]},{"damage_healed":0.0,"max_hp_gain":0.0,"max_hp_loss":0.0,"gold_gain":200.0,"event_name":"Wheel of Change","player_choice":"Gold","floor":22.0,"gold_loss":0.0,"damage_taken":0.0},{"damage_healed":0.0,"max_hp_gain":0.0,"max_hp_loss":0.0,"gold_gain":275.0,"event_name":"Golden Shrine","player_choice":"Desecrate","floor":38.0,"gold_loss":0.0,"damage_taken":0.0,"cards_obtained":["Regret"]}],"is_beta":false,"boss_relics":[{"not_picked":["Astrolabe","hubris:TerracottaHorce"],"picked":"Black Star"},{"not_picked":["Philosopher\u0027s Stone","hubris:CrackedHourglass"],"picked":"Empty Cage"}],"items_purged_floors":[],"is_endless":false,"potions_floor_spawned":[1,4,7,11,24,33,39,40,42],"killed_by":"The Heart","ascension_level":1}}