{"host":"y27lpgkuecypkeb8","time":1614354643,"event":{"mods":["AchievementEnabler","Act Like it!","Aspiration","BaseMod","Better Sensory Stone","Better Skull","Colored Map","Colored Powertips","Conspire","DeckTracker","Dota2Spire","Energized Spire","Fiend Mod","GifTheSpireLib","GungeonMod","Highlight Path","Infinite Spire","Magitek Elite","Minty Spire (QoL Compilation)","Permanent Neow","Rare Cards Sparkle","Relic Sorter","Replay The Spire","Spicy Shops","StSLib","Stuff the Spire","The Cursed","The Disciple"],"gold_per_floor":[113,36,36,55,71,71,87,87,111,125,135,135,135,151,151,254,254,264,93,113,212,212,212,212,230,277,295,309,321,321,340,340,438,438,449,469,469,488,507,507,521,521,598,132,268,282,299,413,413,419],"floor_reached":51,"language":"ENG","playtime":5308,"items_purged":["Fiend:FiendInjection+1"],"score":757,"play_id":"4d2e8aa5-76e2-438d-9015-5d0124748779","local_time":"20210226235043","is_ascension_mode":false,"campfire_choices":[{"data":"Fiend:FiendInjection","floor":6,"key":"SMITH"},{"data":"Fiend:FiendFlay","floor":13,"key":"SMITH"},{"data":"Fiend:FiendExecute","floor":15,"key":"SMITH"},{"data":"Fiend:FiendMutativeArms","floor":23,"key":"SMITH"},{"data":"Fiend:FiendBloodlust","floor":30,"key":"SMITH"},{"data":"Fiend:FiendSalvage","floor":32,"key":"SMITH"},{"data":"ReplayTheSpireMod:Brewmster","floor":40,"key":"SMITH"},{"data":"Fiend:FiendDemonWhip","floor":49,"key":"SMITH"}],"circlet_count":0,"master_deck":["Fiend:FiendDemonSlash","Fiend:FiendDemonSlash","Fiend:FiendDemonSlash","Fiend:FiendDemonSlash","Fiend:FiendDemonSlash","Fiend:FiendFortify","Fiend:FiendFortify","Fiend:FiendFortify","Fiend:FiendFortify","Fiend:FiendConsume","Fiend:FiendDemonWhip","Fiend:FiendFlay+1","Fiend:FiendSplat","Fiend:FiendDemonWhip+1","Fiend:FiendFleshWhip+1","Fiend:FiendExecute+1","Fiend:FiendMutativeArms+1","Fiend:FiendBloodlust+1","Fiend:FiendSalvage+1","Fiend:FiendSalvage+1","Fiend:FiendMutativeArms+1","ReplayTheSpireMod:Brewmster+1","Panacea+1","Prostrate+1"],"relics":["Fiend:FiendTotem","Dota2Spire:MagicBottle","aspiration:Nostalgia","infinitespire:DarkRift","StuffTheSpire:TintedRock","ReplayFunnel","Dota2Spire:RefresherOrb","aspiration:WatcherSkillbook","infinitespire:Midas Blood","Dota2Spire:HeartOfTarrasque","Guide Book","StuffTheSpire:CocoNut","Dota2Spire:Vanguard"],"acts_visited":["Exordium","TheCity","TheBeyond"],"potions_floor_usage":[11,16,16,33,38,38,39,39,45,46,46,47,48,48,50,50,50,50,50,50,50],"damage_taken":[{"damage":0,"enemies":"Small Slimes","floor":1,"turns":3},{"damage":0,"enemies":"Cultist","floor":4,"turns":3},{"damage":1,"enemies":"2 Louse","floor":5,"turns":3},{"damage":13,"enemies":"Large Slime","floor":7,"turns":4},{"damage":0,"enemies":"Looter","floor":10,"turns":2},{"damage":10,"enemies":"Exordium Thugs","floor":11,"turns":4},{"damage":0,"enemies":"3 Louse","floor":14,"turns":3},{"damage":17,"enemies":"Fading Forest","floor":16,"turns":11},{"damage":0,"enemies":"2 Thieves","floor":18,"turns":2},{"damage":0,"enemies":"3 Byrds","floor":20,"turns":4},{"damage":0,"enemies":"Centurion and Healer","floor":25,"turns":5},{"damage":0,"enemies":"Cultist and Chosen","floor":27,"turns":4},{"damage":0,"enemies":"Sentry and Sphere","floor":28,"turns":3},{"damage":0,"enemies":"Snecko","floor":29,"turns":4},{"damage":0,"enemies":"Snake Plant","floor":31,"turns":3},{"damage":7,"enemies":"Champ","floor":33,"turns":8},{"damage":9,"enemies":"3 Darklings","floor":35,"turns":5},{"damage":0,"enemies":"Orb Walker","floor":36,"turns":3},{"damage":23,"enemies":"4 Shapes","floor":38,"turns":5},{"damage":0,"enemies":"Writhing Mass","floor":39,"turns":7},{"damage":0,"enemies":"Sphere and 2 Shapes","floor":41,"turns":5},{"damage":0,"enemies":"Giant Head","floor":45,"turns":6},{"damage":0,"enemies":"Transient","floor":46,"turns":5},{"damage":0,"enemies":"Jaw Worm Horde","floor":47,"turns":4},{"damage":4,"enemies":"R_Hoarder","floor":48,"turns":6},{"damage":28,"enemies":"Time Eater","floor":50,"turns":9}],"seed_played":"6125148911040086476","potions_obtained":[{"floor":4,"key":"SpeedPotion"},{"floor":5,"key":"Dota2Spire:Clarity"},{"floor":7,"key":"DemoMod:LeadSkinPotion"},{"floor":11,"key":"Regen Potion"},{"floor":27,"key":"SkillPotion"},{"floor":28,"key":"Elixir"},{"floor":33,"key":"SteroidPotion"},{"floor":38,"key":"Fiend:FleshPotion"},{"floor":41,"key":"SpeedPotion"},{"floor":46,"key":"Explosive Potion"},{"floor":48,"key":"ColorlessPotion"}],"is_trial":false,"path_per_floor":["M","$","?","M","M","R","M","?","T","M","M","?","R","M","R","B",null,"M","$","M","?","?","R","?","M","T","M","M","M","R","M","R","B",null,"M","M","?","M","M","R","M","?","T","$","E","M","M","E","R","B",null],"character_chosen":"THE_FIEND","items_purchased":["Fiend:FiendFlay","Fiend:FiendMutativeArms","Dota2Spire:HeartOfTarrasque","Guide Book"],"campfire_rested":0,"item_purchase_floors":[2,19,44,44],"current_hp_per_floor":[70,70,70,70,69,69,56,56,56,56,46,46,46,56,56,64,70,70,70,70,70,70,70,70,70,70,70,70,70,70,71,71,69,71,63,63,63,40,49,49,49,53,53,61,88,89,89,90,90,91],"gold":419,"neow_bonus":"NOSTALGIA","is_daily":false,"chose_seed":false,"campfire_upgraded":8,"win_rate":0.0,"timestamp":1614354643,"path_taken":["M","$","?","M","M","R","?","?","T","M","M","?","R","M","R","BOSS","M","$","M","?","?","R","?","M","T","M","?","M","R","M","R","BOSS","M","M","?","M","M","R","M","?","T","$","E","M","?","E","R","BOSS"],"items_purchased_type":["Card","Card","Relic","Relic"],"build_version":"2020-12-22","purchased_purges":1,"victory":true,"max_hp_per_floor":[70,70,70,70,70,70,70,70,70,70,70,70,70,70,70,70,70,70,70,70,70,70,70,70,70,70,70,70,70,70,71,71,71,71,72,72,72,72,72,72,72,72,72,80,88,89,89,90,90,91],"card_choices":[{"not_picked":["Fiend:FiendDemonicContract","Fiend:FiendRam"],"picked":"Fiend:FiendDemonWhip","floor":1},{"not_picked":["Fiend:FiendFleshWhip","Fiend:FiendMeatShield"],"picked":"Fiend:FiendInjection","floor":4},{"not_picked":["Fiend:FiendBackFromHell","Fiend:FiendBloodlust"],"picked":"Fiend:FiendSplat","floor":5},{"not_picked":["Fiend:FiendConserve","Fiend:FiendInjection"],"picked":"Fiend:FiendDemonWhip","floor":7},{"not_picked":["Fiend:FiendConserve","Fiend:FiendTransmeatation"],"picked":"Fiend:FiendFleshWhip","floor":10},{"not_picked":["Fiend:FiendRage","Fiend:FiendDemonWhip"],"picked":"Fiend:FiendExecute","floor":11},{"not_picked":["Fiend:FiendConserve","Fiend:FiendRam","Fiend:FiendMeatMagnet"],"picked":"SKIP","floor":14},{"not_picked":["Fiend:FiendBloodPrice","Fiend:FiendMeatMagnet","Fiend:FiendRam"],"picked":"SKIP","floor":18},{"not_picked":["Fiend:FiendExecute","Fiend:FiendTransmeatation"],"picked":"Fiend:FiendBloodlust","floor":20},{"not_picked":["Fiend:FiendRage","Fiend:FiendVaccine"],"picked":"Fiend:FiendSalvage+1","floor":25},{"not_picked":["Fiend:FiendBlackMarket+1","Fiend:FiendDemonWhip+1"],"picked":"Fiend:FiendSalvage","floor":27},{"not_picked":["Fiend:FiendAlchemeat+1","Fiend:FiendRadiation","Fiend:FiendRiskyDice"],"picked":"SKIP","floor":28},{"not_picked":["Fiend:FiendInfect+1","Fiend:FiendRam+1","Fiend:FiendConserve"],"picked":"SKIP","floor":29},{"not_picked":["Fiend:FiendSiphon","Fiend:FiendDemonicContract","Fiend:FiendTransmeatation+1"],"picked":"SKIP","floor":31},{"not_picked":["Fiend:FiendVaccine+1","Crescendo","Fiend:FiendRiskyDice+1"],"picked":"Fiend:FiendMutativeArms","floor":35},{"not_picked":["FearNoEvil","Protect+1","Meditate","Fiend:FiendMeatShield+1"],"picked":"SKIP","floor":36},{"not_picked":["Secret Technique","Replay:Dark Deal","Magnetism"],"picked":"ReplayTheSpireMod:Brewmster","floor":37},{"not_picked":["The Bomb","Jack Of All Trades","Replay:Sssssssssshield"],"picked":"Panacea","floor":37},{"not_picked":["Fiend:FiendRam+1","Replay:Cycle","Fiend:FiendBloodlust+1"],"picked":"Prostrate+1","floor":38},{"not_picked":["Protect","Fiend:FiendAbomination+1","Fiend:FiendBribery","Fiend:FiendMeatPaste+1"],"picked":"SKIP","floor":39},{"not_picked":["Fiend:FiendBackFromHell+1","LikeWater+1","SashWhip","Meditate+1"],"picked":"SKIP","floor":41},{"not_picked":["Scrawl","WindmillStrike","Fiend:FiendMutativeArms+1","Fiend:FiendRiskyDice+1"],"picked":"SKIP","floor":45},{"not_picked":["Fiend:FiendVaccine+1","Fiend:FiendRam","Crescendo+1","CrushJoints+1"],"picked":"SKIP","floor":46},{"not_picked":["Fiend:FiendFiendishCharge","Pray+1","Fiend:FiendRiskyDice","Fiend:FiendConserve"],"picked":"SKIP","floor":47},{"not_picked":["Replay:DivineShield+1","Evaluate+1","Fiend:FiendAlchemeat","Fiend:FiendMeatPaste+1"],"picked":"SKIP","floor":48}],"player_experience":54113,"relics_obtained":[{"floor":8,"key":"StuffTheSpire:TintedRock"},{"floor":9,"key":"ReplayFunnel"},{"floor":26,"key":"Dota2Spire:MagicBottle"},{"floor":43,"key":"infinitespire:Midas Blood"},{"floor":45,"key":"StuffTheSpire:CocoNut"},{"floor":48,"key":"Dota2Spire:Vanguard"}],"event_choices":[{"damage_healed":4,"gold_gain":0,"player_choice":"LEAVE ","damage_taken":0,"relics_obtained":[],"max_hp_gain":0,"max_hp_loss":0,"event_name":"betterSkull:BetterSkull","floor":3,"gold_loss":0,"cards_upgraded":[]},{"damage_healed":0,"gold_gain":99,"player_choice":"Stole From Cult","damage_taken":0,"max_hp_gain":0,"max_hp_loss":0,"event_name":"Nest","floor":21,"gold_loss":0},{"damage_healed":0,"gold_gain":0,"player_choice":"Ignored","damage_taken":0,"max_hp_gain":0,"max_hp_loss":0,"event_name":"Ghosts","floor":22,"gold_loss":0},{"damage_healed":0,"gold_gain":0,"player_choice":"Forge","damage_taken":0,"max_hp_gain":0,"max_hp_loss":0,"event_name":"Accursed Blacksmith","floor":24,"gold_loss":0,"cards_upgraded":["Fiend:FiendFleshWhip"]},{"damage_healed":0,"gold_gain":3,"player_choice":"1","damage_taken":0,"max_hp_gain":0,"max_hp_loss":0,"event_name":"betterStone:BetterStone","floor":37,"gold_loss":0},{"damage_healed":4,"gold_gain":0,"player_choice":"LEAVE ","damage_taken":0,"relics_obtained":[],"max_hp_gain":0,"max_hp_loss":0,"event_name":"betterSkull:BetterSkull","floor":42,"gold_loss":0,"cards_upgraded":[]}],"is_beta":false,"boss_relics":[{"not_picked":["Tiny House","Calling Bell"],"picked":"Dota2Spire:RefresherOrb"},{"not_picked":["Fusion Hammer","aspiration:RitualDagger"],"picked":"aspiration:WatcherSkillbook"}],"items_purged_floors":[19],"is_endless":false,"potions_floor_spawned":[4,5,7,11,14,27,28,29,33,35,38,41,46,48],"ascension_level":0}}