{"host":"nihqlga4zpmrcpl9","time":1614319017,"event":{"mods":["BaseMod","LagranYue(拉格朗・月)","Marisa（F雨　魔理沙）","Minty Spire (QoL Compilation)","Replay The Spire","Shop Mod","StSLib","The Bug Knight","The Cursed","The Hierophant","The Servant 0.9.4"],"gold_per_floor":[113,133,133,152,168,195,195,72,72,97,111,136,136,136,136,232,232,251,267,11,11,11,11,41,57,57,57,68,82,82,108,108,205,205,221,233,233,233],"floor_reached":37,"language":"ZHS","playtime":2924,"items_purged":[],"score":479,"play_id":"746db08e-8fe3-460d-a282-1438375a81f4","local_time":"20210226135657","is_ascension_mode":false,"campfire_choices":[{"data":"BattleHymn","floor":7.0,"key":"SMITH"},{"data":"LikeWater","floor":13.0,"key":"SMITH"},{"data":"Halt","floor":15.0,"key":"SMITH"},{"data":"Replay:Anticipation","floor":23,"key":"SMITH"},{"floor":27,"key":"REST"},{"floor":30,"key":"REST"},{"data":"Fasting2","floor":32,"key":"SMITH"}],"circlet_count":0,"master_deck":["Strike_P","Strike_P","Strike_P","Defend_P","Defend_P","Defend_P","Eruption","Vigilance","Replay:Anticipation+1","BattleHymn+1","Brilliance","TalkToTheHand","Prostrate","Establishment","Halt+1","FearNoEvil","LikeWater+1","Consecrate+1","Pray","EmptyFist","BattleHymn","Good Instincts","Iron Wave","Fasting2+1","Adaptation+1","Replay:Battleflow","Worship","DeusExMachina","Devotion","Collect","Protect+1"],"relics":["PureWater","LagranYue:RandomDrawCardRelic","Orichalcum","MerchantsRug","Pantograph","Matryoshka","Mirror","VioletLotus","Boot","Ancient Tea Set","HornCleat","InkBottle","Nunchaku","ReplayTheSpireMod:DimensionalGlitch"],"acts_visited":["Exordium","TheCity","TheBeyond"],"potions_floor_usage":[37,37],"damage_taken":[{"damage":0.0,"enemies":"2 Louse","floor":1.0,"turns":4.0},{"damage":0.0,"enemies":"Cultist","floor":2.0,"turns":2.0},{"damage":0.0,"enemies":"Small Slimes","floor":4.0,"turns":4.0},{"damage":14.0,"enemies":"Exordium Thugs","floor":5.0,"turns":5.0},{"damage":3.0,"enemies":"3 Sentries","floor":6.0,"turns":8.0},{"damage":40.0,"enemies":"Lagavulin","floor":10.0,"turns":4.0},{"damage":2.0,"enemies":"2 Fungi Beasts","floor":11.0,"turns":4.0},{"damage":10.0,"enemies":"3 Sentries","floor":12.0,"turns":7.0},{"damage":0.0,"enemies":"Hexaghost","floor":16.0,"turns":9.0},{"damage":0,"enemies":"Chosen","floor":18,"turns":6},{"damage":2,"enemies":"Shell Parasite","floor":19,"turns":7},{"damage":70,"enemies":"Slavers","floor":24,"turns":7},{"damage":1,"enemies":"Chosen and Byrds","floor":25,"turns":6},{"damage":5,"enemies":"3 Cultists","floor":28,"turns":5},{"damage":21,"enemies":"Snake Plant","floor":29,"turns":5},{"damage":21,"enemies":"Book of Stabbing","floor":31,"turns":4},{"damage":10,"enemies":"Collector","floor":33,"turns":7},{"damage":33,"enemies":"3 Darklings","floor":35,"turns":6},{"damage":7,"enemies":"Orb Walker","floor":36,"turns":5},{"damage":48,"enemies":"Orin","floor":37,"turns":7}],"seed_played":"-832254808555867003","potions_obtained":[{"floor":1.0,"key":"PowerPotion"},{"floor":2.0,"key":"Regen Potion"},{"floor":4.0,"key":"Fire Potion"},{"floor":12.0,"key":"PowerPotion"},{"floor":16.0,"key":"Venom Potion"},{"floor":25,"key":"Flashbang"},{"floor":29,"key":"Explosive Potion"}],"is_trial":false,"path_per_floor":["M","M","?","M","M","E","R","$","T","E","M","E","R","?","R","B",null,"M","M","$","?","?","R","E","M","T","R","M","M","R","E","R","B",null,"M","M","?"],"character_chosen":"WATCHER","items_purchased":["MerchantsRug","BattleHymn","Boot","Good Instincts"],"campfire_rested":2,"item_purchase_floors":[8,20,20,20],"current_hp_per_floor":[79,79,79,79,65,62,62,62,62,22,20,10,10,10,10,35,79,79,77,77,77,77,77,7,6,6,29,24,3,26,5,5,20,79,46,39,0,0],"gold":233,"neow_bonus":"TEN_PERCENT_HP_BONUS","is_daily":false,"chose_seed":false,"campfire_upgraded":5,"win_rate":0.0,"timestamp":1614319017,"path_taken":["M","M","?","M","M","E","R","?","T","E","?","E","R","?","R","BOSS","M","M","$","?","?","R","E","M","T","R","M","?","R","E","R","BOSS","M","M","?"],"items_purchased_type":["Relic","Card","Relic","Card"],"build_version":"2020-12-22","purchased_purges":0,"victory":false,"max_hp_per_floor":[79,79,79,79,79,79,79,79,79,79,79,79,79,79,79,79,79,79,79,79,79,79,79,79,79,79,79,79,79,79,79,79,79,79,79,79,79,79],"card_choices":[{"not_picked":["PathToVictory","Protect"],"picked":"Replay:Anticipation","floor":1.0},{"not_picked":["CrushJoints","SignatureMove"],"picked":"BattleHymn","floor":2.0},{"not_picked":["BowlingBash","FlurryOfBlows"],"picked":"TalkToTheHand","floor":4.0},{"not_picked":["ClearTheMind","PathToVictory"],"picked":"Prostrate","floor":5.0},{"not_picked":["FollowUp","CutThroughFate"],"picked":"Establishment","floor":6.0},{"not_picked":["FollowUp","CutThroughFate"],"picked":"Halt","floor":10.0},{"not_picked":["ThirdEye","ReachHeaven"],"picked":"FearNoEvil","floor":11.0},{"not_picked":["Brilliance","EmptyFist"],"picked":"LikeWater","floor":12.0},{"not_picked":["Brilliance","Scrawl"],"picked":"Judgement","floor":16.0},{"not_picked":["Conclude","FlyingSleeves"],"picked":"Pray","floor":18},{"not_picked":["Replay:DivineShield","Replay:ManipulateFuture"],"picked":"EmptyFist","floor":19},{"not_picked":["Sanctity","Vault"],"picked":"Fasting2","floor":24},{"not_picked":["CutThroughFate","FlyingSleeves+1"],"picked":"Adaptation+1","floor":25},{"not_picked":["CutThroughFate+1","BattleHymn"],"picked":"Replay:Battleflow","floor":28},{"not_picked":["Conclude","BowlingBash"],"picked":"Worship","floor":29},{"not_picked":["Protect","EmptyFist+1"],"picked":"DeusExMachina","floor":31},{"not_picked":["Replay:AllIn","Ragnarok"],"picked":"Devotion","floor":33},{"not_picked":["Fasting2","ReachHeaven+1"],"picked":"Collect","floor":35},{"not_picked":["CutThroughFate+1","WheelKick+1"],"picked":"Protect+1","floor":36}],"player_experience":836970,"relics_obtained":[{"floor":6.0,"key":"Orichalcum"},{"floor":9.0,"key":"Pantograph"},{"floor":10.0,"key":"Matryoshka"},{"floor":12.0,"key":"Mirror"},{"floor":24,"key":"Ancient Tea Set"},{"floor":26,"key":"HornCleat"},{"floor":26,"key":"InkBottle"},{"floor":31,"key":"Nunchaku"}],"event_choices":[{"damage_healed":0.0,"max_hp_gain":0.0,"max_hp_loss":0.0,"gold_gain":0.0,"cards_transformed":["Strike_P"],"event_name":"Transmorgrifier","player_choice":"Transformed","floor":3.0,"gold_loss":0.0,"damage_taken":0.0,"cards_obtained":["Brilliance"]},{"damage_healed":0,"gold_gain":0,"player_choice":"Ignored","damage_taken":0,"max_hp_gain":0,"max_hp_loss":0,"event_name":"The Mausoleum","floor":21,"gold_loss":0},{"cards_removed":["Judgement"],"damage_healed":0,"gold_gain":0,"player_choice":"Took Card","damage_taken":0,"max_hp_gain":0,"max_hp_loss":0,"event_name":"NoteForYourself","floor":22,"gold_loss":0,"cards_obtained":["Iron Wave"]},{"damage_healed":0,"gold_gain":0,"player_choice":"Fight","damage_taken":0,"max_hp_gain":0,"max_hp_loss":0,"event_name":"OrinTheCat","floor":37,"gold_loss":0}],"is_beta":false,"boss_relics":[{"not_picked":["Replay:Drink Me","Calling Bell"],"picked":"VioletLotus"},{"not_picked":["Empty Cage","Runic Pyramid"],"picked":"ReplayTheSpireMod:DimensionalGlitch"}],"items_purged_floors":[],"is_endless":false,"potions_floor_spawned":[1,2,4,12,16,25,29,35],"killed_by":"Orin","ascension_level":0}}