{"host":"x1qj4d8ympd5jdqh","time":1614352333,"event":{"mods":["AchievementEnabler","AlwaysNeverKeys","BaseMod","Colored Map","Custom Start","DeckTracker","Highlight Path","Minty Spire (QoL Compilation)","StSLib","SuperFastMode"],"gold_per_floor":[216,55,66,86,86,113,113,113,113,113,123,136,166,180,180,180,180],"floor_reached":16,"language":"KOR","playtime":442,"items_purged":["Defend_P"],"score":274,"play_id":"754a4056-1da2-4a30-8797-293395a5796c","local_time":"20210227001213","is_ascension_mode":true,"campfire_choices":[{"floor":8,"key":"REST"},{"data":"LessonLearned","floor":10,"key":"SMITH"},{"data":"TalkToTheHand","floor":15,"key":"SMITH"}],"circlet_count":0,"master_deck":["AscendersBane","Strike_P+1","Strike_P+1","Strike_P+1","Defend_P+1","Defend_P","Defend_P","Eruption+1","Vigilance+1","LessonLearned+1","Consecrate","Indignation","TalkToTheHand+1","EmptyFist"],"relics":["PureWater","HornCleat","Pear","Smiling Mask"],"acts_visited":["Exordium"],"potions_floor_usage":[6,13,16],"damage_taken":[{"damage":0,"enemies":"2 Louse","floor":1,"turns":5},{"damage":2,"enemies":"Jaw Worm","floor":3,"turns":3},{"damage":4,"enemies":"Small Slimes","floor":4,"turns":3},{"damage":26,"enemies":"3 Sentries","floor":6,"turns":9},{"damage":1,"enemies":"Looter","floor":11,"turns":2},{"damage":0,"enemies":"Large Slime","floor":12,"turns":4},{"damage":0,"enemies":"Lagavulin","floor":13,"turns":4},{"damage":10,"enemies":"2 Fungi Beasts","floor":14,"turns":2},{"damage":4,"enemies":"Hexaghost","floor":16,"turns":9}],"seed_played":"722421484057910528","potions_obtained":[{"floor":1,"key":"LiquidBronze"},{"floor":6,"key":"AttackPotion"},{"floor":11,"key":"Block Potion"}],"is_trial":false,"path_per_floor":["M","$","M","M","?","E","?","R","T","R","M","M","E","M","R","B"],"character_chosen":"WATCHER","items_purchased":["LessonLearned"],"campfire_rested":1,"item_purchase_floors":[2],"current_hp_per_floor":[61,61,59,55,48,22,22,42,52,52,51,51,51,41,41,37,37],"gold":180,"neow_bonus":"HUNDRED_GOLD","is_daily":false,"chose_seed":false,"campfire_upgraded":2,"win_rate":0.0,"timestamp":1614352333,"path_taken":["M","$","M","M","?","E","?","R","T","R","M","M","E","M","R","BOSS"],"items_purchased_type":["Card"],"build_version":"2020-12-22","purchased_purges":1,"victory":false,"max_hp_per_floor":[68,68,68,68,68,68,68,68,78,78,78,78,78,78,78,78,78],"card_choices":[{"not_picked":["Pray","FlyingSleeves","EmptyBody"],"picked":"SKIP","floor":1},{"not_picked":["WindmillStrike","FlyingSleeves","LikeWater"],"picked":"SKIP","floor":3},{"not_picked":["FlurryOfBlows","FlyingSleeves"],"picked":"Consecrate","floor":4},{"not_picked":["BowlingBash","ClearTheMind"],"picked":"Indignation","floor":6},{"not_picked":["ThirdEye","Tantrum"],"picked":"TalkToTheHand","floor":11},{"not_picked":["ThirdEye","WreathOfFlame","ClearTheMind"],"picked":"SKIP","floor":12},{"not_picked":["Protect","CrushJoints"],"picked":"EmptyFist","floor":13},{"not_picked":["Fasting2","DeceiveReality","BowlingBash"],"picked":"SKIP","floor":14}],"player_experience":1340464,"relics_obtained":[{"floor":6,"key":"HornCleat"},{"floor":9,"key":"Pear"},{"floor":13,"key":"Smiling Mask"}],"event_choices":[{"cards_removed":["Strike_P"],"damage_healed":0,"gold_gain":0,"player_choice":"Card Removal","damage_taken":7,"max_hp_gain":0,"max_hp_loss":0,"event_name":"Golden Wing","floor":5,"gold_loss":0},{"damage_healed":0,"gold_gain":0,"player_choice":"Grow","damage_taken":0,"max_hp_gain":0,"max_hp_loss":0,"event_name":"Living Wall","floor":7,"gold_loss":0,"cards_upgraded":["Eruption"]}],"is_beta":false,"boss_relics":[],"items_purged_floors":[2],"is_endless":false,"potions_floor_spawned":[1,6,11],"killed_by":"Hexaghost","ascension_level":20}}