{"host":"dl909bjyolgrn2uw","time":1614300527,"event":{"mods":["2.2 Compatiblity","AchievementEnabler","BaseMod","Bestiary","Better Altar","Better Note","Better Sensory Stone","Better Skull","Better Vampires","Colored Powertips","Curses Come First","Disable Question Mark Monsters","Displayed Cursed Tome","Downfall","Emptier Cage","Minty Spire (QoL Compilation)","Permanent Neow","Quick Restart","Rare Cards Sparkle","Relic Stats","Shop Mod","Spicy Shops","StSLib","SuperFastMode","Transform Curses"],"gold_per_floor":[99,99,99,21,21,49,72,102,130,160,191,222,234,264,286,398,410,422,447,471,493,517,563,625,653,698,710,734,746,160,178,198,293,293,293,303,322,322,369,403,403,434,234,262,132,132,32,64,76,76,76,111,11,11,11,11,11,11],"floor_reached":56,"language":"ENG","playtime":5643,"items_purged":["champ:Strike","champ:Strike"],"score":980,"play_id":"b625cd0c-aa98-4581-b55e-ff37e955e83a","local_time":"20210225184847","is_ascension_mode":true,"campfire_choices":[{"data":"champ:Execute","floor":1.0,"key":"SMITH"},{"data":"champ:StanceDance","floor":13.0,"key":"SMITH"},{"data":"champ:CheapShot","floor":18.0,"key":"SMITH"},{"floor":27.0,"key":"REST"},{"data":"champ:Improvising","floor":29.0,"key":"SMITH"},{"data":"champ:StanceDance","floor":35.0,"key":"SMITH"},{"floor":43.0,"key":"RECALL"},{"floor":47.0,"key":"REST"},{"data":"champ:Taunt","floor":54.0,"key":"SMITH"}],"circlet_count":0,"master_deck":["champ:Strike+1","champ:Strike+1","champ:Defend","champ:Defend","champ:Defend","champ:Defend","champ:Execute+1","champ:Taunt+1","champ:RageSigil","champ:CrownThrow","champ:Execute+1","champ:CheapShot+1","champ:PreciseThrust","champ:AdrenalArmor","champ:BringItOn","champ:StanceDance+1","champ:FocusedDefense","champ:StanceDance+1","champ:EnGarde","champ:Improvising+1","champ:AdrenalArmor","champ:FanOfKnives+1","champ:TornadoPunch+1","champ:DefensiveStyle+1","champ:Haymaker+1","champ:DefensiveStyle","champ:Lariat","champ:Parry+1","expansioncontent:Hexaburn","champ:FanOfKnives+1","champ:Circumvent","Flash of Steel"],"relics":["champ:ChampionCrown","downfall:HeartsMalice","DollysMirror","Omamori","MawBank","Busted Crown","PreservedInsect","Whetstone","HornCleat","Eternal Feather","Medical Kit","SlaversCollar","WingedGreaves","Lantern","Nunchaku","downfall:HeartBlessingBlue","downfall:HeartBlessingGreen","Bottled Tornado","OrangePellets","Toolbox","downfall:HeartBlessingRed","Blood Vial","Strawberry","Kunai"],"acts_visited":["Exordium","TheCity","TheBeyond","TheEnding"],"potions_floor_usage":[56,56,56],"damage_taken":[{"damage":0.0,"enemies":"Cultist","floor":2.0,"turns":1.0},{"damage":0.0,"enemies":"2 Louse","floor":3.0,"turns":1.0},{"damage":0.0,"enemies":"downfall:FleeingMerchant","floor":4.0,"turns":1.0},{"damage":51.0,"enemies":"3 Sentries","floor":6.0,"turns":6.0},{"damage":16.0,"enemies":"Jaw Worm","floor":8.0,"turns":4.0},{"damage":28.0,"enemies":"Lots of Slimes","floor":9.0,"turns":4.0},{"damage":37.0,"enemies":"Large Slime","floor":10.0,"turns":5.0},{"damage":15.0,"enemies":"downfall:LooterAlt","floor":11.0,"turns":3.0},{"damage":13.0,"enemies":"3 Louse","floor":12.0,"turns":4.0},{"damage":15.0,"enemies":"2 Fungi Beasts","floor":14.0,"turns":2.0},{"damage":11.0,"enemies":"Exordium Wildlife","floor":15.0,"turns":3.0},{"damage":70.0,"enemies":"DF_ARCHETYPE_STREAMLINE","floor":16.0,"turns":9.0},{"damage":27.0,"enemies":"Spheric Guardian","floor":19.0,"turns":4.0},{"damage":20.0,"enemies":"Chosen","floor":20.0,"turns":5.0},{"damage":25.0,"enemies":"Centurion and Healer","floor":21.0,"turns":7.0},{"damage":87.0,"enemies":"Cultist and Chosen","floor":22.0,"turns":8.0},{"damage":55.0,"enemies":"Slavers","floor":23.0,"turns":5.0},{"damage":17.0,"enemies":"Snake Plant","floor":25.0,"turns":5.0},{"damage":31.0,"enemies":"Book of Stabbing","floor":26.0,"turns":5.0},{"damage":21.0,"enemies":"Shelled Parasite and Fungi","floor":28.0,"turns":2.0},{"damage":30.0,"enemies":"downfall:FleeingMerchant","floor":30.0,"turns":5.0},{"damage":29.0,"enemies":"Sentry and Sphere","floor":31.0,"turns":4.0},{"damage":25.0,"enemies":"Centurion and Healer","floor":32.0,"turns":5.0},{"damage":30.0,"enemies":"IC_MUSHROOM_ARCHETYPE","floor":33.0,"turns":5.0},{"damage":15.0,"enemies":"3 Shapes","floor":36.0,"turns":5.0},{"damage":45.0,"enemies":"3 Darklings","floor":37.0,"turns":5.0},{"damage":39.0,"enemies":"2 Orb Walkers","floor":39.0,"turns":5.0},{"damage":58.0,"enemies":"Nemesis","floor":40.0,"turns":6.0},{"damage":84.0,"enemies":"Giant Head","floor":42.0,"turns":8.0},{"damage":25.0,"enemies":"Nemesis","floor":44.0,"turns":5.0},{"damage":10.0,"enemies":"downfall:FleeingMerchant","floor":45.0,"turns":4.0},{"damage":25.0,"enemies":"Giant Head","floor":48.0,"turns":5.0},{"damage":10.0,"enemies":"Sphere and 2 Shapes","floor":49.0,"turns":3.0},{"damage":50.0,"enemies":"SI_POISON_ARCHETYPE","floor":50.0,"turns":10.0},{"damage":71.0,"enemies":"downfall:CharBossMerchant","floor":52.0,"turns":7.0},{"damage":138.0,"enemies":"downfall:NeowBoss","floor":55.0,"turns":18.0},{"damage":134,"enemies":"downfall:NeowBossFinal","floor":56,"turns":8}],"seed_played":"8090404796793596378","potions_obtained":[{"floor":8.0,"key":"BlessingOfTheForge"},{"floor":9.0,"key":"EntropicBrew"},{"floor":11.0,"key":"Regen Potion"},{"floor":16.0,"key":"Block Potion"},{"floor":21.0,"key":"champ:OpenerPotion"},{"floor":22.0,"key":"CultistPotion"},{"floor":23.0,"key":"BlessingOfTheForge"},{"floor":25.0,"key":"Strength Potion"},{"floor":33.0,"key":"Swift Potion"},{"floor":36.0,"key":"AttackPotion"},{"floor":44.0,"key":"Regen Potion"}],"is_trial":false,"path_per_floor":["R","M","M","$","?","E","T","M","M","M","M","M","R","M","M","B",null,"R","M","M","M","M","E","T","M","E","R","M","R","$","M","M","B",null,"R","M","M","?","?","E","T","E","R","E","$","?","R","E","M","B",null,"E","$","R","B","B"],"character_chosen":"THE_CHAMP","items_purchased":["DollysMirror","Eternal Feather","Medical Kit","OrangePellets","Toolbox","DuplicationPotion","Kunai"],"campfire_rested":2,"item_purchase_floors":[4,30,30,45,45,45,53],"current_hp_per_floor":[90,90,90,90,90,79,79,78,65,58,53,50,50,50,49,34,90,90,88,88,88,61,56,56,54,33,60,59,59,59,45,45,30,90,90,90,90,90,66,58,58,19,47,47,47,47,95,95,97,99,100,81,81,99,83,0,0,0],"gold":11,"neow_bonus":"THREE_ENEMY_KILL","is_daily":false,"chose_seed":false,"campfire_upgraded":6,"win_rate":0.0,"timestamp":1614300527,"path_taken":["R","M","?","$","?","E","T","?","M","M","M","M","R","M","M","BOSS","R","M","M","M","M","E","T","?","E","R","M","R","$","M","M","BOSS","R","M","?","?","?","E","T","E","R","E","$","?","R","E","M","BOSS","E","$","R","BOSS","BOSS"],"items_purchased_type":["Relic","Relic","Relic","Relic","Relic","Potion","Relic"],"build_version":"2020-12-22","purchased_purges":2,"victory":false,"max_hp_per_floor":[90,90,90,90,90,90,90,90,90,90,90,90,90,90,90,90,90,90,90,90,90,90,90,90,90,90,90,90,90,90,90,90,90,90,90,90,90,90,90,90,90,90,100,100,100,100,100,100,100,100,100,107,107,107,107,107,107,107],"relic_stats":{"Blood Vial":8,"OrangePellets":[6],"Nunchaku":[16],"Busted Crown":50,"counters":[37,189],"Eternal Feather":54,"PreservedInsect":559,"Whetstone":["champ:Strike","champ:Strike"],"Kunai":[14],"MawBank":276,"Medical Kit":[10],"obtain_stats":[{"Lantern":40,"downfall:HeartBlessingRed":47,"champ:ChampionCrown":0,"downfall:HeartsMalice":0,"Eternal Feather":30,"downfall:HeartBlessingGreen":43,"PreservedInsect":23,"Omamori":6,"Whetstone":24,"Bottled Tornado":44,"MawBank":7,"Medical Kit":30,"Blood Vial":48,"SlaversCollar":34,"OrangePellets":45,"Nunchaku":42,"Busted Crown":17,"HornCleat":26,"DollysMirror":4,"downfall:HeartBlessingBlue":43,"Strawberry":52,"Toolbox":45,"WingedGreaves":39,"Kunai":53},{"Lantern":28,"downfall:HeartBlessingRed":31,"champ:ChampionCrown":0,"downfall:HeartsMalice":0,"Eternal Feather":21,"downfall:HeartBlessingGreen":29,"PreservedInsect":17,"Omamori":4,"Whetstone":17,"Bottled Tornado":30,"MawBank":4,"Medical Kit":21,"Blood Vial":32,"SlaversCollar":24,"OrangePellets":31,"Nunchaku":29,"Busted Crown":12,"HornCleat":19,"DollysMirror":3,"downfall:HeartBlessingBlue":29,"Strawberry":35,"Toolbox":31,"WingedGreaves":27,"Kunai":35},{"Lantern":121,"downfall:HeartBlessingRed":138,"champ:ChampionCrown":0,"downfall:HeartsMalice":0,"Eternal Feather":86,"downfall:HeartBlessingGreen":129,"PreservedInsect":69,"Omamori":6,"Whetstone":69,"Bottled Tornado":134,"MawBank":6,"Medical Kit":86,"Blood Vial":143,"SlaversCollar":100,"OrangePellets":138,"Nunchaku":129,"Busted Crown":40,"HornCleat":79,"DollysMirror":0,"downfall:HeartBlessingBlue":129,"Strawberry":163,"Toolbox":138,"WingedGreaves":115,"Kunai":163}]},"card_choices":[{"not_picked":["champ:BerserkerStyle","champ:PerfectedStrike"],"picked":"champ:RageSigil","floor":2.0},{"not_picked":["champ:FalseCounter","champ:BerserkerStyle"],"picked":"champ:CrownThrow","floor":3.0},{"not_picked":["champ:Haymaker","champ:Shatter","champ:PreemptiveStrike"],"picked":"SKIP","floor":4.0},{"not_picked":["champ:Haymaker","champ:SkillfulDodge","champ:CrookedStrike"],"picked":"SKIP","floor":6.0},{"not_picked":["champ:GutPunch","champ:BerserkersShout"],"picked":"champ:PreciseThrust","floor":8.0},{"not_picked":["champ:IronFortress","champ:Backstep"],"picked":"champ:AdrenalArmor","floor":9.0},{"not_picked":["champ:Encircle","champ:TornadoPunch"],"picked":"champ:BringItOn","floor":10.0},{"not_picked":["champ:FanOfKnives","champ:Haymaker"],"picked":"champ:StanceDance","floor":11.0},{"not_picked":["champ:Encircle","champ:SkillfulDodge"],"picked":"champ:FocusedDefense","floor":12.0},{"not_picked":["champ:ShieldSigil","champ:DefensiveStyle"],"picked":"champ:StanceDance","floor":14.0},{"not_picked":["champ:Circumvent","champ:ShieldSigil"],"picked":"champ:EnGarde","floor":15.0},{"not_picked":["champ:HoldFirm","champ:SwordThrow"],"picked":"champ:Improvising","floor":16.0},{"not_picked":[],"picked":"champ:AdrenalArmor","floor":19.0},{"not_picked":["champ:FlashCut"],"picked":"SKIP","floor":20.0},{"not_picked":[],"picked":"champ:FanOfKnives+1","floor":21.0},{"not_picked":["champ:FalseCounter"],"picked":"SKIP","floor":22.0},{"not_picked":["champ:PerfectedStrike+1"],"picked":"SKIP","floor":23.0},{"not_picked":["champ:BladeFlurry"],"picked":"SKIP","floor":25.0},{"not_picked":[],"picked":"champ:TornadoPunch+1","floor":26.0},{"not_picked":[],"picked":"champ:DefensiveStyle+1","floor":28.0},{"not_picked":[],"picked":"champ:Haymaker+1","floor":30.0},{"not_picked":["champ:CrownThrow"],"picked":"SKIP","floor":31.0},{"not_picked":[],"picked":"champ:DefensiveStyle","floor":32.0},{"not_picked":[],"picked":"champ:Lariat","floor":36.0},{"not_picked":[],"picked":"champ:Parry+1","floor":37.0},{"not_picked":["expansioncontent:InvincibleStrength","expansioncontent:GuardianWhirl"],"picked":"expansioncontent:Hexaburn","floor":38.0},{"not_picked":[],"picked":"champ:FanOfKnives+1","floor":39.0},{"not_picked":["champ:RapidStrikes+1"],"picked":"SKIP","floor":40.0},{"not_picked":["champ:BladeFlurry+1"],"picked":"SKIP","floor":42.0},{"not_picked":[],"picked":"champ:Circumvent","floor":44.0},{"not_picked":["champ:Circumvent"],"picked":"SKIP","floor":45.0},{"not_picked":[],"picked":"Flash of Steel","floor":46.0},{"not_picked":["champ:Backstep"],"picked":"SKIP","floor":48.0},{"not_picked":["champ:DefensiveShout"],"picked":"SKIP","floor":49.0},{"not_picked":["champ:RapidStrikes"],"picked":"SKIP","floor":52.0}],"player_experience":559609,"relics_obtained":[{"floor":6.0,"key":"Omamori"},{"floor":7.0,"key":"MawBank"},{"floor":23.0,"key":"PreservedInsect"},{"floor":24.0,"key":"Whetstone"},{"floor":26.0,"key":"HornCleat"},{"floor":39.0,"key":"WingedGreaves"},{"floor":40.0,"key":"Lantern"},{"floor":42.0,"key":"Nunchaku"},{"floor":44.0,"key":"Bottled Tornado"},{"floor":48.0,"key":"Blood Vial"},{"floor":52.0,"key":"Strawberry"}],"event_choices":[{"damage_healed":0.0,"max_hp_gain":0.0,"max_hp_loss":0.0,"gold_gain":0.0,"event_name":"Mysterious Sphere","player_choice":"Fight","floor":39.0,"gold_loss":0.0,"damage_taken":0.0},{"damage_healed":0.0,"max_hp_gain":0.0,"max_hp_loss":0.0,"gold_gain":3.0,"event_name":"betterStone:BetterStone","player_choice":"1","floor":46.0,"gold_loss":0.0,"damage_taken":0.0}],"is_beta":false,"boss_relics":[{"not_picked":["Velvet Choker","Runic Dome"],"picked":"Busted Crown"},{"not_picked":["Empty Cage","Philosopher\u0027s Stone"],"picked":"SlaversCollar"}],"items_purged_floors":[30,30],"is_endless":false,"potions_floor_spawned":[8,9,11,12,15,16,21,22,23,25,33,36,37,44],"killed_by":"downfall:NeowBossFinal","ascension_level":1}}