{"host":"6h3q3yj0dwrjt6pc","time":1614313530,"event":{"mods":["BaseMod","Colored Map","Downfall","Minty Spire (QoL Compilation)","StSLib"],"gold_per_floor":[99,118,22,33,333,346,393,423,442,2,0,18,18,18,18],"floor_reached":13,"language":"ENG","playtime":1241,"items_purged":["downfall:Icky"],"score":85,"play_id":"d67af756-f53b-4a71-b88e-33e6b75e9d73","local_time":"20210225222530","is_ascension_mode":false,"campfire_choices":[{"data":"bronze:Goto","floor":1,"key":"SMITH"}],"circlet_count":0,"master_deck":["bronze:Strike","bronze:Strike","bronze:Strike","bronze:Strike","bronze:Defend","bronze:Defend","bronze:Defend","bronze:Defend","bronze:Replicate","bronze:Goto+1","bronze:Boost","bronze:ThunderWave","bronze:FollowUp","bronze:FineTuning","downfall:Icky","bronze:Shell","bronze:Turbo","bronze:OilSpill","bronze:Iterate","bronze:CutThrough","bronze:Flail"],"relics":["bronze:BronzeCore","Lantern","Bag of Marbles","Happy Flower","Toolbox"],"acts_visited":["Exordium"],"potions_floor_usage":[13,13,13],"damage_taken":[{"damage":0,"enemies":"Cultist","floor":2,"turns":4},{"damage":0,"enemies":"downfall:FleeingMerchant","floor":3,"turns":4},{"damage":0,"enemies":"Small Slimes","floor":4,"turns":3},{"damage":6,"enemies":"Jaw Worm","floor":6,"turns":5},{"damage":18,"enemies":"Gremlin Nob","floor":8,"turns":4},{"damage":25,"enemies":"Gremlin Gang","floor":9,"turns":8},{"damage":5,"enemies":"downfall:FleeingMerchant","floor":10,"turns":4},{"damage":20,"enemies":"downfall:FleeingMerchant","floor":11,"turns":4},{"damage":0,"enemies":"downfall:LooterAlt","floor":12,"turns":3},{"damage":6,"enemies":"3 Sentries","floor":13,"turns":1}],"seed_played":"-8978678646763243752","potions_obtained":[{"floor":2,"key":"bronze:CleanCodePotion"},{"floor":4,"key":"Weak Potion"},{"floor":9,"key":"champ:CounterPotion"}],"is_trial":false,"path_per_floor":["R","M","$","M","?","M","T","E","M","$","$","M","E"],"character_chosen":"THE_AUTOMATON","items_purchased":["bronze:FollowUp","Happy Flower","Toolbox","bronze:Iterate"],"campfire_rested":0,"item_purchase_floors":[3,10,10,10],"current_hp_per_floor":[77,77,77,77,77,71,71,53,28,23,3,3,0,0,0],"gold":18,"neow_bonus":"TEN_PERCENT_HP_BONUS","is_daily":false,"chose_seed":false,"campfire_upgraded":1,"win_rate":0.0,"timestamp":1614313530,"path_taken":["R","M","?","M","?","M","T","E","M","?","$","M","E"],"items_purchased_type":["Card","Relic","Relic","Card"],"build_version":"2020-12-22","purchased_purges":1,"victory":false,"max_hp_per_floor":[77,77,77,77,77,77,77,77,77,77,77,77,77,77,77],"card_choices":[{"not_picked":["bronze:Flail","bronze:Invalidate"],"picked":"bronze:Boost","floor":2},{"not_picked":["bronze:Overheat","bronze:DelayedGuard"],"picked":"bronze:ThunderWave","floor":3},{"not_picked":["bronze:Invalidate","bronze:WhirlingStrike"],"picked":"bronze:FineTuning","floor":4},{"not_picked":["bronze:BuggyMess","bronze:Boost","bronze:Frontload"],"picked":"SKIP","floor":6},{"not_picked":["bronze:HyperBeam","bronze:ForceShield"],"picked":"bronze:Shell","floor":8},{"not_picked":["bronze:Flail","bronze:Return"],"picked":"bronze:Turbo","floor":9},{"not_picked":["bronze:CutThrough","bronze:Break"],"picked":"bronze:OilSpill","floor":10},{"not_picked":["bronze:Fortify","bronze:Optimize"],"picked":"bronze:CutThrough","floor":11},{"not_picked":["bronze:ChosenStrike","bronze:DelayedSlice"],"picked":"bronze:Flail","floor":12}],"player_experience":117898,"relics_obtained":[{"floor":7,"key":"Lantern"},{"floor":8,"key":"Bag of Marbles"}],"event_choices":[],"is_beta":false,"boss_relics":[],"items_purged_floors":[10],"is_endless":false,"potions_floor_spawned":[2,4,9],"killed_by":"3 Sentries","ascension_level":0}}