{"host":"ugys05tpep779cl6","time":1614338520,"event":{"mods":["AchievementEnabler","Aspiration","BaseMod","Beaked The Cultist","CatGirl Mod","Colored Powertips","HololiveMod","Lobotomy","Minty Spire (QoL Compilation)","Quick Restart","Replay The Spire","Spicy Shops","StSLib","The Druid"],"gold_per_floor":[117,217,142,155,169,199,213,213,213,241,241,268,282,57,57,57,57],"floor_reached":16,"language":"ENG","playtime":600,"items_purged":["Strike_R","Strike_R","Strike_R"],"score":150,"play_id":"a2453a9a-2b86-42b9-94fa-a706a3527ffb","local_time":"20210226122200","is_ascension_mode":true,"campfire_choices":[{"data":"Body Slam","floor":8.0,"key":"SMITH"},{"data":"Shrug It Off","floor":11.0,"key":"SMITH"},{"floor":15,"key":"DIG"}],"circlet_count":0,"master_deck":["Strike_R","Strike_R","Defend_R","Defend_R","Defend_R","Defend_R","Bash","Body Slam+1","Anger","Shrug It Off+1"],"relics":["Burning Blood","aspiration:DSix","Replay:Bottled Steam","Blue Doll","Shovel","Pet Ghost"],"acts_visited":["Exordium"],"potions_floor_usage":[],"damage_taken":[{"damage":10.0,"enemies":"Small Slimes","floor":1.0,"turns":4.0},{"damage":6.0,"enemies":"Cultist","floor":4.0,"turns":3.0},{"damage":2.0,"enemies":"Jaw Worm","floor":5.0,"turns":3.0},{"damage":10.0,"enemies":"3 Sentries","floor":6.0,"turns":8.0},{"damage":1.0,"enemies":"Exordium Thugs","floor":7.0,"turns":4.0},{"damage":16.0,"enemies":"Gremlin Nob","floor":10.0,"turns":4.0},{"damage":30.0,"enemies":"3 Sentries","floor":12.0,"turns":10.0},{"damage":1,"enemies":"2 Fungi Beasts","floor":13,"turns":3},{"damage":38,"enemies":"Hexaghost","floor":16,"turns":9}],"seed_played":"-6900076101884875222","potions_obtained":[{"floor":1.0,"key":"SneckoOil"},{"floor":6.0,"key":"Toxic Potion"},{"floor":7.0,"key":"Strength Potion"}],"is_trial":false,"path_per_floor":["M","?","$","M","M","E","M","R","T","E","R","E","M","$","R","B"],"character_chosen":"IRONCLAD","items_purchased":[],"campfire_rested":0,"item_purchase_floors":[],"current_hp_per_floor":[76,76,76,76,80,76,80,80,80,70,70,46,51,51,51,13,13],"gold":57,"neow_bonus":"DSIX","is_daily":false,"chose_seed":false,"campfire_upgraded":2,"win_rate":0.0,"timestamp":1614338520,"path_taken":["M","?","?","M","M","E","M","R","T","E","R","E","M","$","R","BOSS"],"items_purchased_type":[],"build_version":"2020-12-22","purchased_purges":3,"victory":false,"max_hp_per_floor":[80,80,80,80,80,80,80,80,80,80,80,80,80,80,80,80,80],"card_choices":[{"not_picked":["Metallicize","Cleave"],"picked":"Body Slam","floor":1.0},{"not_picked":["Rampage","Headbutt"],"picked":"Anger","floor":4.0},{"not_picked":["Sword Boomerang","Rupture"],"picked":"Shrug It Off","floor":5.0},{"not_picked":["Massacre","Ghostly Armor","Feed"],"picked":"SKIP","floor":6.0},{"not_picked":["ReplayTheSpireMod:Strike From Hell","ReplayTheSpireMod:Corrosion Curse","Twin Strike"],"picked":"SKIP","floor":7.0},{"not_picked":["ReplayTheSpireMod:Muscle Training","Corruption","Havoc"],"picked":"SKIP","floor":10.0},{"not_picked":["ReplayTheSpireMod:Muscle Training","Corruption","Havoc"],"picked":"SKIP","floor":10.0},{"not_picked":["Twin Strike","Sever Soul","Clothesline"],"picked":"SKIP","floor":12},{"not_picked":["Armaments","Searing Blow","Iron Wave"],"picked":"SKIP","floor":13}],"player_experience":785284,"relics_obtained":[{"floor":6.0,"key":"Replay:Bottled Steam"},{"floor":10.0,"key":"Blue Doll"},{"floor":12,"key":"Shovel"},{"floor":15,"key":"Pet Ghost"}],"event_choices":[{"damage_healed":0.0,"max_hp_gain":0.0,"max_hp_loss":0.0,"gold_gain":100.0,"event_name":"Golden Shrine","player_choice":"Pray","floor":2.0,"gold_loss":0.0,"damage_taken":0.0}],"is_beta":false,"boss_relics":[],"items_purged_floors":[3,14,14],"is_endless":false,"potions_floor_spawned":[1,6,7],"killed_by":"Hexaghost","ascension_level":5}}