{"host":"cy4bqpzmmfw1b6lr","time":1614310155,"event":{"mods":["AchievementEnabler","BaseMod","Card Forge","Colored Map","Conspire","Downfall","Halation","Hubris","Infinite Spire","Minty Spire (QoL Compilation)","Replay The Spire","StSLib","Waifu the Spire"],"gold_per_floor":[99,116,130,130,142,142,142,142,152,152,58,93,93,104,124,227,227,227,237,171,185,199,199,199,212,212,243,254,269,279,314,330,430,430,430,441,460,460,460,472,496,507,524,569,569,597,597,597,597,597,613,709,709,709,725,725,725,725],"floor_reached":56,"language":"ENG","playtime":2403,"items_purged":[],"score":909,"play_id":"b3288bef-cdea-4efa-a883-e6216da00f6a","local_time":"20210225202915","is_ascension_mode":false,"campfire_choices":[{"floor":1,"key":"RECALL"},{"floor":10,"key":"REST"},{"floor":13,"key":"REST"},{"floor":23,"key":"REST"},{"floor":35,"key":"REST"},{"floor":45,"key":"REST"},{"data":"hexamod:VolcanoVisage","floor":54,"key":"SMITH"}],"circlet_count":0,"master_deck":["hexamod:Sear+1","hexamod:BurningTouch+1","hexamod:ExtraCrispy+1","hexamod:SearingWound+1","hexamod:ExtraCrispy+1","hexamod:HeatCrush+1","hexamod:HeatShield+1","hexamod:HeatShield+1","hexamod:TimeOfNeed+1","hexamod:BurningTouch+1","hexamod:VolcanoVisage+1"],"relics":["hexamod:SpiritBrand","Hammer of Thor","Seething Fire","Anvil of the Gods","ReplayTheSpireMod:Lightbulb","halation:EternalFortune","Anchor","hexamod:IceCube","infinitespire:Joker Card","hubris:PeanutButter","Ancient Tea Set","Vajra","Replay:Bronze Core","Centennial Puzzle","MealTicket","Lantern","hubris:Towel","hubris:BlackHole"],"acts_visited":["Exordium","TheCity","TheBeyond","Exordium"],"potions_floor_usage":[44],"damage_taken":[{"damage":0,"enemies":"2 Louse","floor":2,"turns":3},{"damage":4,"enemies":"conspire:RoseBush","floor":3,"turns":2},{"damage":2,"enemies":"Small Slimes","floor":5,"turns":3},{"damage":6,"enemies":"Blue Slaver","floor":9,"turns":4},{"damage":9,"enemies":"downfall:FleeingMerchant","floor":11,"turns":4},{"damage":0,"enemies":"Lagavulin","floor":12,"turns":4},{"damage":0,"enemies":"downfall:LooterAlt","floor":14,"turns":2},{"damage":3,"enemies":"Red Slaver","floor":15,"turns":4},{"damage":33,"enemies":"DF_ARCHETYPE_STREAMLINE","floor":16,"turns":6},{"damage":0,"enemies":"Spheric Guardian","floor":19,"turns":3},{"damage":2,"enemies":"downfall:FleeingMerchant","floor":20,"turns":4},{"damage":0,"enemies":"Chosen","floor":21,"turns":4},{"damage":3,"enemies":"Shelled Parasite and Fungi","floor":22,"turns":3},{"damage":0,"enemies":"Chosen and Byrds","floor":25,"turns":3},{"damage":8,"enemies":"Gremlin Leader","floor":27,"turns":4},{"damage":3,"enemies":"Cultist and Chosen","floor":28,"turns":5},{"damage":0,"enemies":"Shelled Parasite and Fungi","floor":29,"turns":5},{"damage":0,"enemies":"Snecko","floor":30,"turns":4},{"damage":3,"enemies":"Nightmare","floor":31,"turns":5},{"damage":0,"enemies":"Centurion and Healer","floor":32,"turns":5},{"damage":29,"enemies":"SI_MIRROR_ARCHETYPE","floor":33,"turns":9},{"damage":0,"enemies":"3 Shapes","floor":36,"turns":3},{"damage":0,"enemies":"Orb Walker","floor":37,"turns":3},{"damage":0,"enemies":"Maw","floor":39,"turns":5},{"damage":3,"enemies":"Writhing Mass","floor":40,"turns":3},{"damage":0,"enemies":"Jaw Worm Horde","floor":42,"turns":4},{"damage":0,"enemies":"Spire Growth","floor":43,"turns":3},{"damage":0,"enemies":"R_Hoarder","floor":44,"turns":6},{"damage":18,"enemies":"Giant Head","floor":46,"turns":4},{"damage":22,"enemies":"4 Shapes","floor":51,"turns":4},{"damage":0,"enemies":"WA_ARCHETYPE_DIVINITY","floor":52,"turns":4},{"damage":4,"enemies":"Jaw Worm","floor":55,"turns":2},{"damage":0,"enemies":"2 Louse","floor":56,"turns":4}],"seed_played":"2922813238767651395","potions_obtained":[{"floor":2,"key":"hexamod:DoubleChargePotion"},{"floor":5,"key":"SteroidPotion"},{"floor":9,"key":"Flashbang"},{"floor":37,"key":"Fruit Juice"},{"floor":44,"key":"hexamod:SoulburnPotion"}],"is_trial":false,"path_per_floor":["R","M","M","?","M","?","T","?","M","R","$","E","R","M","M","B",null,"R_BF","M","$","M","M","R","T","M","?","E","M","M","M","NM","M","B",null,"R","M","M","$","M","M","T","M","M","E","R","E","?","PTL","PTL","?","M","B",null,"R","M","M"],"character_chosen":"THE_SPIRIT","items_purchased":["hexamod:ExtraCrispy","hexamod:HeatCrush","infinitespire:Joker Card"],"campfire_rested":5,"item_purchase_floors":[11,20,20],"current_hp_per_floor":[77,77,73,73,71,71,71,74,68,80,71,71,80,80,77,44,80,80,80,78,80,80,80,80,83,83,82,83,83,83,80,83,54,83,83,83,83,83,83,80,80,80,80,85,88,70,70,70,70,70,51,51,91,91,87,87,87,87],"gold":725,"neow_bonus":"TEN_PERCENT_HP_BONUS","is_daily":false,"chose_seed":false,"campfire_upgraded":1,"win_rate":0.0,"timestamp":1614310155,"path_taken":["R","M","M","?","?","?","T","?","M","R","$","E","R","M","M","BOSS","R_BF","M","$","M","M","R","T","M","?","E","M","?","M","NM","M","BOSS","R","M","M","$","M","M","T","M","M","E","R","E","?","PTL","PTL","?","M","BOSS","R","M","M"],"items_purchased_type":["Card","Card","Relic"],"build_version":"2020-12-22","purchased_purges":0,"victory":false,"max_hp_per_floor":[77,77,77,77,77,77,77,80,80,80,80,80,80,80,80,80,80,80,80,80,80,80,80,80,83,83,83,83,83,83,83,83,83,83,83,83,83,83,83,83,83,83,83,88,88,88,88,88,88,88,91,91,91,91,91,91,91,91],"card_choices":[{"not_picked":["hexamod:DynamicBlow","hexamod:GhostLash"],"picked":"hexamod:SoulSteal","floor":2},{"not_picked":["hexamod:SkipABeat","hexamod:HeatShield"],"picked":"hexamod:Firestarter","floor":3},{"not_picked":["hexamod:ThirdSeal","hexamod:Incineration"],"picked":"hexamod:BurningTouch","floor":5},{"not_picked":["hexamod:NightmareStrike","hexamod:GhostShield"],"picked":"hexamod:Incineration","floor":9},{"not_picked":["hexamod:StepThrough","hexamod:GhostOfSpirePast"],"picked":"hexamod:ForkedFlame","floor":11},{"not_picked":["hexamod:ParanormalForm","hexamod:FirstSeal"],"picked":"hexamod:Hexaguard","floor":12},{"not_picked":["hexamod:StepThrough","hexamod:Firestarter","hexamod:SpectersWail"],"picked":"SKIP","floor":14},{"not_picked":["hexamod:ShieldOfDarkness","hexamod:BacktrackSmack","hexamod:PhantomCloak"],"picked":"SKIP","floor":15},{"not_picked":["hexamod:ParanormalForm","hexamod:UnlimitedPower"],"picked":"hexamod:SearingWound","floor":16},{"not_picked":["hexamod:Firestarter","hexamod:RadiantFlame"],"picked":"hexamod:ExtraCrispy+1","floor":19},{"not_picked":["hexamod:ChargedBarrage","hexamod:Again"],"picked":"hexamod:FirstSeal","floor":20},{"not_picked":["hexamod:HauntingEcho","hexamod:ShieldOfDarkness","hexamod:BurningTouch"],"picked":"SKIP","floor":21},{"not_picked":["hexamod:PhantomFireball+1","hexamod:SwordOfDarkness","hexamod:SpectersWail"],"picked":"SKIP","floor":22},{"not_picked":["hexamod:ThirdSeal","hexamod:NecessarySacrifice"],"picked":"hexamod:HeatShield+1","floor":25},{"not_picked":["hexamod:PhantomFireball","hexamod:BurningTouch+1","hexamod:SpectralAdrenaline"],"picked":"SKIP","floor":27},{"not_picked":["hexamod:StepThrough+1","hexamod:SoulSteal","hexamod:FastForward"],"picked":"SKIP","floor":28},{"not_picked":["hexamod:SoulSteal","hexamod:Firestarter+1","hexamod:FastForward"],"picked":"SKIP","floor":29},{"not_picked":["hexamod:HeatMetal","hexamod:BurningTouch"],"picked":"hexamod:HeatShield+1","floor":30},{"not_picked":["hexamod:SpectersWail+1","hexamod:HeatMetal","hexamod:HauntingEcho"],"picked":"SKIP","floor":31},{"not_picked":["hexamod:Hexaguard","hexamod:SecondSeal","hexamod:WildfireWeapon"],"picked":"SKIP","floor":32},{"not_picked":["hexamod:TurnItUp","hexamod:ForkedFlame"],"picked":"hexamod:TimeOfNeed","floor":33},{"not_picked":["hexamod:HauntingEcho","hexamod:InspiringFlames+1","hexamod:BacktrackSmack+1"],"picked":"SKIP","floor":36},{"not_picked":["hexamod:GhostOfSpirePresent","hexamod:StepThrough"],"picked":"hexamod:ThirdSeal","floor":37},{"not_picked":["hexamod:NightmareGuise","hexamod:AdvancingGuard+1"],"picked":"hexamod:BurningTouch+1","floor":39},{"not_picked":["hexamod:SwordOfDarkness+1","hexamod:RainOfEmbers","hexamod:CatchUp+1"],"picked":"SKIP","floor":39},{"not_picked":["hexamod:ShieldOfDarkness+1","hexamod:FastForward","hexamod:Hexaguard+1"],"picked":"SKIP","floor":39},{"not_picked":["hexamod:Hexaguard+1","hexamod:HauntingEcho","hexamod:ShieldOfDarkness"],"picked":"SKIP","floor":40},{"not_picked":["hexamod:GhostLash+1","hexamod:ChargedBarrage+1","hexamod:BacktrackSmack+1"],"picked":"SKIP","floor":42},{"not_picked":["hexamod:ChargedBarrage+1","hexamod:Hexaguard+1","hexamod:BacktrackSmack"],"picked":"SKIP","floor":43},{"not_picked":["hexamod:BacktrackSmack","hexamod:AdvancingGuard","hexamod:Firestarter+1"],"picked":"SKIP","floor":43},{"not_picked":["hexamod:HeatMetal","hexamod:UnlimitedPower","hexamod:NightmareGuise"],"picked":"SKIP","floor":44},{"not_picked":["hexamod:StepThrough+1","hexamod:Again+1","hexamod:UnlimitedPower"],"picked":"SKIP","floor":44},{"not_picked":["hexamod:ShieldOfDarkness+1","hexamod:Rewind"],"picked":"hexamod:EmpoweredFlame+1","floor":46},{"not_picked":["hexamod:ThermalTransfer","hexamod:SwordOfDarkness+1","hexamod:HeatCrush"],"picked":"SKIP","floor":46},{"not_picked":["hexamod:SkipABeat+1","hexamod:ThermalTransfer","hexamod:Firestarter+1"],"picked":"SKIP","floor":51},{"not_picked":["hexamod:TimeWarp","hexamod:ParanormalForm"],"picked":"hexamod:VolcanoVisage","floor":52},{"not_picked":["hexamod:NightmareGuise","hexamod:InspiringFlames","hexamod:ThirdSeal"],"picked":"SKIP","floor":55}],"player_experience":46650,"relics_obtained":[{"floor":12,"key":"Anchor"},{"floor":24,"key":"hubris:PeanutButter"},{"floor":25,"key":"halation:EternalFortune"},{"floor":27,"key":"Ancient Tea Set"},{"floor":31,"key":"Vajra"},{"floor":41,"key":"Centennial Puzzle"},{"floor":44,"key":"MealTicket"},{"floor":46,"key":"Lantern"},{"floor":51,"key":"halation:EternalFortune"}],"event_choices":[{"damage_healed":0,"gold_gain":0,"player_choice":"Box","damage_taken":0,"relics_obtained":["ReplayTheSpireMod:Lightbulb"],"max_hp_gain":0,"max_hp_loss":0,"event_name":"Big Fish","floor":6,"gold_loss":0,"cards_obtained":["Regret"]}],"is_beta":false,"boss_relics":[{"not_picked":["Astrolabe","hubris:HollowSoul"],"picked":"hexamod:IceCube"},{"not_picked":["halation:HeavySnake","Replay:Ancient Bell"],"picked":"Replay:Bronze Core"},{"not_picked":["Snecko Eye","Tiny House"],"picked":"hubris:BlackHole"}],"items_purged_floors":[],"is_endless":true,"potions_floor_spawned":[2,5,9,12,15,19,21,25,27,32,37,40,43,44,51],"killed_by":"2 Louse","ascension_level":0}}