{"host":"onfdonezo2qmaex3","time":1614348515,"event":{"mods":["2.2 Compatiblity","AchievementEnabler","Act Like it!","Aspiration","Bard","BaseMod","Colored Powertips","Downfall","Elementarium","Friendly Minions","Gensokyo","Hallownest","Hermit","Highlight Path","Jorbs\u0027s Wanderer Trilogy","Marisa????????","Marked Mod","Menagerie","Minty Spire (QoL Compilation)","Pale of the Ancients","Permanent Neow","Quick Restart","Reliquary","Ruina","Shop Mod","StSLib","The Bug Knight","The Disciple","The Hayseed","The Hierophant","The Marked","The Runesmith"],"gold_per_floor":[17,17,28,44,44,44,44,44],"floor_reached":7,"language":"ENG","playtime":527,"items_purged":[],"score":45,"play_id":"536f4217-7c76-4e23-af5a-d60a68b40096","local_time":"20210226150835","is_ascension_mode":true,"campfire_choices":[{"data":"Menagerie:Languish","floor":6,"key":"SMITH"}],"circlet_count":0,"master_deck":["hermit:Strike_Hermit","hermit:Strike_Hermit","hermit:Strike_Hermit","hermit:Strike_Hermit","hermit:Defend_Hermit","hermit:Defend_Hermit","hermit:Defend_Hermit","hermit:Defend_Hermit","hermit:Snapshot","hermit:Covet","Master of Strategy","Menagerie:Languish+1","Menagerie:LoxodonWarhammer","Menagerie:QuirionDryad","hermit:Dissolve","hermit:Deadeye"],"relics":["hermit:Momento"],"acts_visited":["Menagerie:Menagerie"],"potions_floor_usage":[4],"damage_taken":[{"damage":4,"enemies":"Menagerie:MonstrousExperiment","floor":1,"turns":4},{"damage":6,"enemies":"Menagerie:2_RABBITS","floor":3,"turns":3},{"damage":4,"enemies":"Menagerie:WhisperingWraith","floor":4,"turns":4},{"damage":28,"enemies":"Menagerie:MaskedSummoner","floor":7,"turns":9}],"seed_played":"-5995563235352109384","potions_obtained":[{"floor":4,"key":"Fruit Juice"}],"is_trial":false,"path_per_floor":["M","?","M","M","?","R","E"],"character_chosen":"HERMIT","items_purchased":[],"campfire_rested":0,"item_purchase_floors":[],"current_hp_per_floor":[71,68,65,68,68,68,44,44],"gold":44,"neow_bonus":"RANDOM_COLORLESS_2","is_daily":false,"chose_seed":false,"campfire_upgraded":1,"win_rate":0.0,"timestamp":1614348515,"path_taken":["M","?","M","?","?","R","E"],"items_purchased_type":[],"build_version":"2020-12-22","purchased_purges":0,"victory":false,"max_hp_per_floor":[75,68,68,73,73,73,73,73],"card_choices":[{"not_picked":["Chrysalis","The Bomb"],"picked":"Master of Strategy","floor":0},{"not_picked":["hermit:CalledShot","hermit:Ricochet","hermit:Glare"],"picked":"SKIP","floor":1},{"not_picked":["Menagerie:Dismember","Menagerie:SuddenReclamation"],"picked":"Menagerie:Languish","floor":2},{"not_picked":["Menagerie:MirarisWake","Menagerie:SuddenReclamation"],"picked":"Menagerie:LoxodonWarhammer","floor":2},{"not_picked":["Menagerie:LightningHelix","Menagerie:Foresee"],"picked":"Menagerie:QuirionDryad","floor":2},{"not_picked":["hermit:CalledShot","hermit:HighCaliber"],"picked":"hermit:Dissolve","floor":3},{"not_picked":["hermit:HighCaliber","hermit:TrackingShot"],"picked":"hermit:Deadeye","floor":4}],"player_experience":246260,"relics_obtained":[],"event_choices":[{"damage_healed":0,"gold_gain":0,"player_choice":"Read","damage_taken":0,"max_hp_gain":0,"max_hp_loss":7,"event_name":"Menagerie:OvergrownLibrary","floor":2,"gold_loss":0,"cards_obtained":["Doubt"]},{"cards_removed":["Doubt"],"damage_healed":0,"gold_gain":0,"player_choice":"Wisdom","damage_taken":0,"max_hp_gain":0,"max_hp_loss":0,"event_name":"Menagerie:CloudVision","floor":5,"gold_loss":0}],"is_beta":false,"boss_relics":[],"items_purged_floors":[],"is_endless":false,"potions_floor_spawned":[4],"killed_by":"Menagerie:MaskedSummoner","ascension_level":2}}