{"host":"a1eatafr7pisesky","time":1614349006,"event":{"mods":["AchievementEnabler","BaseMod","Colored Map","Keyboard Shortcuts","Minty Spire (QoL Compilation)","Say the Spire","StSLib","SuperFastMode","everything is the same but u backflip on backflip"],"gold_per_floor":[366,416,247,265,265,265,293,293,293,326,53,73,93,110,110,186,186,205,205,1,21,21,51,51,82,82,96,113,23,23,23],"floor_reached":30,"language":"KOR","playtime":563,"items_purged":["Defend_B","Strike_B","Strike_B"],"score":514,"play_id":"5033e6c3-da01-4d2f-92f4-9d806dc5fb22","local_time":"20210226231646","is_ascension_mode":true,"campfire_choices":[{"data":"Genetic Algorithm","floor":6.0,"key":"SMITH"},{"floor":8.0,"key":"REST"},{"floor":15.0,"key":"REST"},{"floor":24.0,"key":"REST"}],"circlet_count":0,"master_deck":["AscendersBane","Strike_B","Strike_B","Defend_B","Defend_B","Defend_B","Zap","Dualcast","Streamline","Genetic Algorithm+1","Ball Lightning","FTL","Cold Snap","Core Surge","Loop","Amplify","Hologram","Storm","Go for the Eyes","Biased Cognition","Storm","Self Repair","Buffer","Capacitor+1","Turbo+1","Capacitor"],"relics":["Cracked Core","Boot","Unceasing Top","InkBottle","Mummified Hand","Cursed Key","Pen Nib","HornCleat"],"acts_visited":["Exordium","TheCity"],"potions_floor_usage":[30,30],"damage_taken":[{"damage":6.0,"enemies":"Jaw Worm","floor":1.0,"turns":4.0},{"damage":1.0,"enemies":"Cultist","floor":4.0,"turns":3.0},{"damage":27.0,"enemies":"3 Sentries","floor":7.0,"turns":5.0},{"damage":30.0,"enemies":"Gremlin Nob","floor":10.0,"turns":4.0},{"damage":1.0,"enemies":"2 Louse","floor":12.0,"turns":2.0},{"damage":6.0,"enemies":"Lots of Slimes","floor":13.0,"turns":2.0},{"damage":5.0,"enemies":"3 Louse","floor":14.0,"turns":4.0},{"damage":19.0,"enemies":"Hexaghost","floor":16.0,"turns":9.0},{"damage":0.0,"enemies":"Chosen","floor":18.0,"turns":3.0},{"damage":17.0,"enemies":"Spheric Guardian","floor":21.0,"turns":4.0},{"damage":24.0,"enemies":"Slavers","floor":23.0,"turns":4.0},{"damage":23.0,"enemies":"Book of Stabbing","floor":25.0,"turns":4.0},{"damage":15.0,"enemies":"Shelled Parasite and Fungi","floor":27.0,"turns":3.0},{"damage":0.0,"enemies":"3 Cultists","floor":28.0,"turns":3.0},{"damage":9,"enemies":"Chosen and Byrds","floor":30,"turns":4}],"seed_played":"-8971500024125309044","potions_obtained":[{"floor":4.0,"key":"GamblersBrew"},{"floor":7.0,"key":"FocusPotion"},{"floor":27.0,"key":"Block Potion"},{"floor":28.0,"key":"EssenceOfSteel"}],"is_trial":false,"path_per_floor":["M","?","$","M","?","R","E","R","T","E","$","M","M","M","R","B",null,"M","?","$","M","?","E","R","E","T","M","M","$","M"],"character_chosen":"DEFECT","items_purchased":["Genetic Algorithm","Ball Lightning","Loop","Amplify","Storm","Capacitor"],"campfire_rested":3,"item_purchase_floors":[3,3,11,11,20,29],"current_hp_per_floor":[58,52,52,51,51,51,24,43,43,13,13,12,6,1,20,1,48,48,48,48,31,31,14,33,17,17,2,9,9,0,0],"gold":23,"neow_bonus":"TWO_FIFTY_GOLD","is_daily":false,"chose_seed":false,"campfire_upgraded":1,"win_rate":0.0,"timestamp":1614349006,"path_taken":["M","?","$","?","?","R","E","R","T","E","$","M","?","M","R","BOSS","M","?","$","M","?","E","R","E","T","M","?","?","M"],"items_purchased_type":["Card","Card","Card","Card","Card","Card"],"build_version":"2020-12-22","purchased_purges":3,"victory":false,"max_hp_per_floor":[64,64,64,64,64,64,64,64,64,64,64,64,64,64,64,64,64,64,64,64,64,64,64,64,64,64,64,64,64,64,64],"card_choices":[{"not_picked":["Turbo","Compile Driver"],"picked":"Streamline","floor":1.0},{"not_picked":["Steam","Hologram"],"picked":"FTL","floor":4.0},{"not_picked":["Rebound","Beam Cell"],"picked":"Cold Snap","floor":7.0},{"not_picked":["Barrage","Turbo"],"picked":"Core Surge","floor":10.0},{"not_picked":["Streamline","Auto Shields"],"picked":"Hologram","floor":12.0},{"not_picked":["Sweeping Beam","Gash"],"picked":"Storm","floor":13.0},{"not_picked":["Barrage","Compile Driver"],"picked":"Go for the Eyes","floor":14.0},{"not_picked":["Fission","Rainbow"],"picked":"Biased Cognition","floor":16.0},{"not_picked":["Barrage","Redo+1","Fusion"],"picked":"SKIP","floor":18.0},{"not_picked":["Fusion","Compile Driver","Barrage"],"picked":"SKIP","floor":21.0},{"not_picked":["Hologram","Leap","Barrage+1"],"picked":"SKIP","floor":23.0},{"not_picked":["Ball Lightning","Leap"],"picked":"Capacitor+1","floor":25.0},{"not_picked":["Blizzard","Scrape"],"picked":"Turbo+1","floor":27.0},{"not_picked":["Barrage","Chaos","Steam"],"picked":"SKIP","floor":28.0}],"player_experience":504066,"relics_obtained":[{"floor":7.0,"key":"Unceasing Top"},{"floor":9.0,"key":"InkBottle"},{"floor":10.0,"key":"Mummified Hand"},{"floor":23.0,"key":"Pen Nib"},{"floor":25.0,"key":"HornCleat"}],"event_choices":[{"damage_healed":0.0,"max_hp_gain":0.0,"max_hp_loss":0.0,"gold_gain":50.0,"event_name":"FaceTrader","player_choice":"Touch","floor":2.0,"gold_loss":0.0,"damage_taken":6.0},{"damage_healed":0.0,"max_hp_gain":0.0,"max_hp_loss":0.0,"gold_gain":0.0,"event_name":"WeMeetAgain","player_choice":"Gave Potion","floor":5.0,"gold_loss":0.0,"damage_taken":0.0,"relics_obtained":["Boot"]},{"damage_healed":0.0,"max_hp_gain":0.0,"max_hp_loss":0.0,"gold_gain":0.0,"event_name":"Vampires","player_choice":"Ignored","floor":19.0,"gold_loss":0.0,"damage_taken":0.0},{"damage_healed":0.0,"max_hp_gain":0.0,"max_hp_loss":0.0,"gold_gain":0.0,"event_name":"Match and Keep!","player_choice":"2 cards matched","floor":22.0,"gold_loss":0.0,"damage_taken":0.0,"cards_obtained":["Self Repair","Buffer"]}],"is_beta":false,"boss_relics":[{"not_picked":["Coffee Dripper","Calling Bell"],"picked":"Cursed Key"}],"items_purged_floors":[3,11,20],"is_endless":false,"potions_floor_spawned":[4,7,27,28],"killed_by":"Chosen and Byrds","ascension_level":17}}