{"host":"2l5k2wp87eek7qja","time":1614374023,"event":{"mods":["BaseMod","Colored Map","Minty Spire (QoL Compilation)","Relic Stats"],"gold_per_floor":[117,117,137,102,19,19,35,69,106,146,158,170,170],"floor_reached":12,"language":"ENG","playtime":285,"items_purged":[],"score":172,"play_id":"8229ffcf-129c-4672-872c-1842e174b63a","local_time":"20210226231343","is_ascension_mode":true,"campfire_choices":[{"data":"Noxious Fumes","floor":6,"key":"SMITH"},{"data":"Footwork","floor":11,"key":"SMITH"}],"circlet_count":0,"master_deck":["AscendersBane","Strike_G","Strike_G","Strike_G","Strike_G","Defend_G","Defend_G","Defend_G","Defend_G","Defend_G","Survivor","Neutralize","Dagger Spray","Footwork+1","Noxious Fumes+1","Dash","Accuracy"],"relics":["Ring of the Snake","MawBank","Matryoshka"],"acts_visited":["Exordium"],"potions_floor_usage":[7,8],"damage_taken":[{"damage":1,"enemies":"2 Louse","floor":1,"turns":3},{"damage":11,"enemies":"Jaw Worm","floor":3,"turns":7},{"damage":6,"enemies":"Small Slimes","floor":7,"turns":4},{"damage":1,"enemies":"Lagavulin","floor":8,"turns":7},{"damage":36,"enemies":"Gremlin Nob","floor":10,"turns":6},{"damage":19,"enemies":"3 Sentries","floor":12,"turns":4}],"seed_played":"5526189304631697468","potions_obtained":[{"floor":1,"key":"Explosive Potion"},{"floor":7,"key":"Poison Potion"}],"is_trial":false,"path_per_floor":["M","?","M","?","$","R","M","E","T","E","R","E"],"character_chosen":"THE_SILENT","items_purchased":["Noxious Fumes"],"campfire_rested":0,"item_purchase_floors":[5],"current_hp_per_floor":[58,51,40,56,56,56,50,49,49,13,13,0,0],"gold":170,"neow_bonus":"THREE_CARDS","is_daily":false,"chose_seed":false,"campfire_upgraded":2,"win_rate":0.0,"timestamp":1614374023,"path_taken":["M","?","M","?","$","R","M","E","T","E","R","E"],"items_purchased_type":["Card"],"build_version":"2020-12-22","purchased_purges":0,"victory":false,"max_hp_per_floor":[66,66,66,66,66,66,66,66,66,66,66,66,66],"relic_stats":{"counters":[6,31],"MawBank":48,"obtain_stats":[{"Matryoshka":10,"MawBank":8,"Ring of the Snake":0},{"Matryoshka":5,"MawBank":4,"Ring of the Snake":0},{"Matryoshka":27,"MawBank":21,"Ring of the Snake":0}],"Ring of the Snake":[12]},"card_choices":[{"not_picked":["Concentrate","Bane"],"picked":"Dagger Spray","floor":0},{"not_picked":["Riddle With Holes","Bane","Infinite Blades"],"picked":"SKIP","floor":1},{"not_picked":["Cloak And Dagger","Concentrate"],"picked":"Footwork","floor":3},{"not_picked":["Acrobatics","Flechettes"],"picked":"Dash","floor":7},{"not_picked":["Riddle With Holes","Acrobatics"],"picked":"Accuracy","floor":8},{"not_picked":["Terror","Bane","Escape Plan"],"picked":"SKIP","floor":10}],"player_experience":916397,"relics_obtained":[{"floor":8,"key":"MawBank"},{"floor":10,"key":"Matryoshka"}],"event_choices":[{"cards_removed":["Strike_G"],"damage_healed":0,"gold_gain":0,"player_choice":"Card Removal","damage_taken":7,"max_hp_gain":0,"max_hp_loss":0,"event_name":"Golden Wing","floor":2,"gold_loss":0},{"damage_healed":16,"gold_gain":0,"player_choice":"Healed","damage_taken":0,"max_hp_gain":0,"max_hp_loss":0,"event_name":"The Cleric","floor":4,"gold_loss":35}],"is_beta":false,"boss_relics":[],"items_purged_floors":[],"is_endless":false,"potions_floor_spawned":[1,7],"killed_by":"3 Sentries","ascension_level":20}}