{"host":"w7o06k3e8uel8euj","time":1614329361,"event":{"mods":["AchievementEnabler","BaseMod","Colored Powertips","Custom Start","DeckTracker","Keyboard Shortcuts","Minty Spire (QoL Compilation)","Quick Restart","Relic Stats","StSLib","SuperFastMode","everything is the same but u backflip on backflip"],"gold_per_floor":[158,171,171,96,96,96,96,156,156,222,274,310,38,79,79,178,178,222,260,41,105,105,171,255,255,255,312,237,297,333,93,93,193,193,236,236,286,310,135,200,241,41,41,41,97,40,93,134,134,159,159,159,106,186,211],"floor_reached":56,"language":"KOR","playtime":2239,"items_purged":["Regret","Strike_P","Strike_P","Strike_P","Strike_P","Defend_P","Defend_P"],"score":2440,"play_id":"1a18020e-3086-4560-8f23-6b9b57f6250f","local_time":"20210226174921","is_ascension_mode":true,"campfire_choices":[{"data":"Eruption","floor":6.0,"key":"SMITH"},{"floor":15.0,"key":"REST"},{"data":"MentalFortress","floor":32.0,"key":"SMITH"},{"floor":49,"key":"RECALL"},{"data":"1","floor":52,"key":"LIFT"}],"circlet_count":0,"master_deck":["AscendersBane","Defend_P","Eruption+1","Vigilance","HandOfGreed+1","Tantrum","TalkToTheHand","Vault+1","CurseOfTheBell","MentalFortress+1","Deep Breath+1","Halt+1","Adaptation","FearNoEvil","Vault+1","Apotheosis+1","Madness+1","Madness+1","Adaptation+1"],"relics":["PureWater","Toxic Egg 2","TheAbacus","Yang","Blue Candle","Strawberry","Calipers","Medical Kit","Calling Bell","Orichalcum","Letter Opener","Ginger","PreservedInsect","Unceasing Top","Du-Vu Doll","Akabeko","Runic Pyramid","Girya","Omamori","Bottled Tornado","Blood Vial","HornCleat"],"acts_visited":["Exordium","TheCity","TheBeyond","TheEnding"],"potions_floor_usage":[47,55,55],"damage_taken":[{"damage":21.0,"enemies":"Small Slimes","floor":1.0,"turns":4.0},{"damage":14.0,"enemies":"Cultist","floor":2.0,"turns":5.0},{"damage":3.0,"enemies":"2 Louse","floor":8.0,"turns":3.0},{"damage":3.0,"enemies":"2 Fungi Beasts","floor":10.0,"turns":5.0},{"damage":23.0,"enemies":"Lagavulin","floor":11.0,"turns":6.0},{"damage":2.0,"enemies":"Looter","floor":12.0,"turns":4.0},{"damage":13.0,"enemies":"Blue Slaver","floor":14.0,"turns":4.0},{"damage":23.0,"enemies":"The Guardian","floor":16.0,"turns":9.0},{"damage":18.0,"enemies":"Chosen","floor":18.0,"turns":5.0},{"damage":24.0,"enemies":"Spheric Guardian","floor":19.0,"turns":4.0},{"damage":15.0,"enemies":"3 Cultists","floor":21.0,"turns":7.0},{"damage":1.0,"enemies":"Centurion and Healer","floor":23.0,"turns":5.0},{"damage":0.0,"enemies":"Slavers","floor":24.0,"turns":5.0},{"damage":4.0,"enemies":"Book of Stabbing","floor":27.0,"turns":4.0},{"damage":1.0,"enemies":"Cultist and Chosen","floor":29.0,"turns":6.0},{"damage":0.0,"enemies":"Snecko","floor":30.0,"turns":3.0},{"damage":8.0,"enemies":"Automaton","floor":33.0,"turns":8.0},{"damage":11.0,"enemies":"Orb Walker","floor":35.0,"turns":4.0},{"damage":1.0,"enemies":"Mind Bloom Boss Battle","floor":37.0,"turns":5.0},{"damage":6.0,"enemies":"3 Shapes","floor":40.0,"turns":5.0},{"damage":1.0,"enemies":"Writhing Mass","floor":41.0,"turns":3.0},{"damage":15,"enemies":"Giant Head","floor":45,"turns":5},{"damage":1,"enemies":"Nemesis","floor":47,"turns":3},{"damage":0,"enemies":"3 Darklings","floor":48,"turns":5},{"damage":1,"enemies":"Time Eater","floor":50,"turns":5},{"damage":1,"enemies":"Shield and Spear","floor":54,"turns":3},{"damage":6,"enemies":"The Heart","floor":55,"turns":8}],"seed_played":"-4130586830630227985","potions_obtained":[{"floor":1.0,"key":"SpeedPotion"},{"floor":10.0,"key":"BottledMiracle"},{"floor":21.0,"key":"Energy Potion"},{"floor":30.0,"key":"DuplicationPotion"}],"is_trial":false,"path_per_floor":["M","M","?","$","T","R","?","M","T","M","E","M","$","M","R","B",null,"M","M","$","M","$","M","E","?","T","E","?","M","M","$","R","B",null,"M","?","?","T","$","M","M","$","T","?","E","$","E","M","R","B",null,"R","$","E","B",null],"character_chosen":"WATCHER","items_purchased":["Toxic Egg 2","TheAbacus","Calipers","Medical Kit","Deep Breath+1","PreservedInsect","FearNoEvil","Swift Potion","Swift Potion"],"campfire_rested":1,"item_purchase_floors":[4,4,13,13,20,22,31,46,53],"current_hp_per_floor":[40,26,26,26,26,26,48,45,45,42,26,24,24,11,33,10,59,41,17,17,2,2,1,1,24,24,20,20,19,19,19,19,11,63,52,52,51,51,51,45,44,44,44,34,19,19,18,20,20,21,62,62,62,63,59],"gold":211,"neow_bonus":"RANDOM_COLORLESS_2","is_daily":false,"chose_seed":false,"campfire_upgraded":2,"win_rate":0.0,"timestamp":1614329361,"path_taken":["M","M","?","$","?","R","?","M","T","M","E","M","$","M","R","BOSS","M","M","$","M","$","M","E","?","T","E","?","M","M","$","R","BOSS","M","?","?","?","?","M","M","$","T","?","E","$","E","M","R","BOSS","R","$","E","BOSS"],"items_purchased_type":["Relic","Relic","Relic","Relic","Card","Relic","Card","Potion","Potion"],"build_version":"2020-12-22","purchased_purges":7,"victory":true,"max_hp_per_floor":[68,68,68,68,68,68,68,68,68,68,75,75,75,75,75,75,75,75,75,75,75,75,75,75,80,80,80,80,80,80,80,80,80,80,80,76,76,76,76,76,76,76,76,76,76,76,76,76,76,76,76,76,76,76,76],"relic_stats":{"Blood Vial":8,"TheAbacus":[834],"counters":[27,133],"Blue Candle":[15],"Yang":[278],"PreservedInsect":342,"Letter Opener":[147],"Ginger":[13],"Orichalcum":[72],"Medical Kit":[7],"obtain_stats":[{"Girya":37,"Calipers":13,"Blue Candle":9,"Yang":5,"PreservedInsect":22,"Omamori":38,"Letter Opener":17,"Ginger":17,"Orichalcum":17,"Bottled Tornado":45,"Medical Kit":13,"Akabeko":27,"Calling Bell":17,"Du-Vu Doll":26,"Blood Vial":47,"TheAbacus":4,"HornCleat":54,"Strawberry":11,"PureWater":0,"Toxic Egg 2":4,"Unceasing Top":24,"Runic Pyramid":34},{"Girya":19,"Calipers":6,"Blue Candle":3,"Yang":2,"PreservedInsect":11,"Omamori":19,"Letter Opener":8,"Ginger":8,"Orichalcum":8,"Bottled Tornado":22,"Medical Kit":6,"Akabeko":14,"Calling Bell":8,"Du-Vu Doll":13,"Blood Vial":23,"TheAbacus":2,"HornCleat":26,"Strawberry":5,"PureWater":0,"Toxic Egg 2":2,"Unceasing Top":13,"Runic Pyramid":17},{"Girya":96,"Calipers":27,"Blue Candle":12,"Yang":9,"PreservedInsect":56,"Omamori":96,"Letter Opener":40,"Ginger":40,"Orichalcum":40,"Bottled Tornado":109,"Medical Kit":27,"Akabeko":70,"Calling Bell":40,"Du-Vu Doll":66,"Blood Vial":112,"TheAbacus":9,"HornCleat":125,"Strawberry":23,"PureWater":0,"Toxic Egg 2":9,"Unceasing Top":66,"Runic Pyramid":87}],"Unceasing Top":[1]},"card_choices":[{"not_picked":["Chrysalis","Violence"],"picked":"HandOfGreed","floor":0.0},{"not_picked":["Wireheading","Crescendo","ThirdEye"],"picked":"SKIP","floor":1.0},{"not_picked":["Swivel","ReachHeaven","JustLucky"],"picked":"SKIP","floor":2.0},{"not_picked":["Evaluate+1","FlyingSleeves","BowlingBash"],"picked":"SKIP","floor":8.0},{"not_picked":["Consecrate","SignatureMove","Collect+1"],"picked":"SKIP","floor":10.0},{"not_picked":["Prostrate+1","ClearTheMind+1","CrushJoints"],"picked":"SKIP","floor":11.0},{"not_picked":["Fasting2","Protect+1"],"picked":"Tantrum","floor":12.0},{"not_picked":["ForeignInfluence+1","Fasting2"],"picked":"TalkToTheHand","floor":14.0},{"not_picked":["LessonLearned","Scrawl+1"],"picked":"Vault+1","floor":16.0},{"not_picked":["SashWhip+1","FollowUp"],"picked":"MentalFortress","floor":18.0},{"not_picked":["Consecrate","ClearTheMind+1","PathToVictory+1"],"picked":"SKIP","floor":19.0},{"not_picked":["ReachHeaven","WindmillStrike","Indignation+1"],"picked":"SKIP","floor":21.0},{"not_picked":["JustLucky","Evaluate+1"],"picked":"Halt+1","floor":23.0},{"not_picked":["Prostrate+1","JustLucky"],"picked":"Adaptation","floor":24.0},{"not_picked":["Pray+1","Study","Prostrate+1"],"picked":"SKIP","floor":27.0},{"not_picked":["Vengeance+1","PathToVictory+1","ConjureBlade+1"],"picked":"SKIP","floor":29.0},{"not_picked":["Wallop","Evaluate+1","WindmillStrike"],"picked":"SKIP","floor":30.0},{"not_picked":["Establishment","MasterReality"],"picked":"Vault+1","floor":33.0},{"not_picked":["EmptyBody+1","Consecrate","Weave+1"],"picked":"SKIP","floor":35.0},{"not_picked":["FlyingSleeves","ReachHeaven+1","FlurryOfBlows"],"picked":"SKIP","floor":40.0},{"not_picked":["FlyingSleeves+1","CutThroughFate","Nirvana"],"picked":"SKIP","floor":41.0},{"not_picked":["Thinking Ahead+1","Trip+1"],"picked":"Apotheosis+1","floor":44},{"not_picked":["Secret Technique+1","Dark Shackles+1"],"picked":"Madness+1","floor":44},{"not_picked":["Apotheosis+1","Impatience+1"],"picked":"Madness+1","floor":44},{"not_picked":["ThirdEye+1","FlurryOfBlows","SignatureMove"],"picked":"SKIP","floor":45},{"not_picked":["SashWhip+1","Evaluate+1","JustLucky"],"picked":"SKIP","floor":47},{"not_picked":["FlyingSleeves","Meditate+1","FlurryOfBlows"],"picked":"SKIP","floor":48},{"not_picked":["EmptyBody+1","Collect+1"],"picked":"Adaptation+1","floor":54}],"player_experience":536852,"relics_obtained":[{"floor":5.0,"key":"Yang"},{"floor":9.0,"key":"Blue Candle"},{"floor":11.0,"key":"Strawberry"},{"floor":17.0,"key":"Orichalcum"},{"floor":17.0,"key":"Letter Opener"},{"floor":17.0,"key":"Ginger"},{"floor":24.0,"key":"Unceasing Top"},{"floor":26.0,"key":"Du-Vu Doll"},{"floor":27.0,"key":"Akabeko"},{"floor":37.0,"key":"Girya"},{"floor":38.0,"key":"Omamori"},{"floor":45,"key":"Bottled Tornado"},{"floor":47,"key":"Blood Vial"},{"floor":54,"key":"HornCleat"}],"event_choices":[{"damage_healed":0.0,"max_hp_gain":0.0,"max_hp_loss":0.0,"gold_gain":0.0,"event_name":"Accursed Blacksmith","player_choice":"Forge","floor":3.0,"gold_loss":0.0,"damage_taken":0.0,"cards_upgraded":["HandOfGreed"]},{"damage_healed":22.0,"max_hp_gain":0.0,"max_hp_loss":0.0,"gold_gain":0.0,"event_name":"Big Fish","player_choice":"Banana","floor":7.0,"gold_loss":0.0,"damage_taken":0.0},{"damage_healed":0.0,"max_hp_gain":5.0,"max_hp_loss":0.0,"gold_gain":0.0,"event_name":"Forgotten Altar","player_choice":"Shed Blood","floor":25.0,"gold_loss":0.0,"damage_taken":26.0},{"cards_removed":["Defend_P"],"damage_healed":0.0,"max_hp_gain":0.0,"max_hp_loss":0.0,"gold_gain":0.0,"event_name":"Beggar","player_choice":"Gave Gold","floor":28.0,"gold_loss":75.0,"damage_taken":0.0},{"damage_healed":0.0,"max_hp_gain":0.0,"max_hp_loss":4.0,"gold_gain":0.0,"event_name":"Winding Halls","player_choice":"Max HP","floor":36.0,"gold_loss":0.0,"damage_taken":0.0},{"damage_healed":0.0,"max_hp_gain":0.0,"max_hp_loss":0.0,"gold_gain":0.0,"event_name":"MindBloom","player_choice":"Fight","floor":37.0,"gold_loss":0.0,"damage_taken":0.0},{"damage_healed":0,"gold_gain":0,"player_choice":"Memory 3","damage_taken":10,"max_hp_gain":0,"max_hp_loss":0,"event_name":"SensoryStone","floor":44,"gold_loss":0}],"is_beta":false,"boss_relics":[{"not_picked":["SacredBark","Busted Crown"],"picked":"Calling Bell"},{"not_picked":["Black Star","Velvet Choker"],"picked":"Runic Pyramid"}],"items_purged_floors":[4,13,20,31,39,42,53],"is_endless":false,"potions_floor_spawned":[1,10,18,21,23,30,37,40,45],"ascension_level":19}}