{"host":"sncdgiue1dtzeg79","time":1614345531,"event":{"mods":["Aspiration","BaseMod","Beaked The Cultist","ChefMod","Colored Powertips","Hubris","Jorbs\u0027s Wanderer Trilogy","Minty Spire (QoL Compilation)","Reliquary","Shade Mod","StSLib","The Bladedancer","The Cursed","The Forsaken","The Hierophant","The Marked","The Necromancer","The Runesmith","The Wild Card","Weighted Paths"],"gold_per_floor":[118,78,78,94,94,94,119,119,119,119,44,58,74,84,84,185,185,199,211,226,151,164,164,20,0,27,27,38,49,49,69,69,164,164,178,178,178,198,212,212,212,212,112,123,148,148,148],"floor_reached":51,"language":"ENG","playtime":2011,"items_purged":["Injury","blademaster:WindSlash"],"score":947,"play_id":"61b75e54-9852-4f1f-96a7-f82706a7ae3d","local_time":"20210226141851","daily_mods":["Draft","Vintage","Heirloom","Flight"],"is_ascension_mode":false,"campfire_choices":[{"data":"blademaster:Meditate","floor":6,"key":"SMITH"},{"data":"blademaster:OneTrickPony","floor":8,"key":"SMITH"},{"data":"blademaster:Overcharge","floor":10,"key":"SMITH"},{"data":"blademaster:BladeCross","floor":15,"key":"SMITH"},{"data":"blademaster:DaggerAndCloak","floor":23,"key":"SMITH"},{"data":"blademaster:LightningDraw","floor":27,"key":"SMITH"},{"data":"blademaster:DragonStrike","floor":32,"key":"SMITH"},{"data":"blademaster:AwakeningDefend","floor":41,"key":"SMITH"},{"data":"blademaster:ThunderingOpener","floor":44,"key":"SMITH"},{"data":"blademaster:CombatPrep","floor":49,"key":"SMITH"}],"circlet_count":0,"master_deck":["blademaster:Cut","blademaster:DragonStrike+1","blademaster:ThunderingOpener+1","blademaster:BladeCross+1","blademaster:Havoc+1","blademaster:Safeguard+1","blademaster:Overcharge+1","blademaster:OneTrickPony+1","blademaster:CullingStrike","blademaster:DaggerAndCloak+1","blademaster:AwakeningDefend+1","blademaster:CombatPrep+1","blademaster:Meditate+1","blademaster:ColdBlood+1","blademaster:LightningDraw+1","blademaster:StanceMastery+1"],"relics":["blademaster:DancersAmulet","FossilizedHelix","Shuriken","Frozen Egg 2","Runesmith:AutoHammer","Kunai","StoneCalendar","Unceasing Top","War Paint","reliquary:QuartzCube","Runic Pyramid","hubris:Teleporter","hubris:DisguiseKit","Bag of Preparation","Mercury Hourglass","reliquary:PorcupineQuills","Sundial","Mango","Vajra","hubris:TerracottaHorce","Molten Egg 2","Bottled Lightning","Runesmith:Nanobots","reliquary:HotPoker","reliquary:SilkGlove"],"acts_visited":["Exordium","TheCity","TheBeyond"],"potions_floor_usage":[13,50],"damage_taken":[{"damage":6,"enemies":"2 Louse","floor":1,"turns":3},{"damage":4,"enemies":"Jaw Worm","floor":4,"turns":4},{"damage":0,"enemies":"Gremlin Nob","floor":7,"turns":3},{"damage":0,"enemies":"Cultist","floor":12,"turns":3},{"damage":10,"enemies":"Exordium Thugs","floor":13,"turns":4},{"damage":4,"enemies":"2 Fungi Beasts","floor":14,"turns":3},{"damage":0,"enemies":"The Guardian","floor":16,"turns":6},{"damage":4,"enemies":"Chosen","floor":18,"turns":4},{"damage":0,"enemies":"Spheric Guardian","floor":19,"turns":3},{"damage":12,"enemies":"Centurion and Healer","floor":20,"turns":4},{"damage":14,"enemies":"Snake Plant","floor":22,"turns":3},{"damage":0,"enemies":"Sentry and Sphere","floor":28,"turns":3},{"damage":0,"enemies":"3 Cultists","floor":29,"turns":3},{"damage":4,"enemies":"Cultist and Chosen","floor":31,"turns":3},{"damage":0,"enemies":"Collector","floor":33,"turns":4},{"damage":0,"enemies":"Orb Walker","floor":35,"turns":2},{"damage":11,"enemies":"3 Darklings","floor":38,"turns":3},{"damage":0,"enemies":"Spire Growth","floor":39,"turns":2},{"damage":12,"enemies":"4 Shapes","floor":46,"turns":3},{"damage":29,"enemies":"Donu and Deca","floor":50,"turns":4}],"seed_played":"4641501450313361734","potions_obtained":[{"floor":12,"key":"Explosive Potion"},{"floor":14,"key":"Swift Potion"},{"floor":16,"key":"AttackPotion"},{"floor":22,"key":"SpeedPotion"},{"floor":28,"key":"Ancient Potion"},{"floor":38,"key":"AttackPotion"}],"is_trial":true,"path_per_floor":["M","$","?","M","?","R","E","R","T","R","$","M","M","M","R","B",null,"M","M","M","?","M","R","$","?","T","R","M","M","?","M","R","B",null,"M","?","?","M","M","R","T","R","$","M","T","R","B",null],"character_chosen":"THE_BLADEMASTER","items_purchased":["blademaster:Meditate","blademaster:LightningDraw"],"campfire_rested":0,"item_purchase_floors":[2,24],"current_hp_per_floor":[69,69,69,75,75,75,75,75,75,75,75,75,75,75,75,75,75,75,75,75,75,73,73,73,73,73,73,75,89,89,89,89,89,89,89,89,85,80,85,85,85,85,85,85,85,85,80],"gold":148,"neow_bonus":"","is_daily":false,"chose_seed":false,"campfire_upgraded":10,"win_rate":0.0,"timestamp":1614345531,"path_taken":["M","$","?","M","?","R","E","R","T","R","$","M","M","?","R","BOSS","M","M","M","?","M","R","$","?","T","R","M","M","?","?","R","BOSS","M","?","?","M","M","R","T","R","$","M","?","R","BOSS"],"items_purchased_type":["Card","Card"],"build_version":"2020-12-22","purchased_purges":2,"victory":true,"max_hp_per_floor":[75,75,75,75,75,75,75,75,75,75,75,75,75,75,75,75,75,75,75,75,75,75,75,75,75,75,75,75,89,89,89,89,89,89,89,89,85,85,85,85,85,85,85,85,85,85,85],"card_choices":[{"not_picked":["blademaster:Flurry","blademaster:Frontflip"],"picked":"blademaster:Cut","floor":0},{"not_picked":["blademaster:Frontflip","blademaster:Thrust"],"picked":"blademaster:DragonStrike","floor":0},{"not_picked":["blademaster:Discharge","blademaster:AirSlash"],"picked":"blademaster:ThunderingOpener","floor":0},{"not_picked":["blademaster:AwakeningDefend","blademaster:Vortex"],"picked":"blademaster:BladeCross","floor":0},{"not_picked":["blademaster:ParryingStrike","blademaster:IcyWind"],"picked":"blademaster:Havoc","floor":0},{"not_picked":["blademaster:ChargingUp","blademaster:DragonStrike"],"picked":"blademaster:Safeguard","floor":0},{"not_picked":["blademaster:ChargingUp","blademaster:AwakeningDefend"],"picked":"blademaster:Overcharge","floor":0},{"not_picked":["blademaster:AspectOfWind","blademaster:SlyStabs"],"picked":"blademaster:OneTrickPony","floor":0},{"not_picked":["blademaster:Rupture","blademaster:CombatPrep"],"picked":"blademaster:CullingStrike","floor":0},{"not_picked":["blademaster:FuriousStrike","blademaster:DancingEdge"],"picked":"blademaster:DaggerAndCloak","floor":0},{"not_picked":["blademaster:BloodyBlow","blademaster:ParryingStrike"],"picked":"blademaster:AwakeningDefend","floor":0},{"not_picked":["blademaster:Discharge","blademaster:Flurry"],"picked":"blademaster:WindSlash","floor":0},{"not_picked":["blademaster:DaggerAndCloak","blademaster:Slice"],"picked":"blademaster:Safeguard","floor":0},{"not_picked":["blademaster:AwakeningStrike","blademaster:Thrust"],"picked":"blademaster:Slice","floor":0},{"not_picked":["blademaster:Thrust","blademaster:Quickness"],"picked":"blademaster:CombatPrep","floor":0},{"not_picked":["blademaster:Breeze","blademaster:AspectOfWind","blademaster:Hailwind"],"picked":"SKIP","floor":7},{"not_picked":["blademaster:LightningDraw","blademaster:Empower"],"picked":"blademaster:ColdBlood+1","floor":16},{"not_picked":["blademaster:RollingTyphoon","blademaster:ThreePointStrike","theWildCard:ChangingDestiny"],"picked":"blademaster:StanceMastery+1","floor":33}],"player_experience":562047,"relics_obtained":[{"floor":1,"key":"Shuriken"},{"floor":1,"key":"blademaster:LightningChargePerk"},{"floor":4,"key":"Runesmith:AutoHammer"},{"floor":4,"key":"blademaster:StanceHealPerk"},{"floor":7,"key":"Kunai"},{"floor":7,"key":"blademaster:ComboEveryTurnPerk"},{"floor":9,"key":"StoneCalendar"},{"floor":12,"key":"Unceasing Top"},{"floor":12,"key":"blademaster:FuryEveryTurnPerk"},{"floor":13,"key":"War Paint"},{"floor":13,"key":"blademaster:OnAttackedChargePerk"},{"floor":14,"key":"reliquary:QuartzCube"},{"floor":14,"key":"blademaster:RandomBladePerk"},{"floor":18,"key":"hubris:Teleporter"},{"floor":18,"key":"blademaster:BonusComboPerk"},{"floor":19,"key":"hubris:DisguiseKit"},{"floor":19,"key":"blademaster:StrongPerk"},{"floor":20,"key":"Bag of Preparation"},{"floor":20,"key":"blademaster:WindChargePerk"},{"floor":22,"key":"Mercury Hourglass"},{"floor":22,"key":"blademaster:DextrousPerk"},{"floor":26,"key":"reliquary:PorcupineQuills"},{"floor":28,"key":"Sundial"},{"floor":28,"key":"blademaster:BonusFuryPerk"},{"floor":29,"key":"Mango"},{"floor":29,"key":"blademaster:BleedingLaceratePerk"},{"floor":31,"key":"Vajra"},{"floor":31,"key":"blademaster:BleedingMoreDamagePerk"},{"floor":35,"key":"Molten Egg 2"},{"floor":35,"key":"blademaster:FinisherDrawCardPerk"},{"floor":38,"key":"Bottled Lightning"},{"floor":43,"key":"Runesmith:Nanobots"},{"floor":46,"key":"reliquary:HotPoker"},{"floor":47,"key":"reliquary:SilkGlove"}],"event_choices":[{"cards_removed":["blademaster:Safeguard"],"damage_healed":0,"gold_gain":0,"player_choice":"Gave Gold","damage_taken":0,"max_hp_gain":0,"max_hp_loss":0,"event_name":"Beggar","floor":21,"gold_loss":75},{"damage_healed":0,"gold_gain":0,"player_choice":"Paid Fearfully","damage_taken":0,"max_hp_gain":0,"max_hp_loss":0,"event_name":"Masked Bandits","floor":25,"gold_loss":20},{"cards_removed":["blademaster:Slice"],"damage_healed":0,"gold_gain":0,"player_choice":"Purged","damage_taken":0,"max_hp_gain":0,"max_hp_loss":0,"event_name":"Purifier","floor":30,"gold_loss":0},{"damage_healed":0,"gold_gain":0,"player_choice":"Max HP","damage_taken":0,"max_hp_gain":0,"max_hp_loss":4,"event_name":"Winding Halls","floor":37,"gold_loss":0}],"is_beta":false,"boss_relics":[{"not_picked":["aspiration:PoetsPen_weak","hubris:CrackedHourglass"],"picked":"Runic Pyramid"},{"not_picked":["Velvet Choker","aspiration:FutureDiary"],"picked":"hubris:TerracottaHorce"}],"items_purged_floors":[11,45],"is_endless":false,"potions_floor_spawned":[12,14,16,22,28,38,39],"ascension_level":0}}