{"host":"0b6qkelyb1zitflw","time":1614323921,"event":{"mods":["BaseMod","Custom Start","Highlight Path","KOR Keyword Fix","Library of Ruina","Library of Ruina Extra","Minty Spire (QoL Compilation)","StSLib"],"gold_per_floor":[119,119,119,137,157,188,188,37,60,60,94,94,105,167,167,265,265,276,257,29,47,47,47],"floor_reached":22,"language":"KOR","playtime":506,"items_purged":[],"score":219,"play_id":"4164110e-5b9f-4664-abd8-339c7fae6048","local_time":"20210226161841","is_ascension_mode":false,"campfire_choices":[{"data":"Observe","floor":7.0,"key":"SMITH"},{"data":"FocusedStrikes","floor":10.0,"key":"SMITH"},{"data":"FlashOfSunup","floor":15.0,"key":"SMITH"}],"circlet_count":0,"master_deck":["Dodge","LightDefense","LightAttack","LightAttack","LightAttack","LightDefense","ChargeAndCover","FocusedStrikes+1","TendonChords+1","FlashOfSunup+1","Observe+1","Decapitation","SavageMode","CrackOfDawn","TheWillOfTheCity","SunsetBlade","PreemptiveStrike"],"relics":["PageOfLibrarian","NeowsBlessing","Nunchaku","Vajra","Strawberry","Dream Catcher","Empty Cage","Membership Card","Lantern"],"acts_visited":["Exordium","TheCity"],"potions_floor_usage":[],"damage_taken":[{"damage":0.0,"enemies":"Small Slimes","floor":1.0,"turns":1.0},{"damage":0.0,"enemies":"Jaw Worm","floor":4.0,"turns":1.0},{"damage":0.0,"enemies":"Cultist","floor":5.0,"turns":1.0},{"damage":7.0,"enemies":"Gremlin Nob","floor":6.0,"turns":3.0},{"damage":8.0,"enemies":"3 Sentries","floor":11.0,"turns":6.0},{"damage":0.0,"enemies":"Blue Slaver","floor":13.0,"turns":2.0},{"damage":23.0,"enemies":"Hexaghost","floor":16.0,"turns":7.0},{"damage":14,"enemies":"Spheric Guardian","floor":18,"turns":5},{"damage":38,"enemies":"2 Thieves","floor":19,"turns":4},{"damage":19,"enemies":"Snake Plant","floor":21,"turns":3},{"damage":17,"enemies":"Sentry and Sphere","floor":22,"turns":2}],"seed_played":"5744302301787642156","potions_obtained":[{"floor":3.0,"key":"SteroidPotion"},{"floor":3.0,"key":"DuplicationPotion"},{"floor":3.0,"key":"SteroidPotion"}],"is_trial":false,"path_per_floor":["M","?","?","M","M","E","R","$","T","R","E","?","M","?","R","B",null,"M","M","$","M","M"],"character_chosen":"Librarian","items_purchased":["Vajra","Membership Card","Lantern"],"campfire_rested":0,"item_purchase_floors":[8,20,20],"current_hp_per_floor":[60,60,60,63,63,59,59,59,66,66,64,64,64,64,64,47,75,64,29,29,13,0,0],"gold":47,"neow_bonus":"THREE_ENEMY_KILL","is_daily":false,"chose_seed":false,"campfire_upgraded":3,"win_rate":0.0,"timestamp":1614323921,"path_taken":["M","?","?","M","?","E","R","$","T","R","E","?","M","?","R","BOSS","M","M","$","M","M"],"items_purchased_type":["Relic","Relic","Relic"],"build_version":"2020-12-22","purchased_purges":0,"victory":false,"max_hp_per_floor":[65,65,65,86,86,86,86,86,93,93,93,93,93,93,93,75,75,75,84,84,84,84,84],"card_choices":[{"not_picked":["EnergyCycle","SharpNails","Guardian_lor","UpbeatPerformance","CoordinatedAssault","UnavoidableGaze","BlowItUp","Rewind"],"picked":"TendonChords","floor":1.0},{"not_picked":["ViolentFlame","BoundaryOfDeath","HiddenBlade","GrazeTheGrass","HandleRequest","MultiBlock","Laceration","UncannyStrike"],"picked":"FlashOfSunup","floor":4.0},{"not_picked":["Faith","PreemptiveStrike","DestructiveImpact","Diversion","FierceCharge","GreatSerpentsImpact","HiddenBlade","DesperateStruggle"],"picked":"Observe","floor":5.0},{"not_picked":["LawAndOrder","SinglePointStab","FervidEmotions","SharpSwipe","SweepTheBackstreets","IngredientHunt","SerpentSwordTechnique","BackAttack"],"picked":"Decapitation","floor":6.0},{"not_picked":["Observe","FleetFootsteps","InkOver","PinpointShot","MultiHit","AsThePrescriptOrders","Retaliate","WaitUp","GuidanceOfTheGears"],"picked":"SKIP","floor":11.0},{"not_picked":["ConcentratedFire","GreatSerpentsImpact","HighKick","HandleRequest","ExtractFuel","EnergyCycle","Pound","Rewind"],"picked":"SavageMode","floor":13.0},{"not_picked":["Tttonst","ScratchThat"],"picked":"CrackOfDawn","floor":16.0},{"not_picked":["CoordinatedAssault","GreatSerpentsImpact","UpbeatPerformance","YoureTooSlow","Gigigig+1","Juggling","HandleRequest+1","Leap_lor"],"picked":"TheWillOfTheCity","floor":18},{"not_picked":["EnergyCycle+1","FaintMemories","FleetEdge","Leap_lor","PinpointShot","ChiWen","ChopItOff","BayonetCombat"],"picked":"SunsetBlade","floor":19},{"not_picked":["Tailoring","FleetFootsteps","RepressedFlesh","ChopItOff","ShockingBlow","HiddenBlade","DesperateStruggle+1","Faith"],"picked":"PreemptiveStrike","floor":21}],"player_experience":319414,"relics_obtained":[{"floor":6.0,"key":"Nunchaku"},{"floor":9.0,"key":"Strawberry"},{"floor":11.0,"key":"Dream Catcher"}],"event_choices":[{"damage_healed":0.0,"max_hp_gain":0.0,"max_hp_loss":0.0,"gold_gain":0.0,"event_name":"Living Wall","player_choice":"Grow","floor":2.0,"gold_loss":0.0,"damage_taken":0.0,"cards_upgraded":["TendonChords"]},{"damage_healed":0.0,"max_hp_gain":0.0,"max_hp_loss":0.0,"gold_gain":0.0,"event_name":"Lab","player_choice":"Got Potions","floor":3.0,"gold_loss":0.0,"damage_taken":0.0},{"damage_healed":0.0,"max_hp_gain":0.0,"max_hp_loss":0.0,"gold_gain":0.0,"event_name":"Golden Idol","player_choice":"Ignored","floor":12.0,"gold_loss":0.0,"damage_taken":0.0},{"damage_healed":0.0,"max_hp_gain":0.0,"max_hp_loss":0.0,"gold_gain":62.0,"event_name":"Golden Wing","player_choice":"Gained Gold","floor":14.0,"gold_loss":0.0,"damage_taken":0.0}],"is_beta":false,"boss_relics":[{"not_picked":["Velvet Choker","Cursed Key"],"picked":"Empty Cage"}],"items_purged_floors":[],"is_endless":false,"potions_floor_spawned":[4,5,13],"killed_by":"Sentry and Sphere","ascension_level":0}}