{"host":"mq7pyadb5kndcn8l","time":1614351285,"event":{"mods":["AchievementEnabler","Act Like it!","Arknights","Aspiration","BaseMod","Better Altar","Better Match","Better Note","Better Sensory Stone","Better Skull","Better Third Choice","BetterRewards","Block Reminder","CCEM2","Challenge The Spire","ChefMod","Colored Map","Colored Powertips","Conspire","Displayed Cursed Tome","Dota2Spire","Energized Spire","GifTheSpireLib","Highlight Path","Hubris","Infinite Spire","Mad Scientist","Marked Mod","Mimic Mod","Minty Spire (QoL Compilation)","Permanent Neow","QueenMod","Quick Restart","Random Character Button","Rare Cards Sparkle","Relic Filter","Relic Sorter","Reliquary","Replay The Spire","Reworked Bosses","Shade Mod","Shop Mod","Spicy Shops","Spikes Relics","Spire Arcade","StSLib","Stuff the Spire","SuperFastMode","The Blue Laboratory","Trackpad","Transform Curses","Wandering Minibosses"],"gold_per_floor":[111,111,122,122,133,133,149,149,149,176,194,194,212,35,35,131,131,147,167,192,192,207,207,238,238,238,262,262,283,283,133,133,237,237,277,277,277,610,610,679,736,388,388,445,445,503,503,196,196,196,196,196,25,111,256],"floor_reached":56,"language":"ENG","playtime":4126,"items_purged":["Strike_G","Strike_G","Strike_G","Defend_G","Defend_G","Defend_G","Survivor"],"score":3170,"play_id":"4a81de64-0ec1-4c6b-9eec-580d9b2f9216","local_time":"20210226095445","is_ascension_mode":true,"campfire_choices":[{"data":"Prepared","floor":6.0,"key":"SMITH"},{"data":"StuffTheSpire:Incantation","floor":8.0,"key":"SMITH"},{"data":"Deep Breath","floor":15.0,"key":"SMITH"},{"data":"Reflex","floor":23.0,"key":"SMITH"},{"data":"Adrenaline","floor":25.0,"key":"SMITH"},{"data":"Tactician","floor":30.0,"key":"SMITH"},{"floor":47.0,"key":"RECALL"},{"data":"StuffTheSpire:BrainWave","floor":49.0,"key":"SMITH"},{"data":"After Image","floor":52.0,"key":"SMITH"}],"circlet_count":0,"master_deck":["AscendersBane","Neutralize","StuffTheSpire:Incantation+1","Deep Breath+1","ReplayTheSpireMod:The Works+1","Accuracy+1","A Thousand Cuts+1","Tactician+1","Prepared+1","Hidden Blade+1","ReplayTheSpireMod:Scrap Shanks+1","Concentrate+1","Reflex+1","Impatience+1","After Image+1","Adrenaline+1","Backflip+1","Acrobatics","StuffTheSpire:BrainWave+1"],"relics":["Ring of the Snake","CCEMRelics:SelfSharpeningBlade","reliquary:BrokenClock","MerchantsRug","reliquary:NewFriend","CCEMRelics:HeirloomTomato","aspiration:FrozenJewel","TheAbacus","CCEMRelics:BundleOfDynamite","Tough Bandages","trackpad:Coffee","hubris:Potato","Du-Vu Doll","infinitespire:EvilPickle","conspire:SpecialSausage","BicycleWheel","Replay:Ringing Soul","Dota2Spire:BlackKingBar","Dota2Spire:ArcaneBoots","trackpad:ByrdBGone","Replay:Bandana","conspire:TopHat"],"acts_visited":["Exordium","TheCity","TheBeyond","TheEnding"],"potions_floor_usage":[],"damage_taken":[{"damage":0.0,"enemies":"Small Slimes","floor":1.0,"turns":1.0},{"damage":15.0,"enemies":"ats:Genji","floor":3.0,"turns":3.0},{"damage":0.0,"enemies":"Cultist","floor":5.0,"turns":1.0},{"damage":10.0,"enemies":"Large Slime","floor":7.0,"turns":3.0},{"damage":0.0,"enemies":"Lagavulin","floor":10.0,"turns":2.0},{"damage":0.0,"enemies":"3 Louse","floor":11.0,"turns":2.0},{"damage":0.0,"enemies":"2 Fungi Beasts","floor":13.0,"turns":1.0},{"damage":0.0,"enemies":"Hexaghost","floor":16.0,"turns":2.0},{"damage":0.0,"enemies":"Shell Parasite","floor":18.0,"turns":1.0},{"damage":0.0,"enemies":"Spheric Guardian","floor":19.0,"turns":1.0},{"damage":0.0,"enemies":"Centurion and Healer","floor":20.0,"turns":1.0},{"damage":0.0,"enemies":"Sentry and Sphere","floor":22.0,"turns":1.0},{"damage":0.0,"enemies":"Gremlin Leader","floor":24.0,"turns":1.0},{"damage":0.0,"enemies":"conspire:HollyBat","floor":27.0,"turns":5.0},{"damage":0.0,"enemies":"3 Cultists","floor":29.0,"turns":1.0},{"damage":24.0,"enemies":"Pondfish","floor":33.0,"turns":3.0},{"damage":0.0,"enemies":"3 Darklings","floor":35.0,"turns":2.0},{"damage":0.0,"enemies":"Giant Head","floor":40.0,"turns":1.0},{"damage":0.0,"enemies":"Orb Walker","floor":41.0,"turns":2.0},{"damage":0.0,"enemies":"Reptomancer","floor":44.0,"turns":1.0},{"damage":0.0,"enemies":"Giant Head","floor":46.0,"turns":1.0},{"damage":0.0,"enemies":"bossMod:newAwakened","floor":50.0,"turns":4.0},{"damage":0,"enemies":"Shield and Spear","floor":54,"turns":1},{"damage":0,"enemies":"The Heart","floor":55,"turns":4}],"seed_played":"299820620506352166","potions_obtained":[{"floor":5.0,"key":"blueLaboratory:HummingbirdPotion"},{"floor":10.0,"key":"blueLaboratory:PolymorphPotion"},{"floor":11.0,"key":"Strength Potion"}],"is_trial":false,"path_per_floor":["M","?","M","?","M","R","M","R","T","E","M","?","M","$","R","B",null,"M","M","M","AVR","M","R","E","R","T","M","?","M","R","$","R_BF","B",null,"M","?","?","?","?","E","M","$","T","E","?","E","R","$","R","B",null,"R","$","E","B",null],"character_chosen":"THE_SILENT","items_purchased":["CCEMRelics:SelfSharpeningBlade","StuffTheSpire:Incantation","reliquary:BrokenClock","MerchantsRug","Deep Breath","reliquary:NewFriend","CCEMRelics:HeirloomTomato","aspiration:FrozenJewel","Astrolabe","TheAbacus","Tactician","Prepared","Hidden Blade+1","CCEMRelics:BundleOfDynamite","ReplayTheSpireMod:Scrap Shanks+1","Concentrate","After Image","Orrery","trackpad:ByrdBGone","Replay:Bandana"],"campfire_rested":0,"item_purchase_floors":[0,0,0,0,0,0,0,0,0,0,0,0,0,0,0,0,14,42,48,53],"current_hp_per_floor":[24,24,11,71,71,71,63,63,63,65,67,64,64,64,64,64,64,64,64,64,64,64,64,64,64,64,64,64,64,64,64,64,42,59,61,61,61,61,61,61,61,61,61,61,55,55,55,55,55,55,55,55,55,55,55],"gold":256,"neow_bonus":"","is_daily":false,"chose_seed":false,"campfire_upgraded":8,"win_rate":0.0,"timestamp":1614351285,"path_taken":["M","?","M","?","?","R","M","R","T","E","M","?","M","$","R","BOSS","M","M","M","AVR","M","R","E","R","T","M","?","M","R","$","R_BF","BOSS","M","?","?","?","?","E","?","$","T","E","?","E","R","$","R","BOSS","R","$","E","BOSS"],"items_purchased_type":["Relic","Card","Relic","Relic","Card","Relic","Relic","Relic","Relic","Relic","Card","Card","Card","Relic","Card","Card","Card","Relic","Relic","Relic"],"build_version":"2020-12-22","purchased_purges":7,"victory":true,"max_hp_per_floor":[71,71,71,71,71,71,71,71,71,71,71,64,64,64,64,64,64,64,64,64,64,64,64,64,64,64,64,64,64,64,64,64,64,64,64,61,61,61,61,61,61,61,61,61,55,55,55,55,55,55,55,55,55,55,55],"card_choices":[{"not_picked":["Flying Knee","Outmaneuver","Catalyst"],"picked":"SKIP","floor":1.0},{"not_picked":["Tactician","Poisoned Stab","Well Laid Plans"],"picked":"SKIP","floor":3.0},{"not_picked":["Noxious Fumes","PiercingWail"],"picked":"Reflex","floor":5.0},{"not_picked":["Underhanded Strike","ReplayTheSpireMod:Speed Training","Finisher"],"picked":"SKIP","floor":7.0},{"not_picked":["conspire:PoisonWeapons","Blade Dance","Finisher"],"picked":"SKIP","floor":10.0},{"not_picked":["ReplayTheSpireMod:Brewmster+1","Feint+1","HandOfGreed+1"],"picked":"SKIP","floor":11.0},{"not_picked":["Fluid Movement","Blade Dance","Tactician"],"picked":"SKIP","floor":11.0},{"not_picked":["Forethought+1","Secret Technique+1"],"picked":"Impatience+1","floor":13.0},{"not_picked":["StuffTheSpire:BumpUp","StuffTheSpire:Fury","hubris:SlightOfHand"],"picked":"SKIP","floor":13.0},{"not_picked":["Die Die Die","infinitespire:Neurotoxin"],"picked":"Adrenaline","floor":16.0},{"not_picked":["Heel Hook","Sucker Punch","StuffTheSpire:BumpUp"],"picked":"SKIP","floor":18.0},{"not_picked":["Concentrate","Poisoned Stab","Flying Knee"],"picked":"SKIP","floor":19.0},{"not_picked":["Skewer","Cloak And Dagger","Blade Dance"],"picked":"SKIP","floor":20.0},{"not_picked":["StuffTheSpire:BrimstoneBlast","Setup","Sucker Punch+1"],"picked":"SKIP","floor":22.0},{"not_picked":["ReplayTheSpireMod:Exploit Weakness","StuffTheSpire:Injection","StuffTheSpire:ClusterCrunch"],"picked":"SKIP","floor":24.0},{"not_picked":["ReplayTheSpireMod:Necrosis","Dagger Spray"],"picked":"Backflip","floor":27.0},{"not_picked":["StuffTheSpire:DoubleShiv","Sneak Up","Blade Dance+1"],"picked":"SKIP","floor":29.0},{"not_picked":["ReplayTheSpireMod:Exploit Weakness","ReplayTheSpireMod:The Works","StuffTheSpire:Python+1"],"picked":"SKIP","floor":35.0},{"not_picked":["Cloak And Dagger","aspiration:Lunge","Bane"],"picked":"SKIP","floor":40.0},{"not_picked":["StuffTheSpire:ClusterCrunch+1","Caltrops+1","Infinite Blades"],"picked":"SKIP","floor":41.0},{"not_picked":["StuffTheSpire:BrimstoneBlast","Pace"],"picked":"Acrobatics","floor":42.0},{"not_picked":["Distraction","ReplayTheSpireMod:Shiv Toss","ShadowRift"],"picked":"SKIP","floor":44.0},{"not_picked":["Predator+1","Hidden Blade","Catalyst+1"],"picked":"SKIP","floor":46.0},{"not_picked":["Escape Plan","Outmaneuver+1","StuffTheSpire:Python"],"picked":"SKIP","floor":54}],"player_experience":779876,"relics_obtained":[{"floor":10.0,"key":"CCEMRelics:FestiveHat"},{"floor":24.0,"key":"hubris:Potato"},{"floor":26.0,"key":"Du-Vu Doll"},{"floor":40.0,"key":"BicycleWheel"},{"floor":43.0,"key":"Replay:Ringing Soul"},{"floor":44.0,"key":"Dota2Spire:BlackKingBar"},{"floor":46.0,"key":"Dota2Spire:ArcaneBoots"},{"floor":54,"key":"conspire:TopHat"}],"event_choices":[{"cards_removed":["Tactician"],"damage_healed":60.0,"max_hp_gain":0.0,"max_hp_loss":0.0,"gold_gain":0.0,"event_name":"Bonfire Elementals","player_choice":"Offered Uncommon","floor":4.0,"gold_loss":0.0,"damage_taken":0.0},{"damage_healed":0.0,"max_hp_gain":0.0,"max_hp_loss":7.0,"gold_gain":0.0,"event_name":"Golden Idol","player_choice":"Lose Max HP","floor":12.0,"gold_loss":0.0,"damage_taken":0.0,"relics_obtained":["Golden Idol"]},{"damage_healed":0.0,"max_hp_gain":0.0,"max_hp_loss":3.0,"gold_gain":0.0,"event_name":"Winding Halls","player_choice":"Max HP","floor":36.0,"gold_loss":0.0,"damage_taken":0.0},{"damage_healed":0.0,"max_hp_gain":0.0,"max_hp_loss":0.0,"gold_gain":333.0,"event_name":"The Moai Head","player_choice":"Gave Idol","floor":38.0,"relics_lost":["Golden Idol"],"gold_loss":0.0,"damage_taken":0.0},{"cards_removed":["Defend_G"],"damage_healed":0.0,"max_hp_gain":0.0,"max_hp_loss":0.0,"gold_gain":0.0,"event_name":"Purifier","player_choice":"Purged","floor":39.0,"gold_loss":0.0,"damage_taken":0.0}],"is_beta":false,"boss_relics":[{"not_picked":["aspiration:DefectSkillbook","StuffTheSpire:RunicConfusion"],"picked":"hubris:Backtick"},{"not_picked":["aspiration:SecretTechniqueScroll","trackpad:Trackpad"],"picked":"conspire:SpecialSausage"}],"items_purged_floors":[0,0,0,21,31,42,48],"is_endless":false,"potions_floor_spawned":[5,10,11,18,27,29,33,40],"ascension_level":16}}