{"host":"r4fh4z5myensb3zv","time":1614358108,"event":{"mods":["BaseMod","Better Third Choice","Colored Map","Colored Powertips","DeckTracker","Minty Spire (QoL Compilation)","Rare Cards Sparkle","Relic Stats","Replay The Spire","StSLib"],"gold_per_floor":[19,19,32,49,69,100,100,119,119,119,44,44,54,54,54,149,149,160,160,177,34,34,34,34,34],"floor_reached":24,"language":"ENG","playtime":1287,"items_purged":["Strike_R"],"score":225,"play_id":"99406582-3808-4160-8206-941f3e669797","local_time":"20210226174828","is_ascension_mode":true,"campfire_choices":[{"data":"Flex","floor":7,"key":"SMITH"},{"data":"Flex","floor":10,"key":"SMITH"},{"floor":23,"key":"RECALL"}],"circlet_count":0,"master_deck":["Bash","Reaper+1","Flex+1","Heavy Blade+1","Hallucinations","Heavy Blade+1","Thunderclap","Flex+1","Clash","Demonic Infusion","Impervious","Intimidate","Pommel Strike+1","Warcry","Impervious","ReplayTheSpireMod:Limb From Limb+1","Warcry","J.A.X.","Cleave+1","Headbutt"],"relics":["Burning Blood","ReplayTheSpireMod:Ring of Exchange","Replay:Bottled Eggs","Self Forming Clay","Pandora\u0027s Box","Whetstone"],"acts_visited":["Exordium","TheCity"],"potions_floor_usage":[13,16,16,24],"damage_taken":[{"damage":7,"enemies":"Small Slimes","floor":1,"turns":4},{"damage":4,"enemies":"Jaw Worm","floor":3,"turns":4},{"damage":20,"enemies":"2 Louse","floor":4,"turns":3},{"damage":0,"enemies":"Large Slime","floor":5,"turns":5},{"damage":35,"enemies":"Lagavulin","floor":6,"turns":5},{"damage":20,"enemies":"Exordium Thugs","floor":8,"turns":4},{"damage":14,"enemies":"Red Slaver","floor":13,"turns":3},{"damage":40,"enemies":"Hexaghost","floor":16,"turns":5},{"damage":8,"enemies":"2 Thieves","floor":18,"turns":2},{"damage":20,"enemies":"Shell Parasite","floor":20,"turns":4},{"damage":62,"enemies":"Slavers","floor":24,"turns":7}],"seed_played":"-4224471868426496035","potions_obtained":[{"floor":3,"key":"Swift Potion"},{"floor":8,"key":"CultistPotion"},{"floor":13,"key":"GamblersBrew"},{"floor":16,"key":"LifebloodPotion"}],"is_trial":false,"path_per_floor":["M","?","M","M","M","E","R","M","T","R","$","?","M","?","R_BF","B",null,"M","?","M","$","?","R","E"],"character_chosen":"IRONCLAD","items_purchased":["Whetstone"],"campfire_rested":0,"item_purchase_floors":[21],"current_hp_per_floor":[79,79,80,66,76,47,47,45,45,45,45,71,72,56,56,34,80,78,78,64,64,64,64,2,2],"gold":34,"neow_bonus":"TRANSFORM_TWO_CARDS","is_daily":false,"chose_seed":false,"campfire_upgraded":2,"win_rate":0.0,"timestamp":1614358108,"path_taken":["M","?","M","M","M","E","R","M","T","R","$","?","M","?","R_BF","BOSS","M","?","M","$","?","R","E"],"items_purchased_type":["Relic"],"build_version":"2020-12-22","purchased_purges":1,"victory":false,"max_hp_per_floor":[80,80,80,80,80,80,80,80,80,80,80,80,80,80,80,80,80,80,80,80,80,80,80,80,80],"relic_stats":{"counters":[11,46],"Self Forming Clay":[81],"Pandora\u0027s Box":["Intimidate","Pommel Strike","Warcry","Impervious","ReplayTheSpireMod:Limb From Limb"],"Whetstone":["Pommel Strike","ReplayTheSpireMod:Limb From Limb"],"obtain_stats":[{"ReplayTheSpireMod:Ring of Exchange":2,"Self Forming Clay":9,"Pandora\u0027s Box":17,"Whetstone":21,"Replay:Bottled Eggs":6,"Burning Blood":0},{"ReplayTheSpireMod:Ring of Exchange":1,"Self Forming Clay":6,"Pandora\u0027s Box":8,"Whetstone":10,"Replay:Bottled Eggs":5,"Burning Blood":0},{"ReplayTheSpireMod:Ring of Exchange":4,"Self Forming Clay":25,"Pandora\u0027s Box":33,"Whetstone":39,"Replay:Bottled Eggs":21,"Burning Blood":0}],"Burning Blood":55},"card_choices":[{"not_picked":["True Grit","Massacre"],"picked":"Heavy Blade","floor":1},{"not_picked":["Feel No Pain","Burning Pact"],"picked":"Heavy Blade","floor":3},{"not_picked":["ReplayTheSpireMod:Stacked","Wild Strike"],"picked":"Thunderclap","floor":4},{"not_picked":["Sentinel","Havoc"],"picked":"Flex","floor":5},{"not_picked":["Power Through","Rupture","Flex"],"picked":"SKIP","floor":6},{"not_picked":["ReplayTheSpireMod:Stacked","Shrug It Off","Offering"],"picked":"SKIP","floor":8},{"not_picked":["Dual Wield","Perfected Strike"],"picked":"Clash","floor":13},{"not_picked":["Fiend Fire","Eclipse"],"picked":"Impervious","floor":16},{"not_picked":["Body Slam","Replay:Undeath\u0027s Touch+1"],"picked":"Warcry","floor":18},{"not_picked":["Carnage+1","Barricade"],"picked":"Cleave+1","floor":20}],"player_experience":144787,"relics_obtained":[{"floor":2,"key":"ReplayTheSpireMod:Ring of Exchange"},{"floor":6,"key":"Replay:Bottled Eggs"},{"floor":9,"key":"Self Forming Clay"}],"event_choices":[{"damage_healed":26,"gold_gain":0,"player_choice":"Banana","damage_taken":0,"max_hp_gain":0,"max_hp_loss":0,"event_name":"Big Fish","floor":12,"gold_loss":0},{"damage_healed":72,"gold_gain":0,"player_choice":"Upgrade","damage_taken":16,"max_hp_gain":0,"max_hp_loss":80,"event_name":"betterThird:BetterShining","floor":14,"gold_loss":0,"cards_upgraded":["Reaper","Defend_R"]},{"damage_healed":0,"gold_gain":0,"player_choice":"Obtain J.A.X.","damage_taken":0,"max_hp_gain":0,"max_hp_loss":0,"event_name":"Drug Dealer","floor":19,"gold_loss":0,"cards_obtained":["J.A.X."]},{"damage_healed":0,"gold_gain":0,"player_choice":"Read","damage_taken":0,"max_hp_gain":0,"max_hp_loss":0,"event_name":"The Library","floor":22,"gold_loss":0,"cards_obtained":["Headbutt"]}],"is_beta":false,"boss_relics":[{"not_picked":["Tiny House","Sozu"],"picked":"Pandora\u0027s Box"}],"items_purged_floors":[11],"is_endless":false,"potions_floor_spawned":[3,8,13,16],"killed_by":"Slavers","ascension_level":3}}