{"host":"mithrandi","time":1614331234,"event":{"mods":["BaseMod","Colored Map","Highlight Path","Minty Spire (QoL Compilation)","SuperFastMode"],"gold_per_floor":[111,111,111,185,26,62,62,102,140,165,213,225,237,249,261,369,381,416,38,56,56,69,69,103,127,127,177,513,513,557,103,103,103,103],"floor_reached":33,"language":"ENG","playtime":3135,"items_purged":["Strike_B","Strike_B","Shame"],"score":759,"play_id":"cf79957e-07c6-45c3-a0ed-4e03c4a0c5c0","local_time":"20210226112034","is_ascension_mode":true,"campfire_choices":[{"data":"Defragment","floor":7.0,"key":"SMITH"},{"floor":12,"key":"REST"},{"data":"Biased Cognition","floor":15,"key":"SMITH"},{"data":"Fission","floor":23,"key":"SMITH"},{"floor":29,"key":"REST"},{"data":"Coolheaded","floor":32,"key":"SMITH"}],"circlet_count":0,"master_deck":["AscendersBane","Strike_B","Strike_B","Defend_B","Defend_B","Defend_B","Defend_B+1","Zap+1","Dualcast","Coolheaded+1","Defragment+1","Sweeping Beam","Biased Cognition+1","FTL","Cold Snap","Seek","Hologram+1","Biased Cognition+1","Fission+1","Beam Cell+1","Ball Lightning","Redo+1","BootSequence+1","Storm"],"relics":["Cracked Core","NeowsBlessing","Golden Idol","StrikeDummy","Bag of Marbles","MawBank","Smiling Mask","Orichalcum","Sozu","DollysMirror","Juzu Bracelet","Shuriken","Eternal Feather","Old Coin","Ginger","MealTicket","War Paint"],"acts_visited":["Exordium","TheCity"],"potions_floor_usage":[11,16],"damage_taken":[{"damage":0.0,"enemies":"Small Slimes","floor":1.0,"turns":1.0},{"damage":0.0,"enemies":"Gremlin Nob","floor":6.0,"turns":1.0},{"damage":0.0,"enemies":"3 Sentries","floor":8.0,"turns":1.0},{"damage":4,"enemies":"2 Louse","floor":10,"turns":2},{"damage":17,"enemies":"Gremlin Nob","floor":11,"turns":4},{"damage":14,"enemies":"Hexaghost","floor":16,"turns":8},{"damage":21,"enemies":"Shell Parasite","floor":18,"turns":4},{"damage":0,"enemies":"3 Byrds","floor":20,"turns":5},{"damage":0,"enemies":"3 Cultists","floor":22,"turns":4},{"damage":24,"enemies":"Book of Stabbing","floor":24,"turns":5},{"damage":0,"enemies":"Centurion and Healer","floor":25,"turns":6},{"damage":4,"enemies":"Gremlin Leader","floor":28,"turns":4},{"damage":7,"enemies":"Book of Stabbing","floor":30,"turns":5},{"damage":81,"enemies":"Champ","floor":33,"turns":8}],"seed_played":"-8005739557778708001","potions_obtained":[{"floor":8.0,"key":"Swift Potion"},{"floor":11,"key":"LiquidBronze"}],"is_trial":false,"path_per_floor":["M","?","?","T","$","E","R","E","T","M","E","R","?","$","R","B",null,"M","$","M","?","M","R","E","M","T","?","E","R","E","$","R","B"],"character_chosen":"DEFECT","items_purchased":["Defragment","DollysMirror","Fission","Storm","MealTicket","War Paint"],"campfire_rested":2,"item_purchase_floors":[5,19,19,31,31,31],"current_hp_per_floor":[64,40,40,40,40,40,40,40,40,36,19,40,45,45,45,31,65,44,44,44,44,44,44,20,20,20,20,16,50,43,43,55,0,0],"gold":103,"neow_bonus":"THREE_ENEMY_KILL","is_daily":false,"chose_seed":false,"campfire_upgraded":4,"win_rate":0.0,"timestamp":1614331234,"path_taken":["M","?","?","?","?","E","R","E","T","M","E","R","?","?","R","BOSS","M","$","?","?","M","R","E","M","T","?","E","R","E","$","R","BOSS"],"items_purchased_type":["Card","Relic","Card","Card","Relic","Relic"],"build_version":"2020-12-18","purchased_purges":3,"victory":false,"max_hp_per_floor":[71,71,71,71,71,71,71,71,71,71,71,71,76,76,76,76,76,76,76,76,76,76,76,76,76,76,76,76,76,76,76,76,76,76],"card_choices":[{"not_picked":["Stack","Aggregate"],"picked":"Coolheaded","floor":1.0},{"not_picked":["Cold Snap","Redo"],"picked":"Sweeping Beam","floor":6.0},{"not_picked":["Leap","Sweeping Beam"],"picked":"Biased Cognition","floor":8.0},{"not_picked":["Steam","Blizzard"],"picked":"FTL","floor":10},{"not_picked":["Darkness","Sunder"],"picked":"Cold Snap","floor":11},{"not_picked":["Reboot","Hyperbeam"],"picked":"Seek","floor":16},{"not_picked":["Force Field+1","Steam"],"picked":"Hologram+1","floor":18},{"not_picked":["Barrage","Static Discharge","Hologram"],"picked":"SKIP","floor":20},{"not_picked":["Go for the Eyes","Leap"],"picked":"Beam Cell+1","floor":22},{"not_picked":["Conserve Battery","Turbo"],"picked":"Ball Lightning","floor":24},{"not_picked":["Steam","Sweeping Beam"],"picked":"Redo+1","floor":25},{"not_picked":["Go for the Eyes","Fusion"],"picked":"BootSequence+1","floor":28},{"not_picked":["Machine Learning","Lockon","Hello World"],"picked":"SKIP","floor":30}],"player_experience":3134621,"relics_obtained":[{"floor":4.0,"key":"StrikeDummy"},{"floor":6.0,"key":"Bag of Marbles"},{"floor":8.0,"key":"MawBank"},{"floor":9.0,"key":"Smiling Mask"},{"floor":11,"key":"Orichalcum"},{"floor":24,"key":"Shuriken"},{"floor":26,"key":"Eternal Feather"},{"floor":28,"key":"Old Coin"},{"floor":30,"key":"Ginger"}],"event_choices":[{"damage_healed":0.0,"max_hp_gain":0.0,"max_hp_loss":0.0,"gold_gain":0.0,"event_name":"Golden Idol","player_choice":"Take Damage","floor":2.0,"gold_loss":0.0,"damage_taken":24.0,"relics_obtained":["Golden Idol"]},{"damage_healed":0.0,"max_hp_gain":0.0,"max_hp_loss":0.0,"gold_gain":0.0,"event_name":"Liars Game","player_choice":"Ignored","floor":3.0,"gold_loss":0.0,"damage_taken":0.0},{"damage_healed":0,"gold_gain":0,"player_choice":"Donut","damage_taken":0,"max_hp_gain":5,"max_hp_loss":0,"event_name":"Big Fish","floor":13,"gold_loss":0},{"damage_healed":0,"gold_gain":0,"player_choice":"Stole Relic","damage_taken":0,"relics_obtained":["Juzu Bracelet"],"max_hp_gain":0,"max_hp_loss":0,"event_name":"Addict","floor":21,"gold_loss":0,"cards_obtained":["Shame"]},{"damage_healed":0,"gold_gain":50,"player_choice":"Pray","damage_taken":0,"max_hp_gain":0,"max_hp_loss":0,"event_name":"Golden Shrine","floor":27,"gold_loss":0}],"is_beta":true,"boss_relics":[{"not_picked":["Philosopher\u0027s Stone","SlaversCollar"],"picked":"Sozu"}],"items_purged_floors":[5,19,31],"is_endless":false,"potions_floor_spawned":[8,11,18,24,28,30],"killed_by":"Champ","ascension_level":20}}