{"host":"ul3z8ex5o8l5j7mh","time":1614346293,"event":{"mods":["2.2 Compatiblity","AchievementEnabler","BaseMod","Bestiary","Colored Map","Colored Powertips","Curses Come First","DeckTracker","Highlight Path","Keyboard Shortcuts","Minty Spire (QoL Compilation)","Relic Sorter","Relic Stats","StSLib","SuperFastMode"],"gold_per_floor":[111,130,130,130,130,130,164,164,164,9,29,63,86,412,412,412,412],"floor_reached":16,"language":"ENG","playtime":405,"items_purged":[],"score":186,"play_id":"b622ea6c-9eea-419a-8aee-248e46783706","local_time":"20210226143133","is_ascension_mode":true,"campfire_choices":[{"data":"Cleave","floor":6.0,"key":"SMITH"},{"data":"Seeing Red","floor":8.0,"key":"SMITH"},{"data":"Shockwave","floor":15.0,"key":"SMITH"}],"circlet_count":0,"master_deck":["Strike_R","Strike_R","Strike_R","Strike_R","Strike_R","Defend_R","Defend_R","Defend_R","Bash","Heavy Blade","Cleave+1","Seeing Red+1","Carnage","Shockwave+1"],"relics":["Burning Blood","NeowsBlessing","CeramicFish","InkBottle","Sling","Regal Pillow","Old Coin"],"acts_visited":["Exordium"],"potions_floor_usage":[],"damage_taken":[{"damage":0.0,"enemies":"2 Louse","floor":1.0,"turns":1.0},{"damage":0.0,"enemies":"Cultist","floor":2.0,"turns":1.0},{"damage":0.0,"enemies":"Lagavulin","floor":7.0,"turns":1.0},{"damage":2.0,"enemies":"Jaw Worm","floor":11.0,"turns":2.0},{"damage":18.0,"enemies":"Gremlin Nob","floor":12.0,"turns":3.0},{"damage":14.0,"enemies":"Red Slaver","floor":13.0,"turns":2.0},{"damage":15.0,"enemies":"3 Sentries","floor":14.0,"turns":4.0},{"damage":58,"enemies":"Hexaghost","floor":16,"turns":9}],"seed_played":"-6977524324164227628","potions_obtained":[{"floor":12.0,"key":"LiquidMemories"},{"floor":13.0,"key":"FearPotion"},{"floor":14.0,"key":"Fruit Juice"}],"is_trial":false,"path_per_floor":["M","M","?","?","?","R","E","R","T","$","M","E","M","E","R","B"],"character_chosen":"IRONCLAD","items_purchased":["Sling"],"campfire_rested":0,"item_purchase_floors":[10],"current_hp_per_floor":[78,80,85,85,78,78,84,84,84,84,85,73,65,56,56,0,0],"gold":412,"neow_bonus":"THREE_ENEMY_KILL","is_daily":false,"chose_seed":false,"campfire_upgraded":3,"win_rate":0.0,"timestamp":1614346293,"path_taken":["M","M","?","?","?","R","E","R","T","?","?","E","M","E","R","BOSS"],"items_purchased_type":["Relic"],"build_version":"2020-12-22","purchased_purges":0,"victory":false,"max_hp_per_floor":[80,80,85,85,85,85,85,85,85,85,85,85,85,85,85,85,85],"relic_stats":{"Regal Pillow":0,"counters":[8,23],"CeramicFish":27,"obtain_stats":[{"Regal Pillow":12,"NeowsBlessing":0,"CeramicFish":7,"Sling":10,"Burning Blood":0,"InkBottle":9,"Old Coin":14},{"Regal Pillow":5,"NeowsBlessing":0,"CeramicFish":3,"Sling":3,"Burning Blood":0,"InkBottle":3,"Old Coin":7},{"Regal Pillow":8,"NeowsBlessing":0,"CeramicFish":3,"Sling":3,"Burning Blood":0,"InkBottle":3,"Old Coin":14}],"Burning Blood":35,"InkBottle":[4]},"card_choices":[{"not_picked":["Body Slam","Clash"],"picked":"Heavy Blade","floor":1.0},{"not_picked":["Warcry","Flex"],"picked":"Cleave","floor":2.0},{"not_picked":["Power Through","Battle Trance"],"picked":"Seeing Red","floor":7.0},{"not_picked":["Whirlwind","Cleave"],"picked":"Carnage","floor":11.0},{"not_picked":["Carnage","Second Wind","Reckless Charge"],"picked":"SKIP","floor":12.0},{"not_picked":["Anger","Metallicize"],"picked":"Shockwave","floor":13.0},{"not_picked":["Whirlwind","Second Wind","Carnage"],"picked":"SKIP","floor":14.0}],"player_experience":440951,"relics_obtained":[{"floor":7.0,"key":"CeramicFish"},{"floor":9.0,"key":"InkBottle"},{"floor":12.0,"key":"Regal Pillow"},{"floor":14.0,"key":"Old Coin"}],"event_choices":[{"damage_healed":0.0,"max_hp_gain":5.0,"max_hp_loss":0.0,"gold_gain":0.0,"event_name":"Big Fish","player_choice":"Donut","floor":3.0,"gold_loss":0.0,"damage_taken":0.0},{"damage_healed":0.0,"max_hp_gain":0.0,"max_hp_loss":0.0,"gold_gain":0.0,"event_name":"Liars Game","player_choice":"Ignored","floor":4.0,"gold_loss":0.0,"damage_taken":0.0},{"cards_removed":["Defend_R"],"damage_healed":0.0,"max_hp_gain":0.0,"max_hp_loss":0.0,"gold_gain":0.0,"event_name":"Golden Wing","player_choice":"Card Removal","floor":5.0,"gold_loss":0.0,"damage_taken":7.0}],"is_beta":false,"boss_relics":[],"items_purged_floors":[],"is_endless":false,"potions_floor_spawned":[12,13,14],"killed_by":"Hexaghost","ascension_level":6}}