{"host":"1vxemzms76200xsp","time":1614373855,"event":{"mods":["AchievementEnabler","BaseMod","Better Synergies","Highlight Path","Minty Spire (QoL Compilation)","StSLib","The Bug Knight"],"gold_per_floor":[111,126,126,144,144,144,155,1,27,27,42,42,54,80,80,80,80],"floor_reached":16,"language":"ENG","playtime":781,"items_purged":[],"score":102,"play_id":"fa1bc481-5dd6-4f22-bf1d-70e9f1ca6822","local_time":"20210226231055","is_ascension_mode":false,"campfire_choices":[{"data":"HollowMod:DashSlash","floor":6,"key":"SMITH"},{"data":"HollowMod:SoulEater","floor":10,"key":"SMITH"},{"data":"HollowMod:SoulEater","floor":12,"key":"SMITH"},{"floor":15,"key":"REST"}],"circlet_count":0,"master_deck":["HollowMod:NailStrikeStart","HollowMod:NailStrikeStart","HollowMod:NailStrikeStart","HollowMod:NailStrikeStart","HollowMod:QuickDashStart","HollowMod:QuickDashStart","HollowMod:QuickDashStart","HollowMod:QuickDashStart","HollowMod:FocusHealStart","HollowMod:PogoStrike","HollowMod:SoulEater+1","HollowMod:DashSlash+1","HollowMod:SoulEater+1","HollowMod:SoulStrike","HollowMod:SoulMaster","HollowMod:VengefulVoid","HollowMod:NewJinnsSoul","HollowMod:LifebloodCocoon","HollowMod:CycloneSlash","HollowMod:PureNailStrike","HollowMod:CycloneSlash"],"relics":["HollowMod:VesselMask","Bronze Scales","Orrery","Lantern","Bag of Marbles"],"acts_visited":["Exordium"],"potions_floor_usage":[],"damage_taken":[{"damage":6,"enemies":"Cultist","floor":1,"turns":3},{"damage":5,"enemies":"Small Slimes","floor":2,"turns":4},{"damage":16,"enemies":"2 Louse","floor":4,"turns":2},{"damage":5,"enemies":"Exordium Wildlife","floor":7,"turns":5},{"damage":29,"enemies":"Lots of Slimes","floor":11,"turns":4},{"damage":0,"enemies":"Large Slime","floor":13,"turns":6},{"damage":28,"enemies":"Gremlin Nob","floor":14,"turns":5},{"damage":42,"enemies":"Slime Boss","floor":16,"turns":5}],"seed_played":"-7727374343519845417","potions_obtained":[{"floor":2,"key":"Swift Potion"},{"floor":4,"key":"Dexterity Potion"},{"floor":11,"key":"Swift Potion"},{"floor":13,"key":"SpeedPotion"}],"is_trial":false,"path_per_floor":["M","M","?","M","?","R","M","$","T","R","M","R","M","E","R","B"],"character_chosen":"THE_BUGKNIGHT","items_purchased":["Orrery"],"campfire_rested":1,"item_purchase_floors":[8],"current_hp_per_floor":[69,64,64,48,66,66,67,67,67,67,38,38,44,16,38,0,0],"gold":80,"neow_bonus":"RANDOM_COMMON_RELIC","is_daily":false,"chose_seed":false,"campfire_upgraded":3,"win_rate":0.0,"timestamp":1614373855,"path_taken":["M","?","?","M","?","R","M","$","T","R","M","R","M","E","R","BOSS"],"items_purchased_type":["Relic"],"build_version":"2020-12-22","purchased_purges":0,"victory":false,"max_hp_per_floor":[75,75,75,75,75,75,75,75,75,75,75,75,75,75,75,75,75],"card_choices":[{"not_picked":["HollowMod:SoulSplash","HollowMod:TaintedHusks"],"picked":"HollowMod:SoulEater","floor":1},{"not_picked":["HollowMod:NewGlowingWomb","HollowMod:WraithStrike","HollowMod:InfectedCysts"],"picked":"SKIP","floor":2},{"not_picked":["HollowMod:MantisMark","HollowMod:CornifersMapStart"],"picked":"HollowMod:DashSlash","floor":4},{"not_picked":["HollowMod:NewLittleFool","HollowMod:WraithStrike"],"picked":"HollowMod:SoulEater","floor":7},{"not_picked":["HollowMod:PerfectDash","HollowMod:DoubleDash"],"picked":"HollowMod:SoulStrike","floor":8},{"not_picked":["HollowMod:HeavyBlow","HollowMod:ChannelNail"],"picked":"HollowMod:SoulMaster","floor":8},{"not_picked":["HollowMod:MawleksShell","HollowMod:MothsMistake"],"picked":"HollowMod:VengefulVoid","floor":8},{"not_picked":["HollowMod:CornifersMapStart","HollowMod:DoubleDash"],"picked":"HollowMod:NewJinnsSoul","floor":8},{"not_picked":["HollowMod:CloakDash","HollowMod:NewLittleFool"],"picked":"HollowMod:LifebloodCocoon","floor":8},{"not_picked":["HollowMod:HowlingWraiths","HollowMod:HeavyBlow"],"picked":"HollowMod:CycloneSlash","floor":11},{"not_picked":["HollowMod:LifebloodCocoon","HollowMod:TaintedHusks"],"picked":"HollowMod:PureNailStrike","floor":13},{"not_picked":["HollowMod:ShadowDash","HollowMod:VoidDash"],"picked":"HollowMod:CycloneSlash","floor":14}],"player_experience":38766,"relics_obtained":[{"floor":9,"key":"Lantern"},{"floor":14,"key":"Bag of Marbles"}],"event_choices":[{"damage_healed":0,"gold_gain":0,"player_choice":"Leave","damage_taken":0,"max_hp_gain":0,"max_hp_loss":0,"event_name":"The Cleric","floor":3,"gold_loss":0}],"is_beta":false,"boss_relics":[],"items_purged_floors":[],"is_endless":false,"potions_floor_spawned":[2,4,11,13],"killed_by":"Slime Boss","ascension_level":0}}