{"host":"eksvfr80mef7di1h","time":1614374869,"event":{"mods":["AchievementEnabler","BaseMod","Colored Map","Minty Spire (QoL Compilation)","StSLib","SuperFastMode"],"gold_per_floor":[109,123,135,149,125,125,125,144,144,154,164,164,239,257,257,360,360,372,383,415,431,443,443],"floor_reached":22,"language":"ENG","playtime":540,"items_purged":[],"score":184,"play_id":"8b20a5d3-b0ac-4388-8447-96eaf8b8b742","local_time":"20210226222749","is_ascension_mode":false,"campfire_choices":[{"data":"Poisoned Stab","floor":6,"key":"SMITH"},{"data":"Poisoned Stab","floor":12,"key":"SMITH"},{"data":"Bane","floor":15,"key":"SMITH"}],"circlet_count":0,"master_deck":["Strike_G","Strike_G","Strike_G","Strike_G","Strike_G","Defend_G","Defend_G","Defend_G","Defend_G","Defend_G","Survivor","Neutralize","Riddle With Holes","Poisoned Stab+1","Deadly Poison","Bane","Deadly Poison","Bane+1","Poisoned Stab+1","Burst","Leg Sweep","Dagger Spray+1","Terror+1","Sucker Punch+1"],"relics":["Ring of the Snake","Sundial","Sozu","Red Mask"],"acts_visited":["Exordium","TheCity"],"potions_floor_usage":[16,18],"damage_taken":[{"damage":2,"enemies":"Small Slimes","floor":1,"turns":5},{"damage":0,"enemies":"Jaw Worm","floor":2,"turns":4},{"damage":0,"enemies":"2 Louse","floor":3,"turns":2},{"damage":21,"enemies":"Large Slime","floor":4,"turns":6},{"damage":0,"enemies":"Blue Slaver","floor":8,"turns":3},{"damage":0,"enemies":"3 Louse","floor":10,"turns":2},{"damage":4,"enemies":"Exordium Wildlife","floor":11,"turns":5},{"damage":0,"enemies":"Red Slaver","floor":14,"turns":2},{"damage":31,"enemies":"Slime Boss","floor":16,"turns":8},{"damage":0,"enemies":"3 Byrds","floor":18,"turns":4},{"damage":8,"enemies":"Shell Parasite","floor":19,"turns":5},{"damage":35,"enemies":"Masked Bandits","floor":20,"turns":4},{"damage":0,"enemies":"Centurion and Healer","floor":21,"turns":4},{"damage":17,"enemies":"Snecko","floor":22,"turns":4}],"seed_played":"-7093080913677608072","potions_obtained":[{"floor":3,"key":"GamblersBrew"},{"floor":4,"key":"SkillPotion"},{"floor":8,"key":"BlessingOfTheForge"},{"floor":11,"key":"CunningPotion"},{"floor":16,"key":"CultistPotion"}],"is_trial":false,"path_per_floor":["M","M","M","M","$","R","?","M","T","M","M","R","?","M","R","B",null,"M","M","?","M","M"],"character_chosen":"THE_SILENT","items_purchased":["Deadly Poison"],"campfire_rested":0,"item_purchase_floors":[5],"current_hp_per_floor":[75,75,75,54,54,54,54,54,54,54,50,50,39,39,39,8,77,77,69,34,34,17,17],"gold":443,"neow_bonus":"TEN_PERCENT_HP_BONUS","is_daily":false,"chose_seed":false,"campfire_upgraded":3,"win_rate":0.0,"timestamp":1614374869,"path_taken":["M","M","M","M","$","R","?","M","T","M","M","R","?","M","R","BOSS","M","M","?","M","M"],"items_purchased_type":["Card"],"build_version":"2020-12-22","purchased_purges":0,"victory":false,"max_hp_per_floor":[77,77,77,77,77,77,77,77,77,77,77,77,77,77,77,77,77,77,77,77,77,77,77],"card_choices":[{"not_picked":["Bane","Expertise"],"picked":"Riddle With Holes","floor":1},{"not_picked":["Slice","Outmaneuver"],"picked":"Poisoned Stab","floor":2},{"not_picked":["Tools of the Trade","Slice"],"picked":"Deadly Poison","floor":3},{"not_picked":["Deflect","Dagger Throw"],"picked":"Bane","floor":4},{"not_picked":["Dash","Cloak And Dagger"],"picked":"Bane","floor":8},{"not_picked":["Dodge and Roll","All Out Attack"],"picked":"Poisoned Stab","floor":10},{"not_picked":["Doppelganger","Dodge and Roll","Expertise"],"picked":"SKIP","floor":11},{"not_picked":["Expertise","Blade Dance","Eviscerate"],"picked":"SKIP","floor":14},{"not_picked":["Malaise","Corpse Explosion"],"picked":"Burst","floor":16},{"not_picked":["Distraction","Underhanded Strike"],"picked":"Leg Sweep","floor":18},{"not_picked":["Leg Sweep+1","Underhanded Strike"],"picked":"Dagger Spray+1","floor":19},{"not_picked":["Outmaneuver","Prepared"],"picked":"Terror+1","floor":20},{"not_picked":["Accuracy","Dagger Throw"],"picked":"Sucker Punch+1","floor":21}],"player_experience":192647,"relics_obtained":[{"floor":9,"key":"Sundial"},{"floor":20,"key":"Red Mask"}],"event_choices":[{"damage_healed":0,"gold_gain":0,"player_choice":"Searched \u00271\u0027 times","damage_taken":0,"max_hp_gain":0,"max_hp_loss":0,"event_name":"Dead Adventurer","floor":7,"gold_loss":0},{"damage_healed":0,"gold_gain":75,"player_choice":"Gather Gold","damage_taken":11,"max_hp_gain":0,"max_hp_loss":0,"event_name":"World of Goop","floor":13,"gold_loss":0},{"damage_healed":0,"gold_gain":0,"player_choice":"Fought Bandits","damage_taken":0,"max_hp_gain":0,"max_hp_loss":0,"event_name":"Masked Bandits","floor":20,"gold_loss":0}],"is_beta":false,"boss_relics":[{"not_picked":["Busted Crown","Snecko Eye"],"picked":"Sozu"}],"items_purged_floors":[],"is_endless":false,"potions_floor_spawned":[3,4,8,11,16,18,22],"killed_by":"Snecko","ascension_level":0}}