{"host":"mqhvlr3kpxebko0t","time":1614324837,"event":{"mods":["AchievementEnabler","BaseMod","Colored Map","Colored Powertips","KOR Keyword Fix","Keyboard Shortcuts","Minty Spire (QoL Compilation)","StSLib","SuperFastMode"],"gold_per_floor":[112,37,37,51,51,79,98,98,98,132,150,169,195,209,209,209,209],"floor_reached":16,"language":"KOR","playtime":238,"items_purged":["Strike_R"],"score":294,"play_id":"a25aff6b-0149-4a6e-899b-a895ad744396","local_time":"20210226163357","is_ascension_mode":true,"campfire_choices":[{"data":"Blood for Blood","floor":8,"key":"SMITH"},{"data":"Uppercut","floor":15,"key":"SMITH"}],"circlet_count":0,"master_deck":["AscendersBane","Strike_R","Strike_R","Defend_R","Defend_R","Defend_R","Defend_R","Bash","Clothesline","Shockwave","Blood for Blood+1","Uppercut+1","Carnage"],"relics":["Burning Blood","NeowsBlessing","Meat on the Bone","Mercury Hourglass","White Beast Statue","Dream Catcher"],"acts_visited":["Exordium"],"potions_floor_usage":[10,11,13,16,16,16],"damage_taken":[{"damage":0,"enemies":"Small Slimes","floor":1,"turns":1},{"damage":0,"enemies":"Cultist","floor":4,"turns":1},{"damage":0,"enemies":"Gremlin Nob","floor":6,"turns":1},{"damage":9,"enemies":"Jaw Worm","floor":7,"turns":3},{"damage":23,"enemies":"Lagavulin","floor":10,"turns":5},{"damage":30,"enemies":"Gremlin Gang","floor":11,"turns":4},{"damage":5,"enemies":"Red Slaver","floor":12,"turns":3},{"damage":30,"enemies":"3 Sentries","floor":13,"turns":8},{"damage":3,"enemies":"3 Louse","floor":14,"turns":3},{"damage":69,"enemies":"Slime Boss","floor":16,"turns":8}],"seed_played":"-2672094855516976722","potions_obtained":[{"floor":6,"key":"EssenceOfSteel"},{"floor":10,"key":"Regen Potion"},{"floor":11,"key":"SpeedPotion"},{"floor":12,"key":"BloodPotion"},{"floor":13,"key":"GamblersBrew"},{"floor":14,"key":"EntropicBrew"}],"is_trial":false,"path_per_floor":["M","$","?","M","?","E","M","R","T","E","M","M","E","M","R","B"],"character_chosen":"IRONCLAD","items_purchased":[],"campfire_rested":0,"item_purchase_floors":[],"current_hp_per_floor":[74,74,74,75,75,75,72,72,72,55,55,56,59,62,62,0,0],"gold":209,"neow_bonus":"THREE_ENEMY_KILL","is_daily":false,"chose_seed":false,"campfire_upgraded":2,"win_rate":0.0,"timestamp":1614324837,"path_taken":["M","$","?","M","?","E","M","R","T","E","?","M","E","M","R","BOSS"],"items_purchased_type":[],"build_version":"2020-12-22","purchased_purges":1,"victory":false,"max_hp_per_floor":[75,75,75,75,75,75,75,75,75,75,75,75,75,75,75,75,75],"card_choices":[{"not_picked":["Heavy Blade","Searing Blow","Thunderclap"],"picked":"SKIP","floor":1},{"not_picked":["Sword Boomerang","True Grit"],"picked":"Shockwave","floor":4},{"not_picked":["Blood for Blood","Intimidate","Clothesline"],"picked":"SKIP","floor":6},{"not_picked":["Entrench","Shockwave"],"picked":"Uppercut","floor":7},{"not_picked":["Metallicize","Double Tap","Clothesline"],"picked":"SKIP","floor":10},{"not_picked":["Pummel","Intimidate","Clothesline"],"picked":"SKIP","floor":11},{"not_picked":["Headbutt","Pummel","Cleave"],"picked":"SKIP","floor":12},{"not_picked":["Seeing Red","Berserk"],"picked":"Carnage","floor":13},{"not_picked":["Havoc","Clothesline","True Grit"],"picked":"SKIP","floor":14}],"player_experience":722885,"relics_obtained":[{"floor":6,"key":"Meat on the Bone"},{"floor":9,"key":"Mercury Hourglass"},{"floor":10,"key":"White Beast Statue"},{"floor":13,"key":"Dream Catcher"}],"event_choices":[{"damage_healed":0,"gold_gain":0,"cards_transformed":["Strike_R"],"player_choice":"Change","damage_taken":0,"max_hp_gain":0,"max_hp_loss":0,"event_name":"Living Wall","floor":3,"gold_loss":0,"cards_obtained":["Clothesline"]},{"damage_healed":0,"gold_gain":0,"cards_transformed":["Strike_R"],"player_choice":"Transformed","damage_taken":0,"max_hp_gain":0,"max_hp_loss":0,"event_name":"Transmorgrifier","floor":5,"gold_loss":0,"cards_obtained":["Blood for Blood"]}],"is_beta":false,"boss_relics":[],"items_purged_floors":[2],"is_endless":false,"potions_floor_spawned":[6,10,11,12,13,14],"killed_by":"Slime Boss","ascension_level":20}}