{"host":"6n0bwkgbkn8ajkoa","time":1614347367,"event":{"mods":["AchievementEnabler","Act Like it!","Aspiration","BaseMod","Colored Map","Conspire","Downfall","Elementarium","Hallownest","Highlight Path","Hubris","Infinite Spire","Luminous","Marisa????????","Minty Spire (QoL Compilation)","Pale of the Ancients","Quick Restart","Reliquary","Replay The Spire","Ruina","Spikes Relics","StSLib","Td1madao Mod","The Bug Knight","The Mystic","The Wild Card"],"gold_per_floor":[116,130,140,140,158,190,190,190,190,213,87,99,133,144,144,239,239,250,263,275,129,129,161,42,42,42,61,61,86,86,96,96,201,201,215,215,215,233,233,268,268,268,323,350,364,420,420,248,248,343,343,360,370,370,87,87,107,107,100,100,198,198,202,210,224,241,911,934,934,952,970,970,960,960,955,961,961,1046,1046,1046,1054,1054,1054,1056,1055,1055,823,841,850,860,649,649,657,657,732,732,734,734,659,671,432,454,462,479,497,488,497,590,591,592,592,666,666,632,616,616,516,516,502,502,381,381,432,432,444,456,471,180,189,214,235,235,304,326,341,341,341,376,376,268,268],"floor_reached":140,"language":"ENG","playtime":4597,"items_purged":["downfall:Aged","Luminous:Light_Wash_Luminous+1","Overencumbered","Doubt","Regret","Overencumbered","Spreading Infection","Luminous:Defend_Luminous"],"score":3944,"play_id":"7d28731c-42bf-464c-aee1-2fb24de22e8f","local_time":"20210226144927","is_ascension_mode":false,"campfire_choices":[{"data":"Luminous:Switch_Luminous","floor":8.0,"key":"SMITH"},{"data":"Luminous:Photic_Meditation_Luminous","floor":15.0,"key":"SMITH"},{"data":"Luminous:Dusk_Guard_Luminous","floor":28.0,"key":"SMITH"},{"data":"infinitespire:NeuralNetwork","floor":30.0,"key":"SMITH"},{"data":"Luminous:Light_Wash_Luminous","floor":32.0,"key":"SMITH"},{"data":"Luminous:Light_Disperse","floor":49.0,"key":"SMITH"},{"data":"Luminous:Dark_Pressure_Void","floor":56.0,"key":"SMITH"},{"data":"Luminous:Light_Sylvan_Lance","floor":58.0,"key":"SMITH"},{"data":"Luminous:Dark_Dim_Erosion","floor":74.0,"key":"SMITH"},{"data":"Luminous:Balance_Ender","floor":77.0,"key":"SMITH"},{"data":"Luminous:Balance_Ender","floor":86.0,"key":"SMITH"},{"data":"ruina:LoveAndHate","floor":92.0,"key":"SMITH"},{"floor":94.0,"key":"DIG"},{"data":"hubris:InfiniteBlow","floor":111.0,"key":"SMITH"},{"data":"hubris:InfiniteBlow+2","floor":118,"key":"SMITH"},{"data":"hubris:InfiniteBlow+3","floor":120,"key":"SMITH"},{"data":"hubris:InfiniteBlow+4","floor":132,"key":"SMITH"},{"data":"hubris:InfiniteBlow+5","floor":137,"key":"SMITH"},{"data":"hubris:InfiniteBlow+6","floor":139,"key":"SMITH"}],"circlet_count":0,"master_deck":["Luminous:Light_Flash_Shower","Luminous:Light_Flash_Shower","Luminous:Light_Flash_Shower","Luminous:Dark_Abyssal_Drop","Luminous:Dark_Abyssal_Drop","Luminous:Dark_Abyssal_Drop","Luminous:Defend_Luminous","Luminous:Defend_Luminous","Luminous:Switch_Luminous+1","Luminous:Light_Sylvan_Lance","Luminous:Dusk_Guard_Luminous+1","Luminous:Dark_Pressure_Void+1","Luminous:Light_Disperse+1","Luminous:Dark_Arcane_Pitch","Luminous:Photic_Meditation_Luminous+1","Luminous:Dark_Arcane_Pitch","Luminous:Balance_Ender+1","Luminous:Light_Sylvan_Lance+1","Luminous:Light_Gather","Luminous:Dark_Dim_Erosion+1","Luminous:Dark_Pressure_Void","Luminous:Light_Disperse+1","Luminous:Dark_Raid","Luminous:Dark_Apocalypse","Luminous:Dark_Raid","infinitespire:NeuralNetwork+1","Luminous:Dark_Dim_Erosion","Luminous:Dark_Pressure_Void","Luminous:Lunar_Tide_Luminous","Luminous:Balance_Death_Scythe","Luminous:Balance_Ender+1","Luminous:Balance_Ender+1","Luminous:Dark_Dim_Erosion","Luminous:Dark_Arcane_Pitch","Luminous:Dark_Dim_Erosion","Luminous:Light_Disperse","Luminous:Balance_Aether_Conduit+1","Luminous:Dark_Raid+1","ruina:LoveAndHate+1","Luminous:Dark_Morning_Star","Luminous:Balance_Death_Scythe+1","Luminous:Light_Gather","Luminous:Light_White_Aria+1","Luminous:Light_Glare+1","Luminous:Dark_Raid+1","Luminous:Light_Glare","Luminous:Light_Gather+1","hubris:InfiniteBlow+7","Luminous:Balance_Baptism","Luminous:Light_Disperse+1","Luminous:Light_White_Aria","Luminous:Light_Sylvan_Lance","Luminous:Light_Glare","Luminous:Light_Track","Luminous:Light_Sylvan_Lance","ReplayTheSpireMod:Splinters","downfall:Icky","Luminous:Light_Glare"],"relics":["Luminous:MirrorRelic","downfall:ExtraCursedKey","reliquary:IridiumChain","Rawhide","Odd Mushroom","hubris:AstralHammer","aspiration:PoetsPen_weak","InkBottle","Letter Opener","Elementarium:ElementariumTrophy","Replay:Grab Bag","reliquary:WritOfMandamus","Coffee Dripper","conspire:RunicOctahedron","aspiration:ArtOfWarUpgrade","SpikesRelics:DaevaFist","Bronze Scales","CeramicFish","aspiration:RitualDagger","paleoftheancients:Timepiece","CultistMask","paleoftheancients:SoulOfTheCollector","Membership Card","conspire:TopHat","Replay:Drink Me","Mirror","hubris:GlazedTorus","Hallownest:DreamNailRelic","Black Star","aspiration:HatOfInfinitePower","reliquary:FeatherDuster","ReplayTheSpireMod:Ninjato","ReplayTheSpireMod:Shallot","Replay:Ringing Soul","Pen Nib","Sling","PreservedInsect","hubris:CrackedHourglass","Guide Book","Bag of Preparation","infinitespire:EmpoweringShard","infinitespire:Beetle Shell","reliquary:FerryPass","hubris:DeckOfHolding","CrustySpines","Hallownest:GodTamersBeastRelic","SacredBark","paleoftheancients:KeyRelic","Oddly Smooth Stone","Spirit Poop","hubris:Towel","SlaversCollar","hubris:64BitClover","Bag of Marbles","conspire:DeflatedDodgeball","reliquary:TuningFork","hubris:Metronome","reliquary:TatteredRug","Onion Ring","Dead Branch"],"acts_visited":["Exordium","Exordium","TheBeyond","TheBeyond","paleoftheancients:PaleOfTheAncients","Hallownest:Greenpath","ruina:Briah","Hallownest:KingdomsEdge","paleoftheancients:PaleOfTheAncients"],"potions_floor_usage":[],"damage_taken":[{"damage":0.0,"enemies":"Jaw Worm","floor":1.0,"turns":4.0},{"damage":0.0,"enemies":"Small Slimes","floor":2.0,"turns":3.0},{"damage":9.0,"enemies":"conspire:RoseBush","floor":3.0,"turns":4.0},{"damage":7.0,"enemies":"conspire:2 RoseBushes","floor":5.0,"turns":4.0},{"damage":0.0,"enemies":"HollowMod:MossKnight","floor":6.0,"turns":10.0},{"damage":21.0,"enemies":"The Mushroom Lair","floor":10.0,"turns":5.0},{"damage":2.0,"enemies":"Blue Slaver","floor":12.0,"turns":5.0},{"damage":6.0,"enemies":"3 Sentries","floor":13.0,"turns":11.0},{"damage":0.0,"enemies":"Large Slime","floor":14.0,"turns":4.0},{"damage":11.0,"enemies":"Fading Forest","floor":16.0,"turns":11.0},{"damage":3.0,"enemies":"Elementarium:2_ELEMENTALS","floor":18.0,"turns":3.0},{"damage":4.0,"enemies":"Elementarium:Cyclone","floor":19.0,"turns":4.0},{"damage":14.0,"enemies":"Elementarium:Hydrostalker","floor":20.0,"turns":3.0},{"damage":20.0,"enemies":"Elementarium:FIRE_NOBILITY","floor":23.0,"turns":4.0},{"damage":0.0,"enemies":"Elementarium:VOID_CORRUPTION_AND_ORB_OF_FIRE","floor":27.0,"turns":5.0},{"damage":0.0,"enemies":"Nightmare","floor":29.0,"turns":5.0},{"damage":24.0,"enemies":"Elementarium:3_ELEMENTALS","floor":31.0,"turns":4.0},{"damage":12.0,"enemies":"Elementarium:PHOENIXES","floor":33.0,"turns":7.0},{"damage":4.0,"enemies":"Orb Walker","floor":35.0,"turns":2.0},{"damage":8.0,"enemies":"3 Shapes","floor":38.0,"turns":2.0},{"damage":25.0,"enemies":"Reptomancer","floor":40.0,"turns":4.0},{"damage":7.0,"enemies":"Nightmare","floor":44.0,"turns":7.0},{"damage":8.0,"enemies":"Jaw Worm Horde","floor":45.0,"turns":2.0},{"damage":38.0,"enemies":"Awakened One","floor":50.0,"turns":4.0},{"damage":23.0,"enemies":"Awakened One","floor":52.0,"turns":5.0},{"damage":70.0,"enemies":"Awakened One","floor":53.0,"turns":3.0},{"damage":102.0,"enemies":"Awakened One","floor":57.0,"turns":7.0},{"damage":14.0,"enemies":"paleoftheancients:N","floor":61.0,"turns":6.0},{"damage":17.0,"enemies":"Hallownest:2_MossCreeps","floor":63.0,"turns":3.0},{"damage":19.0,"enemies":"2_ Uuma","floor":64.0,"turns":2.0},{"damage":3.0,"enemies":"Hallownest:monsterHuskGuard","floor":65.0,"turns":1.0},{"damage":3.0,"enemies":"Hallownest:Guard_and_Warrior","floor":66.0,"turns":1.0},{"damage":6.0,"enemies":"Hallownest:eliteCrystalGuardian","floor":68.0,"turns":2.0},{"damage":8.0,"enemies":"Hallownest:2_Tiktiks_1_Baldur_1_Crawlid","floor":70.0,"turns":1.0},{"damage":16.0,"enemies":"Hallownest:monsterMarmu","floor":73.0,"turns":2.0},{"damage":6.0,"enemies":"Hallownest:1_Ooma_and_2_Uuma","floor":75.0,"turns":2.0},{"damage":3.0,"enemies":"Hallownest:Guard_and_Warrior","floor":76.0,"turns":1.0},{"damage":25.0,"enemies":"Hallownest:BossFalseKnight","floor":78.0,"turns":2.0},{"damage":16.0,"enemies":"ruina:3_Bats","floor":80.0,"turns":2.0},{"damage":34.0,"enemies":"ruina:Nosferatu","floor":81.0,"turns":2.0},{"damage":12.0,"enemies":"ruina:QueenOfHate","floor":82.0,"turns":2.0},{"damage":19.0,"enemies":"ruina:KingOfGreed","floor":84.0,"turns":2.0},{"damage":37.0,"enemies":"ruina:RoadHome","floor":85.0,"turns":3.0},{"damage":15.0,"enemies":"ruina:3_Scarecrows","floor":90.0,"turns":2.0},{"damage":3.0,"enemies":"ruina:Woodsman","floor":93.0,"turns":1.0},{"damage":81.0,"enemies":"ruina:Red_and_Wolf","floor":95.0,"turns":3.0},{"damage":16.0,"enemies":"Hallownest:Shield_Heavy","floor":97.0,"turns":2.0},{"damage":3.0,"enemies":"Hallownest:2_Littles","floor":100.0,"turns":1.0},{"damage":6.0,"enemies":"Hallownest:eliteHiveKnight","floor":102.0,"turns":2.0},{"damage":13.0,"enemies":"Hallownest:Shield_Sturdy","floor":103.0,"turns":2.0},{"damage":6.0,"enemies":"Hallownest:StalkingDevout","floor":104.0,"turns":2.0},{"damage":16.0,"enemies":"Hallownest:2_Great","floor":106.0,"turns":2.0},{"damage":3.0,"enemies":"Hallownest:2_Great","floor":108.0,"turns":1.0},{"damage":6.0,"enemies":"Hallownest:2_Great","floor":108.0,"turns":2.0},{"damage":33.0,"enemies":"Hallownest:2_Great","floor":108.0,"turns":3.0},{"damage":6.0,"enemies":"Hallownest:2_Great","floor":108.0,"turns":2.0},{"damage":6.0,"enemies":"Hallownest:monsterPrimalAspid","floor":109.0,"turns":2.0},{"damage":6.0,"enemies":"Hallownest:2_Soldiers_and_1_Guardian","floor":110.0,"turns":2.0},{"damage":12.0,"enemies":"Hallownest:Radiance","floor":112.0,"turns":4.0},{"damage":19.0,"enemies":"Hallownest:Radiance","floor":114.0,"turns":3.0},{"damage":84.0,"enemies":"Hallownest:Radiance","floor":115.0,"turns":5.0},{"damage":6,"enemies":"","floor":119,"turns":2},{"damage":39,"enemies":"paleoftheancients:N","floor":123,"turns":3},{"damage":9,"enemies":"Hallownest:2_Tiktiks_and_1_Crawlid","floor":125,"turns":1},{"damage":3,"enemies":"Hallownest:2_Baldur","floor":126,"turns":1},{"damage":3,"enemies":"Hallownest:monsterHuskGuard","floor":127,"turns":1},{"damage":3,"enemies":"Hallownest:monsterFoolEater","floor":129,"turns":1},{"damage":3,"enemies":"Hallownest:eliteVengeflyKing","floor":130,"turns":1},{"damage":3,"enemies":"Hallownest:monsterMossCharger","floor":131,"turns":1},{"damage":3,"enemies":"Hallownest:eliteCrystalGuardian","floor":134,"turns":1},{"damage":3,"enemies":"Hallownest:Wandering_and_Horned","floor":135,"turns":1},{"damage":3,"enemies":"Hallownest:eliteMossKnight","floor":138,"turns":1},{"damage":161,"enemies":"infinitespire:LordOfFortification","floor":140,"turns":9}],"seed_played":"7621355767722960812","potions_obtained":[{"floor":2.0,"key":"Swift Potion"},{"floor":12.0,"key":"Fire Potion"},{"floor":14.0,"key":"Elixir"},{"floor":29.0,"key":"Reflective Coating"},{"floor":46.0,"key":"Explosive Potion"},{"floor":50.0,"key":"PowerPotion"},{"floor":57.0,"key":"FearPotion"},{"floor":64.0,"key":"GamblersBrew"},{"floor":65.0,"key":"BlessingOfTheForge"},{"floor":80.0,"key":"LiquidMemories"},{"floor":90.0,"key":"ColorlessPotion"}],"is_trial":false,"path_per_floor":["M","M","M","?","M","E","$","R","T","?","$","M","E","M","R","B",null,"M","M","M","$","?","E","$","?","T","M","R","NM","R","M","R","B",null,"M","AVR","?","M","?","E","?","R","T","NM","M","?","R","$","R","B",null,"M","M","?","$","R","M","R","$","?","B",null,"M","M","M","M","?","E","?","M","T","?","?","R","M","M","R","B",null,"M","M","M","?","M","E","R","$","T","?","M","$","R","M","R_BF","B",null,"M","?","$","M","$","E","M","E","T","M","?","?","M","M","R","B",null,"M","M","?","$","R","M","R","$","?","B",null,"M","M","M","$","M","E","M","R","T","E","M","?","R","E","R","B"],"character_chosen":"LuminousClass","items_purchased":["Luminous:Light_Wash_Luminous","Luminous:Dark_Dim_Erosion","Adrenaline Potion","Luminous:Dark_Pressure_Void","Luminous:Dark_Raid","Luminous:Dark_Apocalypse","Luminous:Balance_Death_Scythe","Membership Card","conspire:TopHat","Toxic Potion","Block Potion","Luminous:Balance_Ender","ReplayTheSpireMod:Ninjato","ruina:LoveAndHate","Luminous:Dark_Morning_Star","Pen Nib","Sling","Guide Book","Bag of Preparation","Luminous:Light_Disperse+1","hubris:64BitClover","Luminous:Light_Glare"],"campfire_rested":0,"item_purchase_floors":[11,21,21,21,24,24,48,55,55,55,55,59,87,87,87,91,91,101,101,121,128,128],"current_hp_per_floor":[82,82,73,73,66,66,66,66,66,45,45,43,58,58,58,75,82,82,78,69,69,69,64,64,64,64,73,73,73,73,60,60,72,82,78,78,78,74,74,49,49,49,49,60,61,61,61,61,61,40,82,74,43,43,43,43,82,82,82,82,82,62,54,49,52,62,62,60,60,58,58,58,49,49,59,62,62,46,62,53,25,29,35,36,47,47,47,47,50,61,61,61,71,71,61,74,77,77,77,80,80,83,80,86,89,89,70,92,92,92,92,95,95,95,95,95,95,95,95,95,98,98,101,101,103,104,104,107,107,110,113,113,116,116,116,116,116,119,119,119,119],"gold":268,"neow_bonus":"TEN_PERCENT_HP_BONUS","is_daily":false,"chose_seed":false,"campfire_upgraded":18,"win_rate":0.0,"timestamp":1614347367,"path_taken":["M","M","M","?","M","E","$","R","T","?","$","M","E","M","R","BOSS","M","M","M","$","?","E","?","?","T","M","R","NM","R","M","R","BOSS","M","AVR","?","M","?","E","?","R","T","NM","M","?","R","?","R","BOSS","M","M","?","$","R","M","R","$","?","BOSS","M","M","M","M","?","E","?","M","T","?","?","R","M","M","R","BOSS","M","M","M","?","M","E","R","?","T","?","M","$","R","M","R_BF","BOSS","M","?","$","M","?","E","M","E","T","M","?","?","?","M","R","BOSS","M","M","?","$","R","M","R","$","?","BOSS","M","M","M","$","M","E","M","R","T","E","M","?","R","E","R","BOSS"],"items_purchased_type":["Card","Card","Potion","Card","Card","Card","Card","Relic","Relic","Potion","Potion","Card","Relic","Card","Card","Relic","Relic","Relic","Relic","Card","Relic","Card"],"build_version":"2020-12-22","purchased_purges":8,"victory":false,"max_hp_per_floor":[82,82,82,82,82,82,82,82,82,82,82,82,82,82,82,82,82,82,82,82,82,82,82,82,82,82,82,82,82,82,82,82,82,82,82,82,82,82,82,82,82,82,82,82,82,82,82,82,82,82,82,82,82,82,82,82,82,82,82,82,82,62,62,62,62,62,62,62,62,62,62,62,62,62,62,62,62,62,62,62,62,62,62,62,62,62,62,62,65,68,68,68,71,71,74,74,77,77,77,80,80,83,86,86,89,89,92,92,92,92,92,95,95,95,95,95,95,95,95,95,98,98,101,101,104,104,104,107,107,110,113,113,116,116,116,116,116,119,119,119,119],"card_choices":[{"not_picked":["Luminous:Light_Gather","Luminous:Concentrate_Luminous"],"picked":"Luminous:Light_Sylvan_Lance","floor":1.0},{"not_picked":["Luminous:Balance_Death_Scythe","Luminous:Mana_Barrier_Luminous"],"picked":"Luminous:Dusk_Guard_Luminous","floor":2.0},{"not_picked":["Luminous:Light_Wash_Luminous","Luminous:Mana_Barrier_Luminous"],"picked":"Luminous:Dark_Pressure_Void","floor":3.0},{"not_picked":["Luminous:Switch_Luminous","Luminous:Accumulation_Luminous"],"picked":"Luminous:Light_Disperse","floor":5.0},{"not_picked":["Luminous:Blinding_Pillar_Luminous","Luminous:Armageddon_Luminous","Luminous:Accumulation_Luminous"],"picked":"SKIP","floor":6.0},{"not_picked":["Luminous:Dark_Moonlight_Spear","Luminous:Magic_Accelerate_Luminous"],"picked":"Luminous:Dark_Arcane_Pitch","floor":10.0},{"not_picked":["Luminous:Dark_Raid","Luminous:Switch_Luminous"],"picked":"Luminous:Photic_Meditation_Luminous","floor":12.0},{"not_picked":["Luminous:Darks_Surge_Luminous","Luminous:Dark_Apocalypse"],"picked":"Luminous:Dark_Arcane_Pitch","floor":13.0},{"not_picked":["Luminous:Tune_Luminous","Luminous:Light_Gather","Luminous:Accumulation_Luminous"],"picked":"SKIP","floor":14.0},{"not_picked":["Luminous:Blinding_Pillar_Luminous","Luminous:Light_Wash_Luminous"],"picked":"Luminous:Balance_Ender","floor":18.0},{"not_picked":["Luminous:Dark_Raid","Luminous:Concentrate_Luminous+1"],"picked":"Luminous:Light_Sylvan_Lance","floor":19.0},{"not_picked":["Luminous:Light_Glare","Luminous:Lights_Protection_Luminous+1"],"picked":"Luminous:Light_Gather","floor":20.0},{"not_picked":["Luminous:Dark_Moonlight_Spear","Luminous:Dark_Raid"],"picked":"Luminous:Light_Disperse+1","floor":23.0},{"not_picked":["Luminous:Phantom_Treasure_Luminous+1","Luminous:Light_Glare"],"picked":"Luminous:Dark_Raid","floor":27.0},{"not_picked":["infinitespire:SealOfDarkness+","infinitespire:Menacing"],"picked":"infinitespire:NeuralNetwork","floor":29.0},{"not_picked":["Luminous:Accumulation_Luminous","Luminous:Light_Gather"],"picked":"Luminous:Dark_Dim_Erosion","floor":29.0},{"not_picked":["Luminous:Flash_Blink_Luminous","Luminous:Blinding_Pillar_Luminous","Luminous:Dark_Raid"],"picked":"SKIP","floor":31.0},{"not_picked":["Luminous:Dark_Raid","Luminous:Light_Gather"],"picked":"Luminous:Dark_Pressure_Void","floor":35.0},{"not_picked":["Luminous:Dark_Pressure_Void","Luminous:Mana_Barrier_Luminous","Luminous:Arcane_Rage_Luminous"],"picked":"SKIP","floor":38.0},{"not_picked":["Luminous:Blinding_Pillar_Luminous","Luminous:Concentrate_Luminous+1","Luminous:Mana_Barrier_Luminous"],"picked":"SKIP","floor":40.0},{"not_picked":["Luminous:Darks_Surge_Luminous+1","Luminous:Dark_Pressure_Void+1","Luminous:Light_Wash_Luminous+1"],"picked":"SKIP","floor":44.0},{"not_picked":["Luminous:Magic_Guard_Luminous","Luminous:Dark_Raid"],"picked":"Luminous:Lunar_Tide_Luminous","floor":45.0},{"not_picked":["Luminous:Magic_Accelerate_Luminous","Luminous:Light_Wash_Luminous+1","Luminous:Dark_Extract"],"picked":"SKIP","floor":52.0},{"not_picked":["Luminous:Chase_Spell_Luminous+1","Luminous:Accumulation_Luminous","Luminous:Dark_Pressure_Void"],"picked":"SKIP","floor":53.0},{"not_picked":["Luminous:Dark_Pressure_Void+1","Luminous:Light_Spectral_Light","Luminous:Lights_Protection_Luminous+1"],"picked":"SKIP","floor":57.0},{"not_picked":["Luminous:Mana_Barrier_Luminous","Luminous:Light_Spectral_Light","Luminous:Accumulation_Luminous"],"picked":"SKIP","floor":63.0},{"not_picked":["Luminous:Hero_Will_Luminous","Luminous:Abyss_Heart_Luminous"],"picked":"Luminous:Dark_Dim_Erosion","floor":64.0},{"not_picked":["Luminous:Phantom_Treasure_Luminous","Luminous:Mana_Barrier_Luminous"],"picked":"Luminous:Dark_Arcane_Pitch","floor":65.0},{"not_picked":["Luminous:Darks_Surge_Luminous","Luminous:Mana_Barrier_Luminous"],"picked":"Luminous:Dark_Dim_Erosion","floor":66.0},{"not_picked":["Luminous:Accumulation_Luminous","Luminous:Light_Wash_Luminous","Luminous:Mana_Overload_Luminous"],"picked":"SKIP","floor":68.0},{"not_picked":["Luminous:Dark_Raid","Luminous:Dark_Pressure_Void"],"picked":"Luminous:Light_Disperse","floor":70.0},{"not_picked":["Luminous:Erosion_Luminous","Luminous:Light_Wash_Luminous","Luminous:Switch_Luminous"],"picked":"SKIP","floor":75.0},{"not_picked":["Luminous:Blinding_Pillar_Luminous","Luminous:Darkness_Mastery_Luminous","Luminous:Accumulation_Luminous"],"picked":"SKIP","floor":76.0},{"not_picked":["Luminous:Chaos_Field_Luminous","Luminous:Date_of_Light_Luminous"],"picked":"Luminous:Balance_Aether_Conduit","floor":78.0},{"not_picked":["Luminous:Light_Disperse","Luminous:Balance_Ender","Luminous:Dark_Raid"],"picked":"SKIP","floor":80.0},{"not_picked":["Luminous:Blinding_Pillar_Luminous","Luminous:Dark_Morning_Star"],"picked":"Luminous:Dark_Raid+1","floor":81.0},{"not_picked":["Luminous:Abyss_Heart_Luminous","Luminous:Magic_Boost_Luminous","Luminous:Dark_Pressure_Void"],"picked":"SKIP","floor":82.0},{"not_picked":["Luminous:Light_Wash_Luminous","Luminous:Light_Glare","Luminous:Mana_Barrier_Luminous"],"picked":"SKIP","floor":84.0},{"not_picked":["Luminous:Photic_Meditation_Luminous","Luminous:Dark_Pressure_Void","Luminous:Light_Spectral_Light"],"picked":"SKIP","floor":85.0},{"not_picked":["Luminous:Dark_Pressure_Void+1","Luminous:Hero_Will_Luminous"],"picked":"Luminous:Balance_Death_Scythe+1","floor":90.0},{"not_picked":["Luminous:Photic_Meditation_Luminous","Luminous:Fast_Spell_Luminous"],"picked":"Luminous:Light_Gather","floor":93.0},{"not_picked":["Luminous:Mirror_Force_Luminous","Luminous:Ethereal_Form_Luminous"],"picked":"Luminous:Light_White_Aria","floor":95.0},{"not_picked":["Luminous:Dark_Pressure_Void+1","Luminous:Accumulation_Luminous+1"],"picked":"Luminous:Light_Glare+1","floor":97.0},{"not_picked":["Luminous:Blinding_Pillar_Luminous+1","Luminous:Hero_Will_Luminous+1"],"picked":"Luminous:Dark_Raid+1","floor":100.0},{"not_picked":["Luminous:Dark_Dim_Erosion","Luminous:Light_Gather"],"picked":"Luminous:Light_Glare","floor":102.0},{"not_picked":["Luminous:Dusk_Guard_Luminous","Luminous:Tune_Luminous+1"],"picked":"Luminous:Light_Gather+1","floor":103.0},{"not_picked":["Luminous:Chaos_Field_Luminous","Luminous:Light_Disperse","Luminous:Photic_Meditation_Luminous+1"],"picked":"SKIP","floor":104.0},{"not_picked":["Luminous:Mana_Barrier_Luminous","Luminous:Dark_Pressure_Void","Luminous:Light_Disperse+1"],"picked":"SKIP","floor":106.0},{"not_picked":["infinitespire:NeuralNetwork","Replay:Fractal Strike"],"picked":"hubris:InfiniteBlow","floor":107.0},{"not_picked":["Luminous:Switch_Luminous+1","Luminous:Magic_Accelerate_Luminous+1","Luminous:Dark_Pressure_Void"],"picked":"SKIP","floor":109.0},{"not_picked":["Luminous:Dark_Dim_Erosion","Luminous:Shadow_Shell_Luminous","Luminous:Dark_Morning_Star+1"],"picked":"SKIP","floor":110.0},{"not_picked":["Luminous:Dark_Crescendo_Luminous","Luminous:Armageddon_Luminous"],"picked":"Luminous:Balance_Baptism","floor":112.0},{"not_picked":["Luminous:Lights_Protection_Luminous","Luminous:Switch_Luminous+1","Luminous:Abyss_Heart_Luminous"],"picked":"SKIP","floor":114.0},{"not_picked":["Luminous:Blinding_Pillar_Luminous","Luminous:Dark_Pressure_Void+1","Luminous:Concentrate_Luminous+1"],"picked":"SKIP","floor":115.0},{"not_picked":["Luminous:Dark_Pressure_Void+1","Luminous:Magic_Guard_Luminous","Luminous:Reverse_Spell_Luminous"],"picked":"SKIP","floor":119},{"not_picked":["Luminous:Arcane_Rage_Luminous","Luminous:Date_of_Light_Luminous"],"picked":"Luminous:Light_White_Aria","floor":123},{"not_picked":["Luminous:Hero_Will_Luminous","Luminous:Switch_Luminous"],"picked":"Luminous:Light_Sylvan_Lance","floor":125},{"not_picked":["Luminous:Light_Glare","Luminous:Switch_Luminous","Luminous:Dark_Dim_Erosion"],"picked":"SKIP","floor":126},{"not_picked":["Luminous:Light_Disperse","Luminous:Accumulation_Luminous","Luminous:Lunar_Tide_Luminous"],"picked":"SKIP","floor":127},{"not_picked":["Luminous:Dusk_Guard_Luminous","Luminous:Sympathy_Luminous","Luminous:Concentrate_Luminous"],"picked":"SKIP","floor":129},{"not_picked":["Luminous:Dark_Dim_Erosion","Luminous:Concentrate_Luminous"],"picked":"Luminous:Light_Track","floor":130},{"not_picked":["Luminous:Chase_Spell_Luminous","Luminous:Blinding_Pillar_Luminous"],"picked":"Luminous:Light_Sylvan_Lance","floor":131},{"not_picked":["Luminous:Chase_Spell_Luminous","Luminous:Concentrate_Luminous","Luminous:Sympathy_Luminous"],"picked":"SKIP","floor":134},{"not_picked":["Luminous:Light_Disperse","Luminous:Light_Wash_Luminous","Luminous:Mana_Barrier_Luminous"],"picked":"SKIP","floor":135},{"not_picked":["Luminous:Mana_Barrier_Luminous","Luminous:Dark_Pressure_Void"],"picked":"Luminous:Light_Glare","floor":138}],"player_experience":140977,"relics_obtained":[{"floor":6.0,"key":"reliquary:IridiumChain"},{"floor":9.0,"key":"Rawhide"},{"floor":10.0,"key":"Odd Mushroom"},{"floor":13.0,"key":"hubris:AstralHammer"},{"floor":23.0,"key":"InkBottle"},{"floor":29.0,"key":"Letter Opener"},{"floor":40.0,"key":"Art of War"},{"floor":43.0,"key":"SpikesRelics:DaevaFist"},{"floor":44.0,"key":"Bronze Scales"},{"floor":46.0,"key":"CeramicFish"},{"floor":52.0,"key":"paleoftheancients:SoulOfTheCollector"},{"floor":53.0,"key":"paleoftheancients:SoulOfTheSilent"},{"floor":57.0,"key":"paleoftheancients:SoulOfTheDefect"},{"floor":68.0,"key":"Mirror"},{"floor":71.0,"key":"hubris:GlazedTorus"},{"floor":85.0,"key":"aspiration:HatOfInfinitePower"},{"floor":85.0,"key":"reliquary:FeatherDuster"},{"floor":88.0,"key":"ReplayTheSpireMod:Shallot"},{"floor":94.0,"key":"PreservedInsect"},{"floor":102.0,"key":"infinitespire:EmpoweringShard"},{"floor":102.0,"key":"infinitespire:Beetle Shell"},{"floor":104.0,"key":"reliquary:FerryPass"},{"floor":104.0,"key":"hubris:DeckOfHolding"},{"floor":105.0,"key":"CrustySpines"},{"floor":114.0,"key":"paleoftheancients:SoulOfTheWatcher"},{"floor":130,"key":"Bag of Marbles"},{"floor":130,"key":"conspire:DeflatedDodgeball"},{"floor":133,"key":"reliquary:TuningFork"},{"floor":134,"key":"hubris:Metronome"},{"floor":134,"key":"reliquary:TatteredRug"},{"floor":138,"key":"Onion Ring"},{"floor":138,"key":"Dead Branch"}],"event_choices":[{"damage_healed":0.0,"max_hp_gain":0.0,"max_hp_loss":0.0,"gold_gain":0.0,"event_name":"Mushrooms","player_choice":"Fought Mushrooms","floor":10.0,"gold_loss":0.0,"damage_taken":0.0},{"damage_healed":0.0,"max_hp_gain":0.0,"max_hp_loss":0.0,"gold_gain":0.0,"event_name":"Elementarium:ElementalBlades","player_choice":"Ignored","floor":25.0,"gold_loss":0.0,"damage_taken":0.0},{"damage_healed":0.0,"max_hp_gain":0.0,"max_hp_loss":0.0,"gold_gain":0.0,"event_name":"conspire:Investor","player_choice":"Leave","floor":37.0,"gold_loss":0.0,"damage_taken":0.0},{"damage_healed":0.0,"max_hp_gain":0.0,"max_hp_loss":0.0,"gold_gain":0.0,"event_name":"Transmorgrifier","player_choice":"Ignored","floor":54.0,"gold_loss":0.0,"damage_taken":0.0}],"is_beta":false,"boss_relics":[{"not_picked":["hubris:HollowSoul","infinitespire:Cupcake"],"picked":"aspiration:PoetsPen_weak"},{"not_picked":["Busted Crown","Snecko Eye"],"picked":"Replay:Grab Bag"},{"not_picked":["Runic Dome","hubris:GrandSneckoEye"],"picked":"reliquary:WritOfMandamus"},{"not_picked":["hubris:VirtuousBlindfold","Velvet Choker"],"picked":"Coffee Dripper"},{"not_picked":["Calling Bell","aspiration:MarisaSkillbook"],"picked":"conspire:RunicOctahedron"},{"not_picked":["hubris:ScarierMask","reliquary:KinkedSpring"],"picked":"aspiration:RitualDagger"},{"not_picked":["hubris:RunicObelisk","ChewingGum"],"picked":"Replay:Drink Me"},{"not_picked":["aspiration:SecretTechniqueScroll","hubris:Stopwatch"],"picked":"Black Star"},{"not_picked":["Kintsugi","aspiration:DefectSkillbook"],"picked":"hubris:CrackedHourglass"},{"not_picked":["reliquary:Ember","aspiration:RunicSpoon"],"picked":"SacredBark"},{"not_picked":["Honey Jar","Fusion Hammer"],"picked":"SlaversCollar"}],"items_purged_floors":[11,48,91,99,101,117,121,128],"is_endless":true,"potions_floor_spawned":[2,12,14,19,20,29,31,35,40,44,50,57,64,65,75,80,90,95,103,104,108,108,109,112,114,119,126,129,131,134,138],"killed_by":"infinitespire:LordOfFortification","ascension_level":0}}