{"host":"b34lfm0pg36jv5no","time":1614375522,"event":{"mods":["BaseMod","Bestiary","Colored Map","Dark Map","Minty Spire (QoL Compilation)","Relic Stats","ojb\u0027s Info Mod"],"gold_per_floor":[119,133,133,133,157,191,191,234,234,234,273,273,273,317,317,445,445,469,469,469,246,263,263,281,309,370,382,426,454,499,540,552,668,680,703,815,192,192,203,228,228,261,287,317,367,367,385,397,397,397,397,397,5,36,36],"floor_reached":56,"language":"ENG","playtime":12570,"items_purged":["Strike_B","Strike_B","Strike_B"],"score":2018,"play_id":"71e86b11-b6ef-41c9-b5cf-595a50c1c3dc","local_time":"20210226213842","is_ascension_mode":true,"campfire_choices":[{"floor":7,"key":"REST"},{"data":"Compile Driver","floor":10,"key":"SMITH"},{"data":"Defragment","floor":12,"key":"SMITH"},{"data":"Cold Snap","floor":15,"key":"SMITH"},{"data":"Seek","floor":23,"key":"SMITH"},{"data":"Ghostly","floor":27,"key":"SMITH"},{"data":"Reboot","floor":32,"key":"SMITH"},{"data":"Apotheosis","floor":41,"key":"SMITH"},{"floor":46,"key":"RECALL"},{"data":"Double Energy","floor":49,"key":"SMITH"},{"data":"Seek","floor":52,"key":"SMITH"}],"circlet_count":0,"master_deck":["Strike_B+1","Defend_B","Defend_B","Defend_B","Defend_B","Zap","Dualcast+1","Glacier+1","Cold Snap+1","Rainbow","BootSequence","Compile Driver+1","Defragment+1","Seek+1","Ghostly","Ghostly","Ghostly+1","Ghostly","Ghostly","Ghostly","FTL+1","Loop+1","Skim","Coolheaded+1","Reboot+1","Seek+1","Double Energy+1","The Bomb","Apotheosis+1","Master of Strategy","Coolheaded+1","Creative AI","FTL+1","Blizzard+1","Lockon+1","Amplify"],"relics":["Black Star","Bloody Idol","Juzu Bracelet","Gambling Chip","DataDisk","PreservedInsect","Pantograph","Dream Catcher","Cables","Oddly Smooth Stone","Darkstone Periapt","InkBottle","Philosopher\u0027s Stone","DollysMirror","Akabeko","MawBank","Bottled Flame","Potion Belt","Red Mask","Pocketwatch","Pen Nib","Runic Dome","Frozen Eye","Art of War","Omamori","Anchor","Bronze Scales","Bag of Preparation","Whetstone","Strawberry","Molten Egg 2","Du-Vu Doll","Lantern","Mercury Hourglass","Toy Ornithopter"],"acts_visited":["Exordium","TheCity","TheBeyond","TheEnding"],"potions_floor_usage":[18,50,55,55,55,55],"damage_taken":[{"damage":2,"enemies":"2 Louse","floor":1,"turns":2},{"damage":1,"enemies":"Jaw Worm","floor":2,"turns":4},{"damage":1,"enemies":"Small Slimes","floor":5,"turns":5},{"damage":18,"enemies":"3 Sentries","floor":6,"turns":9},{"damage":6,"enemies":"Lagavulin","floor":8,"turns":6},{"damage":1,"enemies":"Gremlin Nob","floor":11,"turns":4},{"damage":0,"enemies":"Lagavulin","floor":14,"turns":5},{"damage":6,"enemies":"Hexaghost","floor":16,"turns":9},{"damage":0,"enemies":"Shell Parasite","floor":18,"turns":4},{"damage":0,"enemies":"Chosen","floor":22,"turns":5},{"damage":10,"enemies":"Snake Plant","floor":24,"turns":5},{"damage":0,"enemies":"Book of Stabbing","floor":25,"turns":7},{"damage":0,"enemies":"Gremlin Leader","floor":28,"turns":7},{"damage":0,"enemies":"3 Cultists","floor":29,"turns":5},{"damage":1,"enemies":"Masked Bandits","floor":30,"turns":6},{"damage":0,"enemies":"Slavers","floor":31,"turns":6},{"damage":2,"enemies":"Collector","floor":33,"turns":11},{"damage":2,"enemies":"3 Darklings","floor":35,"turns":5},{"damage":0,"enemies":"3 Shapes","floor":39,"turns":7},{"damage":0,"enemies":"Reptomancer","floor":40,"turns":3},{"damage":0,"enemies":"Giant Head","floor":42,"turns":5},{"damage":0,"enemies":"Nemesis","floor":44,"turns":3},{"damage":0,"enemies":"Mind Bloom Boss Battle","floor":45,"turns":4},{"damage":0,"enemies":"Spire Growth","floor":47,"turns":4},{"damage":0,"enemies":"4 Shapes","floor":48,"turns":4},{"damage":13,"enemies":"Awakened One","floor":50,"turns":12},{"damage":18,"enemies":"Shield and Spear","floor":54,"turns":4},{"damage":26,"enemies":"The Heart","floor":55,"turns":8}],"seed_played":"-4763910551646493891","potions_obtained":[{"floor":5,"key":"Ancient Potion"},{"floor":6,"key":"Fruit Juice"},{"floor":8,"key":"Fire Potion"},{"floor":18,"key":"BlessingOfTheForge"},{"floor":22,"key":"LiquidMemories"},{"floor":29,"key":"GamblersBrew"},{"floor":33,"key":"Swift Potion"},{"floor":35,"key":"FocusPotion"},{"floor":40,"key":"DistilledChaos"}],"is_trial":false,"path_per_floor":["M","M","?","?","M","E","R","E","T","R","E","R","?","E","R","B",null,"M","?","?","$","M","R","M","E","T","R","E","M","?","E","R","B",null,"M","?","$","?","M","E","R","E","T","E","?","R","M","M","R","B",null,"R","$","E","B",null],"character_chosen":"DEFECT","items_purchased":["DollysMirror","Frozen Eye","Art of War","The Bomb","FocusPotion","Lantern","Lockon+1","Fire Potion"],"campfire_rested":1,"item_purchase_floors":[21,37,37,37,37,53,53,53],"current_hp_per_floor":[66,65,65,51,50,32,52,46,46,46,45,45,38,38,38,57,66,71,71,37,37,37,37,32,37,37,37,37,37,37,37,37,37,37,37,37,37,27,32,37,37,37,37,44,44,44,44,44,44,31,41,41,41,28,38],"gold":36,"neow_bonus":"BOSS_RELIC","is_daily":false,"chose_seed":false,"campfire_upgraded":9,"win_rate":0.0,"timestamp":1614375522,"path_taken":["M","M","?","?","M","E","R","E","T","R","E","R","?","E","R","BOSS","M","?","?","$","M","R","M","E","T","R","E","M","?","E","R","BOSS","M","?","$","?","M","E","R","E","T","E","?","R","M","M","R","BOSS","R","$","E","BOSS"],"items_purchased_type":["Relic","Relic","Relic","Card","Potion","Relic","Card","Potion"],"build_version":"2020-12-22","purchased_purges":3,"victory":true,"max_hp_per_floor":[75,75,69,69,69,69,69,69,69,69,69,69,69,69,69,69,69,74,74,37,37,37,37,37,37,37,37,37,37,37,37,37,37,37,37,37,37,37,37,37,37,37,37,44,44,44,44,44,44,44,44,44,44,44,44],"relic_stats":{"Darkstone Periapt":0,"counters":[28,158],"PreservedInsect":489,"Pen Nib":[13],"Juzu Bracelet":1,"Bag of Preparation":[14],"Whetstone":["Strike_B","FTL"],"MawBank":144,"Cables":[106,28,47,31,0],"Mercury Hourglass":[24],"Dream Catcher":0,"Bloody Idol":30,"Gambling Chip":[86],"Pantograph":41,"Bronze Scales":[211],"Black Star":11,"Art of War":[8],"obtain_stats":[{"Darkstone Periapt":14,"Lantern":53,"Juzu Bracelet":6,"Bag of Preparation":42,"Whetstone":43,"Frozen Eye":37,"Dream Catcher":11,"DollysMirror":21,"Gambling Chip":6,"Pantograph":9,"Strawberry":44,"Philosopher\u0027s Stone":17,"Red Mask":30,"Cracked Core":0,"InkBottle":14,"Potion Belt":28,"Golden Idol":3,"Oddly Smooth Stone":13,"PreservedInsect":8,"Pen Nib":31,"Omamori":40,"MawBank":25,"Akabeko":25,"Cables":11,"Mercury Hourglass":54,"Du-Vu Doll":45,"Runic Dome":34,"DataDisk":8,"Bottled Flame":28,"Anchor":40,"Bloody Idol":19,"Bronze Scales":42,"Molten Egg 2":44,"Black Star":0,"Art of War":37,"Toy Ornithopter":54,"Pocketwatch":31},{"Darkstone Periapt":7,"Lantern":26,"Juzu Bracelet":4,"Bag of Preparation":21,"Whetstone":21,"Frozen Eye":18,"Dream Catcher":6,"DollysMirror":9,"Gambling Chip":4,"Pantograph":5,"Strawberry":22,"Philosopher\u0027s Stone":8,"Red Mask":15,"Cracked Core":0,"InkBottle":7,"Potion Belt":13,"Golden Idol":2,"Oddly Smooth Stone":6,"PreservedInsect":5,"Pen Nib":16,"Omamori":20,"MawBank":12,"Akabeko":12,"Cables":6,"Mercury Hourglass":27,"Du-Vu Doll":23,"Runic Dome":17,"DataDisk":5,"Bottled Flame":13,"Anchor":20,"Bloody Idol":9,"Bronze Scales":21,"Molten Egg 2":22,"Black Star":0,"Art of War":18,"Toy Ornithopter":27,"Pocketwatch":16},{"Darkstone Periapt":35,"Lantern":146,"Juzu Bracelet":20,"Bag of Preparation":120,"Whetstone":120,"Frozen Eye":105,"Dream Catcher":30,"DollysMirror":48,"Gambling Chip":20,"Pantograph":26,"Strawberry":123,"Philosopher\u0027s Stone":44,"Red Mask":83,"Cracked Core":0,"InkBottle":35,"Potion Belt":72,"Golden Idol":6,"Oddly Smooth Stone":30,"PreservedInsect":26,"Pen Nib":89,"Omamori":115,"MawBank":65,"Akabeko":65,"Cables":30,"Mercury Hourglass":150,"Du-Vu Doll":127,"Runic Dome":100,"DataDisk":26,"Bottled Flame":72,"Anchor":115,"Bloody Idol":48,"Bronze Scales":120,"Molten Egg 2":123,"Black Star":0,"Art of War":105,"Toy Ornithopter":150,"Pocketwatch":89}],"InkBottle":[61],"Toy Ornithopter":20,"Pocketwatch":[38]},"card_choices":[{"not_picked":["Beam Cell","Redo"],"picked":"Glacier","floor":1},{"not_picked":["Reinforced Body","Gash"],"picked":"Cold Snap","floor":2},{"not_picked":["Steam","Consume"],"picked":"Rainbow","floor":5},{"not_picked":["Gash","Steam Power"],"picked":"BootSequence","floor":6},{"not_picked":["Cold Snap","Static Discharge"],"picked":"Compile Driver","floor":8},{"not_picked":["Chaos","Ball Lightning"],"picked":"Defragment","floor":11},{"not_picked":["Turbo","Rebound","Gash"],"picked":"SKIP","floor":14},{"not_picked":["All For One","Biased Cognition"],"picked":"Seek","floor":16},{"not_picked":["Fusion","Reprogram+1","Rebound"],"picked":"SKIP","floor":18},{"not_picked":["Go for the Eyes","Streamline"],"picked":"FTL","floor":22},{"not_picked":["Go for the Eyes+1","Tempest","Cold Snap"],"picked":"SKIP","floor":24},{"not_picked":["Tempest","Hologram"],"picked":"Loop+1","floor":25},{"not_picked":["Thunder Strike","Gash","Rebound"],"picked":"SKIP","floor":28},{"not_picked":["Steam","Redo"],"picked":"Skim","floor":29},{"not_picked":["Cold Snap+1","Chaos"],"picked":"Coolheaded+1","floor":30},{"not_picked":["Ball Lightning+1","Hello World"],"picked":"Reboot","floor":31},{"not_picked":["Meteor Strike","Electrodynamics"],"picked":"Seek","floor":33},{"not_picked":["Ball Lightning","Leap+1"],"picked":"Double Energy","floor":35},{"not_picked":["Trip","Deep Breath"],"picked":"Apotheosis","floor":38},{"not_picked":["Dramatic Entrance","Purity"],"picked":"Master of Strategy","floor":38},{"not_picked":["Sweeping Beam+1","Redo+1"],"picked":"Coolheaded+1","floor":39},{"not_picked":["Ball Lightning","Rebound+1"],"picked":"Creative AI","floor":40},{"not_picked":["Chill","Sweeping Beam"],"picked":"FTL+1","floor":42},{"not_picked":["Barrage+1","Recycle","Streamline+1"],"picked":"SKIP","floor":44},{"not_picked":["Tempest","Chaos","Leap+1"],"picked":"SKIP","floor":47},{"not_picked":["Steam","Melter+1"],"picked":"Blizzard+1","floor":48},{"not_picked":["FTL+1","Streamline+1"],"picked":"Amplify","floor":54}],"player_experience":2710844,"relics_obtained":[{"floor":6,"key":"Juzu Bracelet"},{"floor":6,"key":"Gambling Chip"},{"floor":8,"key":"DataDisk"},{"floor":8,"key":"PreservedInsect"},{"floor":9,"key":"Pantograph"},{"floor":11,"key":"Dream Catcher"},{"floor":11,"key":"Cables"},{"floor":14,"key":"Darkstone Periapt"},{"floor":14,"key":"InkBottle"},{"floor":25,"key":"Akabeko"},{"floor":25,"key":"MawBank"},{"floor":28,"key":"Bottled Flame"},{"floor":28,"key":"Potion Belt"},{"floor":30,"key":"Red Mask"},{"floor":31,"key":"Pocketwatch"},{"floor":31,"key":"Pen Nib"},{"floor":40,"key":"Omamori"},{"floor":40,"key":"Anchor"},{"floor":42,"key":"Bronze Scales"},{"floor":42,"key":"Bag of Preparation"},{"floor":43,"key":"Whetstone"},{"floor":44,"key":"Strawberry"},{"floor":44,"key":"Molten Egg 2"},{"floor":45,"key":"Du-Vu Doll"},{"floor":54,"key":"Mercury Hourglass"},{"floor":54,"key":"Toy Ornithopter"}],"event_choices":[{"damage_healed":0,"gold_gain":0,"player_choice":"Lose Max HP","damage_taken":0,"relics_obtained":["Golden Idol"],"max_hp_gain":0,"max_hp_loss":6,"event_name":"Golden Idol","floor":3,"gold_loss":0},{"damage_healed":0,"gold_gain":0,"player_choice":"Entered Light","damage_taken":14,"max_hp_gain":0,"max_hp_loss":0,"event_name":"Shining Light","floor":4,"gold_loss":0,"cards_upgraded":["Glacier","Dualcast"]},{"damage_healed":0,"gold_gain":0,"player_choice":"Success","damage_taken":7,"relics_obtained":["Oddly Smooth Stone"],"max_hp_gain":0,"max_hp_loss":0,"event_name":"Scrap Ooze","floor":13,"gold_loss":0},{"damage_healed":0,"gold_gain":0,"player_choice":"Gave Idol","damage_taken":0,"relics_obtained":["Bloody Idol"],"max_hp_gain":0,"max_hp_loss":0,"event_name":"Forgotten Altar","floor":19,"relics_lost":["Golden Idol"],"gold_loss":0},{"damage_healed":0,"gold_gain":0,"player_choice":"Became a Ghost","damage_taken":0,"max_hp_gain":0,"max_hp_loss":37,"event_name":"Ghosts","floor":20,"gold_loss":0,"cards_obtained":["Ghostly","Ghostly","Ghostly","Ghostly","Ghostly"]},{"damage_healed":0,"gold_gain":0,"player_choice":"Fought Bandits","damage_taken":0,"max_hp_gain":0,"max_hp_loss":0,"event_name":"Masked Bandits","floor":30,"gold_loss":0},{"damage_healed":0,"gold_gain":100,"player_choice":"Pray","damage_taken":0,"max_hp_gain":0,"max_hp_loss":0,"event_name":"Golden Shrine","floor":36,"gold_loss":0},{"damage_healed":0,"gold_gain":0,"player_choice":"Memory 3","damage_taken":10,"max_hp_gain":0,"max_hp_loss":0,"event_name":"SensoryStone","floor":38,"gold_loss":0},{"damage_healed":0,"gold_gain":0,"player_choice":"Fight","damage_taken":0,"max_hp_gain":0,"max_hp_loss":0,"event_name":"MindBloom","floor":45,"gold_loss":0}],"is_beta":false,"boss_relics":[{"not_picked":["Busted Crown","Snecko Eye"],"picked":"Philosopher\u0027s Stone"},{"not_picked":["Tiny House","SlaversCollar"],"picked":"Runic Dome"}],"items_purged_floors":[21,37,53],"is_endless":false,"potions_floor_spawned":[5,6,8,18,22,25,29,33,35,40,45,47],"ascension_level":7}}