{"host":"31tc240f79w5ro53","time":1614352782,"event":{"mods":["BaseMod","DeckTracker","Keyboard Shortcuts","Minty Spire (QoL Compilation)","Permanent Neow","ShortenTheSpire","SuperFastMode","everything is the same but u backflip on backflip"],"gold_per_floor":[117,131,56,131,144,170,184,184,184,89,89,101,1,1,1,98,98,113,67,83,94,194,214,224,224,224,99,116,116,128,128,128],"floor_reached":31,"language":"KOR","playtime":1202,"items_purged":["Strike_G","Defend_G","Strike_G"],"score":239,"play_id":"0573e9d9-a01f-4e72-895f-68bdf3a03062","local_time":"20210227001942","is_ascension_mode":false,"campfire_choices":[{"data":"Neutralize","floor":8,"key":"SMITH"},{"data":"Deadly Poison","floor":11,"key":"SMITH"},{"floor":15,"key":"REST"},{"floor":25,"key":"REST"}],"circlet_count":0,"master_deck":["Strike_G","Strike_G","Defend_G","Defend_G","Defend_G","Defend_G","Survivor","Neutralize+1","Dagger Spray","Blade Dance","Backflip","Dagger Throw","Deadly Poison","Noxious Fumes","Deadly Poison+1","PiercingWail","Envenom","Poisoned Stab","Deadly Poison","Poisoned Stab"],"relics":["Ring of the Snake","NeowsBlessing","Snake Skull","Regal Pillow","WristBlade","Kunai"],"acts_visited":["Exordium","TheCity"],"potions_floor_usage":[6,16,20,21],"damage_taken":[{"damage":0.0,"enemies":"Jaw Worm","floor":1.0,"turns":1.0},{"damage":0,"enemies":"Cultist","floor":2,"turns":1},{"damage":0,"enemies":"Small Slimes","floor":5,"turns":1},{"damage":17,"enemies":"Gremlin Nob","floor":6,"turns":6},{"damage":0,"enemies":"Gremlin Gang","floor":7,"turns":3},{"damage":0,"enemies":"Exordium Wildlife","floor":12,"turns":2},{"damage":19,"enemies":"Hexaghost","floor":16,"turns":7},{"damage":20,"enemies":"3 Byrds","floor":18,"turns":4},{"damage":6,"enemies":"Chosen","floor":20,"turns":4},{"damage":3,"enemies":"Snake Plant","floor":21,"turns":5},{"damage":12,"enemies":"Centurion and Healer","floor":23,"turns":6},{"damage":11,"enemies":"Snecko","floor":24,"turns":5},{"damage":35,"enemies":"Shelled Parasite and Fungi","floor":28,"turns":6},{"damage":3,"enemies":"Snake Plant","floor":30,"turns":3},{"damage":17,"enemies":"Sentry and Sphere","floor":31,"turns":3}],"seed_played":"3751537256838284128","potions_obtained":[{"floor":2,"key":"GhostInAJar"},{"floor":7,"key":"BlessingOfTheForge"},{"floor":16,"key":"Weak Potion"},{"floor":18,"key":"PowerPotion"},{"floor":20,"key":"SpeedPotion"},{"floor":23,"key":"Strength Potion"},{"floor":29,"key":"Dexterity Potion"},{"floor":29,"key":"DuplicationPotion"}],"is_trial":false,"path_per_floor":["M","M","$","?","M","E","M","R","T","$","R","M","$","?","R","B",null,"M","$","M","M","?","M","M","R","T","$","M","?","M","M"],"character_chosen":"THE_SILENT","items_purchased":["Noxious Fumes","Deadly Poison","Poisoned Stab"],"campfire_rested":2,"item_purchase_floors":[10,10,19],"current_hp_per_floor":[70,70,70,63,63,46,46,46,46,46,46,46,46,46,70,51,70,50,50,44,41,41,29,18,54,54,54,19,19,16,0,0],"gold":128,"neow_bonus":"THREE_ENEMY_KILL","is_daily":false,"chose_seed":false,"campfire_upgraded":2,"win_rate":0.0,"timestamp":1614352782,"path_taken":["M","M","$","?","?","E","M","R","T","$","R","M","?","?","R","BOSS","M","?","?","M","?","M","?","R","T","?","M","?","?","M"],"items_purchased_type":["Card","Card","Card"],"build_version":"2020-12-22","purchased_purges":3,"victory":false,"max_hp_per_floor":[70,70,70,70,70,70,70,70,70,70,70,70,70,70,70,70,70,70,70,70,70,70,70,70,70,70,70,70,70,70,70,70],"card_choices":[{"not_picked":["Dodge and Roll","Catalyst"],"picked":"Dagger Spray","floor":1.0},{"not_picked":["Bane","Calculated Gamble"],"picked":"Blade Dance","floor":2},{"not_picked":["Prepared","Caltrops"],"picked":"Backflip","floor":5},{"not_picked":["Quick Slash","Wraith Form v2"],"picked":"Dagger Throw","floor":6},{"not_picked":["PiercingWail","Quick Slash"],"picked":"Deadly Poison","floor":7},{"not_picked":["Riddle With Holes","Heel Hook","Acrobatics"],"picked":"SKIP","floor":12},{"not_picked":["Corpse Explosion","Unload"],"picked":"Envenom","floor":16},{"not_picked":["Expertise","Outmaneuver","Deflect"],"picked":"SKIP","floor":18},{"not_picked":["Infinite Blades","Dagger Spray","Outmaneuver+1"],"picked":"SKIP","floor":20},{"not_picked":["Backflip","Reflex"],"picked":"Deadly Poison","floor":21},{"not_picked":["Sucker Punch+1","Corpse Explosion"],"picked":"Poisoned Stab","floor":23},{"not_picked":["Dodge and Roll","Bane","Infinite Blades"],"picked":"SKIP","floor":24},{"not_picked":["Quick Slash","Blade Dance+1","Sucker Punch"],"picked":"SKIP","floor":28},{"not_picked":["Deadly Poison+1","Cloak And Dagger+1","Escape Plan+1"],"picked":"SKIP","floor":30}],"player_experience":165409,"relics_obtained":[{"floor":6,"key":"Snake Skull"},{"floor":9,"key":"Regal Pillow"},{"floor":26,"key":"Kunai"}],"event_choices":[{"damage_healed":0,"gold_gain":75,"player_choice":"Touch","damage_taken":7,"max_hp_gain":0,"max_hp_loss":0,"event_name":"FaceTrader","floor":4,"gold_loss":0},{"damage_healed":0,"gold_gain":0,"cards_transformed":["Strike_G"],"player_choice":"Transformed","damage_taken":0,"max_hp_gain":0,"max_hp_loss":0,"event_name":"Transmorgrifier","floor":14,"gold_loss":0,"cards_obtained":["PiercingWail"]},{"damage_healed":0,"gold_gain":100,"player_choice":"Pray","damage_taken":0,"max_hp_gain":0,"max_hp_loss":0,"event_name":"Golden Shrine","floor":22,"gold_loss":0},{"damage_healed":0,"gold_gain":0,"player_choice":"Got Potions","damage_taken":0,"max_hp_gain":0,"max_hp_loss":0,"event_name":"Lab","floor":29,"gold_loss":0}],"is_beta":false,"boss_relics":[{"not_picked":["Runic Dome","Fusion Hammer"],"picked":"WristBlade"}],"items_purged_floors":[3,13,27],"is_endless":false,"potions_floor_spawned":[2,7,16,18,20,23],"killed_by":"Sentry and Sphere","ascension_level":0}}