{"host":"a9gsz7kv8aebwp1f","time":1614335526,"event":{"mods":["AchievementEnabler","BaseMod","Minty Spire (QoL Compilation)"],"gold_per_floor":[115,131,143,157,167,167,179,128,199,219,231,245,261,69,69,147,147,160,108,108,108,162,162,162,162,187,206,221,238,258,277,277,354,354,369,369,381,397,408,408,421,421,421,421,421,436,117,117,117,117,117],"floor_reached":50,"language":"KOR","playtime":1681,"items_purged":[],"score":758,"play_id":"b56e8c67-7823-44d4-a2fa-93f3fe16e8c7","local_time":"20210226193206","is_ascension_mode":true,"campfire_choices":[{"data":"Armaments","floor":6,"key":"SMITH"},{"floor":15,"key":"REST"},{"data":"Armaments","floor":23,"key":"SMITH"},{"floor":25,"key":"REST"},{"floor":32,"key":"REST"},{"floor":40,"key":"REST"},{"floor":42,"key":"REST"},{"floor":44,"key":"REST"},{"data":"Secret Weapon","floor":49,"key":"SMITH"}],"circlet_count":0,"master_deck":["AscendersBane","Strike_R+1","Strike_R+1","Strike_R+1","Strike_R+1","Strike_R+1","Defend_R+1","Defend_R+1","Defend_R+1","Defend_R+1","Bash","Double Tap","Perfected Strike","Blood for Blood","Armaments+1","Headbutt","Perfected Strike","Heavy Blade","Havoc","Blood for Blood","Heavy Blade","Clash","Deep Breath","Armaments+1","True Grit","Limit Break+1","Inflame+1","Wild Strike","Necronomicurse","Disarm","Carnage+1","Warcry+1","Inflame","Intimidate","Double Tap","CurseOfTheBell","Sentinel+1","Rage","Ghostly Armor+1","Ghostly Armor","Heavy Blade+1","Battle Trance","Secret Weapon+1","Writhe"],"relics":["Burning Blood","Pear","Pantograph","SacredBark","Necronomicon","Blood Vial","Toy Ornithopter","Calling Bell","Ancient Tea Set","StrikeDummy","Peace Pipe","Letter Opener","Incense Burner"],"acts_visited":["Exordium","TheCity","TheBeyond"],"potions_floor_usage":[16,16,30,30,33,39,39,50,50],"damage_taken":[{"damage":6,"enemies":"Cultist","floor":1,"turns":3},{"damage":12,"enemies":"Jaw Worm","floor":2,"turns":3},{"damage":9,"enemies":"2 Louse","floor":3,"turns":3},{"damage":21,"enemies":"Blue Slaver","floor":4,"turns":3},{"damage":1,"enemies":"3 Louse","floor":5,"turns":6},{"damage":10,"enemies":"Red Slaver","floor":7,"turns":3},{"damage":15,"enemies":"Gremlin Gang","floor":10,"turns":4},{"damage":24,"enemies":"Exordium Thugs","floor":11,"turns":5},{"damage":20,"enemies":"Exordium Wildlife","floor":12,"turns":3},{"damage":6,"enemies":"Looter","floor":13,"turns":2},{"damage":62,"enemies":"Hexaghost","floor":16,"turns":5},{"damage":31,"enemies":"2 Thieves","floor":18,"turns":4},{"damage":23,"enemies":"Shell Parasite","floor":27,"turns":3},{"damage":27,"enemies":"Centurion and Healer","floor":28,"turns":5},{"damage":21,"enemies":"Snake Plant","floor":29,"turns":3},{"damage":0,"enemies":"3 Cultists","floor":30,"turns":3},{"damage":7,"enemies":"Cultist and Chosen","floor":31,"turns":4},{"damage":87,"enemies":"Collector","floor":33,"turns":9},{"damage":6,"enemies":"Orb Walker","floor":35,"turns":2},{"damage":17,"enemies":"3 Shapes","floor":37,"turns":3},{"damage":46,"enemies":"Transient","floor":38,"turns":5},{"damage":31,"enemies":"3 Darklings","floor":39,"turns":5},{"damage":27,"enemies":"4 Shapes","floor":41,"turns":6},{"damage":32,"enemies":"Sphere and 2 Shapes","floor":46,"turns":5},{"damage":99,"enemies":"Donu and Deca","floor":50,"turns":5}],"seed_played":"-594449664598840990","potions_obtained":[{"floor":2,"key":"GamblersBrew"},{"floor":5,"key":"Strength Potion"},{"floor":7,"key":"LiquidBronze"},{"floor":11,"key":"PowerPotion"},{"floor":16,"key":"Explosive Potion"},{"floor":28,"key":"Block Potion"},{"floor":30,"key":"SkillPotion"},{"floor":33,"key":"LiquidBronze"},{"floor":36,"key":"Ancient Potion"},{"floor":41,"key":"SkillPotion"},{"floor":46,"key":"Ancient Potion"}],"is_trial":false,"path_per_floor":["M","M","M","M","M","R","M","?","T","M","M","M","M","$","R","B",null,"M","$","?","?","T","R","?","R","T","M","M","M","M","M","R","B",null,"M","?","M","M","M","R","M","R","T","R","T","M","$","?","R","B"],"character_chosen":"IRONCLAD","items_purchased":["Deep Breath","Armaments","True Grit","Wild Strike","Battle Trance","Strength Potion","Secret Weapon"],"campfire_rested":6,"item_purchase_floors":[14,14,14,19,47,47,47],"current_hp_per_floor":[72,66,63,48,53,53,49,59,59,50,32,18,18,18,45,14,71,46,46,46,30,30,30,30,57,57,42,23,10,28,29,56,7,69,71,71,62,24,11,38,19,46,46,73,73,49,49,72,72,0,0],"gold":117,"neow_bonus":"ONE_RANDOM_RARE_CARD","is_daily":false,"chose_seed":false,"campfire_upgraded":3,"win_rate":0.0,"timestamp":1614335526,"path_taken":["M","M","M","?","M","R","M","?","T","M","M","M","M","$","R","BOSS","M","$","?","?","?","R","?","R","T","M","M","M","M","M","R","BOSS","M","?","?","M","M","R","M","R","T","R","?","M","$","?","R","BOSS"],"items_purchased_type":["Card","Card","Card","Card","Card","Potion","Card"],"build_version":"2020-12-22","purchased_purges":0,"victory":false,"max_hp_per_floor":[80,80,80,80,80,80,80,90,90,90,90,90,90,90,90,90,90,90,90,90,90,90,90,90,90,90,90,90,90,90,90,90,90,90,90,90,90,90,90,90,90,90,90,90,90,90,90,90,90,90,90],"card_choices":[{"not_picked":["Body Slam","Dual Wield"],"picked":"Perfected Strike","floor":1},{"not_picked":["Flex","Sword Boomerang"],"picked":"Blood for Blood","floor":2},{"not_picked":["Heavy Blade","Flex"],"picked":"Armaments","floor":3},{"not_picked":["Twin Strike","Entrench"],"picked":"Headbutt","floor":4},{"not_picked":["Dual Wield","Body Slam"],"picked":"Perfected Strike","floor":5},{"not_picked":["Flex","Blood for Blood"],"picked":"Heavy Blade","floor":7},{"not_picked":["Iron Wave","Thunderclap"],"picked":"Havoc","floor":10},{"not_picked":["Pommel Strike","Intimidate"],"picked":"Blood for Blood","floor":11},{"not_picked":["True Grit","Feed"],"picked":"Heavy Blade","floor":12},{"not_picked":["Intimidate","Perfected Strike"],"picked":"Clash","floor":13},{"not_picked":["Corruption","Offering"],"picked":"Limit Break","floor":16},{"not_picked":["Headbutt","Ghostly Armor"],"picked":"Inflame+1","floor":18},{"not_picked":["Sword Boomerang","Armaments"],"picked":"Disarm","floor":27},{"not_picked":["Reckless Charge","Iron Wave"],"picked":"Carnage+1","floor":28},{"not_picked":["Thunderclap","Body Slam"],"picked":"Warcry+1","floor":29},{"not_picked":["Carnage","Blood for Blood"],"picked":"Inflame","floor":30},{"not_picked":["Armaments","True Grit"],"picked":"Intimidate","floor":31},{"not_picked":["Reaper","Fiend Fire"],"picked":"Double Tap","floor":33},{"not_picked":["Warcry+1","Twin Strike"],"picked":"Sentinel+1","floor":35},{"not_picked":["Twin Strike","Combust","Clothesline"],"picked":"SKIP","floor":37},{"not_picked":["Combust+1","Shrug It Off"],"picked":"Rage","floor":38},{"not_picked":["Pommel Strike+1","Rage"],"picked":"Ghostly Armor+1","floor":39},{"not_picked":["Clash","Searing Blow"],"picked":"Ghostly Armor","floor":41},{"not_picked":["Warcry","Evolve"],"picked":"Heavy Blade+1","floor":46}],"player_experience":487655,"relics_obtained":[{"floor":9,"key":"Pantograph"},{"floor":21,"key":"Necronomicon"},{"floor":22,"key":"Blood Vial"},{"floor":26,"key":"Toy Ornithopter"},{"floor":34,"key":"Ancient Tea Set"},{"floor":34,"key":"StrikeDummy"},{"floor":34,"key":"Peace Pipe"},{"floor":43,"key":"Letter Opener"},{"floor":45,"key":"Incense Burner"}],"event_choices":[{"damage_healed":0,"gold_gain":0,"player_choice":"Paid Gold","damage_taken":0,"relics_obtained":["Pear"],"max_hp_gain":0,"max_hp_loss":0,"event_name":"WeMeetAgain","floor":8,"gold_loss":51},{"damage_healed":0,"gold_gain":0,"player_choice":"Simplicity","damage_taken":0,"max_hp_gain":0,"max_hp_loss":0,"event_name":"Back to Basics","floor":20,"gold_loss":0,"cards_upgraded":["Strike_R","Strike_R","Strike_R","Strike_R","Strike_R","Defend_R","Defend_R","Defend_R","Defend_R"]},{"damage_healed":0,"gold_gain":0,"player_choice":"Obtained Book","damage_taken":16,"max_hp_gain":0,"max_hp_loss":0,"event_name":"Cursed Tome","floor":21,"gold_loss":0},{"damage_healed":0,"gold_gain":0,"player_choice":"Upgraded","damage_taken":0,"max_hp_gain":0,"max_hp_loss":0,"event_name":"Upgrade Shrine","floor":24,"gold_loss":0,"cards_upgraded":["Limit Break"]},{"damage_healed":0,"gold_gain":0,"player_choice":"Got Potions","damage_taken":0,"max_hp_gain":0,"max_hp_loss":0,"event_name":"Lab","floor":36,"gold_loss":0},{"damage_healed":23,"gold_gain":0,"player_choice":"Writhe","damage_taken":0,"max_hp_gain":0,"max_hp_loss":0,"event_name":"Winding Halls","floor":48,"gold_loss":0,"cards_obtained":["Writhe"]}],"is_beta":false,"boss_relics":[{"not_picked":["Runic Dome","Black Star"],"picked":"SacredBark"},{"not_picked":["Sozu","Velvet Choker"],"picked":"Calling Bell"}],"items_purged_floors":[],"is_endless":false,"potions_floor_spawned":[2,5,7,11,16,28,30,33,41,46],"killed_by":"Donu and Deca","ascension_level":13}}