{"host":"i0avyit1s6jb1siw","time":1614374192,"event":{"mods":["BaseMod","DeckTracker","Dota2Spire","Minty Spire (QoL Compilation)","Quick Restart","StSLib","SuperFastMode"],"gold_per_floor":[112,112,37,62,62,100,100,120,120,120,136,136,136,136,167,167,260,260,280,300,300,318,233,233,233,273,325,325,348,367,367,380,380,476,476,494,514,528,167,167,201,217,256,310,345,345,345,364,379,379,379,379,379,379,51,92,92,92],"floor_reached":57,"language":"ENG","playtime":1901,"items_purged":["Strike_R","Strike_R","Strike_R"],"score":2419,"play_id":"1f690229-479e-4164-919f-9644de84ad77","local_time":"20210226221632","is_ascension_mode":true,"campfire_choices":[{"data":"Bash","floor":7.0,"key":"SMITH"},{"data":"Uppercut","floor":14.0,"key":"SMITH"},{"data":"Entrench","floor":16.0,"key":"SMITH"},{"data":"Body Slam","floor":24.0,"key":"SMITH"},{"data":"Barricade","floor":28.0,"key":"SMITH"},{"data":"True Grit","floor":31.0,"key":"SMITH"},{"data":"Feel No Pain","floor":33.0,"key":"SMITH"},{"data":"Body Slam","floor":47.0,"key":"SMITH"},{"floor":50.0,"key":"RECALL"},{"data":"Dark Embrace","floor":54.0,"key":"SMITH"}],"circlet_count":0,"master_deck":["AscendersBane","Strike_R+1","Defend_R","Defend_R","Defend_R","Defend_R","Bash+1","Anger+1","Shrug It Off","Body Slam+1","Uppercut+1","Entrench+1","Impervious","Battle Trance","Feel No Pain+1","Barricade+1","True Grit+1","Power Through","Sentinel","True Grit+1","Dark Embrace+1","Body Slam+1","Evolve+1"],"relics":["Burning Blood","NeowsBlessing","Golden Idol","Dota2Spire:PowerTreads","Ornamental Fan","Pear","Bag of Preparation","Mango","Runic Pyramid","Dota2Spire:Butterfly","Paper Frog","Mark of Pain","DollysMirror","Calipers","Smiling Mask","Vajra","ClockworkSouvenir"],"acts_visited":["Exordium","TheCity","TheBeyond","TheEnding"],"potions_floor_usage":[56,57],"damage_taken":[{"damage":0.0,"enemies":"2 Louse","floor":1.0,"turns":1.0},{"damage":0.0,"enemies":"Jaw Worm","floor":4.0,"turns":1.0},{"damage":0.0,"enemies":"3 Sentries","floor":6.0,"turns":1.0},{"damage":6.0,"enemies":"Cultist","floor":8.0,"turns":3.0},{"damage":4.0,"enemies":"2 Fungi Beasts","floor":11.0,"turns":3.0},{"damage":0.0,"enemies":"Gremlin Nob","floor":15.0,"turns":3.0},{"damage":0.0,"enemies":"Slime Boss","floor":17.0,"turns":6.0},{"damage":23.0,"enemies":"Spheric Guardian","floor":19.0,"turns":6.0},{"damage":24.0,"enemies":"Shell Parasite","floor":20.0,"turns":6.0},{"damage":4.0,"enemies":"Centurion and Healer","floor":22.0,"turns":6.0},{"damage":17.0,"enemies":"Book of Stabbing","floor":26.0,"turns":5.0},{"damage":1.0,"enemies":"Cultist and Chosen","floor":29.0,"turns":7.0},{"damage":2.0,"enemies":"Shelled Parasite and Fungi","floor":30.0,"turns":6.0},{"damage":0.0,"enemies":"3 Cultists","floor":32.0,"turns":6.0},{"damage":0.0,"enemies":"Automaton","floor":34.0,"turns":10.0},{"damage":40.0,"enemies":"3 Darklings","floor":36.0,"turns":7.0},{"damage":0.0,"enemies":"Orb Walker","floor":37.0,"turns":2.0},{"damage":0.0,"enemies":"4 Shapes","floor":38.0,"turns":7.0},{"damage":0.0,"enemies":"Giant Head","floor":41.0,"turns":5.0},{"damage":0.0,"enemies":"Jaw Worm Horde","floor":42.0,"turns":5.0},{"damage":0.0,"enemies":"Nemesis","floor":43.0,"turns":9.0},{"damage":0.0,"enemies":"Giant Head","floor":45.0,"turns":7.0},{"damage":21.0,"enemies":"Sphere and 2 Shapes","floor":48.0,"turns":4.0},{"damage":0.0,"enemies":"Writhing Mass","floor":49.0,"turns":7.0},{"damage":31.0,"enemies":"Donu and Deca","floor":51.0,"turns":12.0},{"damage":5.0,"enemies":"Time Eater","floor":52.0,"turns":8.0},{"damage":42,"enemies":"Shield and Spear","floor":56,"turns":13},{"damage":77,"enemies":"The Heart","floor":57,"turns":6}],"seed_played":"-2930193612063775922","potions_obtained":[{"floor":1.0,"key":"AttackPotion"},{"floor":8.0,"key":"SpeedPotion"},{"floor":11.0,"key":"DistilledChaos"},{"floor":20.0,"key":"Swift Potion"},{"floor":26.0,"key":"Weak Potion"},{"floor":30.0,"key":"Fruit Juice"},{"floor":37.0,"key":"Explosive Potion"},{"floor":43.0,"key":"LiquidMemories"}],"is_trial":false,"path_per_floor":["M","?","$","M","?","E","R","M","T","T","M","?","?","R","E","R","B",null,"M","M","?","M","?","R","?","E","T","R","M","M","R","M","R","B",null,"M","M","M","$","?","E","M","E","T","E","?","R","M","M","R","B","B",null,"R","$","E","B"],"character_chosen":"IRONCLAD","items_purchased":["Sentinel","DollysMirror","ClockworkSouvenir","HeartOfIron"],"campfire_rested":0,"item_purchase_floors":[39,39,55,55],"current_hp_per_floor":[74,68,68,68,48,54,54,54,54,64,66,31,36,36,56,56,62,88,71,53,53,55,55,55,55,44,44,44,49,53,53,59,59,65,89,55,66,72,72,72,78,84,90,90,96,96,96,81,87,87,62,63,89,89,89,53,0,0],"gold":92,"neow_bonus":"THREE_ENEMY_KILL","is_daily":false,"chose_seed":false,"campfire_upgraded":9,"win_rate":0.0,"timestamp":1614374192,"path_taken":["M","?","?","?","?","E","R","M","T","T","M","?","?","R","E","R","BOSS","M","M","?","M","?","R","?","E","T","R","M","M","R","M","R","BOSS","M","M","M","$","?","E","M","E","T","E","?","R","M","M","R","BOSS","BOSS","R","$","E","BOSS"],"items_purchased_type":["Card","Relic","Relic","Potion"],"build_version":"2020-12-22","purchased_purges":3,"victory":false,"max_hp_per_floor":[75,68,68,68,68,68,68,68,68,78,78,78,83,83,97,97,97,97,97,97,97,97,97,97,97,97,97,97,97,97,97,97,97,97,97,97,102,102,102,102,102,102,102,102,102,97,97,97,97,97,97,97,97,97,97,97,97,97],"card_choices":[{"not_picked":["Searing Blow","Shrug It Off"],"picked":"Anger","floor":1.0},{"not_picked":["Thunderclap","Warcry"],"picked":"Shrug It Off","floor":4.0},{"not_picked":["Combust","Intimidate"],"picked":"Body Slam","floor":6.0},{"not_picked":["Heavy Blade","True Grit"],"picked":"Uppercut","floor":8.0},{"not_picked":["Body Slam","Sword Boomerang"],"picked":"Entrench","floor":11.0},{"not_picked":["Entrench","Demon Form","Wild Strike"],"picked":"SKIP","floor":15.0},{"not_picked":["Demon Form","Offering"],"picked":"Impervious","floor":17.0},{"not_picked":["Clash","Heavy Blade","Iron Wave+1"],"picked":"SKIP","floor":19.0},{"not_picked":["Ghostly Armor+1","Sever Soul"],"picked":"Battle Trance","floor":20.0},{"not_picked":["Thunderclap","Uppercut"],"picked":"Feel No Pain","floor":22.0},{"not_picked":["Reckless Charge","Brutality"],"picked":"Barricade","floor":26.0},{"not_picked":["Hemokinesis","Intimidate","Pommel Strike"],"picked":"SKIP","floor":29.0},{"not_picked":["Combust+1","Clothesline"],"picked":"True Grit","floor":30.0},{"not_picked":["Wild Strike","Feel No Pain+1"],"picked":"Power Through","floor":32.0},{"not_picked":["Infernal Blade","Anger","Thunderclap"],"picked":"SKIP","floor":36.0},{"not_picked":["Warcry","Thunderclap","Havoc"],"picked":"SKIP","floor":37.0},{"not_picked":["Perfected Strike","Intimidate","Iron Wave"],"picked":"SKIP","floor":38.0},{"not_picked":["Demon Form","Infernal Blade","Pommel Strike"],"picked":"SKIP","floor":41.0},{"not_picked":["Perfected Strike+1","Shrug It Off","True Grit"],"picked":"SKIP","floor":42.0},{"not_picked":["Hemokinesis","Spot Weakness"],"picked":"Dark Embrace","floor":43.0},{"not_picked":["Flex","Wild Strike"],"picked":"Body Slam","floor":45.0},{"not_picked":["Wild Strike","Clothesline"],"picked":"Evolve+1","floor":48.0},{"not_picked":["Perfected Strike","Anger","Feed"],"picked":"SKIP","floor":49.0},{"not_picked":["Searing Blow","Ghostly Armor","Inflame"],"picked":"SKIP","floor":56}],"player_experience":2527484,"relics_obtained":[{"floor":6.0,"key":"Dota2Spire:PowerTreads"},{"floor":9.0,"key":"Ornamental Fan"},{"floor":10.0,"key":"Pear"},{"floor":15.0,"key":"Mango"},{"floor":26.0,"key":"Paper Frog"},{"floor":43.0,"key":"Calipers"},{"floor":44.0,"key":"Smiling Mask"},{"floor":45.0,"key":"Vajra"}],"event_choices":[{"damage_healed":0.0,"max_hp_gain":0.0,"max_hp_loss":7.0,"gold_gain":0.0,"event_name":"Golden Idol","player_choice":"Lose Max HP","floor":2.0,"gold_loss":0.0,"damage_taken":0.0,"relics_obtained":["Golden Idol"]},{"damage_healed":0.0,"max_hp_gain":0.0,"max_hp_loss":0.0,"gold_gain":0.0,"event_name":"Shining Light","player_choice":"Entered Light","floor":5.0,"gold_loss":0.0,"damage_taken":20.0,"cards_upgraded":["Anger","Strike_R"]},{"damage_healed":0.0,"max_hp_gain":0.0,"max_hp_loss":0.0,"gold_gain":0.0,"event_name":"Scrap Ooze","player_choice":"Success","floor":12.0,"gold_loss":0.0,"damage_taken":35.0,"relics_obtained":["Bag of Preparation"]},{"damage_healed":0.0,"max_hp_gain":5.0,"max_hp_loss":0.0,"gold_gain":0.0,"event_name":"Big Fish","player_choice":"Donut","floor":13.0,"gold_loss":0.0,"damage_taken":0.0},{"cards_removed":["Strike_R"],"damage_healed":0.0,"max_hp_gain":0.0,"max_hp_loss":0.0,"gold_gain":0.0,"event_name":"Back to Basics","player_choice":"Elegance","floor":21.0,"gold_loss":0.0,"damage_taken":0.0},{"damage_healed":0.0,"max_hp_gain":0.0,"max_hp_loss":0.0,"gold_gain":0.0,"event_name":"Addict","player_choice":"Obtained Relic","floor":23.0,"gold_loss":85.0,"damage_taken":0.0,"relics_obtained":["Dota2Spire:Butterfly"]},{"damage_healed":0.0,"max_hp_gain":0.0,"max_hp_loss":0.0,"gold_gain":0.0,"event_name":"Vampires","player_choice":"Ignored","floor":25.0,"gold_loss":0.0,"damage_taken":0.0},{"damage_healed":0.0,"max_hp_gain":0.0,"max_hp_loss":0.0,"gold_gain":0.0,"event_name":"Tomb of Lord Red Mask","player_choice":"Ignored","floor":40.0,"gold_loss":0.0,"damage_taken":0.0},{"damage_healed":0.0,"max_hp_gain":0.0,"max_hp_loss":5.0,"gold_gain":0.0,"event_name":"Winding Halls","player_choice":"Max HP","floor":46.0,"gold_loss":0.0,"damage_taken":0.0}],"is_beta":false,"boss_relics":[{"not_picked":["Fusion Hammer","Black Blood"],"picked":"Runic Pyramid"},{"not_picked":["Runic Dome","SacredBark"],"picked":"Mark of Pain"}],"items_purged_floors":[3,39,55],"is_endless":false,"potions_floor_spawned":[1,8,11,20,26,30,37,38,43,45],"killed_by":"The Heart","ascension_level":20}}