{"host":"pszcj3piwl6eu8b1","time":1614365227,"event":{"mods":["2.2 Compatiblity","Act Like it!","Aspiration","BaseMod","Better Altar","Better Match","Better Note","Better Sensory Stone","Better Skull","Better Third Choice","Better Vampires","CCEM2","Downfall","Elementarium","Energized Spire","Gensokyo","GifTheSpireLib","Hallownest","Hubris","Marisa????????","Menagerie","Minty Spire (QoL Compilation)","Permanent Neow","Quarter Circle Forward PUNCH!","Quick Restart","Replay The Spire","Shop Mod","StSLib","Stuff the Spire","The Animator","The Blue Laboratory"],"gold_per_floor":[19,19,30,30,44,44,82,82,132,132,57,57,71,71,71,148,148,160,160,174,49,78,78,49,74,151,169,169,169,169,124,124,124,124],"floor_reached":33,"language":"ENG","playtime":1797,"items_purged":["animator:Strike"],"score":667,"play_id":"7aeaebd8-cafe-4a86-af2c-3b360ac7310a","local_time":"20210226104707","is_ascension_mode":true,"campfire_choices":[{"data":"animator:Megunee","floor":6.0,"key":"SMITH"},{"floor":8.0,"key":"RECALL"},{"data":"animator:Benimaru","floor":10.0,"key":"SMITH"},{"data":"animator:Hans","floor":23.0,"key":"SMITH"},{"floor":28.0,"key":"REST"},{"data":"animator:Hakurou","floor":32.0,"key":"SMITH"}],"circlet_count":0,"master_deck":["AscendersBane","animator:Strike_TenSura","animator:Defend_TenSura","animator:Strike","animator:Benimaru+1","animator:Shuna","animator:Megunee+1","animator:Hakurou+1","animator:Raven","animator:NarberalGamma","animator:Hans+1","animator:Shion","animator:Shiro+1","animator:HigakiRinne+1","animator:ChaikaTrabant+1","animator:Souei","animator:Ara","animator:Aisha"],"relics":["animator:LivingPicture","animator:TheMissingPiece","animator:PurgingStone","Strawberry","CCEMRelics:CanOfSoda","hubris:ScarierMask","Hallownest:NailmastersGloryRelic","Turnip","qcfpunch:White_Boots","Ring of Fangs","ReplayTheSpireMod:Ring of Collecting","Red Mask"],"acts_visited":["Gensokyo:Gensokyo","Hallownest:CityofTears"],"potions_floor_usage":[33],"damage_taken":[{"damage":0.0,"enemies":"Gensokyo:2_Kodama","floor":1.0,"turns":7.0},{"damage":1.0,"enemies":"Gensokyo:3_Fairies","floor":3.0,"turns":6.0},{"damage":0.0,"enemies":"Gensokyo:Python","floor":5.0,"turns":4.0},{"damage":0.0,"enemies":"Gensokyo:Mamizou","floor":7.0,"turns":6.0},{"damage":0.0,"enemies":"Gensokyo:VengefulSpirit","floor":13.0,"turns":4.0},{"damage":0.0,"enemies":"Gensokyo:Reimu","floor":16.0,"turns":9.0},{"damage":0.0,"enemies":"Hallownest:Guard_and_Sentry","floor":18.0,"turns":3.0},{"damage":14.0,"enemies":"Hallownest:3_Youths","floor":20.0,"turns":6.0},{"damage":3.0,"enemies":"Hallownest:2_Husk_Sentries","floor":22.0,"turns":4.0},{"damage":36.0,"enemies":"Hallownest:eliteSoulWarrior","floor":25.0,"turns":4.0},{"damage":13.0,"enemies":"Hallownest:monsterShrumalOgre","floor":27.0,"turns":5.0},{"damage":37,"enemies":"Hallownest:BossSoulMaster","floor":33,"turns":6}],"seed_played":"-385832207396323714","potions_obtained":[{"floor":3.0,"key":"blueLaboratory:AbyssPotion"},{"floor":7.0,"key":"blueLaboratory:RecallPotion"},{"floor":13.0,"key":"blueLaboratory:BottledHope"},{"floor":18.0,"key":"Fire Potion"},{"floor":25.0,"key":"SkillPotion"}],"is_trial":false,"path_per_floor":["M","?","M","?","M","R","E","R","T","R","$","?","M","$","R","B",null,"M","?","M","?","M","R","$","E","T","M","R","?","?","?","R","B"],"character_chosen":"THE_ANIMATOR","items_purchased":["animator:Ara"],"campfire_rested":1,"item_purchase_floors":[24],"current_hp_per_floor":[60,53,52,20,26,26,40,40,40,40,40,59,65,65,65,65,73,74,74,60,60,57,57,57,21,21,8,30,30,30,36,36,0,0],"gold":124,"neow_bonus":"RANDOM_COLORLESS_2","is_daily":false,"chose_seed":false,"campfire_upgraded":4,"win_rate":0.0,"timestamp":1614365227,"path_taken":["M","?","M","?","M","R","E","R","T","R","?","?","M","?","R","BOSS","M","?","M","?","?","R","?","E","T","M","R","?","?","?","R","BOSS"],"items_purchased_type":["Card"],"build_version":"2020-12-22","purchased_purges":1,"victory":false,"max_hp_per_floor":[60,67,67,67,67,67,75,75,75,75,75,75,75,75,75,75,75,76,76,76,76,76,76,76,76,76,76,76,76,76,82,82,82,82],"card_choices":[{"not_picked":["animator:TanyaDegurechaff","animator:Hibiki"],"picked":"animator:Megunee","floor":0.0},{"not_picked":["animator:Azekura","animator:Illya","animator:KyokoSakura"],"picked":"SKIP","floor":1.0},{"not_picked":["animator:Kazuma","animator:TukaLunaMarceau","animator:Ain"],"picked":"SKIP","floor":3.0},{"not_picked":["animator:SilverFang","animator:Ciel","animator:YaoHaDucy"],"picked":"SKIP","floor":5.0},{"not_picked":["animator:Kaijin","animator:Millim"],"picked":"animator:Hakurou","floor":7.0},{"not_picked":["animator:TukaLunaMarceau","animator:Emonzaemon","animator:Raven"],"picked":"SKIP","floor":13.0},{"not_picked":["animator:TukaLunaMarceau","animator:Emonzaemon"],"picked":"animator:Raven","floor":13.0},{"not_picked":["animator:FeridBathory","animator:Shiro"],"picked":"animator:Hans","floor":16.0},{"not_picked":["animator:Sonic","animator:Chung"],"picked":"animator:Shion","floor":18.0},{"not_picked":["animator:OrikoMikuni","animator:Shalltear","animator:EmiyaShirou"],"picked":"SKIP","floor":20.0},{"not_picked":["animator:GoblinSlayer+1","animator:Albedo+1"],"picked":"animator:Shiro+1","floor":21.0},{"not_picked":["animator:Guren+1","animator:Wiz+1"],"picked":"animator:HigakiRinne+1","floor":21.0},{"not_picked":["animator:ItamiYouji+1","animator:MadokaKaname+1"],"picked":"animator:ChaikaTrabant+1","floor":21.0},{"not_picked":["animator:GazelDwargon","animator:Shuna"],"picked":"animator:Souei","floor":22.0},{"not_picked":["animator:Greed","animator:TukaLunaMarceau"],"picked":"animator:Aisha","floor":25.0},{"not_picked":["animator:Viivi","animator:Kuribayashi","animator:TukaLunaMarceau"],"picked":"SKIP","floor":27.0}],"player_experience":1444340,"relics_obtained":[{"floor":7.0,"key":"CCEMRelics:CanOfSoda"},{"floor":25.0,"key":"Turnip"},{"floor":26.0,"key":"qcfpunch:White_Boots"},{"floor":29.0,"key":"Ring of Fangs"},{"floor":29.0,"key":"ReplayTheSpireMod:Ring of Collecting"}],"event_choices":[{"damage_healed":0.0,"max_hp_gain":0.0,"max_hp_loss":0.0,"gold_gain":0.0,"event_name":"betterMatch:BetterMatch","player_choice":"3","floor":21.0,"gold_loss":0.0,"damage_taken":0.0,"cards_obtained":["betterMatch:RareCard"]}],"is_beta":false,"boss_relics":[{"not_picked":["Calling Bell","energizedSpire:RedRose"],"picked":"hubris:ScarierMask"}],"items_purged_floors":[11],"is_endless":false,"potions_floor_spawned":[3,7,13,18,22,25],"killed_by":"Hallownest:BossSoulMaster","ascension_level":20}}