{"host":"r4j5b3etkqj66d96","time":1614332228,"event":{"mods":["BaseMod","Colored Map","DeckTracker","Highlight Path","Minty Spire (QoL Compilation)","Quick Restart","Relic Stats","StSLib","SuperFastMode"],"gold_per_floor":[119,119,8,27,27,55,55,80,134,134,134,147,157,168,168,240,240,258,308,318,318,318],"floor_reached":21,"language":"JPN","playtime":612,"items_purged":[],"score":428,"play_id":"4dd37a8e-aa15-498f-aa69-372a0098e048","local_time":"20210226183708","is_ascension_mode":true,"campfire_choices":[{"data":"Survivor","floor":7,"key":"SMITH"},{"data":"Noxious Fumes","floor":10,"key":"SMITH"},{"data":"Footwork","floor":15,"key":"SMITH"}],"circlet_count":0,"master_deck":["AscendersBane","Strike_G","Strike_G","Strike_G","Strike_G","Strike_G","Defend_G","Defend_G","Defend_G","Defend_G","Defend_G","Survivor+1","Neutralize+1","PiercingWail","Poisoned Stab","Predator","Noxious Fumes+1","All Out Attack","Quick Slash","Footwork+1","Storm of Steel","Bane+1","Acrobatics"],"relics":["Ring of the Snake","NeowsBlessing","PreservedInsect","Turnip","MealTicket","Du-Vu Doll","Sozu"],"acts_visited":["Exordium","TheCity"],"potions_floor_usage":[3,8,16,21],"damage_taken":[{"damage":0,"enemies":"2 Louse","floor":1,"turns":1},{"damage":0,"enemies":"Cultist","floor":4,"turns":1},{"damage":0,"enemies":"3 Sentries","floor":6,"turns":1},{"damage":6,"enemies":"Gremlin Nob","floor":8,"turns":3},{"damage":1,"enemies":"Jaw Worm","floor":12,"turns":4},{"damage":0,"enemies":"2 Fungi Beasts","floor":13,"turns":3},{"damage":3,"enemies":"Looter","floor":14,"turns":3},{"damage":40,"enemies":"Slime Boss","floor":16,"turns":11},{"damage":29,"enemies":"2 Thieves","floor":18,"turns":4},{"damage":14,"enemies":"Spheric Guardian","floor":20,"turns":4},{"damage":21,"enemies":"Shelled Parasite and Fungi","floor":21,"turns":1}],"seed_played":"5669154156922294819","potions_obtained":[{"floor":1,"key":"FearPotion"},{"floor":4,"key":"CunningPotion"},{"floor":8,"key":"CunningPotion"},{"floor":13,"key":"Block Potion"}],"is_trial":false,"path_per_floor":["M","?","$","M","$","E","R","E","T","R","?","M","M","M","R","B",null,"M","?","M","M"],"character_chosen":"THE_SILENT","items_purchased":["Fruit Juice"],"campfire_rested":0,"item_purchase_floors":[3],"current_hp_per_floor":[59,59,64,64,64,64,64,58,58,58,58,57,57,54,54,14,57,28,28,14,0,0],"gold":318,"neow_bonus":"THREE_ENEMY_KILL","is_daily":false,"chose_seed":false,"campfire_upgraded":3,"win_rate":0.0,"timestamp":1614332228,"path_taken":["M","?","$","M","?","E","R","E","T","R","?","?","?","M","R","BOSS","M","?","M","M"],"items_purchased_type":["Potion"],"build_version":"2020-12-22","purchased_purges":0,"victory":false,"max_hp_per_floor":[66,66,71,71,71,71,71,71,71,71,71,71,71,71,71,71,71,71,71,71,71,71],"relic_stats":{"Sozu":0,"counters":[11,36],"MealTicket":0,"PreservedInsect":23,"Turnip":[12],"obtain_stats":[{"Du-Vu Doll":11,"Sozu":17,"NeowsBlessing":0,"MealTicket":9,"PreservedInsect":6,"Turnip":8,"Ring of the Snake":0},{"Du-Vu Doll":4,"Sozu":8,"NeowsBlessing":0,"MealTicket":4,"PreservedInsect":3,"Turnip":4,"Ring of the Snake":0},{"Du-Vu Doll":6,"Sozu":27,"NeowsBlessing":0,"MealTicket":6,"PreservedInsect":3,"Turnip":6,"Ring of the Snake":0}],"Ring of the Snake":[22]},"card_choices":[{"not_picked":["Endless Agony","Skewer"],"picked":"PiercingWail","floor":1},{"not_picked":["Setup","Leg Sweep"],"picked":"Poisoned Stab","floor":4},{"not_picked":["Tactician","Blade Dance"],"picked":"Predator","floor":6},{"not_picked":["Tactician","Finisher"],"picked":"Noxious Fumes","floor":8},{"not_picked":["Flying Knee","Deadly Poison"],"picked":"All Out Attack","floor":12},{"not_picked":["PiercingWail","Poisoned Stab"],"picked":"Quick Slash","floor":13},{"not_picked":["Quick Slash","Sucker Punch"],"picked":"Footwork","floor":14},{"not_picked":["A Thousand Cuts","Phantasmal Killer"],"picked":"Storm of Steel","floor":16},{"not_picked":["PiercingWail+1","Prepared"],"picked":"Bane+1","floor":18},{"not_picked":["Dagger Spray","All Out Attack"],"picked":"Acrobatics","floor":20}],"player_experience":1313124,"relics_obtained":[{"floor":6,"key":"PreservedInsect"},{"floor":8,"key":"Turnip"},{"floor":9,"key":"MealTicket"}],"event_choices":[{"damage_healed":0,"gold_gain":0,"player_choice":"Upgraded","damage_taken":0,"max_hp_gain":0,"max_hp_loss":0,"event_name":"Upgrade Shrine","floor":2,"gold_loss":0,"cards_upgraded":["Neutralize"]},{"damage_healed":0,"gold_gain":0,"player_choice":"Gave Potion","damage_taken":0,"relics_obtained":["Du-Vu Doll"],"max_hp_gain":0,"max_hp_loss":0,"event_name":"WeMeetAgain","floor":11,"gold_loss":0},{"damage_healed":0,"gold_gain":50,"player_choice":"Stole From Cult","damage_taken":0,"max_hp_gain":0,"max_hp_loss":0,"event_name":"Nest","floor":19,"gold_loss":0}],"is_beta":false,"boss_relics":[{"not_picked":["WristBlade","Coffee Dripper"],"picked":"Sozu"}],"items_purged_floors":[],"is_endless":false,"potions_floor_spawned":[1,4,8,13],"killed_by":"Shelled Parasite and Fungi","ascension_level":20}}