{"host":"e4mqwdeqkh64qloq","time":1614353699,"event":{"mods":["BaseMod","Downfall","Minty Spire (QoL Compilation)","Relic Stats","Replay The Spire","StSLib","The Cursed"],"gold_per_floor":[116,134,149,149,164,164,192,192,192,192,221,221,255,269,269,372,372,383,400,400,16,35,35,67,67,113,113,148,148,148,181,181,283,283,294,314,325,337,181,181,221,232,232,253,253,279,279,311,311,311,311,311,186,217,217],"floor_reached":56,"language":"ENG","playtime":3109,"items_purged":["TheCursedMod:Strike_TheCursed"],"score":1520,"play_id":"44ed8b29-6bab-4821-83fe-9962d05cf77a","local_time":"20210226103459","is_ascension_mode":true,"campfire_choices":[{"data":"TheCursedMod:CursedWand","floor":6.0,"key":"SMITH"},{"floor":8.0,"key":"REST"},{"data":"TheCursedMod:CursedMace","floor":10.0,"key":"SMITH"},{"data":"TheCursedMod:CleanUpWorkshop","floor":12.0,"key":"SMITH"},{"floor":15.0,"key":"REST"},{"data":"RitualDagger","floor":23.0,"key":"SMITH"},{"data":"TheCursedMod:HellfireBreathing","floor":25.0,"key":"SMITH"},{"floor":32,"key":"DIG"},{"floor":40,"key":"RECALL"},{"data":"TheCursedMod:LuckyCharm","floor":45,"key":"SMITH"},{"data":"Ghostly","floor":47,"key":"SMITH"},{"data":"TheCursedMod:ManaBullet","floor":49,"key":"SMITH"},{"data":"TheCursedMod:LuckyCharm","floor":52,"key":"SMITH"}],"circlet_count":0,"master_deck":["TheCursedMod:CursedWand+1","TheCursedMod:CleanUpWorkshop+1","TheCursedMod:Dregs","TheCursedMod:RapidMovement","TheCursedMod:CursedMace+1","TheCursedMod:CursedSpellbook","TheCursedMod:CircleOfCorruption","TheCursedMod:SurpriseAttack","TheCursedMod:SpitefulStrike","TheCursedMod:VoidForm+1","TheCursedMod:CursedAmulet","TheCursedMod:OutForBlood+1","TheCursedMod:SoulReap","TheCursedMod:HellfireBreathing+1","RitualDagger+1","Ghostly+1","Ghostly","Ghostly","Ghostly","Ghostly","TheCursedMod:ManaBullet+1","TheCursedMod:LuckyCharm+1","TheCursedMod:StunningStrike+1","TheCursedMod:CursedBoomerang","TheCursedMod:BlessingInDisguise","TheCursedMod:CircleOfWindfury","TheCursedMod:CursedArmor","TheCursedMod:VoidForm+1","TheCursedMod:RavingStaff","TheCursedMod:CursedShiv","TheCursedMod:SmokeScreen+1","TheCursedMod:SoulReap+1","TheCursedMod:DarkBarrier+1","TheCursedMod:AbyssShockwave","TheCursedMod:LuckyCharm+1"],"relics":["ChewingGum","Golden Egg","Shuriken","ReplayFunnel","Gambling Chip","TheCursedMod:OminousMark","Replay:Towering Pillar of Hats","Juzu Bracelet","Bag of Marbles","Replay:Bottled Flurry","Incense Burner","Smiling Mask","Pandora\u0027s Box","Toolbox","CeramicFish","StrikeDummy","Bottled Tornado","MealTicket","ReplayTheSpireMod:ShopPack","Replay:Rubber Ducky"],"acts_visited":["Exordium","TheCity","TheBeyond","TheEnding"],"potions_floor_usage":[55,55],"damage_taken":[{"damage":0.0,"enemies":"Cultist","floor":1.0,"turns":4.0},{"damage":1.0,"enemies":"Jaw Worm","floor":2.0,"turns":4.0},{"damage":0.0,"enemies":"Small Slimes","floor":3.0,"turns":2.0},{"damage":0.0,"enemies":"Looter","floor":5.0,"turns":3.0},{"damage":33.0,"enemies":"3 Sentries","floor":7.0,"turns":11.0},{"damage":0.0,"enemies":"Gremlin Nob","floor":11.0,"turns":3.0},{"damage":15.0,"enemies":"Lagavulin","floor":13.0,"turns":5.0},{"damage":0.0,"enemies":"3 Louse","floor":14.0,"turns":3.0},{"damage":14.0,"enemies":"Fading Forest","floor":16.0,"turns":11.0},{"damage":0.0,"enemies":"Chosen","floor":18.0,"turns":5.0},{"damage":13.0,"enemies":"Spheric Guardian","floor":19.0,"turns":4.0},{"damage":13.0,"enemies":"Shelled Parasite and Fungi","floor":22.0,"turns":5.0},{"damage":14.0,"enemies":"Gremlin Leader","floor":24.0,"turns":8.0},{"damage":0.0,"enemies":"Replay:Snechameleon","floor":28.0,"turns":4.0},{"damage":5,"enemies":"Gremlin Leader","floor":31,"turns":7},{"damage":3,"enemies":"Collector","floor":33,"turns":7},{"damage":1,"enemies":"3 Shapes","floor":35,"turns":4},{"damage":3,"enemies":"3 Darklings","floor":36,"turns":6},{"damage":1,"enemies":"Writhing Mass","floor":37,"turns":4},{"damage":0,"enemies":"Jaw Worm Horde","floor":38,"turns":5},{"damage":8,"enemies":"Reptomancer","floor":41,"turns":6},{"damage":0,"enemies":"Sphere and 2 Shapes","floor":42,"turns":6},{"damage":3,"enemies":"Spire Growth","floor":44,"turns":5},{"damage":0,"enemies":"R_Hoarder","floor":46,"turns":6},{"damage":5,"enemies":"Giant Head","floor":48,"turns":6},{"damage":16,"enemies":"Donu and Deca","floor":50,"turns":10},{"damage":4,"enemies":"Shield and Spear","floor":54,"turns":6},{"damage":1,"enemies":"The Heart","floor":55,"turns":8}],"seed_played":"1190259565353104277","potions_obtained":[{"floor":3.0,"key":"Block Potion"},{"floor":5.0,"key":"Death Potion"},{"floor":13.0,"key":"Energy Potion"},{"floor":18.0,"key":"LiquidBronze"},{"floor":19.0,"key":"sneckomod:MuddlingPotion"},{"floor":31,"key":"Block Potion"},{"floor":54,"key":"Milkshake"}],"is_trial":false,"path_per_floor":["M","M","M","?","M","R","E","R","T","R","E","R","E","M","R","B",null,"M","M","?","$","M","R","E","R","T","?","E","$","T","E","R","B",null,"M","M","M","M","$","R","E","M","T","M","R","E","R","E","R","B",null,"R","$","E","B",null],"character_chosen":"THE_CURSED","items_purchased":["Replay:Towering Pillar of Hats","Toolbox","ReplayTheSpireMod:ShopPack"],"campfire_rested":2,"item_purchase_floors":[21,39,53],"current_hp_per_floor":[75,74,74,59,59,59,26,48,48,48,48,48,33,33,55,63,75,75,62,56,56,61,61,51,51,51,37,37,37,37,32,32,37,37,37,34,33,37,37,37,29,36,36,33,33,37,37,37,37,28,37,37,37,33,36],"gold":217,"neow_bonus":"BOSS_RELIC","is_daily":false,"chose_seed":false,"campfire_upgraded":9,"win_rate":0.0,"timestamp":1614353699,"path_taken":["M","M","M","?","M","R","E","R","T","R","E","R","E","M","R","BOSS","M","M","?","$","M","R","E","R","T","?","E","$","?","E","R","BOSS","M","M","M","M","$","R","E","M","T","M","R","E","R","E","R","BOSS","R","$","E","BOSS"],"items_purchased_type":["Relic","Relic","Relic"],"build_version":"2020-12-22","purchased_purges":1,"victory":true,"max_hp_per_floor":[75,75,75,75,75,75,75,75,75,75,75,75,75,75,75,75,75,75,75,75,75,75,75,75,75,75,37,37,37,37,37,37,37,37,37,37,37,37,37,37,37,37,37,37,37,37,37,37,37,37,37,37,37,37,37],"relic_stats":{"counters":[28,158],"Shuriken":[20],"Gambling Chip":[44],"CeramicFish":18,"Pandora\u0027s Box":["TheCursedMod:CursedBoomerang","TheCursedMod:BlessingInDisguise","TheCursedMod:CircleOfWindfury","TheCursedMod:CursedArmor","TheCursedMod:VoidForm","TheCursedMod:RavingStaff","TheCursedMod:CursedShiv"],"MealTicket":0,"Juzu Bracelet":0,"Smiling Mask":0,"obtain_stats":[{"ReplayFunnel":11,"TheCursedMod:BlackMagic101":0,"Golden Egg":7,"Replay:Towering Pillar of Hats":21,"CeramicFish":41,"Juzu Bracelet":24,"Incense Burner":31,"Bottled Tornado":46,"Smiling Mask":32,"Replay:Rubber Ducky":54,"TheCursedMod:OminousMark":17,"Shuriken":9,"Gambling Chip":13,"Toolbox":39,"ChewingGum":0,"Pandora\u0027s Box":34,"MealTicket":48,"Bag of Marbles":28,"Replay:Bottled Flurry":30,"StrikeDummy":43,"ReplayTheSpireMod:ShopPack":53},{"ReplayFunnel":6,"TheCursedMod:BlackMagic101":0,"Golden Egg":5,"Replay:Towering Pillar of Hats":11,"CeramicFish":21,"Juzu Bracelet":13,"Incense Burner":15,"Bottled Tornado":24,"Smiling Mask":15,"Replay:Rubber Ducky":27,"TheCursedMod:OminousMark":9,"Shuriken":5,"Gambling Chip":7,"Toolbox":20,"ChewingGum":0,"Pandora\u0027s Box":16,"MealTicket":25,"Bag of Marbles":14,"Replay:Bottled Flurry":14,"StrikeDummy":22,"ReplayTheSpireMod:ShopPack":26},{"ReplayFunnel":27,"TheCursedMod:BlackMagic101":0,"Golden Egg":24,"Replay:Towering Pillar of Hats":55,"CeramicFish":111,"Juzu Bracelet":68,"Incense Burner":79,"Bottled Tornado":128,"Smiling Mask":79,"Replay:Rubber Ducky":150,"TheCursedMod:OminousMark":46,"Shuriken":24,"Gambling Chip":32,"Toolbox":105,"ChewingGum":0,"Pandora\u0027s Box":86,"MealTicket":134,"Bag of Marbles":72,"Replay:Bottled Flurry":72,"StrikeDummy":117,"ReplayTheSpireMod:ShopPack":144}]},"card_choices":[{"not_picked":["TheCursedMod:CircleOfAmplification","TheCursedMod:AshesToAshes"],"picked":"TheCursedMod:RapidMovement","floor":1.0},{"not_picked":["TheCursedMod:CircleOfAmplification","TheCursedMod:CursedAmulet"],"picked":"TheCursedMod:CursedMace","floor":2.0},{"not_picked":["TheCursedMod:BlessingInDisguise","TheCursedMod:CursedMace"],"picked":"TheCursedMod:CursedSpellbook","floor":3.0},{"not_picked":["TheCursedMod:RavingStaff","TheCursedMod:Torture"],"picked":"TheCursedMod:CircleOfCorruption","floor":5.0},{"not_picked":["TheCursedMod:RavingStaff","TheCursedMod:HellsGateOpen"],"picked":"TheCursedMod:SurpriseAttack","floor":7.0},{"not_picked":["TheCursedMod:EmpowerCircles","TheCursedMod:CursedArmor"],"picked":"TheCursedMod:SpitefulStrike","floor":11.0},{"not_picked":["TheCursedMod:CursedMace","TheCursedMod:PrepareRite"],"picked":"TheCursedMod:VoidForm","floor":13.0},{"not_picked":["TheCursedMod:SmokeScreen","TheCursedMod:Obscuration"],"picked":"TheCursedMod:CursedAmulet","floor":14.0},{"not_picked":["TheCursedMod:DarkBarrier","TheCursedMod:NeowsMight"],"picked":"TheCursedMod:OutForBlood","floor":16.0},{"not_picked":["TheCursedMod:StingEye","TheCursedMod:HellsGateOpen"],"picked":"TheCursedMod:SoulReap","floor":18.0},{"not_picked":["TheCursedMod:ReleasedStrength","TheCursedMod:RavingStaff+1"],"picked":"TheCursedMod:HellfireBreathing","floor":19.0},{"not_picked":["TheCursedMod:SpitefulPlan","TheCursedMod:Wield","TheCursedMod:VitalStrike"],"picked":"SKIP","floor":22.0},{"not_picked":["TheCursedMod:Grudge","TheCursedMod:CursedShiv","TheCursedMod:CircleOfFlame"],"picked":"SKIP","floor":24.0},{"not_picked":["TheCursedMod:CollectTribute","TheCursedMod:CircleOfWindfury"],"picked":"TheCursedMod:ManaBullet","floor":28.0},{"not_picked":["TheCursedMod:SurpriseAttack","TheCursedMod:Stigma"],"picked":"TheCursedMod:LuckyCharm","floor":31},{"not_picked":["TheCursedMod:NeowsMight","TheCursedMod:DemonicPact"],"picked":"TheCursedMod:StunningStrike","floor":33},{"not_picked":["TheCursedMod:TroublousMinions+1","TheCursedMod:HellsGateOpen","TheCursedMod:SpitefulStrike"],"picked":"SKIP","floor":35},{"not_picked":["TheCursedMod:Wield","TheCursedMod:TacticalStrike+1"],"picked":"TheCursedMod:SmokeScreen+1","floor":36},{"not_picked":["TheCursedMod:CursedSpellbook+1","TheCursedMod:DoubleShield+1"],"picked":"TheCursedMod:SoulReap+1","floor":37},{"not_picked":["TheCursedMod:CursedShiv","TheCursedMod:WearCloak"],"picked":"TheCursedMod:DarkBarrier","floor":38},{"not_picked":["TheCursedMod:CircleOfCorruption+1","TheCursedMod:CircleOfFocus+1"],"picked":"TheCursedMod:AbyssShockwave","floor":41},{"not_picked":["TheCursedMod:TroublousMinions","TheCursedMod:Hemoplague","TheCursedMod:Stigma"],"picked":"SKIP","floor":42},{"not_picked":["TheCursedMod:SpitefulStrike","TheCursedMod:RapidMovement+1"],"picked":"TheCursedMod:LuckyCharm","floor":44},{"not_picked":["TheCursedMod:TacticalStrike+1","TheCursedMod:Obscuration","TheCursedMod:SpreadPlague+1"],"picked":"SKIP","floor":46},{"not_picked":["TheCursedMod:SmokeScreen+1","TheCursedMod:CursedAmulet","TheCursedMod:CircleOfFocus"],"picked":"SKIP","floor":48},{"not_picked":["TheCursedMod:CircleOfWindfury+1","TheCursedMod:CircleOfAbyss","TheCursedMod:CursedBoomerang"],"picked":"SKIP","floor":54}],"player_experience":267809,"relics_obtained":[{"floor":7.0,"key":"Golden Egg"},{"floor":9.0,"key":"Shuriken"},{"floor":11.0,"key":"ReplayFunnel"},{"floor":13.0,"key":"Gambling Chip"},{"floor":24.0,"key":"Juzu Bracelet"},{"floor":28.0,"key":"Bag of Marbles"},{"floor":30,"key":"Replay:Bottled Flurry"},{"floor":31,"key":"Incense Burner"},{"floor":32,"key":"Smiling Mask"},{"floor":41,"key":"CeramicFish"},{"floor":43,"key":"StrikeDummy"},{"floor":46,"key":"Bottled Tornado"},{"floor":48,"key":"MealTicket"},{"floor":54,"key":"Replay:Rubber Ducky"}],"event_choices":[{"damage_healed":0.0,"max_hp_gain":0.0,"max_hp_loss":0.0,"gold_gain":0.0,"event_name":"Shining Light","player_choice":"Entered Light","floor":4.0,"gold_loss":0.0,"damage_taken":15.0,"cards_upgraded":["TheCursedMod:Strike_TheCursed","TheCursedMod:Defend_TheCursed"]},{"damage_healed":0.0,"max_hp_gain":0.0,"max_hp_loss":0.0,"gold_gain":0.0,"event_name":"Nest","player_choice":"Joined the Cult","floor":20.0,"gold_loss":0.0,"damage_taken":6.0,"cards_obtained":["RitualDagger"]},{"damage_healed":0.0,"max_hp_gain":0.0,"max_hp_loss":38.0,"gold_gain":0.0,"event_name":"Ghosts","player_choice":"Became a Ghost","floor":27.0,"gold_loss":0.0,"damage_taken":0.0,"cards_obtained":["Ghostly","Ghostly","Ghostly","Ghostly","Ghostly"]}],"is_beta":false,"boss_relics":[{"not_picked":["Runic Dome","Runic Pyramid"],"picked":"TheCursedMod:OminousMark"},{"not_picked":["SacredBark","Honey Jar"],"picked":"Pandora\u0027s Box"}],"items_purged_floors":[21],"is_endless":false,"potions_floor_spawned":[3,5,13,14,18,19,22,31,36,37,42,44,54],"ascension_level":1}}