{"host":"p1m23ahqzkuu8avx","time":1614309401,"event":{"mods":["BaseMod","Minty Spire (QoL Compilation)","Robot Space Explorer","StSLib"],"gold_per_floor":[110,110,54,68,143,172,172,199,199,231,231,261,261,261,261,337,337,354,368,368,379,397,422,422,440,522,522,553,563,488,506,506,583,583,603,617,629,643,668,668,683,714,740,740,758,76,76,104,104,104,104,104,104,19,19,19],"floor_reached":55,"language":"ENG","playtime":4877,"items_purged":["RobotSpaceExplorer:SelfCleaning","Parasite"],"score":2340,"play_id":"1cfef506-ff50-4d1b-ae7d-b86011e2e00b","local_time":"20210225211641","daily_mods":["SealedDeck"],"is_ascension_mode":true,"campfire_choices":[{"data":"RobotSpaceExplorer:ShovelStrike","floor":7.0,"key":"SMITH"},{"data":"RobotSpaceExplorer:RigExplosive","floor":11.0,"key":"SMITH"},{"data":"RobotSpaceExplorer:Comet","floor":15.0,"key":"SMITH"},{"data":"RobotSpaceExplorer:LaserBurst","floor":24.0,"key":"SMITH"},{"data":"RobotSpaceExplorer:Explosion","floor":32.0,"key":"SMITH"},{"data":"RobotSpaceExplorer:Jetpack","floor":40.0,"key":"SMITH"},{"data":"RobotSpaceExplorer:TurboDodge","floor":44.0,"key":"SMITH"},{"floor":49.0,"key":"RECALL"},{"data":"RobotSpaceExplorer:ChargingLaser","floor":53.0,"key":"SMITH"}],"circlet_count":0,"master_deck":["AscendersBane","RobotSpaceExplorer:RigExplosive+1","RobotSpaceExplorer:ScrapMissile+1","RobotSpaceExplorer:ScrapMissile+1","RobotSpaceExplorer:StunGrenade","RobotSpaceExplorer:Smokescreen","RobotSpaceExplorer:MiniDrones","RobotSpaceExplorer:SurgingShield","RobotSpaceExplorer:ShovelStrike+1","RobotSpaceExplorer:FranticSearch","RobotSpaceExplorer:Counterblock","RobotSpaceExplorer:Comet+1","RobotSpaceExplorer:TrailblazerForm","RobotSpaceExplorer:SelfCleaning+1","RobotSpaceExplorer:SlimeMissile+1","RobotSpaceExplorer:LaserBurst+1","RobotSpaceExplorer:SurgingStrike","RobotSpaceExplorer:Explosion+1","RobotSpaceExplorer:ChargingLaser+1","RobotSpaceExplorer:Jetpack+1","RobotSpaceExplorer:SwiftStep+1","RobotSpaceExplorer:TurboDodge+1","RobotSpaceExplorer:StarLightning","RobotSpaceExplorer:StarDust"],"relics":["RobotSpaceExplorer:RoboCore","Gremlin Horn","Whetstone","Ancient Tea Set","Sundial","Ice Cream","RobotSpaceExplorer:FoglandsKnife","Philosopher\u0027s Stone","Lantern","InkBottle","Runic Pyramid","Centennial Puzzle","Strawberry","Calipers","Nunchaku","White Beast Statue"],"acts_visited":["Exordium","TheCity","TheBeyond","TheEnding"],"potions_floor_usage":[],"damage_taken":[{"damage":0.0,"enemies":"Small Slimes","floor":1.0,"turns":2.0},{"damage":0.0,"enemies":"2 Louse","floor":4.0,"turns":1.0},{"damage":0.0,"enemies":"Gremlin Nob","floor":6.0,"turns":3.0},{"damage":0.0,"enemies":"Lagavulin","floor":8.0,"turns":8.0},{"damage":0.0,"enemies":"Gremlin Nob","floor":10.0,"turns":3.0},{"damage":0.0,"enemies":"3 Sentries","floor":12.0,"turns":2.0},{"damage":0.0,"enemies":"Slime Boss","floor":16.0,"turns":4.0},{"damage":0.0,"enemies":"Chosen","floor":18.0,"turns":4.0},{"damage":7.0,"enemies":"Shell Parasite","floor":19.0,"turns":2.0},{"damage":4.0,"enemies":"Centurion and Healer","floor":21.0,"turns":5.0},{"damage":0.0,"enemies":"Sentry and Sphere","floor":22.0,"turns":3.0},{"damage":1.0,"enemies":"Book of Stabbing","floor":23.0,"turns":4.0},{"damage":0.0,"enemies":"Snake Plant","floor":25.0,"turns":2.0},{"damage":1.0,"enemies":"Slavers","floor":28.0,"turns":2.0},{"damage":0.0,"enemies":"3 Cultists","floor":29.0,"turns":2.0},{"damage":12.0,"enemies":"Shelled Parasite and Fungi","floor":31.0,"turns":5.0},{"damage":15.0,"enemies":"Collector","floor":33.0,"turns":5.0},{"damage":0.0,"enemies":"3 Shapes","floor":35.0,"turns":1.0},{"damage":1.0,"enemies":"3 Darklings","floor":36.0,"turns":3.0},{"damage":0.0,"enemies":"4 Shapes","floor":37.0,"turns":2.0},{"damage":0.0,"enemies":"Sphere and 2 Shapes","floor":38.0,"turns":2.0},{"damage":1.0,"enemies":"Mind Bloom Boss Battle","floor":39.0,"turns":5.0},{"damage":2.0,"enemies":"Writhing Mass","floor":41.0,"turns":4.0},{"damage":2.0,"enemies":"Giant Head","floor":42.0,"turns":4.0},{"damage":6.0,"enemies":"3 Darklings","floor":45.0,"turns":3.0},{"damage":0.0,"enemies":"Nemesis","floor":48.0,"turns":5.0},{"damage":46.0,"enemies":"Time Eater","floor":50.0,"turns":10.0},{"damage":0.0,"enemies":"Donu and Deca","floor":51.0,"turns":8.0},{"damage":4,"enemies":"Shield and Spear","floor":55,"turns":2}],"seed_played":"5609669605004461128","potions_obtained":[{"floor":6.0,"key":"Energy Potion"},{"floor":8.0,"key":"SkillPotion"},{"floor":10.0,"key":"Ancient Potion"},{"floor":16.0,"key":"Strength Potion"},{"floor":31.0,"key":"Swift Potion"},{"floor":33.0,"key":"DistilledChaos"}],"is_trial":true,"path_per_floor":["M","?","$","M","?","E","R","E","T","E","R","E","$","?","R","B",null,"M","M","?","M","M","E","R","M","T","?","E","M","$","M","R","B",null,"M","M","M","M","?","R","M","E","T","R","M","$","?","E","R","B","B",null,"R","$","E"],"character_chosen":"RobotSpaceExplorer","items_purchased":["PowerPotion","RobotSpaceExplorer:StarLightning","Calipers","Nunchaku","RobotSpaceExplorer:StarDust"],"campfire_rested":0,"item_purchase_floors":[3,46,46,46,54],"current_hp_per_floor":[64,38,38,38,27,27,27,27,27,27,27,27,27,32,32,32,65,65,58,58,54,54,53,53,53,53,53,52,52,52,40,40,25,63,63,62,62,62,61,61,59,57,64,64,58,58,58,58,58,12,12,60,60,60,56,56],"gold":19,"neow_bonus":"","is_daily":false,"chose_seed":false,"campfire_upgraded":8,"win_rate":0.0,"timestamp":1614309401,"path_taken":["M","?","$","M","?","E","R","E","T","E","R","E","?","?","R","BOSS","M","M","?","M","M","E","R","M","T","?","E","M","$","M","R","BOSS","M","?","M","M","?","R","M","E","T","R","M","$","?","E","R","BOSS","BOSS","R","$","E"],"items_purchased_type":["Potion","Card","Relic","Relic","Card"],"build_version":"2020-12-22","purchased_purges":2,"victory":false,"max_hp_per_floor":[71,71,71,71,71,71,71,71,71,71,71,71,71,76,76,76,76,76,76,76,76,76,76,76,76,76,76,76,76,76,76,76,76,76,76,76,76,76,76,76,76,76,83,83,83,80,76,76,76,76,76,76,76,76,76,76],"card_choices":[{"not_picked":["RobotSpaceExplorer:RigExplosive","RobotSpaceExplorer:ShockKick"],"picked":"RobotSpaceExplorer:Counterblock","floor":1.0},{"not_picked":["RobotSpaceExplorer:Calculate","RobotSpaceExplorer:Fix","RobotSpaceExplorer:ImprovisedAttack"],"picked":"SKIP","floor":4.0},{"not_picked":["RobotSpaceExplorer:GlueShot","RobotSpaceExplorer:Probe","RobotSpaceExplorer:FrostMissile"],"picked":"SKIP","floor":6.0},{"not_picked":["RobotSpaceExplorer:FrostMissile","RobotSpaceExplorer:ExhaustFan","RobotSpaceExplorer:Calculate"],"picked":"SKIP","floor":8.0},{"not_picked":["RobotSpaceExplorer:Ammunition","RobotSpaceExplorer:MiniDrones"],"picked":"RobotSpaceExplorer:Comet","floor":10.0},{"not_picked":["RobotSpaceExplorer:SwiftStep","RobotSpaceExplorer:Counterblock","RobotSpaceExplorer:FrostMissile"],"picked":"SKIP","floor":12.0},{"not_picked":["RobotSpaceExplorer:Blaster","RobotSpaceExplorer:ShockMissile"],"picked":"RobotSpaceExplorer:TrailblazerForm","floor":16.0},{"not_picked":["RobotSpaceExplorer:FrostMissile","RobotSpaceExplorer:SurgingShield"],"picked":"RobotSpaceExplorer:SelfCleaning+1","floor":18.0},{"not_picked":["RobotSpaceExplorer:FrostMissile+1","RobotSpaceExplorer:SurgingShield","RobotSpaceExplorer:GlueShot"],"picked":"SKIP","floor":19.0},{"not_picked":["RobotSpaceExplorer:SwiftStep","RobotSpaceExplorer:Reload"],"picked":"RobotSpaceExplorer:SlimeMissile+1","floor":21.0},{"not_picked":["RobotSpaceExplorer:ScrapToss","RobotSpaceExplorer:MetalStrike"],"picked":"RobotSpaceExplorer:LaserBurst","floor":22.0},{"not_picked":["RobotSpaceExplorer:LaserBurst","RobotSpaceExplorer:Electroshield","RobotSpaceExplorer:Fix"],"picked":"SKIP","floor":23.0},{"not_picked":["RobotSpaceExplorer:ShockKick+1","RobotSpaceExplorer:SwiftStep"],"picked":"RobotSpaceExplorer:SurgingStrike","floor":25.0},{"not_picked":["RobotSpaceExplorer:ShockMissile","RobotSpaceExplorer:RigExplosive","RobotSpaceExplorer:ExhaustFan+1"],"picked":"SKIP","floor":28.0},{"not_picked":["RobotSpaceExplorer:Pulsar","RobotSpaceExplorer:SurgingShield","RobotSpaceExplorer:StunGrenade"],"picked":"SKIP","floor":29.0},{"not_picked":["RobotSpaceExplorer:PowerGlove","RobotSpaceExplorer:Ammunition","RobotSpaceExplorer:GlueShot"],"picked":"SKIP","floor":31.0},{"not_picked":["RobotSpaceExplorer:Blaster","RobotSpaceExplorer:Asteroid"],"picked":"RobotSpaceExplorer:ChargingLaser","floor":33.0},{"not_picked":["RobotSpaceExplorer:Discharger","RobotSpaceExplorer:SurgingStrike","RobotSpaceExplorer:ImprovisedAttack"],"picked":"SKIP","floor":35.0},{"not_picked":["RobotSpaceExplorer:FreezeRay","RobotSpaceExplorer:StunGrenade+1","RobotSpaceExplorer:Probe"],"picked":"SKIP","floor":36.0},{"not_picked":["RobotSpaceExplorer:FreezeRay","RobotSpaceExplorer:StunGrenade+1","RobotSpaceExplorer:Probe"],"picked":"SKIP","floor":36.0},{"not_picked":["RobotSpaceExplorer:GlueShot","RobotSpaceExplorer:PowerCollector","RobotSpaceExplorer:ScrapMissile"],"picked":"SKIP","floor":37.0},{"not_picked":["RobotSpaceExplorer:FrostMissile","RobotSpaceExplorer:ChargingLaser"],"picked":"RobotSpaceExplorer:Jetpack","floor":38.0},{"not_picked":["RobotSpaceExplorer:BigMissile","RobotSpaceExplorer:PlasmaMissile+1"],"picked":"RobotSpaceExplorer:SwiftStep+1","floor":39.0},{"not_picked":["RobotSpaceExplorer:FranticSearch","RobotSpaceExplorer:ScrapMissile"],"picked":"RobotSpaceExplorer:TurboDodge","floor":41.0},{"not_picked":["RobotSpaceExplorer:Pulsar","RobotSpaceExplorer:PlasmaMissile","RobotSpaceExplorer:MiniDrones"],"picked":"SKIP","floor":42.0},{"not_picked":["RobotSpaceExplorer:PlasmaMissile","RobotSpaceExplorer:FranticSearch","RobotSpaceExplorer:SlimeMissile"],"picked":"SKIP","floor":45.0},{"not_picked":["RobotSpaceExplorer:DoubleFind","RobotSpaceExplorer:GlueShot","RobotSpaceExplorer:DualCore"],"picked":"SKIP","floor":48.0}],"player_experience":1601266,"relics_obtained":[{"floor":6.0,"key":"Whetstone"},{"floor":8.0,"key":"Ancient Tea Set"},{"floor":9.0,"key":"Sundial"},{"floor":10.0,"key":"Ice Cream"},{"floor":12.0,"key":"RobotSpaceExplorer:FoglandsKnife"},{"floor":23.0,"key":"Lantern"},{"floor":28.0,"key":"InkBottle"},{"floor":42.0,"key":"Centennial Puzzle"},{"floor":43.0,"key":"Strawberry"},{"floor":48.0,"key":"White Beast Statue"}],"event_choices":[{"damage_healed":0.0,"max_hp_gain":0.0,"max_hp_loss":0.0,"gold_gain":0.0,"event_name":"Scrap Ooze","player_choice":"Success","floor":2.0,"gold_loss":0.0,"damage_taken":26.0,"relics_obtained":["Gremlin Horn"]},{"damage_healed":0.0,"max_hp_gain":0.0,"max_hp_loss":0.0,"gold_gain":75.0,"event_name":"World of Goop","player_choice":"Gather Gold","floor":5.0,"gold_loss":0.0,"damage_taken":11.0},{"damage_healed":0.0,"max_hp_gain":5.0,"max_hp_loss":0.0,"gold_gain":0.0,"event_name":"Big Fish","player_choice":"Donut","floor":14.0,"gold_loss":0.0,"damage_taken":0.0},{"damage_healed":0.0,"max_hp_gain":0.0,"max_hp_loss":0.0,"gold_gain":0.0,"event_name":"Ghosts","player_choice":"Ignored","floor":20.0,"gold_loss":0.0,"damage_taken":0.0},{"damage_healed":0.0,"max_hp_gain":0.0,"max_hp_loss":0.0,"gold_gain":0.0,"event_name":"Match and Keep!","player_choice":"1 cards matched","floor":27.0,"gold_loss":0.0,"damage_taken":0.0,"cards_obtained":["RobotSpaceExplorer:Explosion"]},{"damage_healed":0.0,"max_hp_gain":0.0,"max_hp_loss":0.0,"gold_gain":0.0,"event_name":"MindBloom","player_choice":"Fight","floor":39.0,"gold_loss":0.0,"damage_taken":0.0},{"damage_healed":0.0,"max_hp_gain":0.0,"max_hp_loss":4.0,"gold_gain":0.0,"event_name":"Winding Halls","player_choice":"Max HP","floor":47.0,"gold_loss":0.0,"damage_taken":0.0}],"is_beta":false,"boss_relics":[{"not_picked":["SacredBark","Snecko Eye"],"picked":"Philosopher\u0027s Stone"},{"not_picked":["Calling Bell","Runic Dome"],"picked":"Runic Pyramid"}],"items_purged_floors":[30,46],"is_endless":false,"potions_floor_spawned":[6,8,10,16,21,31,33,37,39,41,45,48],"killed_by":"Shield and Spear","ascension_level":20}}