{"host":"vl29iwkwnyytuw8q","time":1614357370,"event":{"mods":["BaseMod","Minty Spire (QoL Compilation)","Permanent Neow","Relic Stats","StSLib"],"gold_per_floor":[118,118,131,146,164,198,198,210,210,241,241,93,110,185,185,280,280,300,320,320,340,340,340,370,384,411,455,478,490,502,526,538,654,666,721,244,244,244,262,262,324,324,401,449,449,45,73,85,85,85],"floor_reached":51,"language":"ENG","playtime":2795,"items_purged":["Strike_P","Defend_P"],"score":921,"play_id":"8ce853eb-a0e7-4f15-a627-88adc24b4d8e","local_time":"20210226173610","is_ascension_mode":true,"campfire_choices":[{"floor":7.0,"key":"REST"},{"data":"Adaptation","floor":11.0,"key":"SMITH"},{"data":"WindmillStrike","floor":15.0,"key":"SMITH"},{"data":"Study","floor":23.0,"key":"SMITH"},{"floor":30.0,"key":"REST"},{"data":"Wish","floor":32.0,"key":"SMITH"},{"data":"TalkToTheHand","floor":40.0,"key":"SMITH"},{"data":"Meditate","floor":42.0,"key":"SMITH"},{"floor":45,"key":"REST"},{"data":"Omniscience","floor":49,"key":"SMITH"}],"circlet_count":0,"master_deck":["Defend_P+1","Defend_P+1","Eruption+1","Vigilance+1","InnerPeace+1","Meditate+1","Tantrum+1","FlurryOfBlows","Study+1","DeceiveReality+1","Adaptation+1","MentalFortress+1","WindmillStrike+1","LessonLearned","FearNoEvil+1","DeusExMachina+1","FollowUp","CutThroughFate+1","Wish+1","Consecrate","FlurryOfBlows","TalkToTheHand+1","Omniscience+1","Indignation+1","Ragnarok+1","Madness+1","Madness","EmptyBody+1","Protect+1","Wireheading","LikeWater","ThirdEye","BattleHymn","Halt+1"],"relics":["PureWater","TeardropLocket","Toy Ornithopter","Ancient Tea Set","Astrolabe","Letter Opener","MawBank","Juzu Bracelet","Sozu","Eternal Feather","Bag of Preparation","Bottled Lightning","Lantern","Sling","CaptainsWheel"],"acts_visited":["Exordium","TheCity","TheBeyond"],"potions_floor_usage":[50,50],"damage_taken":[{"damage":5.0,"enemies":"Small Slimes","floor":1.0,"turns":2.0},{"damage":0.0,"enemies":"Cultist","floor":3.0,"turns":4.0},{"damage":0.0,"enemies":"Jaw Worm","floor":4.0,"turns":4.0},{"damage":10.0,"enemies":"Large Slime","floor":5.0,"turns":7.0},{"damage":23.0,"enemies":"Lagavulin","floor":6.0,"turns":5.0},{"damage":0.0,"enemies":"Lots of Slimes","floor":8.0,"turns":2.0},{"damage":0.0,"enemies":"3 Sentries","floor":10.0,"turns":4.0},{"damage":8.0,"enemies":"Blue Slaver","floor":13.0,"turns":4.0},{"damage":7.0,"enemies":"Slime Boss","floor":16.0,"turns":7.0},{"damage":18.0,"enemies":"3 Byrds","floor":18.0,"turns":4.0},{"damage":0.0,"enemies":"Spheric Guardian","floor":19.0,"turns":3.0},{"damage":0.0,"enemies":"Cultist and Chosen","floor":21.0,"turns":4.0},{"damage":2.0,"enemies":"Gremlin Leader","floor":24.0,"turns":4.0},{"damage":12.0,"enemies":"Snecko","floor":25.0,"turns":5.0},{"damage":41.0,"enemies":"Book of Stabbing","floor":27.0,"turns":5.0},{"damage":0.0,"enemies":"Sentry and Sphere","floor":28.0,"turns":3.0},{"damage":0.0,"enemies":"Cultist and Chosen","floor":31.0,"turns":4.0},{"damage":14.0,"enemies":"Champ","floor":33.0,"turns":12.0},{"damage":18.0,"enemies":"3 Darklings","floor":35.0,"turns":4.0},{"damage":0.0,"enemies":"3 Shapes","floor":39.0,"turns":1.0},{"damage":13.0,"enemies":"Giant Head","floor":41.0,"turns":7.0},{"damage":50,"enemies":"Writhing Mass","floor":44,"turns":6},{"damage":0,"enemies":"Reptomancer","floor":47,"turns":3},{"damage":0,"enemies":"Transient","floor":48,"turns":5},{"damage":5,"enemies":"Awakened One","floor":50,"turns":6}],"seed_played":"1232005421374861865","potions_obtained":[{"floor":3.0,"key":"SkillPotion"},{"floor":4.0,"key":"LiquidBronze"},{"floor":5.0,"key":"Dexterity Potion"},{"floor":6.0,"key":"BlessingOfTheForge"},{"floor":10.0,"key":"Strength Potion"},{"floor":19.0,"key":"PowerPotion"},{"floor":21.0,"key":"FearPotion"},{"floor":27.0,"key":"Strength Potion"},{"floor":28.0,"key":"Fire Potion"}],"is_trial":false,"path_per_floor":["M","?","M","M","M","E","R","M","T","E","R","$","M","?","R","B",null,"M","M","?","M","?","R","E","M","T","E","M","$","R","M","R","B",null,"M","$","?","?","M","R","E","R","T","M","R","$","E","M","R","B",null],"character_chosen":"WATCHER","items_purchased":["MentalFortress","Eternal Feather","Ragnarok","Lantern","LikeWater","Sling","ThirdEye"],"campfire_rested":3,"item_purchase_floors":[12,36,36,46,46,46,46],"current_hp_per_floor":[67,53,53,53,43,20,41,41,41,46,46,46,38,27,27,25,72,56,56,61,61,61,61,64,52,52,16,16,16,37,37,37,23,72,54,54,54,45,45,60,47,62,62,12,51,51,51,51,69,67],"gold":85,"neow_bonus":"UPGRADE_CARD","is_daily":false,"chose_seed":false,"campfire_upgraded":7,"win_rate":0.0,"timestamp":1614357370,"path_taken":["M","?","M","M","M","E","R","M","T","E","R","$","M","?","R","BOSS","M","M","?","?","?","R","E","M","T","E","M","$","R","M","R","BOSS","M","$","?","?","M","R","E","R","T","M","R","$","E","M","R","BOSS"],"items_purchased_type":["Card","Relic","Card","Relic","Card","Relic","Card"],"build_version":"2020-12-22","purchased_purges":2,"victory":true,"max_hp_per_floor":[72,72,72,72,72,72,72,72,72,72,72,72,72,72,72,72,72,72,72,72,72,72,72,72,72,72,72,72,72,72,72,72,72,72,72,72,72,72,72,72,72,72,72,72,72,72,72,72,72,72],"relic_stats":{"Sozu":2,"counters":[25,115],"Astrolabe":["FearNoEvil","DeusExMachina","ClearTheMind"],"Eternal Feather":66,"Juzu Bracelet":1,"Bag of Preparation":[8],"Letter Opener":[223],"MawBank":120,"obtain_stats":[{"Lantern":46,"Astrolabe":17,"Eternal Feather":36,"Juzu Bracelet":27,"Bag of Preparation":41,"TeardropLocket":6,"Letter Opener":24,"Ancient Tea Set":10,"MawBank":26,"Sling":46,"Sozu":34,"CaptainsWheel":47,"Bottled Lightning":43,"PureWater":0,"Toy Ornithopter":9},{"Lantern":22,"Astrolabe":9,"Eternal Feather":19,"Juzu Bracelet":15,"Bag of Preparation":21,"TeardropLocket":5,"Letter Opener":13,"Ancient Tea Set":7,"MawBank":14,"Sling":22,"Sozu":18,"CaptainsWheel":23,"Bottled Lightning":21,"PureWater":0,"Toy Ornithopter":6},{"Lantern":101,"Astrolabe":39,"Eternal Feather":87,"Juzu Bracelet":64,"Bag of Preparation":95,"TeardropLocket":22,"Letter Opener":54,"Ancient Tea Set":28,"MawBank":59,"Sling":101,"Sozu":83,"CaptainsWheel":104,"Bottled Lightning":95,"PureWater":0,"Toy Ornithopter":24}],"Toy Ornithopter":25},"card_choices":[{"not_picked":["ThirdEye","Weave"],"picked":"InnerPeace","floor":1.0},{"not_picked":["Worship","SashWhip"],"picked":"Meditate","floor":3.0},{"not_picked":["Halt","DeceiveReality"],"picked":"Tantrum","floor":4.0},{"not_picked":["WheelKick","JustLucky"],"picked":"FlurryOfBlows","floor":5.0},{"not_picked":["ReachHeaven","Crescendo"],"picked":"Study","floor":6.0},{"not_picked":["CarveReality","FlyingSleeves"],"picked":"DeceiveReality","floor":8.0},{"not_picked":["BowlingBash","Prostrate"],"picked":"Adaptation","floor":10.0},{"not_picked":["EmptyFist","Evaluate"],"picked":"WindmillStrike","floor":13.0},{"not_picked":["MasterReality","Alpha"],"picked":"LessonLearned","floor":16.0},{"not_picked":["CrushJoints+1","Evaluate+1"],"picked":"FollowUp","floor":18.0},{"not_picked":["DeceiveReality+1","FearNoEvil","EmptyBody"],"picked":"SKIP","floor":19.0},{"not_picked":["BowlingBash","Protect"],"picked":"CutThroughFate","floor":21.0},{"not_picked":["SashWhip","CrushJoints"],"picked":"Wish","floor":24.0},{"not_picked":["FlurryOfBlows","FlyingSleeves"],"picked":"Consecrate","floor":25.0},{"not_picked":["ConjureBlade","EmptyBody"],"picked":"FlurryOfBlows","floor":27.0},{"not_picked":["Adaptation","PathToVictory","SashWhip"],"picked":"SKIP","floor":28.0},{"not_picked":["JustLucky","ClearTheMind+1"],"picked":"TalkToTheHand","floor":31.0},{"not_picked":["SpiritShield","Establishment"],"picked":"Omniscience","floor":33.0},{"not_picked":["Nirvana","PathToVictory+1"],"picked":"Indignation+1","floor":35.0},{"not_picked":["Indignation","EmptyBody+1","EmptyMind"],"picked":"SKIP","floor":39.0},{"not_picked":["Indignation","EmptyMind"],"picked":"EmptyBody+1","floor":39.0},{"not_picked":["Ragnarok","Consecrate"],"picked":"Protect+1","floor":41.0},{"not_picked":["Protect+1","EmptyMind"],"picked":"Wireheading","floor":44},{"not_picked":["Blasphemy","WreathOfFlame"],"picked":"BattleHymn","floor":47},{"not_picked":["Indignation+1","ClearTheMind+1"],"picked":"Halt+1","floor":48}],"player_experience":710862,"relics_obtained":[{"floor":6.0,"key":"TeardropLocket"},{"floor":9.0,"key":"Toy Ornithopter"},{"floor":10.0,"key":"Ancient Tea Set"},{"floor":24.0,"key":"Letter Opener"},{"floor":26.0,"key":"MawBank"},{"floor":27.0,"key":"Juzu Bracelet"},{"floor":41.0,"key":"Bag of Preparation"},{"floor":43.0,"key":"Bottled Lightning"},{"floor":47,"key":"CaptainsWheel"}],"event_choices":[{"damage_healed":0.0,"max_hp_gain":0.0,"max_hp_loss":0.0,"gold_gain":0.0,"event_name":"Shining Light","player_choice":"Entered Light","floor":2.0,"gold_loss":0.0,"damage_taken":14.0,"cards_upgraded":["Defend_P","InnerPeace"]},{"damage_healed":0.0,"max_hp_gain":0.0,"max_hp_loss":0.0,"gold_gain":75.0,"event_name":"World of Goop","player_choice":"Gather Gold","floor":14.0,"gold_loss":0.0,"damage_taken":11.0},{"cards_removed":["ClearTheMind"],"damage_healed":5.0,"max_hp_gain":0.0,"max_hp_loss":0.0,"gold_gain":0.0,"event_name":"Bonfire Elementals","player_choice":"Offered Common","floor":20.0,"gold_loss":0.0,"damage_taken":0.0},{"cards_removed":["ClearTheMind"],"damage_healed":5.0,"max_hp_gain":0.0,"max_hp_loss":0.0,"gold_gain":0.0,"event_name":"Bonfire Elementals","player_choice":"Offered Special","floor":20.0,"gold_loss":0.0,"damage_taken":0.0},{"damage_healed":0.0,"max_hp_gain":0.0,"max_hp_loss":0.0,"gold_gain":0.0,"event_name":"Vampires","player_choice":"Ignored","floor":22.0,"gold_loss":0.0,"damage_taken":0.0},{"cards_removed":["Strike_P"],"damage_healed":0.0,"max_hp_gain":0.0,"max_hp_loss":0.0,"gold_gain":0.0,"event_name":"Purifier","player_choice":"Purged","floor":37.0,"gold_loss":0.0,"damage_taken":0.0},{"damage_healed":0.0,"max_hp_gain":0.0,"max_hp_loss":0.0,"gold_gain":0.0,"event_name":"Winding Halls","player_choice":"Embrace Madness","floor":38.0,"gold_loss":0.0,"damage_taken":9.0,"cards_obtained":["Madness","Madness"]}],"is_beta":false,"boss_relics":[{"not_picked":["Busted Crown","Coffee Dripper"],"picked":"Astrolabe"},{"not_picked":["Runic Dome","Calling Bell"],"picked":"Sozu"}],"items_purged_floors":[12,36],"is_endless":false,"potions_floor_spawned":[3,4,5,6,10,19,21,27,28,39,44],"ascension_level":3}}