{"host":"dtczkyto5vz790wa","time":1614319372,"event":{"mods":["BaseMod","LagranYue(¿≠∏Ò¿ °§‘¬)","Minty Spire (QoL Compilation)","Replay The Spire","Shop Mod","StSLib","The Animator"],"gold_per_floor":[134,134,145,171,200,233,233,258,281,299,299,312,344,373,373,471,471,487,23,47,82,82,82,102,102,125,125,125],"floor_reached":27,"language":"ZHS","playtime":2885,"items_purged":["animator:Strike"],"score":299,"play_id":"f3e02e13-7ddf-446c-be87-dc12194d7bdc","local_time":"20210226140252","is_ascension_mode":true,"campfire_choices":[{"data":"animator:Shiro","floor":7.0,"key":"SMITH"},{"data":"animator:Saitama","floor":15.0,"key":"SMITH"},{"data":"Pot Of Greed","floor":23.0,"key":"SMITH"},{"data":"animator:Jibril","floor":23.0,"key":"SMITH"},{"data":"Pot Of Greed","floor":25.0,"key":"SMITH"},{"data":"animator:Gluttony","floor":25.0,"key":"SMITH"}],"circlet_count":0,"master_deck":["animator:Strike_NoGameNoLife","animator:Defend_NoGameNoLife","animator:Strike","animator:Defend","animator:Defend","animator:Defend","animator:DolaSchwi+1","animator:DolaCouronne","animator:Shiro+1","animator:Assassin+1","animator:DolaRiku","animator:RoyMustang","animator:DolaStephanie","animator:Aqua","animator:Saitama+1","animator:ElricAlphonse","animator:Tet","animator:MumenRider","animator:Gluttony+1","animator:Rimuru","animator:Sloth","Pot Of Greed+1","Pot Of Greed+1","animator:Jibril+1","animator:RoyMustang+1"],"relics":["animator:LivingPicture","animator:TheMissingPiece","LagranYue:RandomDrawCardRelic","Tiny Chest","ReplayTheSpireMod:Ninjato","Black Star","MerchantsRug","Replay:Arrowhead","Grinning Jar"],"acts_visited":["Exordium","TheCity"],"potions_floor_usage":[],"damage_taken":[{"damage":1.0,"enemies":"Small Slimes","floor":1.0,"turns":4.0},{"damage":0.0,"enemies":"Cultist","floor":3.0,"turns":5.0},{"damage":0.0,"enemies":"Jaw Worm","floor":4.0,"turns":6.0},{"damage":4.0,"enemies":"Lots of Slimes","floor":5.0,"turns":2.0},{"damage":10.0,"enemies":"Replay:BlueRogue","floor":6.0,"turns":6.0},{"damage":8.0,"enemies":"Lagavulin","floor":8.0,"turns":6.0},{"damage":10.0,"enemies":"Blue Slaver","floor":10.0,"turns":5.0},{"damage":0.0,"enemies":"Red Slaver","floor":12.0,"turns":4.0},{"damage":15.0,"enemies":"3 Sentries","floor":13.0,"turns":6.0},{"damage":6.0,"enemies":"2 Fungi Beasts","floor":14.0,"turns":4.0},{"damage":3.0,"enemies":"Slime Boss","floor":16.0,"turns":5.0},{"damage":15.0,"enemies":"Chosen","floor":18.0,"turns":6.0},{"damage":13.0,"enemies":"2 Thieves","floor":21.0,"turns":5.0},{"damage":19.0,"enemies":"Chosen and Byrds","floor":24.0,"turns":5.0},{"damage":41,"enemies":"animator:HornedBat","floor":27,"turns":4}],"seed_played":"6961496057356952096","potions_obtained":[{"floor":3.0,"key":"PowerPotion"},{"floor":4.0,"key":"Explosive Potion"},{"floor":10.0,"key":"FearPotion"},{"floor":11.0,"key":"ColorlessPotion"},{"floor":11.0,"key":"Flashbang"},{"floor":11.0,"key":"Cursed Concoction"},{"floor":12.0,"key":"SpeedPotion"},{"floor":16.0,"key":"Dexterity Potion"}],"is_trial":false,"path_per_floor":["M","?","M","M","M","E","R","E","T","M","?","M","E","M","R","B",null,"M","$","T","M","?","R","M","R","T","E"],"character_chosen":"THE_ANIMATOR","items_purchased":["MerchantsRug","Replay:Arrowhead"],"campfire_rested":0,"item_purchase_floors":[19,19],"current_hp_per_floor":[47,47,48,48,44,34,34,28,28,21,21,24,11,7,7,10,69,55,55,55,48,48,48,33,33,33,0,0],"gold":125,"neow_bonus":"THREE_RARE_CARDS","is_daily":false,"chose_seed":false,"campfire_upgraded":6,"win_rate":0.0,"timestamp":1614319372,"path_taken":["M","?","M","M","M","E","R","E","T","?","?","?","E","M","R","BOSS","M","$","?","?","?","R","M","R","T","E"],"items_purchased_type":["Relic","Relic"],"build_version":"2020-12-22","purchased_purges":1,"victory":false,"max_hp_per_floor":[66,66,67,67,67,67,67,67,67,68,68,69,69,69,69,69,69,70,70,70,70,70,70,70,70,70,70,70],"card_choices":[{"not_picked":["animator:Boros","animator:Eris"],"picked":"animator:Shiro","floor":0.0},{"not_picked":["animator:Vesta","animator:Shion"],"picked":"animator:Assassin","floor":1.0},{"not_picked":["animator:Scar","animator:Assassin"],"picked":"animator:DolaRiku","floor":3.0},{"not_picked":["animator:Scar","animator:Vesta"],"picked":"animator:RoyMustang","floor":4.0},{"not_picked":["animator:DolaCouronne","animator:ChlammyZell"],"picked":"animator:DolaStephanie","floor":5.0},{"not_picked":["animator:Demiurge","animator:Shalltear"],"picked":"animator:Aqua","floor":6.0},{"not_picked":["animator:Berserker","animator:Illya"],"picked":"animator:Saitama","floor":8.0},{"not_picked":["animator:Shuna","animator:DolaSchwi"],"picked":"animator:ElricAlphonse","floor":10.0},{"not_picked":["animator:DolaStephanie","animator:ChlammyZell"],"picked":"animator:Tet","floor":12.0},{"not_picked":["animator:Scar","animator:Tet"],"picked":"animator:MumenRider","floor":13.0},{"not_picked":["animator:Souei","animator:Scar"],"picked":"animator:Gluttony","floor":14.0},{"not_picked":["animator:Greed","animator:Shizu"],"picked":"animator:Rimuru","floor":16.0},{"not_picked":["animator:Entoma","animator:MumenRider+1"],"picked":"animator:Sloth","floor":18.0},{"not_picked":["animator:DolaSchwi","animator:DolaRiku"],"picked":"animator:Jibril","floor":21.0},{"not_picked":["animator:ShinjiMatou","animator:Shion"],"picked":"animator:RoyMustang+1","floor":24.0}],"player_experience":232928,"relics_obtained":[{"floor":6.0,"key":"Replay:Baseball"},{"floor":8.0,"key":"Tiny Chest"},{"floor":9.0,"key":"Whetstone"},{"floor":13.0,"key":"ReplayTheSpireMod:Ninjato"},{"floor":20.0,"key":"Grinning Jar"}],"event_choices":[{"cards_removed":["animator:Strike"],"damage_healed":0.0,"max_hp_gain":0.0,"max_hp_loss":0.0,"gold_gain":0.0,"event_name":"Purifier","player_choice":"Purged","floor":2.0,"gold_loss":0.0,"damage_taken":0.0},{"damage_healed":0.0,"max_hp_gain":0.0,"max_hp_loss":0.0,"gold_gain":0.0,"event_name":"Lab","player_choice":"Got Potions","floor":11.0,"gold_loss":0.0,"damage_taken":0.0},{"damage_healed":0.0,"max_hp_gain":0.0,"max_hp_loss":0.0,"gold_gain":0.0,"event_name":"Vampires","player_choice":"Ignored","floor":22.0,"gold_loss":0.0,"damage_taken":0.0}],"is_beta":false,"boss_relics":[{"not_picked":["Empty Cage","Astrolabe"],"picked":"Black Star"}],"items_purged_floors":[19],"is_endless":false,"potions_floor_spawned":[3,4,10,12,13,16],"killed_by":"animator:HornedBat","ascension_level":1}}