{"host":"kzw87w9fb0mudblt","time":1614302064,"event":{"mods":["BaseMod","Colored Map","Minty Spire (QoL Compilation)","Replay The Spire","StSLib","SuperFastMode"],"gold_per_floor":[114,54,229,229,261,294,72,87,135,155,155,168,168,187,187,288,288,305,305,319,339,339,339,367,380,428,44,56,56,72,82,82,82,82],"floor_reached":33,"language":"ENG","playtime":1934,"items_purged":["Doubt","Strike_P"],"score":294,"play_id":"4151d15d-a590-40d4-8fed-2e4b55cd009f","local_time":"20210226021424","is_ascension_mode":false,"campfire_choices":[{"floor":11,"key":"REST"},{"data":"Eruption","floor":13,"key":"SMITH"},{"data":"Scrawl","floor":15,"key":"SMITH"},{"data":"Bludgeon","floor":23,"key":"SMITH"},{"data":"Double Energy","floor":29,"key":"SMITH"},{"data":"Secret Technique","floor":32,"key":"SMITH"}],"circlet_count":0,"master_deck":["Strike_P","Strike_P","Strike_P","Defend_P","Defend_P","Defend_P","Eruption+1","Vigilance","ReachHeaven","Replay:Battleflow+1","ReachHeaven","Scrawl+1","Dagger Spray+1","Dark Shackles","Bludgeon+1","Blade Dance","Double Energy+1","Secret Technique+1","DeusExMachina"],"relics":["PureWater","NeowsBlessing","Du-Vu Doll","Meat on the Bone","PrismaticShard","Replay:Bronze Core","Bottled Flame","Happy Flower","Lee\u0027s Waffle"],"acts_visited":["Exordium","TheCity"],"potions_floor_usage":[10,16,20,21,28,30,31,33,33],"damage_taken":[{"damage":0,"enemies":"Cultist","floor":1,"turns":1},{"damage":0,"enemies":"Lagavulin","floor":6,"turns":1},{"damage":0,"enemies":"Small Slimes","floor":8,"turns":1},{"damage":0,"enemies":"2 Louse","floor":10,"turns":1},{"damage":3,"enemies":"Exordium Wildlife","floor":12,"turns":3},{"damage":7,"enemies":"Exordium Thugs","floor":14,"turns":3},{"damage":27,"enemies":"Hexaghost","floor":16,"turns":5},{"damage":0,"enemies":"Chosen","floor":18,"turns":2},{"damage":0,"enemies":"Shell Parasite","floor":20,"turns":1},{"damage":10,"enemies":"Chosen and Byrds","floor":21,"turns":2},{"damage":24,"enemies":"Book of Stabbing","floor":24,"turns":3},{"damage":36,"enemies":"Shelled Parasite and Fungi","floor":25,"turns":3},{"damage":11,"enemies":"Centurion and Healer","floor":28,"turns":2},{"damage":0,"enemies":"3 Cultists","floor":30,"turns":1},{"damage":14,"enemies":"Shelled Parasite and Fungi","floor":31,"turns":3},{"damage":64,"enemies":"Pondfish","floor":33,"turns":3}],"seed_played":"3401578417835748864","potions_obtained":[{"floor":8,"key":"Fire Potion"},{"floor":10,"key":"Regen Potion"},{"floor":14,"key":"StancePotion"},{"floor":16,"key":"CultistPotion"},{"floor":20,"key":"SteroidPotion"},{"floor":25,"key":"SteroidPotion"},{"floor":28,"key":"Strength Potion"},{"floor":30,"key":"Regen Potion"},{"floor":31,"key":"Milkshake"}],"is_trial":false,"path_per_floor":["M","$","?","?","?","E","$","M","T","M","R","M","R","M","R","B",null,"M","?","M","M","?","R","E","M","T","$","M","R","M","M","R","B"],"character_chosen":"WATCHER","items_purchased":["Replay:Battleflow+1","PrismaticShard","Lee\u0027s Waffle","DeusExMachina"],"campfire_rested":1,"item_purchase_floors":[2,7,27,27],"current_hp_per_floor":[72,72,72,72,44,44,44,44,44,44,65,62,62,55,55,42,72,72,72,72,62,62,62,38,14,14,79,68,68,68,63,63,0,0],"gold":82,"neow_bonus":"THREE_ENEMY_KILL","is_daily":false,"chose_seed":false,"campfire_upgraded":5,"win_rate":0.0,"timestamp":1614302064,"path_taken":["M","?","?","?","?","E","$","M","T","M","R","M","R","M","R","BOSS","M","?","?","?","?","R","E","M","T","$","M","R","M","M","R","BOSS"],"items_purchased_type":["Card","Relic","Relic","Card"],"build_version":"2020-12-22","purchased_purges":2,"victory":false,"max_hp_per_floor":[72,72,72,72,72,72,72,72,72,72,72,72,72,72,72,72,72,72,72,72,72,72,72,72,72,72,79,79,79,79,79,79,79,79],"card_choices":[{"not_picked":["Replay:BluntJabs","TalkToTheHand"],"picked":"ReachHeaven","floor":1},{"not_picked":["BowlingBash","JustLucky"],"picked":"ReachHeaven","floor":5},{"not_picked":["BowlingBash","Replay:AtTheReady"],"picked":"Scrawl","floor":6},{"not_picked":["Swift Strike","Outmaneuver"],"picked":"Dagger Spray","floor":8},{"not_picked":["ReplayTheSpireMod:Repulse","Hello World","Evaluate"],"picked":"SKIP","floor":10},{"not_picked":["Halt","Heavy Blade","Discovery"],"picked":"SKIP","floor":12},{"not_picked":["Dagger Spray","Scrape"],"picked":"Dark Shackles","floor":14},{"not_picked":["Mirror Shield","ReplayTheSpireMod:Necrosis"],"picked":"Bludgeon","floor":16},{"not_picked":["Ball Lightning","ReplayTheSpireMod:Strike From Hell","Collect+1"],"picked":"SKIP","floor":18},{"not_picked":["Riddle With Holes","Dagger Spray","JustLucky"],"picked":"SKIP","floor":20},{"not_picked":["Replay:Vibes","Body Slam"],"picked":"Blade Dance","floor":21},{"not_picked":["Deflect+1","Prostrate"],"picked":"Double Energy","floor":24},{"not_picked":["Compile Driver","Prostrate"],"picked":"Secret Technique","floor":25},{"not_picked":["Sucker Punch","Combust","Replay:Parry"],"picked":"SKIP","floor":28},{"not_picked":["Double Energy","ReplayTheSpireMod:System Scan+1","Reflex"],"picked":"SKIP","floor":30},{"not_picked":["Redo","Barrage","FlurryOfBlows"],"picked":"SKIP","floor":31}],"player_experience":35511,"relics_obtained":[{"floor":5,"key":"Du-Vu Doll"},{"floor":6,"key":"Meat on the Bone"},{"floor":24,"key":"Bottled Flame"},{"floor":26,"key":"Happy Flower"}],"event_choices":[{"damage_healed":0,"gold_gain":175,"player_choice":"AGREE","damage_taken":0,"max_hp_gain":0,"max_hp_loss":0,"event_name":"Liars Game","floor":3,"gold_loss":0,"cards_obtained":["Doubt"]},{"damage_healed":0,"gold_gain":0,"player_choice":"Upgraded","damage_taken":0,"max_hp_gain":0,"max_hp_loss":0,"event_name":"Upgrade Shrine","floor":19,"gold_loss":0,"cards_upgraded":["Dagger Spray"]},{"damage_healed":0,"gold_gain":0,"player_choice":"Ignored","damage_taken":0,"max_hp_gain":0,"max_hp_loss":0,"event_name":"Cursed Tome","floor":22,"gold_loss":0}],"is_beta":false,"boss_relics":[{"not_picked":["Replay:Ancient Bell","ReplayTheSpireMod:DimensionalGlitch"],"picked":"Replay:Bronze Core"}],"items_purged_floors":[7,27],"is_endless":false,"potions_floor_spawned":[8,10,14,16,20,25,28,30,31],"killed_by":"Pondfish","ascension_level":0}}