{"host":"1bzbl1adcbkdzqlf","time":1614377754,"event":{"mods":["BaseMod","Minty Spire (QoL Compilation)","Slay the Relics Exporter"],"gold_per_floor":[114,114,128,53,71,100,100,100,100,144,168,204,204,379,379,500,500,514,104,128,142,142,177,177,216,216,216,216,255,79,79,79,209,209,223,237,255,275,294,337,349,399,436,487,513,546,578,604,616,628],"floor_reached":51,"language":"ENG","playtime":4439,"items_purged":["Strike_G"],"score":970,"play_id":"f0232389-f1c7-497e-acf9-5d3233f341ec","local_time":"20210226161554","is_ascension_mode":true,"campfire_choices":[{"data":"Injury","floor":8,"key":"PURGE"},{"data":"Wraith Form v2","floor":13,"key":"SMITH"},{"data":"Doubt","floor":15,"key":"PURGE"},{"data":"Shame","floor":24,"key":"PURGE"},{"floor":27,"key":"REST"},{"data":"Infinite Blades","floor":32,"key":"SMITH"},{"floor":49,"key":"REST"}],"circlet_count":0,"master_deck":["Defend_G","Defend_G","Defend_G","Defend_G","Survivor","Neutralize","Bane","Infinite Blades","Footwork","Corpse Explosion","Wraith Form v2+1","Terror","Dash","Bane","Die Die Die","Crippling Poison+1","Accuracy+1","Flying Knee+1","Bane","Noxious Fumes","Crippling Poison","Infinite Blades+1","Choke+1","Blade Dance","Blade Dance","Footwork","Dash","Setup","A Thousand Cuts","Infinite Blades","Blur","Backflip+1","Caltrops","Leg Sweep+1","Dodge and Roll","Backflip"],"relics":["SacredBark","Peace Pipe","Golden Idol","Letter Opener","Mummified Hand","CaptainsWheel","Astrolabe","Oddly Smooth Stone","OrangePellets","Centennial Puzzle","Art of War","Bottled Flame","Pear","Bird Faced Urn","Fusion Hammer","MawBank","Bag of Marbles","Sundial"],"acts_visited":["Exordium","TheCity","TheBeyond"],"potions_floor_usage":[6,10,12,18,25,33,33,37,45,47,50],"damage_taken":[{"damage":0,"enemies":"Small Slimes","floor":1,"turns":3},{"damage":6,"enemies":"Cultist","floor":3,"turns":4},{"damage":5,"enemies":"Jaw Worm","floor":5,"turns":5},{"damage":16,"enemies":"Gremlin Nob","floor":6,"turns":3},{"damage":4,"enemies":"Lagavulin","floor":10,"turns":9},{"damage":2,"enemies":"2 Fungi Beasts","floor":11,"turns":3},{"damage":15,"enemies":"Gremlin Nob","floor":12,"turns":3},{"damage":12,"enemies":"Hexaghost","floor":16,"turns":9},{"damage":2,"enemies":"2 Thieves","floor":18,"turns":4},{"damage":1,"enemies":"Spheric Guardian","floor":20,"turns":5},{"damage":18,"enemies":"Snake Plant","floor":21,"turns":4},{"damage":14,"enemies":"Gremlin Leader","floor":23,"turns":5},{"damage":31,"enemies":"Slavers","floor":25,"turns":5},{"damage":21,"enemies":"Book of Stabbing","floor":29,"turns":5},{"damage":19,"enemies":"Collector","floor":33,"turns":7},{"damage":15,"enemies":"3 Darklings","floor":35,"turns":4},{"damage":8,"enemies":"3 Shapes","floor":36,"turns":4},{"damage":8,"enemies":"Maw","floor":37,"turns":5},{"damage":6,"enemies":"Writhing Mass","floor":38,"turns":6},{"damage":4,"enemies":"Sphere and 2 Shapes","floor":39,"turns":3},{"damage":22,"enemies":"Giant Head","floor":40,"turns":6},{"damage":59,"enemies":"Reptomancer","floor":42,"turns":5},{"damage":32,"enemies":"Nemesis","floor":44,"turns":7},{"damage":13,"enemies":"4 Shapes","floor":45,"turns":3},{"damage":25,"enemies":"3 Darklings","floor":46,"turns":3},{"damage":12,"enemies":"Spire Growth","floor":47,"turns":3},{"damage":39,"enemies":"Jaw Worm Horde","floor":48,"turns":5},{"damage":42,"enemies":"Awakened One","floor":50,"turns":7}],"seed_played":"-1438113358639074518","potions_obtained":[{"floor":3,"key":"Dexterity Potion"},{"floor":5,"key":"CunningPotion"},{"floor":6,"key":"CunningPotion"},{"floor":10,"key":"FairyPotion"},{"floor":16,"key":"Fire Potion"},{"floor":23,"key":"SneckoOil"},{"floor":33,"key":"Strength Potion"},{"floor":36,"key":"PowerPotion"},{"floor":38,"key":"SpeedPotion"},{"floor":42,"key":"Ancient Potion"},{"floor":48,"key":"SteroidPotion"}],"is_trial":false,"path_per_floor":["M","?","M","$","M","E","?","R","T","E","M","E","R","?","R","B",null,"M","$","M","M","?","E","R","E","T","R","?","E","$","?","R","B",null,"M","M","M","M","M","E","$","E","T","E","M","M","M","M","R","B",null],"character_chosen":"THE_SILENT","items_purchased":["Footwork","Noxious Fumes","Oddly Smooth Stone","OrangePellets","Footwork","PowerPotion","PowerPotion"],"campfire_rested":2,"item_purchase_floors":[4,19,19,19,30,30,30],"current_hp_per_floor":[70,63,57,57,52,36,36,36,36,32,30,15,15,15,15,3,70,68,68,67,49,49,35,35,4,14,38,38,17,17,17,17,20,80,73,77,78,80,80,62,62,21,21,56,51,38,34,9,33,9],"gold":640,"neow_bonus":"BOSS_RELIC","is_daily":false,"chose_seed":false,"campfire_upgraded":2,"win_rate":0.0,"timestamp":1614377754,"path_taken":["M","?","?","$","M","E","?","R","T","E","M","E","R","?","R","BOSS","M","$","M","M","?","E","R","E","T","R","?","E","$","?","R","BOSS","M","M","M","M","M","E","$","E","T","E","M","M","M","M","R","BOSS"],"items_purchased_type":["Card","Card","Relic","Relic","Card","Potion","Potion"],"build_version":"2020-12-22","purchased_purges":1,"victory":true,"max_hp_per_floor":[70,70,70,70,70,70,70,70,70,70,70,70,70,70,70,70,70,70,70,70,70,70,70,70,70,80,80,80,80,80,80,80,80,80,80,80,80,80,80,80,80,80,80,80,80,80,80,80,80,80],"card_choices":[{"not_picked":["Blade Dance","Prepared"],"picked":"Bane","floor":1},{"not_picked":["All Out Attack","Dagger Throw"],"picked":"Infinite Blades","floor":3},{"not_picked":["Underhanded Strike","Crippling Poison"],"picked":"Corpse Explosion","floor":5},{"not_picked":["Dagger Spray","Flying Knee"],"picked":"Wraith Form v2","floor":6},{"not_picked":["Skewer","Leg Sweep"],"picked":"Terror","floor":10},{"not_picked":["Blade Dance","Deflect"],"picked":"Dash","floor":11},{"not_picked":["Deflect","Heel Hook"],"picked":"Bane","floor":12},{"not_picked":["Bullet Time","Burst"],"picked":"Die Die Die","floor":16},{"not_picked":["Dash","Escape Plan+1"],"picked":"Bane","floor":18},{"not_picked":["Heel Hook+1","Quick Slash+1"],"picked":"Crippling Poison","floor":20},{"not_picked":["Underhanded Strike","Sucker Punch"],"picked":"Infinite Blades","floor":21},{"not_picked":["Slice","PiercingWail"],"picked":"Choke+1","floor":23},{"not_picked":["Bane","Dagger Spray"],"picked":"Blade Dance","floor":25},{"not_picked":["Endless Agony","Sucker Punch"],"picked":"Blade Dance","floor":29},{"not_picked":["Adrenaline","Venomology"],"picked":"A Thousand Cuts","floor":33},{"not_picked":["Flying Knee","Dagger Throw","Heel Hook"],"picked":"SKIP","floor":35},{"not_picked":["Sucker Punch","Deadly Poison"],"picked":"Infinite Blades","floor":36},{"not_picked":["Quick Slash","PiercingWail"],"picked":"Blur","floor":37},{"not_picked":["Distraction+1","Deflect"],"picked":"Backflip+1","floor":38},{"not_picked":["Calculated Gamble+1","Predator"],"picked":"Caltrops","floor":39},{"not_picked":["Dagger Spray","Outmaneuver"],"picked":"Leg Sweep+1","floor":40},{"not_picked":["Tactician","Doppelganger","Endless Agony+1"],"picked":"SKIP","floor":42},{"not_picked":["Terror","All Out Attack+1"],"picked":"Dodge and Roll","floor":44},{"not_picked":["Endless Agony","Dagger Throw+1","Sucker Punch+1"],"picked":"SKIP","floor":45},{"not_picked":["Prepared","Deflect","Heel Hook"],"picked":"SKIP","floor":46},{"not_picked":["Dodge and Roll","Endless Agony","Underhanded Strike+1"],"picked":"SKIP","floor":47},{"not_picked":["Poisoned Stab+1","Dodge and Roll"],"picked":"Backflip","floor":48}],"player_experience":585850,"relics_obtained":[{"floor":6,"key":"Peace Pipe"},{"floor":9,"key":"Letter Opener"},{"floor":10,"key":"Mummified Hand"},{"floor":12,"key":"CaptainsWheel"},{"floor":23,"key":"Art of War"},{"floor":25,"key":"Bottled Flame"},{"floor":26,"key":"Pear"},{"floor":29,"key":"Bird Faced Urn"},{"floor":40,"key":"MawBank"},{"floor":42,"key":"Bag of Marbles"},{"floor":44,"key":"Sundial"}],"event_choices":[{"damage_healed":0,"gold_gain":0,"player_choice":"Damaged","damage_taken":7,"max_hp_gain":0,"max_hp_loss":0,"event_name":"Wheel of Change","floor":2,"gold_loss":0},{"damage_healed":0,"gold_gain":0,"player_choice":"Take Wound","damage_taken":0,"relics_obtained":["Golden Idol"],"max_hp_gain":0,"max_hp_loss":0,"event_name":"Golden Idol","floor":7,"gold_loss":0,"cards_obtained":["Injury"]},{"damage_healed":0,"gold_gain":175,"player_choice":"AGREE","damage_taken":0,"max_hp_gain":0,"max_hp_loss":0,"event_name":"Liars Game","floor":14,"gold_loss":0,"cards_obtained":["Doubt"]},{"damage_healed":0,"gold_gain":0,"player_choice":"Stole Relic","damage_taken":0,"relics_obtained":["Centennial Puzzle"],"max_hp_gain":0,"max_hp_loss":0,"event_name":"Addict","floor":22,"gold_loss":0,"cards_obtained":["Shame"]},{"damage_healed":0,"gold_gain":0,"player_choice":"Ignored","damage_taken":0,"max_hp_gain":0,"max_hp_loss":0,"event_name":"Vampires","floor":28,"gold_loss":0},{"damage_healed":0,"gold_gain":0,"cards_transformed":["Strike_G","Strike_G"],"player_choice":"Became Test Subject","damage_taken":0,"max_hp_gain":0,"max_hp_loss":0,"event_name":"Drug Dealer","floor":31,"gold_loss":0,"cards_obtained":["Dash","Setup"]}],"is_beta":false,"boss_relics":[{"not_picked":["Empty Cage","Ectoplasm"],"picked":"Astrolabe"},{"not_picked":["Snecko Eye","HoveringKite"],"picked":"Fusion Hammer"}],"items_purged_floors":[19],"is_endless":false,"potions_floor_spawned":[3,5,6,10,16,23,33,36,38,40,42,48],"ascension_level":4}}