{"host":"b6kqr6ulwax9qd8q","time":1614307261,"event":{"mods":["BaseMod","Minty Spire (QoL Compilation)"],"gold_per_floor":[212,64,74,91,41,69,69,100,155,155,155,166,194,209,209,311,311,330,330,32,46,145,145,159,159,186,186,196,196,215,230,230,328,328,338,94,104,119,119,119,144,163,163,10,10,10,10,21,21,21,21],"floor_reached":50,"language":"ENG","playtime":4604,"items_purged":["Defend_R","Strike_R"],"score":723,"play_id":"9b03af1f-b3c3-42b3-939c-03a229beb6d3","local_time":"20210225214101","is_ascension_mode":true,"campfire_choices":[{"data":"Uppercut","floor":7,"key":"SMITH"},{"data":"Limit Break","floor":10,"key":"SMITH"},{"floor":15,"key":"REST"},{"floor":23,"key":"REST"},{"data":"Demon Form","floor":25,"key":"SMITH"},{"data":"Armaments","floor":27,"key":"SMITH"},{"data":"Bloodletting","floor":32,"key":"SMITH"},{"data":"Body Slam","floor":40,"key":"SMITH"},{"data":"True Grit","floor":45,"key":"SMITH"},{"floor":49,"key":"REST"}],"circlet_count":0,"master_deck":["Defend_R","Defend_R","Defend_R","Bash","Flame Barrier","Limit Break+1","Body Slam+1","Uppercut+1","Reaper","True Grit+1","Heavy Blade","Carnage","Shrug It Off","Armaments+1","Limit Break","Barricade+1","Evolve+1","Rupture+1","Bloodletting+1","Demon Form+1","Inflame","Flame Barrier+1","Ghostly","Ghostly","Ghostly","Ghostly","Ghostly","Heavy Blade","Impervious"],"relics":["Burning Blood","Orrery","Singing Bowl","Anchor","Red Skull","Bronze Scales","Astrolabe","Medical Kit","Regal Pillow","Mark of Pain","Sling","Pantograph","Question Card","Vajra"],"acts_visited":["Exordium","TheCity","TheBeyond"],"potions_floor_usage":[6,6,18,35,38,41,50,50],"damage_taken":[{"damage":5,"enemies":"2 Louse","floor":1,"turns":3},{"damage":3,"enemies":"Small Slimes","floor":3,"turns":4},{"damage":9,"enemies":"Cultist","floor":4,"turns":4},{"damage":31,"enemies":"Lagavulin","floor":6,"turns":9},{"damage":19,"enemies":"Gremlin Nob","floor":8,"turns":4},{"damage":21,"enemies":"Exordium Wildlife","floor":12,"turns":8},{"damage":63,"enemies":"3 Sentries","floor":13,"turns":9},{"damage":0,"enemies":"2 Fungi Beasts","floor":14,"turns":3},{"damage":39,"enemies":"The Guardian","floor":16,"turns":12},{"damage":31,"enemies":"Spheric Guardian","floor":18,"turns":8},{"damage":22,"enemies":"Chosen","floor":21,"turns":5},{"damage":36,"enemies":"Snake Plant","floor":24,"turns":5},{"damage":23,"enemies":"Centurion and Healer","floor":28,"turns":5},{"damage":17,"enemies":"Cultist and Chosen","floor":30,"turns":8},{"damage":4,"enemies":"Sentry and Sphere","floor":31,"turns":11},{"damage":51,"enemies":"Collector","floor":33,"turns":9},{"damage":28,"enemies":"3 Darklings","floor":35,"turns":8},{"damage":8,"enemies":"3 Shapes","floor":37,"turns":10},{"damage":14,"enemies":"Maw","floor":38,"turns":8},{"damage":30,"enemies":"Giant Head","floor":41,"turns":7},{"damage":1,"enemies":"Sphere and 2 Shapes","floor":42,"turns":7},{"damage":24,"enemies":"Spire Growth","floor":48,"turns":7},{"damage":58,"enemies":"Time Eater","floor":50,"turns":8}],"seed_played":"-629387929802837172","potions_obtained":[{"floor":1,"key":"DistilledChaos"},{"floor":3,"key":"FearPotion"},{"floor":12,"key":"FearPotion"},{"floor":13,"key":"Dexterity Potion"},{"floor":18,"key":"Explosive Potion"},{"floor":21,"key":"Dexterity Potion"},{"floor":30,"key":"PowerPotion"},{"floor":33,"key":"DuplicationPotion"},{"floor":35,"key":"Fire Potion"},{"floor":41,"key":"Swift Potion"}],"is_trial":false,"path_per_floor":["M","$","M","M","?","E","R","E","T","R","?","M","E","M","R","B",null,"M","?","$","M","?","R","M","R","T","R","M","?","M","M","R","B",null,"M","$","M","M","?","R","E","M","T","$","R","?","?","M","R","B"],"character_chosen":"IRONCLAD","items_purchased":["Orrery","Demon Form","Medical Kit","Sling","Vajra"],"campfire_rested":3,"item_purchase_floors":[2,20,20,36,44],"current_hp_per_floor":[73,73,76,77,77,58,58,47,47,47,82,71,26,38,62,29,69,46,46,46,30,30,55,39,39,39,39,22,22,39,43,43,21,39,25,25,32,46,46,46,24,31,31,31,31,33,33,17,48,0,0],"gold":21,"neow_bonus":"HUNDRED_GOLD","is_daily":false,"chose_seed":false,"campfire_upgraded":7,"win_rate":0.0,"timestamp":1614307261,"path_taken":["M","$","M","M","?","E","R","E","T","R","?","M","E","?","R","BOSS","M","?","$","M","?","R","M","R","T","R","M","?","M","M","R","BOSS","M","$","M","M","?","R","E","M","T","$","R","?","?","M","R","BOSS"],"items_purchased_type":["Relic","Card","Relic","Relic","Relic"],"build_version":"2020-12-22","purchased_purges":2,"victory":false,"max_hp_per_floor":[80,80,80,80,80,80,80,82,82,82,82,82,82,82,82,82,82,84,84,84,84,84,84,86,86,86,86,86,43,43,45,45,45,45,47,47,49,51,51,51,53,55,55,55,55,57,54,56,56,56,56],"card_choices":[{"not_picked":["Sentinel","Flex"],"picked":"Flame Barrier","floor":1},{"not_picked":["Armaments","Shockwave"],"picked":"Limit Break","floor":2},{"not_picked":["Evolve","Rampage"],"picked":"Body Slam","floor":2},{"not_picked":["Battle Trance","Metallicize"],"picked":"Dropkick","floor":2},{"not_picked":["Warcry","Battle Trance"],"picked":"Uppercut","floor":2},{"not_picked":["Flame Barrier","Heavy Blade"],"picked":"Reaper","floor":2},{"not_picked":["Twin Strike","Perfected Strike","Rupture"],"picked":"SKIP","floor":3},{"not_picked":["Wild Strike","Iron Wave"],"picked":"True Grit","floor":4},{"not_picked":["Dropkick","Power Through"],"picked":"Heavy Blade","floor":6},{"not_picked":["Havoc","True Grit","Thunderclap"],"picked":"Singing Bowl","floor":8},{"not_picked":["Uppercut","Sword Boomerang"],"picked":"Carnage","floor":12},{"not_picked":["Anger","Rampage"],"picked":"Shrug It Off","floor":13},{"not_picked":["Wild Strike","Dropkick"],"picked":"Armaments","floor":14},{"not_picked":["Exhume","Bludgeon"],"picked":"Limit Break","floor":16},{"not_picked":["Wild Strike","Flex","Clothesline"],"picked":"Singing Bowl","floor":18},{"not_picked":["Heavy Blade","Clothesline"],"picked":"Inflame","floor":21},{"not_picked":["Thunderclap+1","Uppercut","Clash"],"picked":"Singing Bowl","floor":24},{"not_picked":["Cleave","Thunderclap+1"],"picked":"Flame Barrier+1","floor":28},{"not_picked":["Sword Boomerang","Clash"],"picked":"Heavy Blade","floor":30},{"not_picked":["Pommel Strike","Body Slam","Wild Strike"],"picked":"Singing Bowl","floor":31},{"not_picked":["Corruption","Feed"],"picked":"Impervious","floor":33},{"not_picked":["Pommel Strike+1","Cleave+1","Twin Strike"],"picked":"Singing Bowl","floor":35},{"not_picked":["Combust+1","Searing Blow","Sword Boomerang"],"picked":"Singing Bowl","floor":37},{"not_picked":["Rupture+1","Thunderclap+1","Iron Wave+1"],"picked":"Singing Bowl","floor":38},{"not_picked":["Iron Wave+1","True Grit","Feed"],"picked":"Singing Bowl","floor":41},{"not_picked":["Heavy Blade+1","Rupture+1","Twin Strike"],"picked":"Singing Bowl","floor":42},{"not_picked":["Dramatic Entrance","Flash of Steel","Jack Of All Trades","Discovery"],"picked":"Singing Bowl","floor":46},{"not_picked":["Burning Pact","Body Slam","True Grit","Warcry"],"picked":"Singing Bowl","floor":48}],"player_experience":623993,"relics_obtained":[{"floor":6,"key":"Singing Bowl"},{"floor":8,"key":"Anchor"},{"floor":9,"key":"Red Skull"},{"floor":13,"key":"Bronze Scales"},{"floor":26,"key":"Regal Pillow"},{"floor":41,"key":"Pantograph"},{"floor":43,"key":"Question Card"}],"event_choices":[{"cards_removed":["Strike_R"],"damage_healed":0,"gold_gain":0,"player_choice":"Card Removal","damage_taken":0,"max_hp_gain":0,"max_hp_loss":0,"event_name":"The Cleric","floor":5,"gold_loss":50},{"cards_removed":["Dropkick"],"damage_healed":35,"gold_gain":0,"player_choice":"Offered Uncommon","damage_taken":0,"max_hp_gain":0,"max_hp_loss":0,"event_name":"Bonfire Elementals","floor":11,"gold_loss":0},{"damage_healed":0,"gold_gain":0,"player_choice":"Read","damage_taken":0,"max_hp_gain":0,"max_hp_loss":0,"event_name":"The Library","floor":19,"gold_loss":0,"cards_obtained":["Bloodletting"]},{"damage_healed":0,"gold_gain":99,"player_choice":"Stole From Cult","damage_taken":0,"max_hp_gain":0,"max_hp_loss":0,"event_name":"Nest","floor":22,"gold_loss":0},{"damage_healed":0,"gold_gain":0,"player_choice":"Became a Ghost","damage_taken":0,"max_hp_gain":0,"max_hp_loss":43,"event_name":"Ghosts","floor":29,"gold_loss":0,"cards_obtained":["Ghostly","Ghostly","Ghostly","Ghostly","Ghostly"]},{"damage_healed":0,"gold_gain":0,"player_choice":"Ignored","damage_taken":0,"max_hp_gain":0,"max_hp_loss":0,"event_name":"Tomb of Lord Red Mask","floor":39,"gold_loss":0},{"damage_healed":0,"gold_gain":0,"player_choice":"Memory 1","damage_taken":0,"max_hp_gain":0,"max_hp_loss":0,"event_name":"SensoryStone","floor":46,"gold_loss":0},{"damage_healed":0,"gold_gain":0,"player_choice":"Max HP","damage_taken":0,"max_hp_gain":0,"max_hp_loss":3,"event_name":"Winding Halls","floor":47,"gold_loss":0}],"is_beta":false,"boss_relics":[{"not_picked":["Calling Bell","SlaversCollar"],"picked":"Astrolabe"},{"not_picked":["Black Star","Velvet Choker"],"picked":"Mark of Pain"}],"items_purged_floors":[20,36],"is_endless":false,"potions_floor_spawned":[1,3,12,13,18,21,30,33,35,41],"killed_by":"Time Eater","ascension_level":7}}