{"host":"d52brwsy6af8zvaq","time":1614379577,"event":{"mods":["AchievementEnabler","BaseMod","Bestiary","Highlight Path","Minty Spire (QoL Compilation)","Quick Restart","Relic Stats","ojb\u0027s Better Paths Mod"],"gold_per_floor":[114,128,128,141,156,156,191,34,116,116,135,148,148,191,191,286,286,307,357,238,253,278,278,278],"floor_reached":23,"language":"ENG","playtime":1516,"items_purged":["Strike_B"],"score":406,"play_id":"23a4a4f5-5e3e-4521-8f13-8d10dbdd64d0","local_time":"20210226154617","is_ascension_mode":true,"campfire_choices":[{"data":"Zap","floor":6,"key":"SMITH"},{"floor":10,"key":"REST"},{"data":"Beam Cell","floor":13,"key":"SMITH"},{"data":"Coolheaded","floor":15,"key":"SMITH"}],"circlet_count":0,"master_deck":["AscendersBane","Strike_B","Strike_B","Strike_B","Defend_B","Defend_B","Defend_B","Defend_B","Zap+1","Dualcast","Streamline","Beam Cell+1","BootSequence","Coolheaded+1","White Noise","Self Repair","Leap","Cold Snap","Electrodynamics","Coolheaded","Loop","Melter","Conserve Battery"],"relics":["Cracked Core","Potion Belt","Golden Idol","Dead Branch","DataDisk","Meat on the Bone","Tiny Chest","Sozu"],"acts_visited":["Exordium","TheCity"],"potions_floor_usage":[7,11],"damage_taken":[{"damage":9.0,"enemies":"2 Louse","floor":1.0,"turns":3.0},{"damage":0.0,"enemies":"Cultist","floor":2.0,"turns":3.0},{"damage":7.0,"enemies":"Jaw Worm","floor":4.0,"turns":3.0},{"damage":11,"enemies":"2 Fungi Beasts","floor":5,"turns":4},{"damage":26,"enemies":"Gremlin Nob","floor":7,"turns":4},{"damage":0,"enemies":"Lots of Slimes","floor":11,"turns":4},{"damage":0,"enemies":"Exordium Wildlife","floor":12,"turns":3},{"damage":7,"enemies":"Lagavulin","floor":14,"turns":7},{"damage":8,"enemies":"The Guardian","floor":16,"turns":11},{"damage":10,"enemies":"Spheric Guardian","floor":18,"turns":4},{"damage":20,"enemies":"Chosen","floor":21,"turns":5},{"damage":36,"enemies":"Centurion and Healer","floor":22,"turns":6},{"damage":35,"enemies":"Gremlin Leader","floor":23,"turns":2}],"seed_played":"3402706083928986029","potions_obtained":[{"floor":5,"key":"Block Potion"},{"floor":7,"key":"Energy Potion"},{"floor":12,"key":"FocusPotion"}],"is_trial":false,"path_per_floor":["M","M","?","M","M","R","E","$","T","R","M","M","R","E","R","B",null,"M","?","$","M","M","E"],"character_chosen":"DEFECT","items_purchased":["DataDisk","Loop"],"campfire_rested":1,"item_purchase_floors":[8,20],"current_hp_per_floor":[55,55,55,48,37,37,11,11,11,30,42,49,49,49,49,48,60,50,50,50,49,32,0,0],"gold":278,"neow_bonus":"RANDOM_COMMON_RELIC","is_daily":false,"chose_seed":false,"campfire_upgraded":3,"win_rate":0.0,"timestamp":1614379577,"path_taken":["M","M","?","M","M","R","E","$","T","R","M","M","R","E","R","BOSS","M","?","$","M","?","E"],"items_purchased_type":["Relic","Card"],"build_version":"2020-12-22","purchased_purges":1,"victory":false,"max_hp_per_floor":[71,71,64,64,64,64,64,64,64,64,64,64,64,64,64,64,64,64,64,64,64,64,64,64],"relic_stats":{"Sozu":1,"counters":[13,59],"Golden Idol":60,"Dead Branch":[27],"Tiny Chest":0,"obtain_stats":[{"Potion Belt":0,"Sozu":17,"DataDisk":8,"Golden Idol":3,"Dead Branch":7,"Tiny Chest":14,"Cracked Core":0,"Meat on the Bone":9},{"Potion Belt":0,"Sozu":9,"DataDisk":5,"Golden Idol":2,"Dead Branch":5,"Tiny Chest":8,"Cracked Core":0,"Meat on the Bone":5},{"Potion Belt":0,"Sozu":42,"DataDisk":17,"Golden Idol":6,"Dead Branch":17,"Tiny Chest":31,"Cracked Core":0,"Meat on the Bone":17}],"Meat on the Bone":36},"card_choices":[{"not_picked":["Turbo","Stack"],"picked":"Streamline","floor":1.0},{"not_picked":["Steam","Streamline"],"picked":"Beam Cell","floor":2.0},{"not_picked":["Loop","Stack"],"picked":"BootSequence","floor":4.0},{"not_picked":["Streamline","Ball Lightning"],"picked":"Coolheaded","floor":5},{"not_picked":["Beam Cell","Barrage"],"picked":"White Noise","floor":7},{"not_picked":["Scrape","Rebound"],"picked":"Self Repair","floor":11},{"not_picked":["Compile Driver","Reprogram"],"picked":"Leap","floor":12},{"not_picked":["Compile Driver","Consume"],"picked":"Cold Snap","floor":14},{"not_picked":["Seek","Fission"],"picked":"Electrodynamics","floor":16},{"not_picked":["Cold Snap","Barrage"],"picked":"Coolheaded","floor":18},{"not_picked":["Rebound","Creative AI"],"picked":"Melter","floor":21},{"not_picked":["Sweeping Beam","Rebound+1"],"picked":"Conserve Battery","floor":22}],"player_experience":2390649,"relics_obtained":[{"floor":7,"key":"Dead Branch"},{"floor":9,"key":"Meat on the Bone"},{"floor":14,"key":"Tiny Chest"}],"event_choices":[{"damage_healed":0.0,"max_hp_gain":0.0,"max_hp_loss":7.0,"gold_gain":0.0,"event_name":"Golden Idol","player_choice":"Lose Max HP","floor":3.0,"gold_loss":0.0,"damage_taken":0.0,"relics_obtained":["Golden Idol"]},{"damage_healed":0,"gold_gain":50,"player_choice":"Pray","damage_taken":0,"max_hp_gain":0,"max_hp_loss":0,"event_name":"Golden Shrine","floor":19,"gold_loss":0}],"is_beta":false,"boss_relics":[{"not_picked":["FrozenCore","Runic Dome"],"picked":"Sozu"}],"items_purged_floors":[20],"is_endless":false,"potions_floor_spawned":[5,7,12,22],"killed_by":"Gremlin Leader","ascension_level":20}}