{"host":"sqt6c5vt7d1y5xtt","time":1614307328,"event":{"mods":["AchievementEnabler","BaseMod","Block Reminder","Lobotomy","Minty Spire (QoL Compilation)","Quick Restart"],"gold_per_floor":[109,109,109,55,78,78,98,98,98,131,154,154,177,198,198,327,327,352,352,352,366,390,390,390,390],"floor_reached":24,"language":"KOR","playtime":997,"items_purged":[],"score":196,"play_id":"e169c7ed-760b-4b27-a1d1-23965df13184","local_time":"20210225234208","is_ascension_mode":false,"campfire_choices":[{"data":"True Grit","floor":6,"key":"SMITH"},{"data":"Berserk","floor":12,"key":"SMITH"},{"data":"Iron Wave","floor":15,"key":"SMITH"},{"data":"Body Slam","floor":23,"key":"SMITH"}],"circlet_count":0,"master_deck":["Strike_R+1","Strike_R+1","Defend_R+1","Defend_R+1","Defend_R+1","ShyLook","Body Slam+1","Iron Wave+1","MHz","True Grit+1","Iron Wave+1","OldLady","MeatLantern","Berserk+1","Funeral","Shrug It Off","SnowQueen","HeroicMonk"],"relics":["Burning Blood","CogitoBucket","Golden Idol","Pantograph","Singing Bowl","Red Skull","ResearcherNote","Empty Cage","FaceOfCleric"],"acts_visited":["Exordium","TheCity"],"potions_floor_usage":[24],"damage_taken":[{"damage":0,"enemies":"Small Slimes","floor":1,"turns":3},{"damage":0,"enemies":"Jaw Worm","floor":5,"turns":4},{"damage":11,"enemies":"2 Louse","floor":7,"turns":4},{"damage":23,"enemies":"3 Sentries","floor":10,"turns":12},{"damage":0,"enemies":"Looter","floor":11,"turns":4},{"damage":11,"enemies":"Red Slaver","floor":14,"turns":3},{"damage":24,"enemies":"Hexaghost","floor":16,"turns":13},{"damage":0,"enemies":"3 Byrds","floor":18,"turns":6},{"damage":4,"enemies":"Spheric Guardian","floor":21,"turns":5},{"damage":24,"enemies":"Snake Plant","floor":22,"turns":5},{"damage":55,"enemies":"Book of Stabbing","floor":24,"turns":7}],"seed_played":"402033316670507467","potions_obtained":[{"floor":1,"key":"EssenceOfSteel"},{"floor":5,"key":"GamblersBrew"},{"floor":11,"key":"BloodPotion"},{"floor":14,"key":"Regen Potion"}],"is_trial":false,"path_per_floor":["M","?","?","$","M","R","M","?","T","E","M","R","T","M","R","B",null,"M","?","?","M","M","R","E"],"character_chosen":"IRONCLAD","items_purchased":["Iron Wave"],"campfire_rested":0,"item_purchase_floors":[4],"current_hp_per_floor":[80,60,53,53,59,59,54,38,38,23,29,29,29,26,26,35,86,86,86,86,89,75,75,43,43],"gold":390,"neow_bonus":"","is_daily":false,"chose_seed":false,"campfire_upgraded":4,"win_rate":0.0,"timestamp":1614307328,"path_taken":["M","?","?","?","M","R","M","?","T","E","M","R","?","M","R","BOSS","M","?","?","M","?","R","E"],"items_purchased_type":["Card"],"build_version":"2020-12-22","purchased_purges":0,"victory":false,"max_hp_per_floor":[80,80,80,80,80,80,80,80,80,82,82,82,82,84,84,86,86,86,86,86,89,92,92,92,92],"card_choices":[{"not_picked":["Bloodbath","RedShoes"],"picked":"ShyLook","floor":1},{"not_picked":["Wild Strike","Uppercut"],"picked":"Body Slam","floor":1},{"not_picked":["WallGazer","LittleHelper"],"picked":"MHz","floor":5},{"not_picked":["Thunderclap","Heavy Blade"],"picked":"True Grit","floor":5},{"not_picked":["PunishingBird","Wellcheers"],"picked":"VoidDream","floor":7},{"not_picked":["Flex","Dark Embrace"],"picked":"Iron Wave","floor":7},{"not_picked":["PunishingBird","UniverseFragment"],"picked":"OldLady","floor":10},{"not_picked":["Infernal Blade","Wild Strike","Whirlwind"],"picked":"Singing Bowl","floor":10},{"not_picked":["Murderer","CherryBlossoms"],"picked":"MeatLantern","floor":11},{"not_picked":["Fire Breathing","Searing Blow"],"picked":"Berserk","floor":11},{"not_picked":["Hemokinesis","Evolve","Flex"],"picked":"Singing Bowl","floor":14},{"not_picked":["Murderer","FairyFestival"],"picked":"Funeral","floor":16},{"not_picked":["Reaper","Fiend Fire","Offering"],"picked":"Singing Bowl","floor":16},{"not_picked":["Flex","Burning Pact"],"picked":"Shrug It Off","floor":18},{"not_picked":["LittlePrince","GreedKing"],"picked":"SnowQueen","floor":21},{"not_picked":["Sword Boomerang+1","Second Wind+1","Dropkick+1"],"picked":"Singing Bowl","floor":21},{"not_picked":["CherryBlossoms","FairyFestival","LittlePrince"],"picked":"Singing Bowl","floor":22},{"not_picked":["VoidDream","Alriune"],"picked":"HeroicMonk","floor":22},{"not_picked":["Twin Strike","Anger+1","Feel No Pain"],"picked":"Singing Bowl","floor":22}],"player_experience":163610,"relics_obtained":[{"floor":9,"key":"Pantograph"},{"floor":10,"key":"Singing Bowl"},{"floor":13,"key":"Red Skull"}],"event_choices":[{"damage_healed":0,"gold_gain":0,"player_choice":"Take Damage","damage_taken":20,"relics_obtained":["Golden Idol"],"max_hp_gain":0,"max_hp_loss":0,"event_name":"Golden Idol","floor":2,"gold_loss":0},{"cards_removed":["Bash"],"damage_healed":0,"gold_gain":0,"player_choice":"Card Removal","damage_taken":7,"max_hp_gain":0,"max_hp_loss":0,"event_name":"Golden Wing","floor":3,"gold_loss":0},{"damage_healed":0,"gold_gain":0,"player_choice":"Entered Light","damage_taken":16,"max_hp_gain":0,"max_hp_loss":0,"event_name":"Shining Light","floor":8,"gold_loss":0,"cards_upgraded":["Defend_R","Iron Wave"]},{"damage_healed":0,"gold_gain":0,"player_choice":"Simplicity","damage_taken":0,"max_hp_gain":0,"max_hp_loss":0,"event_name":"Back to Basics","floor":19,"gold_loss":0,"cards_upgraded":["Strike_R","Strike_R","Defend_R","Defend_R"]},{"damage_healed":0,"gold_gain":0,"player_choice":"Trade","damage_taken":0,"relics_obtained":["FaceOfCleric"],"max_hp_gain":0,"max_hp_loss":0,"event_name":"FaceTrader","floor":20,"gold_loss":0}],"is_beta":false,"boss_relics":[{"not_picked":["Coffee Dripper","Philosopher\u0027s Stone"],"picked":"Empty Cage"}],"items_purged_floors":[],"is_endless":false,"potions_floor_spawned":[1,5,11,14],"killed_by":"Book of Stabbing","ascension_level":0}}