{"host":"5ueuk67tsx07ylcu","time":1614380654,"event":{"mods":["Act Like it!","BaseMod","Colored Map","Colored Powertips","Downfall","Duelist Mod","GifTheSpireLib","GungeonMod","Hallownest","Hermit","Infinite Spire","Library of Ruina","Lobotomy","Minty Spire (QoL Compilation)","Reliquary","Ruina","StSLib","The Animator"],"gold_per_floor":[117,117,130,149,161,161,188,188,212,212,246,246,196,196,196,196,196],"floor_reached":16,"language":"ENG","playtime":1313,"items_purged":[],"score":119,"play_id":"ae75257a-edfa-4bad-94b6-600719be2e0e","local_time":"20210226180414","is_ascension_mode":true,"campfire_choices":[{"data":"Setup","floor":6,"key":"SMITH"},{"floor":8,"key":"RECALL"},{"data":"Dodge and Roll","floor":10,"key":"SMITH"},{"floor":12,"key":"REST"},{"data":"Riddle With Holes","floor":15,"key":"SMITH"}],"circlet_count":0,"master_deck":["Strike_G","Strike_G","Strike_G","Defend_G","Defend_G","Defend_G","Defend_G","Defend_G","Survivor","Neutralize","Riddle With Holes+1","Tactician","Slice","Setup+1","Dodge and Roll+1","Accuracy","Flechettes"],"relics":["Ring of the Snake","NeowsBlessing","Tough Bandages","Smiling Mask","reliquary:OuijaBoard"],"acts_visited":["Exordium"],"potions_floor_usage":[7,11,16],"damage_taken":[{"damage":0,"enemies":"2 Louse","floor":1,"turns":1},{"damage":0,"enemies":"Cultist","floor":3,"turns":1},{"damage":0,"enemies":"Small Slimes","floor":4,"turns":1},{"damage":0,"enemies":"3 Louse","floor":5,"turns":4},{"damage":24,"enemies":"3 Sentries","floor":7,"turns":17},{"damage":27,"enemies":"Lagavulin","floor":11,"turns":10},{"damage":44,"enemies":"Slime Boss","floor":16,"turns":7}],"seed_played":"-5287523906816257280","potions_obtained":[{"floor":1,"key":"AttackPotion"},{"floor":7,"key":"hexamod:SoulburnPotion"},{"floor":11,"key":"BlessingOfTheForge"}],"is_trial":false,"path_per_floor":["M","?","M","M","M","R","E","R","T","R","E","R","?","?","R","B"],"character_chosen":"THE_SILENT","items_purchased":[],"campfire_rested":1,"item_purchase_floors":[],"current_hp_per_floor":[70,70,70,70,70,70,46,46,46,46,19,40,40,40,40,0,0],"gold":196,"neow_bonus":"THREE_ENEMY_KILL","is_daily":false,"chose_seed":false,"campfire_upgraded":3,"win_rate":0.0,"timestamp":1614380654,"path_taken":["M","?","?","M","M","R","E","R","T","R","E","R","?","?","R","BOSS"],"items_purchased_type":[],"build_version":"2020-12-22","purchased_purges":0,"victory":false,"max_hp_per_floor":[70,70,70,70,70,70,70,70,70,70,70,70,70,70,70,70,70],"card_choices":[{"not_picked":["Underhanded Strike","Predator"],"picked":"Riddle With Holes","floor":1},{"not_picked":["Blade Dance","Expertise"],"picked":"Slice","floor":3},{"not_picked":["Dodge and Roll","Cloak And Dagger"],"picked":"Setup","floor":4},{"not_picked":["Catalyst","Acrobatics"],"picked":"Dodge and Roll","floor":5},{"not_picked":["Doppelganger","Sucker Punch"],"picked":"Accuracy","floor":7},{"not_picked":["Acrobatics","Deadly Poison"],"picked":"Flechettes","floor":11}],"player_experience":359021,"relics_obtained":[{"floor":7,"key":"Tough Bandages"},{"floor":9,"key":"Smiling Mask"},{"floor":11,"key":"reliquary:OuijaBoard"}],"event_choices":[{"damage_healed":0,"gold_gain":0,"cards_transformed":["Strike_G"],"player_choice":"Transformed","damage_taken":0,"max_hp_gain":0,"max_hp_loss":0,"event_name":"Transmorgrifier","floor":2,"gold_loss":0,"cards_obtained":["Tactician"]},{"cards_removed":["Strike_G"],"damage_healed":0,"gold_gain":0,"player_choice":"Card Removal","damage_taken":0,"max_hp_gain":0,"max_hp_loss":0,"event_name":"The Cleric","floor":13,"gold_loss":50}],"is_beta":false,"boss_relics":[],"items_purged_floors":[],"is_endless":false,"potions_floor_spawned":[1,7,11],"killed_by":"Slime Boss","ascension_level":2}}