{"host":"ve9aztkoyqeblvav","time":1614330240,"event":{"mods":["Act Like it!","Aspiration","BaseMod","Colored Map","Colored Powertips","Highlight Path","Marked Mod","Minty Spire (QoL Compilation)","Pale of the Ancients","Quick Restart","Reorder Act Four","StSLib","The Hierophant","Waifu the Spire","[IsaacMod]ÒÔÈö¼âËþ"],"gold_per_floor":[116,127,146,30,30,61,61,99,99,99,133,133,164,178,178,271,271,314,330,330,364,395,395,395,421,491,520,520,540,572,47,47,124,124,134,164,194,219,245,245,279,279,351,370,405,437,312,341,341,375,405,355,355,382,382,172,198,198,223,223,223,258,36,36,36,36,36,0,0,33,533],"floor_reached":57,"language":"ZHS","playtime":23499,"items_purged":["Strike_P","Defend_P","Strike_P","Strike_P","Strike_P","Defend_P","Defend_P","Defend_P"],"score":4882,"play_id":"b8d25546-25ec-411d-b660-2e2a0cfe9182","local_time":"20210226170400","is_ascension_mode":true,"campfire_choices":[{"data":"Eruption","floor":7.0,"key":"SMITH"},{"data":"InnerPeace","floor":10.0,"key":"SMITH"},{"data":"Blasphemy","floor":15.0,"key":"SMITH"},{"data":"MasterReality","floor":23.0,"key":"SMITH"},{"data":"BowlingBash","floor":32.0,"key":"SMITH"},{"data":"TalkToTheHand","floor":40,"key":"SMITH"},{"data":"Adaptation","floor":49,"key":"SMITH"},{"floor":40,"key":"RECALL"},{"data":"FearNoEvil","floor":46,"key":"SMITH"},{"data":"Vigilance","floor":49,"key":"SMITH"},{"data":"Devotion","floor":54,"key":"SMITH"}],"circlet_count":0,"master_deck":["AscendersBane","Eruption+1","Vigilance+1","BattleHymn","InnerPeace+1","Blasphemy+1","Devotion+1","FearNoEvil+1","BowlingBash+1","Establishment","TalkToTheHand+1","Adaptation+1","Adaptation+1"],"relics":["PureWater","HushsDoor","BookofShadows","Bloody Idol","Bag of Preparation","Singing Bowl","Lantern","Odd Mushroom","ChampionBelt","MomsKnife","GuppysHead","Pantograph","Potion Belt","Bronze Scales","Void","CloakClasp","TheBattery","Philosopher\u0027s Stone","GuppysTail","Vajra","SharpPlug","Toxic Egg 2","MaYiHuaBei","UnicornStump","Akabeko","Smiling Mask","BookOfRevelations","NineVolt","HornCleat","GnawedLeaf","aspiration:HummingbirdHeart","Chaos","Happy Flower","JudasShadow"],"acts_visited":["Exordium","TheCity","TheBeyond","TheEnding"],"potions_floor_usage":[55,56,56,56],"damage_taken":[{"damage":0.0,"enemies":"Cultist","floor":1.0,"turns":1.0},{"damage":0.0,"enemies":"Jaw Worm","floor":2.0,"turns":1.0},{"damage":0.0,"enemies":"Small Slimes","floor":3.0,"turns":2.0},{"damage":13.0,"enemies":"Lagavulin","floor":6.0,"turns":6.0},{"damage":2.0,"enemies":"3 Sentries","floor":8.0,"turns":3.0},{"damage":7.0,"enemies":"Lagavulin","floor":11.0,"turns":5.0},{"damage":0.0,"enemies":"The Mushroom Lair","floor":13.0,"turns":3.0},{"damage":0.0,"enemies":"Looter","floor":14.0,"turns":3.0},{"damage":0.0,"enemies":"Slime Boss","floor":16.0,"turns":4.0},{"damage":0.0,"enemies":"Gremlin Leader","floor":18.0,"turns":2.0},{"damage":0.0,"enemies":"Spheric Guardian","floor":19.0,"turns":1.0},{"damage":0.0,"enemies":"Slavers","floor":21.0,"turns":2.0},{"damage":0.0,"enemies":"Gremlin Leader","floor":22.0,"turns":2.0},{"damage":7.0,"enemies":"Slavers","floor":25.0,"turns":2.0},{"damage":0.0,"enemies":"Gremlin Leader","floor":27.0,"turns":3.0},{"damage":0.0,"enemies":"Chosen","floor":29.0,"turns":2.0},{"damage":0.0,"enemies":"Book of Stabbing","floor":30.0,"turns":3.0},{"damage":0.0,"enemies":"Champ","floor":33.0,"turns":4.0},{"damage":0,"enemies":"Orb Walker","floor":35,"turns":2},{"damage":0,"enemies":"Reptomancer","floor":36,"turns":2},{"damage":6,"enemies":"Giant Head","floor":37,"turns":4},{"damage":0,"enemies":"Mind Bloom Boss Battle","floor":38,"turns":4},{"damage":0,"enemies":"Reptomancer","floor":39,"turns":2},{"damage":0,"enemies":"Giant Head","floor":41,"turns":3},{"damage":0,"enemies":"3 Darklings","floor":44,"turns":3},{"damage":0,"enemies":"Reptomancer","floor":45,"turns":3},{"damage":0,"enemies":"Giant Head","floor":46,"turns":4},{"damage":0,"enemies":"Nemesis","floor":48,"turns":3},{"damage":0,"enemies":"Nemesis","floor":35,"turns":3},{"damage":0,"enemies":"Reptomancer","floor":36,"turns":2},{"damage":0,"enemies":"Giant Head","floor":39,"turns":3},{"damage":0,"enemies":"Reptomancer","floor":42,"turns":2},{"damage":0,"enemies":"Nemesis","floor":44,"turns":3},{"damage":0,"enemies":"Reptomancer","floor":47,"turns":2},{"damage":0,"enemies":"Time Eater","floor":50,"turns":3},{"damage":0,"enemies":"Donu and Deca","floor":51,"turns":2},{"damage":0,"enemies":"Shield and Spear","floor":55,"turns":2},{"damage":0,"enemies":"The Heart","floor":56,"turns":5}],"seed_played":"-3907237579523464486","potions_obtained":[{"floor":3.0,"key":"Block Potion"},{"floor":6.0,"key":"Explosive Potion"},{"floor":13.0,"key":"Ancient Potion"},{"floor":14.0,"key":"Dexterity Potion"},{"floor":21.0,"key":"Dexterity Potion"},{"floor":29.0,"key":"BottledMiracle"},{"floor":30.0,"key":"Fire Potion"},{"floor":39,"key":"CultistPotion"},{"floor":41,"key":"LiquidMemories"},{"floor":36,"key":"DuplicationPotion"}],"is_trial":false,"path_per_floor":["M","M","M","$","?","E","R","E","T","R","E","?","?","M","R","B",null,"M","M","?","M","M","R","?","E","T","E","T","M","M","$","R","B",null,"M","M","M","?","M","R","E","?","T","M","E","M","$","E","R","M","M","$","?","M","R","$","E","T","E","?","R","M","$","R","B","B",null,"$","R","E","B",null],"character_chosen":"WATCHER","items_purchased":["InnerPeace","MomsKnife","GuppysHead","TheBible","TheBattery","GuppysTail","NineVolt","Chaos","Happy Flower"],"campfire_rested":0,"item_purchase_floors":[4,17,17,31,31,34,41,48,53],"current_hp_per_floor":[61,61,61,61,38,25,25,23,23,23,18,13,15,15,15,15,23,25,25,25,27,29,29,29,27,29,31,31,33,35,35,35,37,20,22,24,25,26,26,26,28,28,28,30,32,34,34,34,34,36,38,38,38,40,40,40,42,42,44,42,42,44,44,44,44,44,44,44,44,46,46],"gold":533,"neow_bonus":"THREE_ENEMY_KILL","is_daily":false,"chose_seed":false,"campfire_upgraded":10,"win_rate":0.0,"timestamp":1614330240,"path_taken":["M","?","M","$","?","E","R","E","T","R","E","?","?","M","R","BOSS","M","M","?","M","M","R","?","E","T","E","?","M","M","$","R","BOSS","M","M","M","?","M","R","E","?","T","?","E","M","$","E","R","M","M","$","?","M","R","$","E","T","E","?","R","M","$","R","BOSS","BOSS","$","R","E","BOSS"],"items_purchased_type":["Card","Relic","Relic","Relic","Relic","Relic","Relic","Card","Relic"],"build_version":"2020-12-22","purchased_purges":8,"victory":true,"max_hp_per_floor":[68,68,68,68,68,68,68,68,68,68,70,70,72,72,72,72,25,27,27,27,27,29,29,29,29,29,31,31,33,35,35,35,37,20,22,24,26,26,26,26,28,28,28,30,32,34,34,34,34,36,38,38,38,40,40,40,42,42,44,42,42,44,44,44,44,44,44,44,44,46,46],"card_choices":[{"not_picked":["Halt","SashWhip","MarkedMod:Acupuncture"],"picked":"SKIP","floor":1.0},{"not_picked":["FlurryOfBlows","SashWhip"],"picked":"BattleHymn","floor":2.0},{"not_picked":["ThirdEye","MarkedMod:FirstStrike","FlyingSleeves"],"picked":"SKIP","floor":3.0},{"not_picked":["DeceiveReality","CutThroughFate","MarkedMod:Acupuncture"],"picked":"SKIP","floor":6.0},{"not_picked":["Omniscience","Prostrate"],"picked":"MasterReality","floor":8.0},{"not_picked":["EmptyBody","MarkedMod:OneThousandNeedles","JustLucky"],"picked":"Singing Bowl","floor":11.0},{"not_picked":["EmptyFist","SignatureMove","Sanctity"],"picked":"Singing Bowl","floor":13.0},{"not_picked":["Evaluate","Prostrate"],"picked":"Blasphemy","floor":14.0},{"not_picked":["Alpha","Judgement"],"picked":"Devotion","floor":16.0},{"not_picked":["Prostrate","FlyingSleeves","Consecrate"],"picked":"Singing Bowl","floor":18.0},{"not_picked":["LikeWater","Meditate"],"picked":"FearNoEvil","floor":19.0},{"not_picked":["DeceiveReality","Halt"],"picked":"BowlingBash","floor":21.0},{"not_picked":["Consecrate","EmptyFist","MarkedMod:GentlePulse"],"picked":"Singing Bowl","floor":22.0},{"not_picked":["CrushJoints","CutThroughFate"],"picked":"Establishment","floor":25.0},{"not_picked":["Halt","EmptyBody+1","MarkedMod:OneThousandNeedles"],"picked":"Singing Bowl","floor":27.0},{"not_picked":["LikeWater","CarveReality+1","SignatureMove"],"picked":"Singing Bowl","floor":29.0},{"not_picked":["Consecrate","Omniscience","MarkedMod:FirstStrike"],"picked":"Singing Bowl","floor":30.0},{"not_picked":["Wish","Establishment","SpiritShield"],"picked":"Singing Bowl","floor":33.0},{"not_picked":["Study","ClearTheMind","BowlingBash"],"picked":"Singing Bowl","floor":35},{"not_picked":["BattleHymn+1","ClearTheMind+1","ForeignInfluence"],"picked":"Singing Bowl","floor":36},{"not_picked":["Weave","Crescendo+1","SashWhip"],"picked":"Singing Bowl","floor":37},{"not_picked":["FollowUp+1","MarkedMod:ChiBlock"],"picked":"TalkToTheHand","floor":38},{"not_picked":["CrushJoints","PathToVictory"],"picked":"Adaptation+1","floor":39},{"not_picked":["Pray+1","Consecrate","Prostrate+1"],"picked":"Singing Bowl","floor":41},{"not_picked":["Alpha+1","WindmillStrike+1","MentalFortress"],"picked":"Singing Bowl","floor":44},{"not_picked":["PathToVictory+1","MarkedMod:GentlePulse+1","FlyingSleeves"],"picked":"Singing Bowl","floor":45},{"not_picked":["EmptyBody+1","PathToVictory+1","FollowUp"],"picked":"Singing Bowl","floor":46},{"not_picked":["Pray+1","FlurryOfBlows+1"],"picked":"Adaptation","floor":48},{"not_picked":["CrushJoints+1","ThirdEye+1","Worship+1"],"picked":"Singing Bowl","floor":35},{"not_picked":["SandsOfTime","Halt+1","PathToVictory+1"],"picked":"Singing Bowl","floor":36},{"not_picked":["Indignation+1","SignatureMove+1","EmptyBody+1"],"picked":"Singing Bowl","floor":39},{"not_picked":["CutThroughFate","MarkedMod:FirstStrike+1","BowlingBash"],"picked":"Singing Bowl","floor":42},{"not_picked":["EmptyMind+1","Judgement+1","MarkedMod:OneThousandNeedles+1"],"picked":"Singing Bowl","floor":44},{"not_picked":["MarkedMod:FirstStrike+1","Protect+1","Evaluate+1"],"picked":"Singing Bowl","floor":47},{"not_picked":["Weave","MarkedMod:GentlePulse+1","Study"],"picked":"Singing Bowl","floor":55}],"player_experience":1690849,"relics_obtained":[{"floor":6.0,"key":"Mercury Hourglass"},{"floor":8.0,"key":"Bag of Preparation"},{"floor":9.0,"key":"BlankCard"},{"floor":11.0,"key":"Singing Bowl"},{"floor":13.0,"key":"Odd Mushroom"},{"floor":18.0,"key":"Pantograph"},{"floor":21.0,"key":"Potion Belt"},{"floor":22.0,"key":"Bottled Lightning"},{"floor":25.0,"key":"Bronze Scales"},{"floor":26.0,"key":"Void"},{"floor":27.0,"key":"Unceasing Top"},{"floor":30.0,"key":"CloakClasp"},{"floor":36,"key":"Vajra"},{"floor":37,"key":"SharpPlug"},{"floor":38,"key":"ForgetMeNow"},{"floor":39,"key":"SalivaCoin"},{"floor":41,"key":"Toxic Egg 2"},{"floor":43,"key":"MaYiHuaBei"},{"floor":45,"key":"Dream Catcher"},{"floor":46,"key":"UnicornStump"},{"floor":48,"key":"Akabeko"},{"floor":35,"key":"Smiling Mask"},{"floor":36,"key":"BookOfRevelations"},{"floor":39,"key":"StrikeDummy"},{"floor":42,"key":"HornCleat"},{"floor":43,"key":"GnawedLeaf"},{"floor":44,"key":"aspiration:HummingbirdHeart"},{"floor":47,"key":"GoldenEye"},{"floor":55,"key":"JudasShadow"}],"event_choices":[{"damage_healed":0.0,"max_hp_gain":0.0,"max_hp_loss":0.0,"gold_gain":0.0,"event_name":"Golden Idol","player_choice":"Take Damage","floor":5.0,"gold_loss":0.0,"damage_taken":23.0,"relics_obtained":["Golden Idol"]},{"damage_healed":0.0,"max_hp_gain":0.0,"max_hp_loss":0.0,"gold_gain":0.0,"event_name":"Scrap Ooze","player_choice":"Success","floor":12.0,"gold_loss":0.0,"damage_taken":5.0,"relics_obtained":["Lantern"]},{"damage_healed":0.0,"max_hp_gain":0.0,"max_hp_loss":0.0,"gold_gain":0.0,"event_name":"Mushrooms","player_choice":"Fought Mushrooms","floor":13.0,"gold_loss":0.0,"damage_taken":0.0},{"damage_healed":0.0,"max_hp_gain":0.0,"max_hp_loss":0.0,"gold_gain":0.0,"event_name":"Forgotten Altar","player_choice":"Gave Idol","floor":20.0,"relics_lost":["Golden Idol"],"gold_loss":0.0,"damage_taken":0.0,"relics_obtained":["Bloody Idol"]},{"damage_healed":6.0,"max_hp_gain":0.0,"max_hp_loss":0.0,"gold_gain":0.0,"event_name":"The Library","player_choice":"Heal","floor":24.0,"gold_loss":0.0,"damage_taken":0.0},{"damage_healed":0,"gold_gain":0,"player_choice":"Fight","damage_taken":0,"max_hp_gain":0,"max_hp_loss":0,"event_name":"MindBloom","floor":38,"gold_loss":0},{"damage_healed":0,"gold_gain":0,"player_choice":"Ignored","damage_taken":0,"max_hp_gain":0,"max_hp_loss":0,"event_name":"Tomb of Lord Red Mask","floor":42,"gold_loss":0},{"cards_removed":["MasterReality"],"damage_healed":0,"gold_gain":0,"player_choice":"Removed Power","damage_taken":0,"max_hp_gain":0,"max_hp_loss":0,"event_name":"Falling","floor":38,"gold_loss":0},{"damage_healed":0,"gold_gain":0,"player_choice":"Max HP","damage_taken":0,"max_hp_gain":0,"max_hp_loss":2,"event_name":"Winding Halls","floor":45,"gold_loss":0}],"is_beta":false,"boss_relics":[{"not_picked":["Coffee Dripper","Runic Dome"],"picked":"ChampionBelt"},{"not_picked":[]},{"not_picked":["Fusion Hammer","Runic Pyramid"],"picked":"Philosopher\u0027s Stone"},{"not_picked":[]}],"items_purged_floors":[4,17,31,34,47,37,41,48],"is_endless":false,"potions_floor_spawned":[3,6,13,14,18,21,29,30,37,39,41,46,48,36,42],"ascension_level":20}}