{"host":"rhdzd7if6vauof3v","time":1614381483,"event":{"mods":["AchievementEnabler","BaseMod","Colored Map","Minty Spire (QoL Compilation)","Permanent Neow","Relic Stats","StSLib","Transform Curses"],"gold_per_floor":[118,118,135,135,135,169,179,179,179,179,179,179,193,207,207,207,207],"floor_reached":16,"language":"ENG","playtime":804,"items_purged":[],"score":110,"play_id":"f588b0e9-0ebb-41c4-9a4a-08ada5b238c5","local_time":"20210226181803","is_ascension_mode":true,"campfire_choices":[{"data":"Perfected Strike","floor":8,"key":"SMITH"},{"data":"Cleave","floor":10,"key":"SMITH"},{"data":"Cleave","floor":15,"key":"SMITH"}],"circlet_count":0,"master_deck":["Strike_R","Strike_R","Strike_R","Strike_R","Strike_R","Defend_R","Defend_R","Cleave+1","Perfected Strike+1","Twin Strike","Cleave+1"],"relics":["Burning Blood","Art of War","Anchor"],"acts_visited":["Exordium"],"potions_floor_usage":[14],"damage_taken":[{"damage":6,"enemies":"2 Louse","floor":1,"turns":3},{"damage":7,"enemies":"Jaw Worm","floor":3,"turns":3},{"damage":28,"enemies":"Gremlin Nob","floor":6,"turns":4},{"damage":1,"enemies":"Cultist","floor":7,"turns":3},{"damage":0,"enemies":"Looter","floor":13,"turns":2},{"damage":9,"enemies":"Exordium Thugs","floor":14,"turns":4},{"damage":68,"enemies":"The Guardian","floor":16,"turns":8}],"seed_played":"-1274050226756471368","potions_obtained":[{"floor":7,"key":"Weak Potion"},{"floor":14,"key":"Fruit Juice"}],"is_trial":false,"path_per_floor":["M","?","M","?","$","E","M","R","T","R","?","$","M","M","R","B"],"character_chosen":"IRONCLAD","items_purchased":[],"campfire_rested":0,"item_purchase_floors":[],"current_hp_per_floor":[80,73,72,72,72,50,55,55,55,55,55,55,61,63,63,0,0],"gold":207,"neow_bonus":"RANDOM_COMMON_RELIC","is_daily":false,"chose_seed":false,"campfire_upgraded":3,"win_rate":0.0,"timestamp":1614381483,"path_taken":["M","?","M","?","$","E","?","R","T","R","?","$","M","?","R","BOSS"],"items_purchased_type":[],"build_version":"2020-12-22","purchased_purges":0,"victory":false,"max_hp_per_floor":[80,80,80,80,80,80,80,80,80,80,80,80,80,85,85,85,85],"relic_stats":{"counters":[7,27],"Art of War":[0],"obtain_stats":[{"Anchor":6,"Art of War":0,"Burning Blood":0},{"Anchor":3,"Art of War":0,"Burning Blood":0},{"Anchor":10,"Art of War":0,"Burning Blood":0}],"Burning Blood":36},"card_choices":[{"not_picked":["Armaments","Sword Boomerang"],"picked":"Cleave","floor":1},{"not_picked":["Infernal Blade","Dark Embrace"],"picked":"Perfected Strike","floor":3},{"not_picked":["Shrug It Off","Barricade"],"picked":"Twin Strike","floor":6},{"not_picked":["Warcry","Body Slam","Dark Embrace"],"picked":"SKIP","floor":7},{"not_picked":["Thunderclap","Iron Wave","Evolve"],"picked":"SKIP","floor":13},{"not_picked":["Anger","Sword Boomerang"],"picked":"Cleave","floor":14}],"player_experience":103502,"relics_obtained":[{"floor":6,"key":"Anchor"}],"event_choices":[{"cards_removed":["Defend_R"],"damage_healed":0,"gold_gain":0,"player_choice":"Card Removal","damage_taken":7,"max_hp_gain":0,"max_hp_loss":0,"event_name":"Golden Wing","floor":2,"gold_loss":0},{"cards_removed":["Bash"],"damage_healed":0,"gold_gain":0,"player_choice":"Offered Basic","damage_taken":0,"max_hp_gain":0,"max_hp_loss":0,"event_name":"Bonfire Elementals","floor":4,"gold_loss":0},{"cards_removed":["Defend_R"],"damage_healed":0,"gold_gain":0,"player_choice":"Purged","damage_taken":0,"max_hp_gain":0,"max_hp_loss":0,"event_name":"Purifier","floor":11,"gold_loss":0}],"is_beta":false,"boss_relics":[],"items_purged_floors":[],"is_endless":false,"potions_floor_spawned":[7,14],"killed_by":"The Guardian","ascension_level":2}}