{"host":"90jl2h70xtuoeg0i","time":1614317084,"event":{"mods":["AchievementEnabler","BaseMod","Colored Map","Colored Powertips","Minty Spire (QoL Compilation)","Relic Stats","ojb\u0027s Info Mod"],"gold_per_floor":[113,388,401,419,436,461,461,486,512,523,523,538,538,568,568,568,568],"floor_reached":16,"language":"ENG","playtime":1106,"items_purged":[],"score":244,"play_id":"644074db-5bb3-4834-98a2-b84b9d154a42","local_time":"20210226002444","is_ascension_mode":true,"campfire_choices":[{"floor":7,"key":"REST"},{"floor":11,"key":"REST"},{"data":"Bouncing Flask","floor":15,"key":"SMITH"}],"circlet_count":0,"master_deck":["AscendersBane","Strike_G","Strike_G","Strike_G","Strike_G","Strike_G","Defend_G","Defend_G","Defend_G","Defend_G","Defend_G+1","Survivor+1","Neutralize","Dagger Throw","Regret","Masterful Stab","Accuracy","Backstab","Leg Sweep","Bouncing Flask+1","Noxious Fumes"],"relics":["Ring of the Snake","NeowsBlessing","Tiny Chest","Potion Belt","War Paint","Singing Bowl","Orichalcum"],"acts_visited":["Exordium"],"potions_floor_usage":[6,8,14],"damage_taken":[{"damage":0.0,"enemies":"Cultist","floor":1.0,"turns":1.0},{"damage":0.0,"enemies":"Jaw Worm","floor":3.0,"turns":1.0},{"damage":0.0,"enemies":"2 Louse","floor":4.0,"turns":1.0},{"damage":6.0,"enemies":"Red Slaver","floor":5.0,"turns":3.0},{"damage":32,"enemies":"Lagavulin","floor":6,"turns":6},{"damage":34,"enemies":"Gremlin Nob","floor":8,"turns":4},{"damage":2,"enemies":"Blue Slaver","floor":10,"turns":4},{"damage":0,"enemies":"3 Louse","floor":12,"turns":2},{"damage":11,"enemies":"3 Sentries","floor":14,"turns":6},{"damage":17,"enemies":"Hexaghost","floor":16,"turns":9}],"seed_played":"8269281327005262365","potions_obtained":[{"floor":1.0,"key":"Poison Potion"},{"floor":3.0,"key":"Strength Potion"},{"floor":12,"key":"Fire Potion"}],"is_trial":false,"path_per_floor":["M","?","M","M","M","E","R","E","T","M","R","M","T","E","R","B"],"character_chosen":"THE_SILENT","items_purchased":[],"campfire_rested":2,"item_purchase_floors":[],"current_hp_per_floor":[59,59,59,59,53,21,40,6,6,4,23,23,23,14,14,0,0],"gold":568,"neow_bonus":"THREE_ENEMY_KILL","is_daily":false,"chose_seed":false,"campfire_upgraded":1,"win_rate":0.0,"timestamp":1614317084,"path_taken":["M","?","?","?","M","E","R","E","T","M","R","M","?","E","R","BOSS"],"items_purchased_type":[],"build_version":"2020-12-22","purchased_purges":0,"victory":false,"max_hp_per_floor":[66,66,66,66,66,66,66,66,66,66,66,66,66,68,68,68,68],"relic_stats":{"Singing Bowl":2,"counters":[10,37],"Tiny Chest":0,"War Paint":["Survivor","Defend_G"],"Orichalcum":[6],"obtain_stats":[{"Potion Belt":8,"NeowsBlessing":0,"Singing Bowl":13,"Tiny Chest":6,"War Paint":9,"Orichalcum":14,"Ring of the Snake":0},{"Potion Belt":6,"NeowsBlessing":0,"Singing Bowl":8,"Tiny Chest":5,"War Paint":6,"Orichalcum":9,"Ring of the Snake":0},{"Potion Belt":16,"NeowsBlessing":0,"Singing Bowl":22,"Tiny Chest":12,"War Paint":16,"Orichalcum":28,"Ring of the Snake":0}],"Ring of the Snake":[20]},"card_choices":[{"not_picked":["Finisher","Cloak And Dagger"],"picked":"Dagger Throw","floor":1.0},{"not_picked":["Concentrate","Riddle With Holes"],"picked":"Masterful Stab","floor":3.0},{"not_picked":["Bane","Slice"],"picked":"Accuracy","floor":4.0},{"not_picked":["Heel Hook","Outmaneuver","Sucker Punch"],"picked":"SKIP","floor":5.0},{"not_picked":["Heel Hook","Outmaneuver","Sucker Punch"],"picked":"SKIP","floor":5.0},{"not_picked":["Doppelganger","PiercingWail"],"picked":"Backstab","floor":6},{"not_picked":["Quick Slash","PiercingWail"],"picked":"Leg Sweep","floor":8},{"not_picked":["Tactician","Prepared"],"picked":"Bouncing Flask","floor":10},{"not_picked":["Finisher","Deadly Poison"],"picked":"Noxious Fumes","floor":12},{"not_picked":["Bane","Terror","Bullet Time"],"picked":"Singing Bowl","floor":14}],"player_experience":1504854,"relics_obtained":[{"floor":6,"key":"Tiny Chest"},{"floor":8,"key":"Potion Belt"},{"floor":9,"key":"War Paint"},{"floor":13,"key":"Singing Bowl"},{"floor":14,"key":"Orichalcum"}],"event_choices":[{"damage_healed":0.0,"max_hp_gain":0.0,"max_hp_loss":0.0,"gold_gain":275.0,"event_name":"Golden Shrine","player_choice":"Desecrate","floor":2.0,"gold_loss":0.0,"damage_taken":0.0,"cards_obtained":["Regret"]}],"is_beta":false,"boss_relics":[],"items_purged_floors":[],"is_endless":false,"potions_floor_spawned":[1,3,5,12],"killed_by":"Hexaghost","ascension_level":20}}