{"host":"lv7etzzgwahaenh9","time":1614317975,"event":{"mods":["AchievementEnabler","BaseMod","Colored Map","Colored Powertips","Highlight Path","Minty Spire (QoL Compilation)","Permanent Neow","Quick Restart","Random Character Button","StSLib"],"gold_per_floor":[114,126,145,161,161,161,176,194,194,228,228,239,239,255,255,329,329,345,362,55,75,91,91,91,105,129,129,149,149,248,261,261,335,335,348,348,362,362,387,418,418,418,443,443,443],"floor_reached":44,"language":"ENG","playtime":2335,"items_purged":["Strike_G"],"score":847,"play_id":"f075f34f-c530-4c1e-a76e-8885aff7c1c6","local_time":"20210225213935","is_ascension_mode":true,"campfire_choices":[{"data":"Noxious Fumes","floor":6.0,"key":"SMITH"},{"data":"Glass Knife","floor":11.0,"key":"SMITH"},{"data":"Bane","floor":13.0,"key":"SMITH"},{"data":"Backstab","floor":15.0,"key":"SMITH"},{"floor":23.0,"key":"REST"},{"data":"Envenom","floor":27.0,"key":"SMITH"},{"data":"Phantasmal Killer","floor":29.0,"key":"SMITH"},{"data":"Terror","floor":32,"key":"SMITH"},{"data":"Dagger Throw","floor":41,"key":"SMITH"}],"circlet_count":0,"master_deck":["AscendersBane","Strike_G","Strike_G","Strike_G","Strike_G","Defend_G","Defend_G","Defend_G","Defend_G","Defend_G","Survivor","Neutralize","Dagger Throw","Noxious Fumes+1","Well Laid Plans","Leg Sweep","Deflect","Glass Knife+1","Dagger Throw+1","Bane+1","Backstab+1","Phantasmal Killer+1","Cloak And Dagger+1","Envenom+1","Skewer","Backflip","Ghostly","Ghostly","Ghostly","Ghostly","Ghostly","Acrobatics","Dodge and Roll+1","Terror+1","Tools of the Trade","Bouncing Flask+1","Footwork","Master of Strategy","Normality","Shame"],"relics":["Ring of the Snake","Bottled Tornado","Blue Candle","Mummified Hand","HoveringKite","Happy Flower","Cursed Key","The Specimen","Bottled Flame","Vajra"],"acts_visited":["Exordium","TheCity","TheBeyond"],"potions_floor_usage":[33],"damage_taken":[{"damage":2.0,"enemies":"Cultist","floor":1.0,"turns":5.0},{"damage":0.0,"enemies":"2 Louse","floor":2.0,"turns":3.0},{"damage":0.0,"enemies":"Jaw Worm","floor":3.0,"turns":4.0},{"damage":0.0,"enemies":"Large Slime","floor":4.0,"turns":6.0},{"damage":0.0,"enemies":"Exordium Wildlife","floor":7.0,"turns":9.0},{"damage":0.0,"enemies":"Looter","floor":8.0,"turns":4.0},{"damage":14.0,"enemies":"Gremlin Nob","floor":10.0,"turns":4.0},{"damage":0.0,"enemies":"Red Slaver","floor":12.0,"turns":3.0},{"damage":8.0,"enemies":"Exordium Thugs","floor":14.0,"turns":4.0},{"damage":5.0,"enemies":"The Guardian","floor":16.0,"turns":10.0},{"damage":15.0,"enemies":"Shell Parasite","floor":18.0,"turns":5.0},{"damage":5.0,"enemies":"3 Byrds","floor":19.0,"turns":5.0},{"damage":3.0,"enemies":"Snake Plant","floor":21.0,"turns":4.0},{"damage":0.0,"enemies":"Centurion and Healer","floor":22.0,"turns":4.0},{"damage":3.0,"enemies":"3 Cultists","floor":25.0,"turns":6.0},{"damage":13.0,"enemies":"Cultist and Chosen","floor":28.0,"turns":7.0},{"damage":0,"enemies":"Snecko","floor":31,"turns":5},{"damage":9,"enemies":"Champ","floor":33,"turns":10},{"damage":2,"enemies":"3 Darklings","floor":35,"turns":6},{"damage":0,"enemies":"3 Shapes","floor":37,"turns":3},{"damage":0,"enemies":"Mind Bloom Boss Battle","floor":39,"turns":7},{"damage":0,"enemies":"Reptomancer","floor":40,"turns":5},{"damage":35,"enemies":"Giant Head","floor":44,"turns":7}],"seed_played":"8321873163230790673","potions_obtained":[{"floor":0.0,"key":"GhostInAJar"},{"floor":0.0,"key":"CultistPotion"},{"floor":7.0,"key":"Fire Potion"},{"floor":14.0,"key":"PowerPotion"},{"floor":22.0,"key":"Dexterity Potion"},{"floor":35,"key":"Dexterity Potion"}],"is_trial":false,"path_per_floor":["M","M","M","M","T","R","M","M","T","E","R","M","R","M","R","B",null,"M","M","$","M","M","R","?","M","T","R","M","R","?","M","R","B",null,"M","?","M","?","?","E","R","T","T","E"],"character_chosen":"THE_SILENT","items_purchased":["Envenom","Skewer","Backflip"],"campfire_rested":1,"item_purchase_floors":[20,20,20],"current_hp_per_floor":[57,57,57,57,57,57,57,57,57,43,43,43,43,35,35,30,57,42,37,37,34,34,53,33,30,30,30,17,17,17,17,17,8,27,25,25,25,25,25,25,25,25,25,0,0],"gold":443,"neow_bonus":"THREE_SMALL_POTIONS","is_daily":false,"chose_seed":false,"campfire_upgraded":8,"win_rate":0.0,"timestamp":1614317975,"path_taken":["M","M","M","M","?","R","M","M","T","E","R","M","R","M","R","BOSS","M","M","$","M","M","R","?","M","T","R","M","R","?","M","R","BOSS","M","?","M","?","?","E","R","?","T","E"],"items_purchased_type":["Card","Card","Card"],"build_version":"2020-12-22","purchased_purges":1,"victory":false,"max_hp_per_floor":[66,66,66,66,66,66,66,66,66,66,66,66,66,66,66,66,66,66,66,66,66,66,66,33,33,33,33,33,33,33,33,33,33,33,33,33,33,33,33,33,33,33,33,33,33],"card_choices":[{"not_picked":["Bane","Outmaneuver"],"picked":"Dagger Throw","floor":1.0},{"not_picked":["Dodge and Roll","Cloak And Dagger"],"picked":"Noxious Fumes","floor":2.0},{"not_picked":["Underhanded Strike","Flying Knee"],"picked":"Well Laid Plans","floor":3.0},{"not_picked":["Dagger Throw","Quick Slash"],"picked":"Leg Sweep","floor":4.0},{"not_picked":["All Out Attack","Escape Plan"],"picked":"Deflect","floor":7.0},{"not_picked":["Dagger Throw","Blade Dance"],"picked":"Glass Knife","floor":8.0},{"not_picked":["Underhanded Strike","Sucker Punch"],"picked":"Dagger Throw","floor":10.0},{"not_picked":["Sucker Punch","Dodge and Roll"],"picked":"Bane","floor":12.0},{"not_picked":["Deflect","Dodge and Roll"],"picked":"Backstab","floor":14.0},{"not_picked":["Glass Knife","Night Terror"],"picked":"Phantasmal Killer","floor":16.0},{"not_picked":["Deadly Poison","Sucker Punch","Poisoned Stab+1"],"picked":"SKIP","floor":18.0},{"not_picked":["Quick Slash","Flying Knee"],"picked":"Cloak And Dagger+1","floor":19.0},{"not_picked":["Concentrate","Quick Slash","Bane"],"picked":"SKIP","floor":21.0},{"not_picked":["Finisher","Flying Knee","Bane"],"picked":"SKIP","floor":22.0},{"not_picked":["Skewer","Sucker Punch"],"picked":"Acrobatics","floor":25.0},{"not_picked":["Flying Knee","PiercingWail"],"picked":"Dodge and Roll+1","floor":28.0},{"not_picked":["Unload","Setup"],"picked":"Terror","floor":31},{"not_picked":["Grand Finale","Venomology"],"picked":"Tools of the Trade","floor":33},{"not_picked":["Outmaneuver","Eviscerate"],"picked":"Bouncing Flask+1","floor":35},{"not_picked":["Cloak And Dagger","PiercingWail"],"picked":"Footwork","floor":37},{"not_picked":["Good Instincts","Finesse"],"picked":"Master of Strategy","floor":38},{"not_picked":["Accuracy","Tactician","Well Laid Plans+1"],"picked":"SKIP","floor":40}],"player_experience":555330,"relics_obtained":[{"floor":5.0,"key":"Bottled Tornado"},{"floor":9.0,"key":"Blue Candle"},{"floor":10.0,"key":"Mummified Hand"},{"floor":26.0,"key":"Happy Flower"},{"floor":39,"key":"The Specimen"},{"floor":40,"key":"Bottled Flame"},{"floor":43,"key":"Vajra"}],"event_choices":[{"damage_healed":0.0,"max_hp_gain":0.0,"max_hp_loss":33.0,"gold_gain":0.0,"event_name":"Ghosts","player_choice":"Became a Ghost","floor":24.0,"gold_loss":0.0,"damage_taken":0.0,"cards_obtained":["Ghostly","Ghostly","Ghostly","Ghostly","Ghostly"]},{"damage_healed":0.0,"max_hp_gain":0.0,"max_hp_loss":0.0,"gold_gain":99.0,"event_name":"Nest","player_choice":"Stole From Cult","floor":30.0,"gold_loss":0.0,"damage_taken":0.0},{"damage_healed":0,"gold_gain":0,"player_choice":"Ignored","damage_taken":0,"max_hp_gain":0,"max_hp_loss":0,"event_name":"Tomb of Lord Red Mask","floor":36,"gold_loss":0},{"damage_healed":0,"gold_gain":0,"player_choice":"Memory 1","damage_taken":0,"max_hp_gain":0,"max_hp_loss":0,"event_name":"SensoryStone","floor":38,"gold_loss":0},{"damage_healed":0,"gold_gain":0,"player_choice":"Fight","damage_taken":0,"max_hp_gain":0,"max_hp_loss":0,"event_name":"MindBloom","floor":39,"gold_loss":0}],"is_beta":false,"boss_relics":[{"not_picked":["Sozu","Tiny House"],"picked":"HoveringKite"},{"not_picked":["SlaversCollar","Runic Pyramid"],"picked":"Cursed Key"}],"items_purged_floors":[20],"is_endless":false,"potions_floor_spawned":[4,7,8,14,16,19,22,35,39],"killed_by":"Giant Head","ascension_level":14}}