{"host":"d52brwsy6af8zvaq","time":1614362381,"event":{"mods":["AchievementEnabler","BaseMod","Bestiary","Highlight Path","Minty Spire (QoL Compilation)","Quick Restart","Relic Stats","ojb\u0027s Better Paths Mod"],"gold_per_floor":[111,126,126,147,147,178,199,199,271,271,271,315,331,350,350,444,444,460,484,505,505,106,106,106,106],"floor_reached":24,"language":"ENG","playtime":915,"items_purged":["Strike_B"],"score":416,"play_id":"28fee215-c788-4543-b5a1-0d4a47b2b8f4","local_time":"20210226105941","is_ascension_mode":true,"campfire_choices":[{"data":"Sunder","floor":8.0,"key":"SMITH"},{"data":"Zap","floor":10.0,"key":"SMITH"},{"data":"Coolheaded","floor":15.0,"key":"SMITH"},{"data":"Biased Cognition","floor":23,"key":"SMITH"}],"circlet_count":0,"master_deck":["AscendersBane","Strike_B","Strike_B","Defend_B","Defend_B","Defend_B","Defend_B","Zap+1","Dualcast","Rebound","Go for the Eyes","Sunder+1","Turbo","Reinforced Body","Chaos","Leap","Doom and Gloom","Coolheaded+1","Biased Cognition+1","Coolheaded","Self Repair","Core Surge","Capacitor"],"relics":["Cracked Core","Bag of Marbles","Golden Idol","FossilizedHelix","Bronze Scales","Letter Opener","Singing Bowl","Nuclear Battery","OrangePellets"],"acts_visited":["Exordium","TheCity"],"potions_floor_usage":[],"damage_taken":[{"damage":2.0,"enemies":"Jaw Worm","floor":1.0,"turns":3.0},{"damage":0.0,"enemies":"2 Louse","floor":2.0,"turns":2.0},{"damage":1.0,"enemies":"Cultist","floor":4.0,"turns":3.0},{"damage":10.0,"enemies":"3 Sentries","floor":6.0,"turns":5.0},{"damage":6.0,"enemies":"3 Louse","floor":7.0,"turns":2.0},{"damage":14.0,"enemies":"Gremlin Nob","floor":12.0,"turns":4.0},{"damage":0.0,"enemies":"Exordium Wildlife","floor":13.0,"turns":3.0},{"damage":0.0,"enemies":"Red Slaver","floor":14.0,"turns":3.0},{"damage":11.0,"enemies":"The Guardian","floor":16.0,"turns":9.0},{"damage":6.0,"enemies":"3 Byrds","floor":18.0,"turns":2.0},{"damage":0.0,"enemies":"Shell Parasite","floor":19.0,"turns":1.0},{"damage":0.0,"enemies":"3 Cultists","floor":20.0,"turns":4.0},{"damage":56,"enemies":"Slavers","floor":24,"turns":4}],"seed_played":"-2224238631002232086","potions_obtained":[{"floor":2.0,"key":"BlessingOfTheForge"},{"floor":6.0,"key":"Block Potion"},{"floor":7.0,"key":"DistilledChaos"},{"floor":14.0,"key":"DistilledChaos"}],"is_trial":false,"path_per_floor":["M","M","?","M","?","E","M","R","T","R","?","E","M","M","R","B",null,"M","M","M","?","$","R","E"],"character_chosen":"DEFECT","items_purchased":["OrangePellets","Core Surge","Capacitor"],"campfire_rested":0,"item_purchase_floors":[22,22,22],"current_hp_per_floor":[62,62,62,61,56,46,40,40,40,40,40,26,26,26,26,15,52,46,46,55,55,55,55,0,0],"gold":106,"neow_bonus":"RANDOM_COMMON_RELIC","is_daily":false,"chose_seed":false,"campfire_upgraded":4,"win_rate":0.0,"timestamp":1614362381,"path_taken":["M","M","?","M","?","E","M","R","T","R","?","E","M","M","R","BOSS","M","M","M","?","$","R","E"],"items_purchased_type":["Relic","Card","Card"],"build_version":"2020-12-22","purchased_purges":1,"victory":false,"max_hp_per_floor":[71,71,64,64,64,64,64,64,64,64,64,64,64,64,64,64,64,64,64,66,66,66,66,66,66],"relic_stats":{"OrangePellets":[1],"Singing Bowl":2,"counters":[13,45],"Golden Idol":61,"Bronze Scales":[149],"Letter Opener":[105],"obtain_stats":[{"OrangePellets":22,"Singing Bowl":12,"Golden Idol":3,"Bronze Scales":6,"Bag of Marbles":0,"Letter Opener":9,"Cracked Core":0,"FossilizedHelix":5,"Nuclear Battery":17},{"OrangePellets":12,"Singing Bowl":6,"Golden Idol":2,"Bronze Scales":4,"Bag of Marbles":0,"Letter Opener":5,"Cracked Core":0,"FossilizedHelix":3,"Nuclear Battery":9},{"OrangePellets":41,"Singing Bowl":19,"Golden Idol":5,"Bronze Scales":13,"Bag of Marbles":0,"Letter Opener":15,"Cracked Core":0,"FossilizedHelix":8,"Nuclear Battery":34}]},"card_choices":[{"not_picked":["Turbo","Reprogram"],"picked":"Rebound","floor":1.0},{"not_picked":["Rebound","Leap"],"picked":"Go for the Eyes","floor":2.0},{"not_picked":["Coolheaded","Genetic Algorithm"],"picked":"Sunder","floor":4.0},{"not_picked":["Compile Driver","Rebound"],"picked":"Turbo","floor":6.0},{"not_picked":["Beam Cell","Go for the Eyes"],"picked":"Reinforced Body","floor":7.0},{"not_picked":["Fission","Hologram"],"picked":"Leap","floor":12.0},{"not_picked":["Steam Power","White Noise"],"picked":"Doom and Gloom","floor":13.0},{"not_picked":["Conserve Battery","Sunder"],"picked":"Coolheaded","floor":14.0},{"not_picked":["Reboot","Rainbow"],"picked":"Biased Cognition","floor":16.0},{"not_picked":["Rebound","Rip and Tear"],"picked":"Coolheaded","floor":18.0},{"not_picked":["Cold Snap","Stack"],"picked":"Self Repair","floor":19.0},{"not_picked":["Tempest","Streamline","Steam"],"picked":"Singing Bowl","floor":20.0}],"player_experience":2379939,"relics_obtained":[{"floor":6.0,"key":"Bronze Scales"},{"floor":9.0,"key":"Letter Opener"},{"floor":12.0,"key":"Singing Bowl"}],"event_choices":[{"damage_healed":0.0,"max_hp_gain":0.0,"max_hp_loss":7.0,"gold_gain":0.0,"event_name":"Golden Idol","player_choice":"Lose Max HP","floor":3.0,"gold_loss":0.0,"damage_taken":0.0,"relics_obtained":["Golden Idol"]},{"damage_healed":0.0,"max_hp_gain":0.0,"max_hp_loss":0.0,"gold_gain":0.0,"event_name":"Scrap Ooze","player_choice":"Success","floor":5.0,"gold_loss":0.0,"damage_taken":5.0,"relics_obtained":["FossilizedHelix"]},{"damage_healed":0.0,"max_hp_gain":0.0,"max_hp_loss":0.0,"gold_gain":0.0,"cards_transformed":["Strike_B"],"event_name":"Living Wall","player_choice":"Change","floor":11.0,"gold_loss":0.0,"damage_taken":0.0,"cards_obtained":["Chaos"]},{"damage_healed":0,"gold_gain":0,"player_choice":"Ignored","damage_taken":0,"max_hp_gain":0,"max_hp_loss":0,"event_name":"Cursed Tome","floor":21,"gold_loss":0}],"is_beta":false,"boss_relics":[{"not_picked":["Cursed Key","Tiny House"],"picked":"Nuclear Battery"}],"items_purged_floors":[22],"is_endless":false,"potions_floor_spawned":[2,6,7,14],"killed_by":"Slavers","ascension_level":20}}