{"host":"m3txpv198clqze8f","time":1614306767,"event":{"mods":["ATMod(°¢èªMod)","Act Like it!","BaseMod","Colored Powertips","Friendly Minions","Library of Ruina","Library of Ruina Extra","Lobotomy","Minty Spire (QoL Compilation)","MostiFishMod","Quick Restart","Relic Filter Mod","StSLib"],"gold_per_floor":[110,110,110,285,10,10,39,39,62,95,106,118,153,168,168,294,294,294],"floor_reached":17,"language":"ZHS","playtime":906,"items_purged":["Doubt"],"score":278,"play_id":"06baf0d7-3a79-4242-89ff-e22585fff5ad","local_time":"20210226103247","is_ascension_mode":true,"campfire_choices":[{"data":"Quickness","floor":6.0,"key":"SMITH"},{"data":"SilentMist","floor":15.0,"key":"SMITH"}],"circlet_count":0,"master_deck":["Dodge+1","LightDefense","LightAttack+1","LightAttack","LightAttack+1","LightDefense+1","LightDefense+1","LightDefense","ChargeAndCover","FocusedStrikes+1","AT_FamilyPortrait+1","Quickness+1","WillBeTasty+1","Parry2+1","Parry2","SilentMist+1"],"relics":["PageOfLibrarian","AT_ATBox","DaveBox","DSteel32","SynthV:TestCard","PageOfAlriune","AT_ArcaneBoots","Dream Catcher","Omamori","AT_ArchangelStaff","Happy Flower","JellyFishMachine"],"acts_visited":["Exordium","TheCity"],"potions_floor_usage":[],"damage_taken":[{"damage":0.0,"enemies":"2 Louse","floor":1.0,"turns":2.0},{"damage":42.0,"enemies":"Lagavulin","floor":7.0,"turns":10.0},{"damage":12.0,"enemies":"3 Sentries","floor":10.0,"turns":3.0},{"damage":0.0,"enemies":"Jaw Worm","floor":11.0,"turns":3.0},{"damage":0.0,"enemies":"Cultist","floor":12.0,"turns":5.0},{"damage":0.0,"enemies":"Lagavulin","floor":13.0,"turns":7.0},{"damage":0.0,"enemies":"Red Slaver","floor":14.0,"turns":6.0},{"damage":4.0,"enemies":"The Guardian","floor":16.0,"turns":8.0}],"seed_played":"5142225234945790769","potions_obtained":[{"floor":7.0,"key":"Energy Potion"},{"floor":11.0,"key":"SkillPotion"},{"floor":12.0,"key":"ColorlessPotion"},{"floor":14.0,"key":"Dexterity Potion"},{"floor":16.0,"key":"Dexterity Potion"}],"is_trial":false,"path_per_floor":["M","?","T","?","$","R","E","$","T","E","M","M","E","M","R","B",null],"character_chosen":"Librarian","items_purchased":["AT_SpeedBoots","Quickness"],"campfire_rested":0,"item_purchase_floors":[5,5],"current_hp_per_floor":[60,65,65,65,65,65,23,23,23,11,19,25,29,35,35,35,249,249],"gold":294,"neow_bonus":"UPGRADE_CARD","is_daily":false,"chose_seed":false,"campfire_upgraded":2,"win_rate":0.0,"timestamp":1614306767,"path_taken":["M","?","?","?","$","R","E","?","T","E","?","M","E","M","R","BOSS"],"items_purchased_type":["Relic","Card"],"build_version":"2020-12-22","purchased_purges":1,"victory":false,"max_hp_per_floor":[62,67,67,67,67,67,68,68,68,82,82,82,96,96,96,249,249,249],"card_choices":[{"not_picked":["FrontalAssault","ForcefulGesture","BiAn","SpearedSweep"],"picked":"SKIP","floor":1.0},{"not_picked":["ClassAndRespect","Creak","DarkCloud","LeRegole","GuardingStance","ViolentFlame"],"picked":"SKIP","floor":7.0},{"not_picked":["PreemptiveStrike","DaringDecision","SunsetBlade","SharpenedBlade","Marionette"],"picked":"WillBeTasty","floor":10.0},{"not_picked":["Thrust","Quickness","DriedUp","FieryDragonSlash","FleetEdge"],"picked":"Parry2","floor":11.0},{"not_picked":["Creak","BindingChains","ToOvercomeCrisis","FleetEdge","Parry"],"picked":"Parry2","floor":12.0},{"not_picked":["FaintMemories","Endure","YouOnlyLiveOnce","ShockRound","SnakesPrey"],"picked":"SilentMist","floor":13.0},{"not_picked":["ViolentFlame","CoordinatedAssault","DesperateStruggle","EndlessBattle","SteelKnuckles","Multislash"],"picked":"SKIP","floor":14.0}],"player_experience":147428,"relics_obtained":[{"floor":1.0,"key":"SynthV:TestCard"},{"floor":3.0,"key":"PageOfAlriune"},{"floor":7.0,"key":"Dream Catcher"},{"floor":9.0,"key":"Omamori"},{"floor":10.0,"key":"AT_ArchangelStaff"},{"floor":13.0,"key":"Happy Flower"}],"event_choices":[{"damage_healed":0.0,"max_hp_gain":5.0,"max_hp_loss":0.0,"gold_gain":0.0,"event_name":"Big Fish","player_choice":"Donut","floor":2.0,"gold_loss":0.0,"damage_taken":0.0},{"damage_healed":0.0,"max_hp_gain":0.0,"max_hp_loss":0.0,"gold_gain":175.0,"event_name":"Liars Game","player_choice":"AGREE","floor":4.0,"gold_loss":0.0,"damage_taken":0.0,"cards_obtained":["Doubt"]}],"is_beta":false,"boss_relics":[{"not_picked":["FixedStarFall","OneHitWonderSystem"],"picked":"JellyFishMachine"}],"items_purged_floors":[5],"is_endless":false,"potions_floor_spawned":[7,11,12,14,16],"ascension_level":3}}