{"host":"75t5dw8c2tyw3fa7","time":1614378449,"event":{"mods":["BaseMod","Minty Spire (QoL Compilation)","Replay The Spire","StSLib"],"gold_per_floor":[112,287,16,27,42,75,89,89,89,89,89,89,129,3,3,129,129,145,145,145],"floor_reached":19,"language":"ENG","playtime":838,"items_purged":["Doubt"],"score":263,"play_id":"a96128e5-702d-4327-aba9-9a85de63f867","local_time":"20210226142729","is_ascension_mode":true,"campfire_choices":[{"floor":8,"key":"REST"},{"data":"Darkness","floor":11,"key":"SMITH"},{"floor":15,"key":"REST"}],"circlet_count":0,"master_deck":["AscendersBane","Strike_B","Strike_B","Defend_B","Defend_B","Defend_B","Defend_B","Zap","Dualcast","Compile Driver","Streamline","Beam Cell","Consume","Darkness+1","Turbo","Redo","Consume","ReplayTheSpireMod:Calculation Training","Panic Button","Darkness","Capacitor","Coolheaded","Panic Button","Reboot","Cold Snap","Steam"],"relics":["Cracked Core","Prayer Wheel","Raider\u0027s Mask","Replay:Wax Seal","Letter Opener","Replay:PocketPolymizer","Golden Idol","Pen Nib","Black Star"],"acts_visited":["Exordium","TheCity"],"potions_floor_usage":[6],"damage_taken":[{"damage":1,"enemies":"Cultist","floor":1,"turns":3},{"damage":0,"enemies":"2 Louse","floor":4,"turns":3},{"damage":0,"enemies":"Small Slimes","floor":5,"turns":2},{"damage":30,"enemies":"Lagavulin","floor":6,"turns":6},{"damage":1,"enemies":"Exordium Wildlife","floor":7,"turns":3},{"damage":13,"enemies":"Replay:BlueRogue","floor":13,"turns":4},{"damage":44,"enemies":"The Guardian","floor":16,"turns":9},{"damage":29,"enemies":"3 Byrds","floor":18,"turns":4},{"damage":25,"enemies":"Spheric Guardian","floor":19,"turns":3}],"seed_played":"6047004154066348965","potions_obtained":[{"floor":5,"key":"ColorlessPotion"},{"floor":7,"key":"PotionOfCapacity"},{"floor":16,"key":"Elixir"},{"floor":18,"key":"Explosive Potion"}],"is_trial":false,"path_per_floor":["M","?","$","M","M","E","M","R","T","?","R","?","E","$","R","B",null,"M","M"],"character_chosen":"DEFECT","items_purchased":["Raider\u0027s Mask","Beam Cell","Capacitor","Coolheaded"],"campfire_rested":2,"item_purchase_floors":[3,3,14,14],"current_hp_per_floor":[49,49,49,49,49,19,18,40,40,40,40,40,27,27,47,3,53,24,0,0],"gold":145,"neow_bonus":"ONE_RARE_RELIC","is_daily":false,"chose_seed":false,"campfire_upgraded":1,"win_rate":0.0,"timestamp":1614378449,"path_taken":["M","?","$","M","M","E","M","R","T","?","R","?","E","?","R","BOSS","M","M"],"items_purchased_type":["Relic","Card","Card","Card"],"build_version":"2020-12-22","purchased_purges":1,"victory":false,"max_hp_per_floor":[75,75,75,75,75,75,75,75,75,75,75,69,69,69,69,69,69,69,69,69],"card_choices":[{"not_picked":["Streamline","ReplayTheSpireMod:GoodbyeWorld"],"picked":"Compile Driver","floor":1},{"not_picked":["Panic Button","BasicCrystalCard"],"picked":"Streamline","floor":1},{"not_picked":["Rip and Tear","BasicCrystalCard"],"picked":"Consume","floor":4},{"not_picked":["Steam","Beam Cell"],"picked":"Darkness","floor":4},{"not_picked":["Aggregate","Stack"],"picked":"Turbo","floor":5},{"not_picked":["Sweeping Beam","Ball Lightning"],"picked":"Redo","floor":5},{"not_picked":["Turbo","Leap","Rebound"],"picked":"SKIP","floor":6},{"not_picked":["Hyperbeam","Gash"],"picked":"Consume","floor":7},{"not_picked":["Rebound","Recycle"],"picked":"ReplayTheSpireMod:Calculation Training","floor":7},{"not_picked":["Compile Driver","Rip and Tear"],"picked":"Darkness","floor":13},{"not_picked":["Biased Cognition","Meteor Strike"],"picked":"Reboot","floor":16},{"not_picked":["Turbo","Panic Button"],"picked":"Cold Snap","floor":18},{"not_picked":["Skim","Beam Cell"],"picked":"Steam","floor":18}],"player_experience":459826,"relics_obtained":[{"floor":6,"key":"Replay:Wax Seal"},{"floor":9,"key":"Letter Opener"},{"floor":13,"key":"Pen Nib"}],"event_choices":[{"damage_healed":0,"gold_gain":175,"player_choice":"AGREE","damage_taken":0,"max_hp_gain":0,"max_hp_loss":0,"event_name":"Liars Game","floor":2,"gold_loss":0,"cards_obtained":["Doubt"]},{"damage_healed":0,"gold_gain":0,"player_choice":"Searched \u00271\u0027 times","damage_taken":0,"relics_obtained":["Replay:PocketPolymizer"],"max_hp_gain":0,"max_hp_loss":0,"event_name":"Dead Adventurer","floor":10,"gold_loss":0},{"damage_healed":0,"gold_gain":0,"player_choice":"Lose Max HP","damage_taken":0,"relics_obtained":["Golden Idol"],"max_hp_gain":0,"max_hp_loss":6,"event_name":"Golden Idol","floor":12,"gold_loss":0}],"is_beta":false,"boss_relics":[{"not_picked":["Replay:Drink Me","Busted Crown"],"picked":"Black Star"}],"items_purged_floors":[3],"is_endless":false,"potions_floor_spawned":[5,7,16,18],"killed_by":"Spheric Guardian","ascension_level":10}}