{"host":"w14xfy17z3c5mpoi","time":1614370368,"event":{"mods":["AchievementEnabler","BaseMod","Minty Spire (QoL Compilation)","Relic Stats"],"gold_per_floor":[110,126,142,142,153,153,167,202,202,212,243,343,363,378,378,452,452,464,464,478,498,43,43,43],"floor_reached":23,"language":"ENG","playtime":1466,"items_purged":["Riddle With Holes"],"score":408,"play_id":"c547643c-5b32-4982-830c-4bcc712e95c0","local_time":"20210226151248","is_ascension_mode":true,"campfire_choices":[{"data":"Adrenaline","floor":6,"key":"SMITH"},{"floor":15,"key":"REST"}],"circlet_count":0,"master_deck":["AscendersBane","Survivor","Neutralize","Adrenaline+1","Backstab","Escape Plan","Dagger Throw","Predator","Leg Sweep","Dagger Spray","Dagger Spray","Bouncing Flask","Noxious Fumes","Crippling Poison","Wraith Form v2","Burst","Cloak And Dagger","Die Die Die","Catalyst","Burst","Bouncing Flask","Bouncing Flask","Dagger Spray","Finisher","PiercingWail","Dodge and Roll","Bane"],"relics":["Ring of the Snake","Darkstone Periapt","Mango","Sundial","Pandora\u0027s Box","White Beast Statue"],"acts_visited":["Exordium","TheCity"],"potions_floor_usage":[5,11,14,16,20,23,23],"damage_taken":[{"damage":3,"enemies":"2 Louse","floor":1,"turns":4},{"damage":0,"enemies":"Jaw Worm","floor":2,"turns":2},{"damage":6,"enemies":"Cultist","floor":3,"turns":5},{"damage":1,"enemies":"Large Slime","floor":5,"turns":4},{"damage":3,"enemies":"Looter","floor":7,"turns":3},{"damage":27,"enemies":"Lagavulin","floor":8,"turns":7},{"damage":5,"enemies":"Exordium Wildlife","floor":10,"turns":5},{"damage":19,"enemies":"Gremlin Nob","floor":11,"turns":5},{"damage":1,"enemies":"Blue Slaver","floor":13,"turns":3},{"damage":10,"enemies":"Exordium Thugs","floor":14,"turns":5},{"damage":15,"enemies":"The Guardian","floor":16,"turns":9},{"damage":39,"enemies":"2 Thieves","floor":18,"turns":4},{"damage":10,"enemies":"Chosen","floor":20,"turns":4},{"damage":15,"enemies":"Centurion and Healer","floor":21,"turns":6},{"damage":5,"enemies":"Book of Stabbing","floor":23,"turns":2}],"seed_played":"-6607089871832272112","potions_obtained":[{"floor":2,"key":"ColorlessPotion"},{"floor":10,"key":"Ancient Potion"},{"floor":11,"key":"Swift Potion"},{"floor":14,"key":"ColorlessPotion"},{"floor":16,"key":"Fruit Juice"},{"floor":20,"key":"SpeedPotion"}],"is_trial":false,"path_per_floor":["M","M","M","?","M","R","M","E","T","M","E","?","M","M","R","B",null,"M","?","M","M","$","E"],"character_chosen":"THE_SILENT","items_purchased":["Swift Potion","White Beast Statue","Bane"],"campfire_rested":1,"item_purchase_floors":[22,22,22],"current_hp_per_floor":[41,41,35,57,56,56,53,26,40,35,16,16,15,5,29,14,64,25,25,20,5,5,0,0],"gold":43,"neow_bonus":"THREE_RARE_CARDS","is_daily":false,"chose_seed":false,"campfire_upgraded":1,"win_rate":0.0,"timestamp":1614370368,"path_taken":["M","M","M","?","M","R","M","E","T","M","E","?","?","M","R","BOSS","M","?","M","M","$","E"],"items_purchased_type":["Potion","Relic","Card"],"build_version":"2020-12-22","purchased_purges":1,"victory":false,"max_hp_per_floor":[66,66,66,66,66,66,66,66,80,80,80,80,80,80,80,80,80,80,80,85,85,85,85,85],"relic_stats":{"Darkstone Periapt":0,"counters":[15,68],"Sundial":[2],"Pandora\u0027s Box":["Burst","Cloak And Dagger","Die Die Die","Catalyst","Burst","Bouncing Flask","Bouncing Flask","Dagger Spray","Finisher","Riddle With Holes"],"obtain_stats":[{"Darkstone Periapt":8,"Sundial":11,"Mango":9,"Pandora\u0027s Box":17,"White Beast Statue":22,"Ring of the Snake":0},{"Darkstone Periapt":6,"Sundial":8,"Mango":6,"Pandora\u0027s Box":11,"White Beast Statue":14,"Ring of the Snake":0},{"Darkstone Periapt":25,"Sundial":35,"Mango":25,"Pandora\u0027s Box":52,"White Beast Statue":66,"Ring of the Snake":0}],"Ring of the Snake":[30]},"card_choices":[{"not_picked":["Doppelganger","After Image"],"picked":"Adrenaline","floor":0},{"not_picked":["Dagger Throw","Quick Slash"],"picked":"Backstab","floor":1},{"not_picked":["Outmaneuver","Riddle With Holes"],"picked":"Escape Plan","floor":2},{"not_picked":["Sucker Punch","Acrobatics"],"picked":"Dagger Throw","floor":3},{"not_picked":["Accuracy","Flying Knee"],"picked":"Predator","floor":5},{"not_picked":["Outmaneuver","Dagger Throw"],"picked":"Leg Sweep","floor":7},{"not_picked":["All Out Attack","Flying Knee"],"picked":"Dagger Spray","floor":8},{"not_picked":["Noxious Fumes","Prepared"],"picked":"Dagger Spray","floor":10},{"not_picked":["Flying Knee","Adrenaline"],"picked":"Bouncing Flask","floor":11},{"not_picked":["Reflex","Leg Sweep"],"picked":"Noxious Fumes","floor":13},{"not_picked":["Deadly Poison","Slice"],"picked":"Crippling Poison","floor":14},{"not_picked":["Venomology","Malaise"],"picked":"Wraith Form v2","floor":16},{"not_picked":["Masterful Stab","Crippling Poison"],"picked":"PiercingWail","floor":18},{"not_picked":["Flying Knee","Dagger Throw+1","Endless Agony"],"picked":"SKIP","floor":20},{"not_picked":["Crippling Poison","Footwork"],"picked":"Dodge and Roll","floor":21}],"player_experience":831305,"relics_obtained":[{"floor":8,"key":"Darkstone Periapt"},{"floor":9,"key":"Mango"},{"floor":11,"key":"Sundial"}],"event_choices":[{"damage_healed":22,"gold_gain":0,"player_choice":"Banana","damage_taken":0,"max_hp_gain":0,"max_hp_loss":0,"event_name":"Big Fish","floor":4,"gold_loss":0},{"damage_healed":0,"gold_gain":100,"player_choice":"Gold","damage_taken":0,"max_hp_gain":0,"max_hp_loss":0,"event_name":"Wheel of Change","floor":12,"gold_loss":0},{"damage_healed":0,"gold_gain":0,"player_choice":"Ignored","damage_taken":0,"max_hp_gain":0,"max_hp_loss":0,"event_name":"Ghosts","floor":19,"gold_loss":0}],"is_beta":false,"boss_relics":[{"not_picked":["Fusion Hammer","SacredBark"],"picked":"Pandora\u0027s Box"}],"items_purged_floors":[22],"is_endless":false,"potions_floor_spawned":[2,10,11,14,16,20],"killed_by":"Book of Stabbing","ascension_level":17}}