{"host":"0cm5wy4nhuju7tij","time":1614375337,"event":{"mods":["2.2 Compatiblity","AchievementEnabler","BaseMod","Better Third Choice","BetterRewards","Colored Powertips","Curses Come First","Custom Start","Displayed Cursed Tome","Downfall","Energized Spire","Evolution","Filter the Spire","Fireblade Mod","Highlight Path","Jess\u0027s Bottle","KinomotoSakuraMod(????)","Minty Spire (QoL Compilation)","Permanent Neow","Poor People Problems","Relic Filter Mod","Relic Stats","Shop Mod","Spicy Shops","StSLib","The Cursed","The Servant 0.9.4","TheSwordswoman","TheVacant","Weighted Paths"],"gold_per_floor":[218,232,252,28,39,39,66,66,66,66,81,181,181,200,200,298,298,308,268,285,305,322,322,338,338,338,364,383,397,432,188,188,288,288,305,318,25,41,54,80,80,80],"floor_reached":41,"language":"ENG","playtime":2661,"items_purged":[],"score":569,"play_id":"c1fa2583-1eeb-47b6-aabd-e263058fb927","local_time":"20210226163537","is_ascension_mode":false,"campfire_choices":[{"data":"FireBladeMod:GetPumped","floor":8,"key":"SMITH"},{"data":"FireBladeMod:StunningBlow","floor":10,"key":"SMITH"},{"data":"FireBladeMod:SpinningSmash","floor":13,"key":"SMITH"},{"floor":15,"key":"RECALL"},{"data":"FireBladeMod:Arson","floor":23,"key":"SMITH"},{"data":"FireBladeMod:Unbalance","floor":25,"key":"SMITH"},{"data":"FireBladeMod:SoulSword","floor":32,"key":"SMITH"}],"circlet_count":0,"master_deck":["FireBladeMod:ComplexAttack","FireBladeMod:ComplexAttack","FireBladeMod:ComplexAttack","FireBladeMod:ComplexAttack","FireBladeMod:ComplexDefense","FireBladeMod:ComplexDefense","FireBladeMod:ComplexDefense","FireBladeMod:ComplexDefense","FireBladeMod:FlamingSword","FireBladeMod:FireBarrier","FireBladeMod:ComboCleave","FireBladeMod:HealthyEndurance","FireBladeMod:Flames","FireBladeMod:GetPumped+1","FireBladeMod:StunningBlow+1","FireBladeMod:Accelerant","FireBladeMod:HealthyEndurance","FireBladeMod:SpinningSmash+1","FireBladeMod:ComboCleave","FireBladeMod:AfterBurn","FireBladeMod:ComplexDefense+1","FireBladeMod:SpinningSmash","FireBladeMod:Arson+1","FireBladeMod:ScorchingStrike","FireBladeMod:SmokeScreen","FireBladeMod:Arson+1","FireBladeMod:IronEndurance","FireBladeMod:Unbalance+1","FireBladeMod:ComboCleave","FireBladeMod:Robust","FireBladeMod:SoulSword+1","FireBladeMod:ComboSlashes","FireBladeMod:EternalEndurance","FireBladeMod:SoulStrike","FireBladeMod:GetPumped","FireBladeMod:LayeredDefense","FireBladeMod:GetPumped","FireBladeMod:ScorchingCleave","FireBladeMod:SpinningSmash+1","FireBladeMod:FinishingBarrage+1"],"relics":["FireBladeMod:DuelistLocket","EVO:Axolotl","Anchor","Eternal Feather","Prayer Wheel","Busted Crown","Akabeko","Mango","Lantern","Strange Spoon","energizedSpire:EnergizedDie","Bag of Marbles"],"acts_visited":["Exordium","TheCity","TheBeyond"],"potions_floor_usage":[40,40,41,41],"damage_taken":[{"damage":0,"enemies":"Cultist","floor":1,"turns":2},{"damage":0,"enemies":"Jaw Worm","floor":2,"turns":2},{"damage":0,"enemies":"2 Louse","floor":3,"turns":2},{"damage":0,"enemies":"Gremlin Gang","floor":5,"turns":2},{"damage":16,"enemies":"Lagavulin","floor":7,"turns":9},{"damage":0,"enemies":"Exordium Thugs","floor":11,"turns":3},{"damage":0,"enemies":"Large Slime","floor":14,"turns":4},{"damage":75,"enemies":"Slime Boss","floor":16,"turns":9},{"damage":12,"enemies":"Spheric Guardian","floor":18,"turns":3},{"damage":11,"enemies":"2 Thieves","floor":20,"turns":4},{"damage":3,"enemies":"Centurion and Healer","floor":21,"turns":5},{"damage":21,"enemies":"Chosen and Byrds","floor":22,"turns":5},{"damage":21,"enemies":"Shelled Parasite and Fungi","floor":24,"turns":5},{"damage":9,"enemies":"Book of Stabbing","floor":27,"turns":5},{"damage":12,"enemies":"Snecko","floor":28,"turns":5},{"damage":0,"enemies":"Centurion and Healer","floor":29,"turns":5},{"damage":8,"enemies":"Gremlin Leader","floor":30,"turns":5},{"damage":72,"enemies":"Champ","floor":33,"turns":12},{"damage":14,"enemies":"3 Darklings","floor":35,"turns":4},{"damage":3,"enemies":"3 Shapes","floor":36,"turns":3},{"damage":0,"enemies":"Sphere and 2 Shapes","floor":38,"turns":3},{"damage":0,"enemies":"Jaw Worm Horde","floor":39,"turns":3},{"damage":85,"enemies":"Reptomancer","floor":40,"turns":6},{"damage":7,"enemies":"Transient","floor":41,"turns":3}],"seed_played":"6604923913285859246","potions_obtained":[{"floor":3,"key":"FireBladeMod:NapalmFlask"},{"floor":5,"key":"Weak Potion"},{"floor":16,"key":"EssenceOfSteel"},{"floor":40,"key":"FireBladeMod:NapalmFlask"}],"is_trial":false,"path_per_floor":["M","M","M","$","M","?","E","R","T","R","M","?","R","M","R","B",null,"M","?","M","M","M","R","M","R","T","E","M","M","E","$","R","B",null,"M","M","$","M","M","E","M"],"character_chosen":"THE_FIREBLADE","items_purchased":["FireBladeMod:GetPumped","Anchor","FireBladeMod:SoulSword","FireBladeMod:ComboSlashes","Strange Spoon","FireBladeMod:LayeredDefense","FireBladeMod:GetPumped","FireBladeMod:ScorchingCleave"],"campfire_rested":0,"item_purchase_floors":[4,4,31,31,31,37,37,37],"current_hp_per_floor":[71,71,71,71,71,71,55,64,64,71,71,71,71,71,71,8,71,59,59,54,57,42,57,42,57,57,62,56,62,66,66,84,24,85,77,74,74,80,80,6,0,0],"gold":80,"neow_bonus":"HUNDRED_GOLD","is_daily":false,"chose_seed":false,"campfire_upgraded":6,"win_rate":0.0,"timestamp":1614375337,"path_taken":["M","?","M","$","M","?","E","R","T","R","M","?","R","?","R","BOSS","M","?","M","M","M","R","M","R","T","E","M","M","E","$","R","BOSS","M","M","$","M","M","E","M"],"items_purchased_type":["Card","Relic","Card","Card","Relic","Card","Card","Card"],"build_version":"2020-12-22","purchased_purges":0,"victory":false,"max_hp_per_floor":[71,71,71,71,71,71,71,71,71,71,71,71,71,71,71,71,71,71,71,71,71,71,71,71,71,71,85,85,85,85,85,85,85,85,85,85,85,85,85,85,85,85],"relic_stats":{"Strange Spoon":[13],"Busted Crown":52,"counters":[24,109],"Eternal Feather":64,"Prayer Wheel":13,"obtain_stats":[{"Strange Spoon":31,"Anchor":4,"Lantern":30,"Busted Crown":17,"FireBladeMod:DuelistLocket":0,"energizedSpire:EnergizedDie":34,"Eternal Feather":7,"Prayer Wheel":9,"Mango":27,"Bag of Marbles":40,"EVO:Axolotl":0,"Akabeko":26},{"Strange Spoon":17,"Anchor":3,"Lantern":17,"Busted Crown":8,"FireBladeMod:DuelistLocket":0,"energizedSpire:EnergizedDie":18,"Eternal Feather":5,"Prayer Wheel":5,"Mango":14,"Bag of Marbles":23,"EVO:Axolotl":0,"Akabeko":13},{"Strange Spoon":75,"Anchor":6,"Lantern":75,"Busted Crown":33,"FireBladeMod:DuelistLocket":0,"energizedSpire:EnergizedDie":87,"Eternal Feather":17,"Prayer Wheel":17,"Mango":60,"Bag of Marbles":106,"EVO:Axolotl":0,"Akabeko":55}]},"card_choices":[{"not_picked":["FireBladeMod:TorsoSmash","FireBladeMod:SmokeInTheEyes"],"picked":"FireBladeMod:ComboCleave","floor":1},{"not_picked":["FireBladeMod:SteadyEndurance","FireBladeMod:MomentumStrikes"],"picked":"FireBladeMod:HealthyEndurance","floor":2},{"not_picked":["FireBladeMod:QuickJabs","FireBladeMod:Feint"],"picked":"FireBladeMod:Flames","floor":3},{"not_picked":["FireBladeMod:QuickJabs","FireBladeMod:Feint"],"picked":"FireBladeMod:StunningBlow","floor":5},{"not_picked":["FireBladeMod:Shove","FireBladeMod:WellPrepared"],"picked":"FireBladeMod:Accelerant","floor":7},{"not_picked":["FireBladeMod:StingingSlash","FireBladeMod:ComplexDefense"],"picked":"FireBladeMod:HealthyEndurance","floor":11},{"not_picked":["FireBladeMod:Flames","FireBladeMod:Shove"],"picked":"FireBladeMod:SpinningSmash","floor":11},{"not_picked":["FireBladeMod:TorsoSmash","FireBladeMod:BackhandSwing"],"picked":"FireBladeMod:ComboCleave","floor":14},{"not_picked":["FireBladeMod:SteadyEndurance","FireBladeMod:Shove","FireBladeMod:ArmSmash"],"picked":"SKIP","floor":14},{"not_picked":["FireBladeMod:Improvise","FireBladeMod:BodyAsFuel"],"picked":"FireBladeMod:AfterBurn","floor":16},{"not_picked":[],"picked":"FireBladeMod:ComplexDefense+1","floor":18},{"not_picked":[],"picked":"FireBladeMod:SpinningSmash","floor":18},{"not_picked":[],"picked":"FireBladeMod:Arson+1","floor":20},{"not_picked":["FireBladeMod:FerventSlash"],"picked":"SKIP","floor":20},{"not_picked":[],"picked":"FireBladeMod:ScorchingStrike","floor":21},{"not_picked":[],"picked":"FireBladeMod:SmokeScreen","floor":21},{"not_picked":[],"picked":"FireBladeMod:Arson","floor":22},{"not_picked":[],"picked":"FireBladeMod:IronEndurance","floor":22},{"not_picked":[],"picked":"FireBladeMod:Unbalance","floor":24},{"not_picked":[],"picked":"FireBladeMod:ComboCleave","floor":24},{"not_picked":[],"picked":"FireBladeMod:Robust","floor":27},{"not_picked":["FireBladeMod:ComboCleave"],"picked":"SKIP","floor":28},{"not_picked":["FireBladeMod:Shove"],"picked":"SKIP","floor":28},{"not_picked":["FireBladeMod:StunningBlow"],"picked":"SKIP","floor":29},{"not_picked":["FireBladeMod:WellPrepared"],"picked":"SKIP","floor":29},{"not_picked":["FireBladeMod:Shove+1"],"picked":"SKIP","floor":30},{"not_picked":[],"picked":"FireBladeMod:EternalEndurance","floor":33},{"not_picked":["FireBladeMod:Reposition+1"],"picked":"SKIP","floor":35},{"not_picked":["FireBladeMod:Turtle"],"picked":"SKIP","floor":35},{"not_picked":[],"picked":"FireBladeMod:SoulStrike","floor":36},{"not_picked":[],"picked":"FireBladeMod:GetPumped","floor":36},{"not_picked":[],"picked":"FireBladeMod:SpinningSmash+1","floor":38},{"not_picked":["FireBladeMod:SmashingEndurance"],"picked":"SKIP","floor":38},{"not_picked":[],"picked":"FireBladeMod:FinishingBarrage+1","floor":39},{"not_picked":["FireBladeMod:Tempo"],"picked":"SKIP","floor":39},{"not_picked":["FireBladeMod:Refreshment+1"],"picked":"SKIP","floor":40}],"player_experience":470709,"relics_obtained":[{"floor":7,"key":"Eternal Feather"},{"floor":9,"key":"Prayer Wheel"},{"floor":26,"key":"Akabeko"},{"floor":27,"key":"Mango"},{"floor":30,"key":"Lantern"},{"floor":40,"key":"Bag of Marbles"}],"event_choices":[{"damage_healed":0,"gold_gain":0,"player_choice":"Leave","damage_taken":0,"max_hp_gain":0,"max_hp_loss":0,"event_name":"The Cleric","floor":6,"gold_loss":0},{"damage_healed":0,"gold_gain":100,"player_choice":"Pray","damage_taken":0,"max_hp_gain":0,"max_hp_loss":0,"event_name":"Golden Shrine","floor":12,"gold_loss":0}],"is_beta":false,"boss_relics":[{"not_picked":["Runic Pyramid","Pandora\u0027s Box"],"picked":"Busted Crown"},{"not_picked":["FireBladeMod:InnerFlame","Velvet Choker"],"picked":"energizedSpire:EnergizedDie"}],"items_purged_floors":[],"is_endless":false,"potions_floor_spawned":[2,3,5,16,18,20,21,27,33,36,40],"killed_by":"Transient","ascension_level":0}}