{"host":"qwv9nni2x0umspiu","time":1614310631,"event":{"mods":["BaseMod","Downfall","Minty Spire (QoL Compilation)","Replay The Spire","StSLib","The Hierophant","Wandering Minibosses"],"gold_per_floor":[109,109,56,66,16,46,46,76,76,76,91,88,88,88],"floor_reached":13,"language":"ENG","playtime":417,"items_purged":[],"score":236,"play_id":"eb7f37dd-2108-439c-a51c-3262c4a971f4","local_time":"20210225193711","is_ascension_mode":true,"campfire_choices":[{"data":"hierophant:ChurchCoffers","floor":7,"key":"SMITH"},{"data":"hierophant:Punish","floor":10,"key":"SMITH"}],"circlet_count":0,"master_deck":["AscendersBane","hierophant:Strike_Hierophant","hierophant:Strike_Hierophant","hierophant:Strike_Hierophant","hierophant:Strike_Hierophant","hierophant:Punish+1","hierophant:Defend_Hierophant","hierophant:Defend_Hierophant","hierophant:Defend_Hierophant","hierophant:Defend_Hierophant","hierophant:ChurchCoffers+1","hierophant:SealAway","hierophant:Chorus","hierophant:HammerAndAnvil"],"relics":["hierophant:PropheticMaskRelic","NeowsBlessing","Golden Egg","Smiling Mask","Ginger"],"acts_visited":["Exordium"],"potions_floor_usage":[12,13],"damage_taken":[{"damage":0,"enemies":"Jaw Worm","floor":1,"turns":1},{"damage":0,"enemies":"Cultist","floor":4,"turns":1},{"damage":0,"enemies":"Gremlin Nob","floor":6,"turns":1},{"damage":20,"enemies":"3 Sentries","floor":8,"turns":8},{"damage":4,"enemies":"2 Louse","floor":11,"turns":2},{"damage":6,"enemies":"Looter","floor":12,"turns":2},{"damage":25,"enemies":"Lagavulin","floor":13,"turns":5}],"seed_played":"-3704036485903507531","potions_obtained":[{"floor":8,"key":"hexamod:SoulburnPotion"},{"floor":11,"key":"Strength Potion"}],"is_trial":false,"path_per_floor":["M","?","$","M","?","E","R","E","T","R","M","M","E"],"character_chosen":"HIEROPHANT","items_purchased":["hierophant:SealAway"],"campfire_rested":0,"item_purchase_floors":[3],"current_hp_per_floor":[68,73,73,73,73,73,73,53,53,53,49,43,18,18],"gold":88,"neow_bonus":"THREE_ENEMY_KILL","is_daily":false,"chose_seed":false,"campfire_upgraded":2,"win_rate":0.0,"timestamp":1614310631,"path_taken":["M","?","$","M","?","E","R","E","T","R","M","?","E"],"items_purchased_type":["Card"],"build_version":"2020-12-22","purchased_purges":0,"victory":false,"max_hp_per_floor":[75,80,80,80,80,80,80,80,80,80,80,80,80,80],"card_choices":[{"not_picked":["hierophant:AuricBeam","hierophant:Remorse","hierophant:DisplayOfPower"],"picked":"SKIP","floor":1},{"not_picked":["hierophant:Mercenaries","hierophant:EyeForCoin","hierophant:Remorse"],"picked":"SKIP","floor":4},{"not_picked":["hierophant:AuricForm","hierophant:Blessing"],"picked":"hierophant:Chorus","floor":6},{"not_picked":["hierophant:Flagellation","hierophant:OrnateJavelin","hierophant:Repentance"],"picked":"SKIP","floor":8},{"not_picked":["hierophant:OrnateBuckler","hierophant:MirrorShield"],"picked":"hierophant:HammerAndAnvil","floor":11},{"not_picked":["hierophant:Embezzle","hierophant:Sermon","hierophant:Endure"],"picked":"SKIP","floor":12}],"player_experience":1382174,"relics_obtained":[{"floor":8,"key":"Smiling Mask"},{"floor":9,"key":"Ginger"}],"event_choices":[{"damage_healed":0,"gold_gain":0,"player_choice":"Donut","damage_taken":0,"max_hp_gain":5,"max_hp_loss":0,"event_name":"Big Fish","floor":2,"gold_loss":0},{"damage_healed":0,"gold_gain":0,"player_choice":"Paid Gold","damage_taken":0,"relics_obtained":["Golden Egg"],"max_hp_gain":0,"max_hp_loss":0,"event_name":"WeMeetAgain","floor":5,"gold_loss":50}],"is_beta":false,"boss_relics":[],"items_purged_floors":[],"is_endless":false,"potions_floor_spawned":[8,11],"killed_by":"Lagavulin","ascension_level":20}}