{"host":"51f0ad793vly1w6u","time":1614322929,"event":{"mods":["BaseMod","Colored Map","DeckTracker","Minty Spire (QoL Compilation)","StSLib","SuperFastMode"],"gold_per_floor":[117,132,132,132,144,144,156,189,216,226,226,261,211,229,229,229,229],"floor_reached":16,"language":"KOR","playtime":332,"items_purged":[],"score":162,"play_id":"3d7f6fb3-a283-49cf-8633-52de09ab9664","local_time":"20210226160209","is_ascension_mode":true,"campfire_choices":[{"data":"Burst","floor":6,"key":"SMITH"},{"data":"Tactician","floor":11,"key":"SMITH"},{"data":"Reflex","floor":15,"key":"SMITH"}],"circlet_count":0,"master_deck":["Strike_G","Strike_G","Strike_G","Strike_G","Defend_G","Defend_G","Defend_G","Defend_G","Defend_G","Survivor","Neutralize","Burst+1","Dash","Backstab","Deadly Poison","Poisoned Stab","Tactician+1","Backflip","Dagger Spray","Reflex+1"],"relics":["Ring of the Snake","Centennial Puzzle","Toy Ornithopter","Vajra"],"acts_visited":["Exordium"],"potions_floor_usage":[8,12,16],"damage_taken":[{"damage":1,"enemies":"Small Slimes","floor":1,"turns":5},{"damage":6,"enemies":"Jaw Worm","floor":2,"turns":5},{"damage":0,"enemies":"2 Louse","floor":5,"turns":3},{"damage":6,"enemies":"Large Slime","floor":7,"turns":7},{"damage":12,"enemies":"3 Sentries","floor":8,"turns":9},{"damage":0,"enemies":"Gremlin Gang","floor":10,"turns":6},{"damage":30,"enemies":"Lagavulin","floor":12,"turns":9},{"damage":0,"enemies":"3 Louse","floor":14,"turns":3},{"damage":12,"enemies":"Slime Boss","floor":16,"turns":5}],"seed_played":"-9035641597443066104","potions_obtained":[{"floor":2,"key":"FearPotion"},{"floor":7,"key":"Block Potion"},{"floor":12,"key":"Weak Potion"},{"floor":14,"key":"SkillPotion"}],"is_trial":false,"path_per_floor":["M","M","?","?","M","R","M","E","T","M","R","E","?","M","R","B"],"character_chosen":"THE_SILENT","items_purchased":[],"campfire_rested":0,"item_purchase_floors":[],"current_hp_per_floor":[44,38,61,61,61,61,55,43,43,43,43,18,18,18,18,11,11],"gold":229,"neow_bonus":"THREE_RARE_CARDS","is_daily":false,"chose_seed":false,"campfire_upgraded":3,"win_rate":0.0,"timestamp":1614322929,"path_taken":["M","M","?","?","M","R","M","E","T","M","R","E","?","M","R","BOSS"],"items_purchased_type":[],"build_version":"2020-12-22","purchased_purges":0,"victory":false,"max_hp_per_floor":[70,70,70,70,70,70,70,70,70,70,70,70,70,70,70,70,70],"card_choices":[{"not_picked":["Unload","Doppelganger"],"picked":"Burst","floor":0},{"not_picked":["Poisoned Stab","Bouncing Flask"],"picked":"Dash","floor":1},{"not_picked":["Slice","Outmaneuver"],"picked":"Backstab","floor":2},{"not_picked":["Reflex","Deflect"],"picked":"Deadly Poison","floor":5},{"not_picked":["Slice","Masterful Stab"],"picked":"Poisoned Stab","floor":7},{"not_picked":["Prepared","Unload"],"picked":"Tactician","floor":8},{"not_picked":["Blade Dance","Slice"],"picked":"Backflip","floor":10},{"not_picked":["Cloak And Dagger","Concentrate"],"picked":"Dagger Spray","floor":12},{"not_picked":["Concentrate","Blade Dance"],"picked":"Reflex","floor":14}],"player_experience":1474530,"relics_obtained":[{"floor":8,"key":"Centennial Puzzle"},{"floor":9,"key":"Toy Ornithopter"},{"floor":12,"key":"Vajra"}],"event_choices":[{"damage_healed":23,"gold_gain":0,"player_choice":"Banana","damage_taken":0,"max_hp_gain":0,"max_hp_loss":0,"event_name":"Big Fish","floor":3,"gold_loss":0},{"damage_healed":0,"gold_gain":0,"player_choice":"Ignored","damage_taken":0,"max_hp_gain":0,"max_hp_loss":0,"event_name":"Liars Game","floor":4,"gold_loss":0},{"cards_removed":["Strike_G"],"damage_healed":0,"gold_gain":0,"player_choice":"Card Removal","damage_taken":0,"max_hp_gain":0,"max_hp_loss":0,"event_name":"The Cleric","floor":13,"gold_loss":50}],"is_beta":false,"boss_relics":[],"items_purged_floors":[],"is_endless":false,"potions_floor_spawned":[2,7,12,14],"killed_by":"Slime Boss","ascension_level":9}}