{"host":"742iv5syyyu8a2dy","time":1614307739,"event":{"mods":["BaseMod","Bestiary","Block Reminder","Colored Powertips","Downfall","Minty Spire (QoL Compilation)","Practice Mode","Quick Restart","Relic Stats","StSLib"],"gold_per_floor":[117,292,98,116,134,162,182,282,282,297,297,317,317,345,345,448,448,460,460,101,101,111,111,111],"floor_reached":23,"language":"ENG","playtime":1223,"items_purged":["Doubt","downfall:Bewildered"],"score":211,"play_id":"a55404c1-0c3f-4f26-8b32-c3f1097f7873","local_time":"20210225214859","is_ascension_mode":true,"campfire_choices":[{"data":"Eruption","floor":11.0,"key":"SMITH"},{"data":"TalkToTheHand","floor":13.0,"key":"SMITH"},{"floor":15.0,"key":"REST"}],"circlet_count":0,"master_deck":["Strike_P","Strike_P","Strike_P","Strike_P","Defend_P","Defend_P","Defend_P","Defend_P","Eruption+1","Vigilance","Protect","Protect","BattleHymn","Wireheading","SandsOfTime","FearNoEvil","Prostrate","BattleHymn","TalkToTheHand+1","DeusExMachina","Blasphemy","FlyingSleeves+1","Nirvana","Secret Technique","Prostrate"],"relics":["PureWater","NeowsBlessing","Potion Belt","Pantograph","Incense Burner","Black Star","sneckomod:BabySnecko","Sundial"],"acts_visited":["Exordium","TheCity"],"potions_floor_usage":[],"damage_taken":[{"damage":0.0,"enemies":"Small Slimes","floor":1.0,"turns":1.0},{"damage":0.0,"enemies":"Jaw Worm","floor":4.0,"turns":1.0},{"damage":0.0,"enemies":"Cultist","floor":5.0,"turns":1.0},{"damage":32.0,"enemies":"3 Sentries","floor":6.0,"turns":8.0},{"damage":0.0,"enemies":"Blue Slaver","floor":7.0,"turns":5.0},{"damage":6.0,"enemies":"3 Louse","floor":10.0,"turns":5.0},{"damage":1.0,"enemies":"2 Fungi Beasts","floor":12.0,"turns":4.0},{"damage":11.0,"enemies":"Lagavulin","floor":14.0,"turns":7.0},{"damage":14.0,"enemies":"Hexaghost","floor":16.0,"turns":7.0},{"damage":4.0,"enemies":"Shell Parasite","floor":18.0,"turns":5.0},{"damage":0,"enemies":"Chosen","floor":22,"turns":3},{"damage":100013,"enemies":"Book of Stabbing","floor":23,"turns":4}],"seed_played":"2720783429089847021","potions_obtained":[{"floor":6.0,"key":"SkillPotion"},{"floor":10.0,"key":"SkillPotion"},{"floor":12.0,"key":"champ:CounterPotion"},{"floor":16.0,"key":"SmokeBomb"},{"floor":18.0,"key":"SpeedPotion"}],"is_trial":false,"path_per_floor":["M","?","$","M","M","E","M","?","T","M","R","M","R","E","R","B",null,"M","?","$","?","M","E"],"character_chosen":"WATCHER","items_purchased":["Protect","BattleHymn","Nirvana","Secret Technique"],"campfire_rested":1,"item_purchase_floors":[3,3,20,20],"current_hp_per_floor":[72,72,72,72,72,40,40,40,40,34,34,33,33,22,43,54,72,68,68,68,68,68,0,0],"gold":111,"neow_bonus":"THREE_ENEMY_KILL","is_daily":false,"chose_seed":false,"campfire_upgraded":2,"win_rate":0.0,"timestamp":1614307739,"path_taken":["M","?","?","M","M","E","M","?","T","M","R","?","R","E","R","BOSS","M","?","$","?","M","E"],"items_purchased_type":["Card","Card","Card","Card"],"build_version":"2020-12-22","purchased_purges":2,"victory":false,"max_hp_per_floor":[72,72,72,72,72,72,72,72,72,72,72,72,72,72,72,72,72,72,72,72,72,72,72,72],"relic_stats":{"counters":[12,50],"Sundial":[0],"Pantograph":25,"Black Star":0,"obtain_stats":[{"Potion Belt":6,"sneckomod:BabySnecko":19,"NeowsBlessing":0,"Sundial":21,"Pantograph":9,"Incense Burner":14,"Black Star":17,"PureWater":0},{"Potion Belt":4,"sneckomod:BabySnecko":10,"NeowsBlessing":0,"Sundial":10,"Pantograph":5,"Incense Burner":8,"Black Star":9,"PureWater":0},{"Potion Belt":11,"sneckomod:BabySnecko":44,"NeowsBlessing":0,"Sundial":44,"Pantograph":16,"Incense Burner":32,"Black Star":39,"PureWater":0}]},"card_choices":[{"not_picked":["ClearTheMind","EmptyMind"],"picked":"Protect","floor":1.0},{"not_picked":["Collect","Prostrate"],"picked":"Wireheading","floor":4.0},{"not_picked":["Perseverance","Judgement"],"picked":"SandsOfTime","floor":5.0},{"not_picked":["DeceiveReality","ThirdEye"],"picked":"FearNoEvil","floor":6.0},{"not_picked":["PathToVictory","BowlingBash"],"picked":"Prostrate","floor":7.0},{"not_picked":["CrushJoints","Vengeance"],"picked":"BattleHymn","floor":10.0},{"not_picked":["FollowUp","Consecrate"],"picked":"TalkToTheHand","floor":12.0},{"not_picked":["FollowUp","EmptyMind"],"picked":"DeusExMachina","floor":14.0},{"not_picked":["Devotion","MasterReality"],"picked":"Blasphemy","floor":16.0},{"not_picked":["LikeWater+1","Consecrate"],"picked":"FlyingSleeves+1","floor":18.0},{"not_picked":["Halt","ThirdEye"],"picked":"Prostrate","floor":22}],"player_experience":263751,"relics_obtained":[{"floor":6.0,"key":"Potion Belt"},{"floor":9.0,"key":"Pantograph"},{"floor":14.0,"key":"Incense Burner"}],"event_choices":[{"damage_healed":0.0,"max_hp_gain":0.0,"max_hp_loss":0.0,"gold_gain":175.0,"event_name":"Liars Game","player_choice":"AGREE","floor":2.0,"gold_loss":0.0,"damage_taken":0.0,"cards_obtained":["Doubt"]},{"damage_healed":0.0,"max_hp_gain":0.0,"max_hp_loss":0.0,"gold_gain":100.0,"event_name":"Golden Shrine","player_choice":"Pray","floor":8.0,"gold_loss":0.0,"damage_taken":0.0},{"damage_healed":0.0,"max_hp_gain":0.0,"max_hp_loss":0.0,"gold_gain":0.0,"event_name":"The Mausoleum","player_choice":"Opened","floor":21.0,"gold_loss":0.0,"damage_taken":0.0,"relics_obtained":["Sundial"]}],"is_beta":false,"boss_relics":[{"not_picked":["VioletLotus","Runic Dome"],"picked":"Black Star"}],"items_purged_floors":[3,20],"is_endless":false,"potions_floor_spawned":[6,10,12,16,18],"killed_by":"Book of Stabbing","ascension_level":1}}