{"host":"uhnh33uh34qot0et","time":1614303075,"event":{"mods":["Act Like it!","BaseMod","Bossed Relics","Colored Map","Downfall","GungeonMod","Hallownest","Hermit","JesterMod","Marisa????????","Minty Spire (QoL Compilation)","Relic Stats","Replay The Spire","Ruina","StSLib","The Construct","The Cursed","The Hierophant","The Servant 0.9.4"],"gold_per_floor":[112,112,65,76,95,121,121,136,162,162,173,190,286,207,207,306,306,324,324,335,335,365,365,380,35,59,59,59],"floor_reached":27,"language":"ENG","playtime":944,"items_purged":[],"score":263,"play_id":"aa7ae7db-f9a2-4d3c-8ba9-289e6e5bc650","local_time":"20210226023115","is_ascension_mode":false,"campfire_choices":[{"data":"DevaForm","floor":7,"key":"SMITH"},{"floor":10,"key":"REST"},{"floor":15,"key":"REST"},{"floor":23,"key":"REST"}],"circlet_count":0,"master_deck":["Strike_P","Strike_P","Strike_P","Strike_P","Defend_P","Defend_P","Defend_P","Defend_P","Eruption","Vigilance","FollowUp","BattleHymn","PathToVictory","DevaForm+1","PathToVictory","EmptyFist","ConjureBlade","InnerPeace","PathToVictory","Ragnarok","EmptyMind+1","Adaptation","Collect","Pray","FollowUp","ReplayTheSpireMod:IOU"],"relics":["PureWater","DemoMod:LamentConfigurum","Blood Vial","Pear","Replay:Wax Seal","construct:WeddingRing","Red Mask","DemoMod:GlassGuonStoneRelic","Divine Protection","HandDrill","DemoMod:PoisonVial"],"acts_visited":["Exordium","TheCity"],"potions_floor_usage":[6,20,22],"damage_taken":[{"damage":0,"enemies":"Cultist","floor":1,"turns":2},{"damage":6,"enemies":"Jaw Worm","floor":4,"turns":2},{"damage":1,"enemies":"2 Louse","floor":5,"turns":3},{"damage":0,"enemies":"Gremlin Nob","floor":6,"turns":2},{"damage":34,"enemies":"Gremlin Gang","floor":8,"turns":8},{"damage":24,"enemies":"Red Slaver","floor":11,"turns":7},{"damage":18,"enemies":"3 Louse","floor":12,"turns":6},{"damage":38,"enemies":"Hexaghost","floor":16,"turns":6},{"damage":19,"enemies":"Shell Parasite","floor":18,"turns":6},{"damage":25,"enemies":"2 Thieves","floor":20,"turns":3},{"damage":31,"enemies":"Masked Bandits","floor":22,"turns":5},{"damage":35,"enemies":"Snake Plant","floor":24,"turns":4},{"damage":23,"enemies":"Gremlin Leader","floor":27,"turns":2}],"seed_played":"-7468462940760149293","potions_obtained":[{"floor":5,"key":"Strength Potion"},{"floor":8,"key":"sneckomod:MuddlingPotion"},{"floor":16,"key":"Milkshake"},{"floor":18,"key":"StancePotion"},{"floor":19,"key":"AttackPotion"},{"floor":19,"key":"Ambrosia"},{"floor":22,"key":"construct:ShiftPotion"}],"is_trial":false,"path_per_floor":["M","?","$","M","M","E","R","M","T","R","M","M","?","$","R","B",null,"M","?","M","$","?","R","M","$","T","E"],"character_chosen":"WATCHER","items_purchased":["FollowUp","Replay:Wax Seal","FollowUp","Divine Protection","HandDrill"],"campfire_rested":3,"item_purchase_floors":[3,14,25,25,25],"current_hp_per_floor":[79,79,79,73,72,72,72,38,38,61,49,33,33,33,59,23,89,70,70,47,47,18,44,11,11,11,0,0],"gold":59,"neow_bonus":"TEN_PERCENT_HP_BONUS","is_daily":false,"chose_seed":false,"campfire_upgraded":1,"win_rate":0.0,"timestamp":1614303075,"path_taken":["M","?","?","M","M","E","R","M","T","R","M","?","?","$","R","BOSS","M","?","?","$","?","R","M","$","T","E"],"items_purchased_type":["Card","Relic","Card","Relic","Relic"],"build_version":"2020-12-22","purchased_purges":0,"victory":false,"max_hp_per_floor":[79,79,79,79,79,79,79,79,79,79,89,89,89,89,89,89,89,89,89,89,89,89,89,89,89,89,89,89],"relic_stats":{"Blood Vial":14,"counters":[13,56],"HandDrill":[0],"obtain_stats":[{"Blood Vial":9,"Divine Protection":25,"Pear":11,"construct:WeddingRing":17,"DemoMod:PoisonVial":26,"DemoMod:LamentConfigurum":6,"DemoMod:GlassGuonStoneRelic":5,"Red Mask":22,"HandDrill":25,"PureWater":0,"Replay:Wax Seal":14},{"Blood Vial":5,"Divine Protection":12,"Pear":6,"construct:WeddingRing":8,"DemoMod:PoisonVial":12,"DemoMod:LamentConfigurum":4,"DemoMod:GlassGuonStoneRelic":3,"Red Mask":11,"HandDrill":12,"PureWater":0,"Replay:Wax Seal":7},{"Blood Vial":17,"Divine Protection":54,"Pear":21,"construct:WeddingRing":36,"DemoMod:PoisonVial":54,"DemoMod:LamentConfigurum":9,"DemoMod:GlassGuonStoneRelic":7,"Red Mask":50,"HandDrill":54,"PureWater":0,"Replay:Wax Seal":30}]},"card_choices":[{"not_picked":["ClearTheMind","JustLucky"],"picked":"Replay:Battleflow","floor":1},{"not_picked":["LikeWater","WheelKick"],"picked":"BattleHymn","floor":4},{"not_picked":["Protect","Crescendo"],"picked":"PathToVictory","floor":5},{"not_picked":["ForeignInfluence","MasterReality"],"picked":"DevaForm","floor":6},{"not_picked":["ForeignInfluence","EmptyFist"],"picked":"PathToVictory","floor":8},{"not_picked":["InnerPeace","Protect"],"picked":"EmptyFist","floor":11},{"not_picked":["Crescendo","ThirdEye"],"picked":"ConjureBlade","floor":12},{"not_picked":["Replay:Cycle","CutThroughFate"],"picked":"InnerPeace","floor":13},{"not_picked":["WaveOfTheHand","SashWhip"],"picked":"PathToVictory","floor":13},{"not_picked":["Replay:LoomingThreat","DeusExMachina"],"picked":"Ragnarok","floor":16},{"not_picked":["JustLucky","Halt"],"picked":"EmptyMind+1","floor":18},{"not_picked":["Sanctity","WreathOfFlame+1"],"picked":"Adaptation","floor":20},{"not_picked":["Evaluate","BowlingBash+1"],"picked":"Collect","floor":22},{"not_picked":["Evaluate","Replay:BluntJabs"],"picked":"Pray","floor":24}],"player_experience":70975,"relics_obtained":[{"floor":6,"key":"DemoMod:LamentConfigurum"},{"floor":9,"key":"Blood Vial"},{"floor":22,"key":"Red Mask"},{"floor":26,"key":"DemoMod:PoisonVial"}],"event_choices":[{"cards_removed":["Replay:Battleflow"],"damage_healed":0,"gold_gain":0,"player_choice":"Offered Uncommon","damage_taken":0,"max_hp_gain":0,"max_hp_loss":0,"event_name":"Bonfire Elementals","floor":2,"gold_loss":0},{"damage_healed":0,"gold_gain":0,"player_choice":"Got Potions","damage_taken":0,"max_hp_gain":0,"max_hp_loss":0,"event_name":"Lab","floor":19,"gold_loss":0},{"damage_healed":0,"gold_gain":0,"player_choice":"Fought Bandits","damage_taken":0,"max_hp_gain":0,"max_hp_loss":0,"event_name":"Masked Bandits","floor":22,"gold_loss":0}],"is_beta":false,"boss_relics":[{"not_picked":["sneckomod:SneckoTalon","SlaversCollar"],"picked":"construct:WeddingRing"}],"items_purged_floors":[],"is_endless":false,"potions_floor_spawned":[5,8,16,18,22],"killed_by":"Gremlin Leader","ascension_level":0}}