{"host":"wwmqne3dwir10erh","time":1614383101,"event":{"mods":["BaseMod","Better Note","Hubris","Mimic Mod","Minty Spire (QoL Compilation)","Replay The Spire","StSLib"],"gold_per_floor":[115,115,17,36,47,78,78,108,108,138,138,158,171,186,186,284,284,297,297,309,309,309,343,343,343,343,122,122,122,140,152,152,257,257,275,37,50,65,65,91,11,38,38,58,83,83,93,104,104,104],"floor_reached":51,"language":"ENG","playtime":3350,"items_purged":["Strike_G"],"score":998,"play_id":"64fc8745-e337-42c0-b6c0-02aaf66e89dc","local_time":"20210226184501","is_ascension_mode":true,"campfire_choices":[{"data":"Bullet Time","floor":7,"key":"SMITH"},{"floor":11,"key":"REST"},{"data":"Terror","floor":15,"key":"SMITH"},{"data":"Bane","floor":24,"key":"SMITH"},{"data":"Tactician","floor":29,"key":"SMITH"},{"data":"Neutralize","floor":32,"key":"SMITH"},{"floor":46,"key":"REST"}],"circlet_count":0,"master_deck":["Defend_G+1","Defend_G+1","Defend_G+1","Defend_G+1","Survivor","Neutralize+1","Quick Slash","Concentrate","Cloak And Dagger","Slice","Cloak And Dagger","Deadly Poison","Bullet Time+1","Terror+1","Backstab","Hidden Blade","Tools of the Trade+1","Tactician+1","Bane+1","Apotheosis+1","Underhanded Strike+1","Dagger Spray","Acrobatics+1","Atom Bomb","Dodge and Roll+1","Discovery","Metamorphosis","Replay:Bootleg Shield Generator","hubris:Sniper","ReplayTheSpireMod:Scrap Shanks+1","Finisher","hubris:Sniper+1","Storm of Steel","Deadly Poison+1"],"relics":["Replay:Drink Me","Frozen Egg 2","Oddly Smooth Stone","Replay:Bottled Eggs","ReplayTheSpireMod:TigerMarble","Black Star","Du-Vu Doll","Bottled Tornado","Toy Ornithopter","Darkstone Periapt","Pet Ghost","Fusion Hammer","Chameleon Ring","CaptainsWheel","Letter Opener","Replay:Accelerometer","Replay:Mystery Machine","Ornamental Fan","Replay:Wax Seal","Replay:Bottled Snecko"],"acts_visited":["Exordium","TheCity","TheBeyond"],"potions_floor_usage":[33,48,48,50,50,50],"damage_taken":[{"damage":0,"enemies":"Jaw Worm","floor":1,"turns":5},{"damage":0,"enemies":"Cultist","floor":4,"turns":3},{"damage":0,"enemies":"2 Louse","floor":5,"turns":2},{"damage":3,"enemies":"Replay:BlueRogue","floor":6,"turns":5},{"damage":0,"enemies":"Lagavulin","floor":8,"turns":6},{"damage":14,"enemies":"3 Sentries","floor":10,"turns":9},{"damage":0,"enemies":"Large Slime","floor":12,"turns":6},{"damage":9,"enemies":"Red Slaver","floor":13,"turns":3},{"damage":0,"enemies":"Exordium Thugs","floor":14,"turns":5},{"damage":9,"enemies":"Fading Forest","floor":16,"turns":11},{"damage":0,"enemies":"3 Byrds","floor":18,"turns":5},{"damage":0,"enemies":"Chosen","floor":20,"turns":4},{"damage":0,"enemies":"Book of Stabbing","floor":23,"turns":5},{"damage":0,"enemies":"Centurion and Healer","floor":30,"turns":4},{"damage":0,"enemies":"Cultist and Chosen","floor":31,"turns":3},{"damage":11,"enemies":"hubris:MusketHawk","floor":33,"turns":5},{"damage":0,"enemies":"3 Shapes","floor":35,"turns":2},{"damage":10,"enemies":"3 Darklings","floor":37,"turns":2},{"damage":0,"enemies":"Transient","floor":38,"turns":5},{"damage":0,"enemies":"Giant Head","floor":40,"turns":6},{"damage":9,"enemies":"Reptomancer","floor":42,"turns":5},{"damage":0,"enemies":"Maw","floor":44,"turns":4},{"damage":4,"enemies":"Nemesis","floor":45,"turns":4},{"damage":0,"enemies":"Sphere and 2 Shapes","floor":47,"turns":1},{"damage":0,"enemies":"Jaw Worm Horde","floor":48,"turns":2},{"damage":0,"enemies":"hubris:GrandSnecko","floor":50,"turns":6}],"seed_played":"8493979660320671609","potions_obtained":[{"floor":4,"key":"Block Potion"},{"floor":5,"key":"Venom Potion"},{"floor":8,"key":"Weak Potion"},{"floor":23,"key":"Strength Potion"},{"floor":33,"key":"DistilledChaos"},{"floor":45,"key":"Reflective Coating"},{"floor":47,"key":"Adrenaline Potion"},{"floor":48,"key":"Poison Potion"},{"floor":49,"key":"Strength Potion"}],"is_trial":false,"path_per_floor":["M","?","$","M","M","E","R","E","T","E","R","M","M","M","R","B",null,"M","?","M","T","?","E","R","?","T","$","?","R","M","M","R","B",null,"M","$","M","M","?","E","$","E","T","M","E","R","M","M","R","B",null],"character_chosen":"THE_SILENT","items_purchased":["Cloak And Dagger","Slice","Pet Ghost","Chameleon Ring","ReplayTheSpireMod:Scrap Shanks+1"],"campfire_rested":2,"item_purchase_floors":[3,3,27,36,41],"current_hp_per_floor":[53,53,53,53,53,50,50,50,50,36,51,51,42,42,42,45,53,53,53,53,53,53,53,53,53,53,53,45,45,45,45,45,39,58,58,58,48,48,38,38,38,29,29,29,25,42,42,52,52,58],"gold":104,"neow_bonus":"BOSS_RELIC","is_daily":false,"chose_seed":false,"campfire_upgraded":5,"win_rate":0.0,"timestamp":1614383101,"path_taken":["M","?","$","M","M","E","R","E","T","E","R","?","M","M","R","BOSS","M","?","?","?","?","E","R","?","T","$","?","R","M","M","R","BOSS","M","$","M","M","?","E","?","E","T","M","E","R","M","M","R","BOSS"],"items_purchased_type":["Card","Card","Relic","Relic","Card"],"build_version":"2020-12-22","purchased_purges":1,"victory":true,"max_hp_per_floor":[53,53,53,53,53,53,53,53,53,53,53,53,53,53,53,53,53,53,53,53,53,53,53,53,53,53,53,58,58,58,58,58,58,58,58,58,58,58,58,58,58,58,58,58,58,58,58,58,58,58],"card_choices":[{"not_picked":["Sucker Punch","hubris:SlightOfHand"],"picked":"Quick Slash","floor":1},{"not_picked":["hubris:TrickCloak","Catalyst"],"picked":"Cloak And Dagger","floor":4},{"not_picked":["Outmaneuver","Bane"],"picked":"Deadly Poison","floor":5},{"not_picked":["Quick Slash","Slice"],"picked":"Bullet Time","floor":6},{"not_picked":["Poison Darts","Backflip","Choke"],"picked":"SKIP","floor":8},{"not_picked":["Backflip","PiercingWail","Cloak And Dagger"],"picked":"SKIP","floor":10},{"not_picked":["Sucker Punch","Bane"],"picked":"Terror","floor":12},{"not_picked":["hubris:SlightOfHand","Slice"],"picked":"Backstab","floor":13},{"not_picked":["Dagger Throw","Toxin Wave"],"picked":"Hidden Blade","floor":14},{"not_picked":["After Image+1","Glass Knife"],"picked":"Tools of the Trade+1","floor":16},{"not_picked":["Outmaneuver","PiercingWail"],"picked":"Tactician","floor":18},{"not_picked":["Expertise+1","Dash"],"picked":"Bane","floor":20},{"not_picked":["Slice","Hidden Blade"],"picked":"Underhanded Strike+1","floor":23},{"not_picked":["Hidden Blade+1","Catalyst"],"picked":"Dagger Spray","floor":30},{"not_picked":["Prepared","Dash"],"picked":"Acrobatics+1","floor":31},{"not_picked":["ReplayTheSpireMod:Necrosis","Storm of Steel"],"picked":"Atom Bomb","floor":33},{"not_picked":["Acrobatics","hubris:SlightOfHand+1","Dodge and Roll"],"picked":"SKIP","floor":35},{"not_picked":["PiercingWail","Predator"],"picked":"Dodge and Roll+1","floor":37},{"not_picked":["Acrobatics+1","Dodge and Roll+1","Cloak And Dagger"],"picked":"SKIP","floor":38},{"not_picked":["Blind","Purity"],"picked":"Discovery","floor":39},{"not_picked":["Replay:Sssssssssstrike","Blind"],"picked":"Metamorphosis","floor":39},{"not_picked":["Master of Strategy","Replay:Sssssssssstrike"],"picked":"Replay:Bootleg Shield Generator","floor":39},{"not_picked":["Accuracy+1","ReplayTheSpireMod:The Works"],"picked":"hubris:Sniper","floor":40},{"not_picked":["Accuracy+1","Sucker Punch+1"],"picked":"Finisher","floor":42},{"not_picked":["Dodge and Roll","Cloak And Dagger+1","Outmaneuver+1"],"picked":"SKIP","floor":44},{"not_picked":["Flying Knee+1","Dagger Throw"],"picked":"hubris:Sniper+1","floor":45},{"not_picked":["Deadly Poison+1","Predator+1"],"picked":"Storm of Steel","floor":47},{"not_picked":["Poisoned Stab+1","Slice+1"],"picked":"Deadly Poison+1","floor":48}],"player_experience":2138901,"relics_obtained":[{"floor":6,"key":"Frozen Egg 2"},{"floor":8,"key":"Oddly Smooth Stone"},{"floor":9,"key":"Replay:Bottled Eggs"},{"floor":10,"key":"ReplayTheSpireMod:TigerMarble"},{"floor":21,"key":"Du-Vu Doll"},{"floor":23,"key":"Bottled Tornado"},{"floor":23,"key":"Toy Ornithopter"},{"floor":26,"key":"Darkstone Periapt"},{"floor":40,"key":"CaptainsWheel"},{"floor":40,"key":"Letter Opener"},{"floor":42,"key":"Replay:Accelerometer"},{"floor":42,"key":"Replay:Mystery Machine"},{"floor":43,"key":"Ornamental Fan"},{"floor":45,"key":"Replay:Wax Seal"},{"floor":45,"key":"Replay:Bottled Snecko"}],"event_choices":[{"damage_healed":0,"gold_gain":0,"cards_transformed":["Strike_G"],"player_choice":"Transformed","damage_taken":0,"max_hp_gain":0,"max_hp_loss":0,"event_name":"Transmorgrifier","floor":2,"gold_loss":0,"cards_obtained":["Concentrate"]},{"cards_removed":["Strike_G"],"damage_healed":0,"gold_gain":0,"player_choice":"Purged","damage_taken":0,"max_hp_gain":0,"max_hp_loss":0,"event_name":"Purifier","floor":19,"gold_loss":0},{"cards_removed":["Apotheosis"],"damage_healed":0,"gold_gain":0,"player_choice":"Take \u0026 Give","damage_taken":0,"max_hp_gain":0,"max_hp_loss":0,"event_name":"betterNote:BetterNote","floor":22,"gold_loss":0,"cards_obtained":["Apotheosis"]},{"damage_healed":0,"gold_gain":0,"player_choice":"Ignored","damage_taken":0,"max_hp_gain":0,"max_hp_loss":0,"event_name":"Ghosts","floor":25,"gold_loss":0},{"damage_healed":0,"gold_gain":0,"player_choice":"Shed Blood","damage_taken":13,"max_hp_gain":5,"max_hp_loss":0,"event_name":"Forgotten Altar","floor":28,"gold_loss":0},{"damage_healed":0,"gold_gain":0,"player_choice":"Memory 3","damage_taken":10,"max_hp_gain":0,"max_hp_loss":0,"event_name":"SensoryStone","floor":39,"gold_loss":0}],"is_beta":false,"boss_relics":[{"not_picked":["Cursed Key","hubris:RunicObelisk"],"picked":"Black Star"},{"not_picked":["Ring of Chaos","hubris:GrandSneckoEye"],"picked":"Fusion Hammer"}],"items_purged_floors":[27],"is_endless":false,"potions_floor_spawned":[4,5,8,12,13,23,31,33,35,40,45,47,48],"ascension_level":1}}