{"host":"xkmvu47k9fdstweo","time":1614322358,"event":{"mods":["BaseMod","Colored Map","Conspire","Downfall","Hubris","Minty Spire (QoL Compilation)","Quick Restart","Shop Mod","StSLib","Waifu the Spire"],"gold_per_floor":[112,131,131,131,7,7,41,41,41,17,61,14,14,29,29,118,118,139,157,76,76,76,76],"floor_reached":22,"language":"ENG","playtime":787,"items_purged":[],"score":323,"play_id":"78a73e3a-6d9e-43ea-a0c6-0bc0fa53d766","local_time":"20210226015238","is_ascension_mode":true,"campfire_choices":[{"floor":6.0,"key":"REST"},{"floor":8.0,"key":"REST"},{"data":"Streamline","floor":15,"key":"SMITH"}],"circlet_count":0,"master_deck":["AscendersBane","Strike_B","Strike_B","Strike_B","Defend_B","Defend_B","Defend_B","Defend_B","Zap","Dualcast","Leap","conspire:SharedLibrary","Streamline+1","CurseOfTheBell","CurseOfTheBell","Capacitor","Cold Snap","Core Surge","Conserve Battery","Beam Cell","Hologram","Cold Snap","Seek","Coolheaded","Glacier","conspire:Banana","Decay"],"relics":["Cracked Core","Golden Idol","downfall:ExtraCursedBell","Nunchaku","Blue Candle","Turnip","Meat on the Bone","Shuriken","conspire:TopHat","bronze:MakeshiftBattery"],"acts_visited":["Exordium","TheCity"],"potions_floor_usage":[11,16,16,22,22],"damage_taken":[{"damage":6.0,"enemies":"2 Louse","floor":1.0,"turns":2.0},{"damage":6.0,"enemies":"Jaw Worm","floor":2.0,"turns":4.0},{"damage":48.0,"enemies":"3 Sentries","floor":7.0,"turns":12.0},{"damage":17,"enemies":"Lagavulin","floor":11,"turns":8},{"damage":0,"enemies":"Small Slimes","floor":14,"turns":3},{"damage":10,"enemies":"The Guardian","floor":16,"turns":14},{"damage":1,"enemies":"Shell Parasite","floor":18,"turns":5},{"damage":2,"enemies":"Chosen","floor":19,"turns":4},{"damage":69,"enemies":"3 Cultists","floor":22,"turns":8}],"seed_played":"-7500411918695437680","potions_obtained":[{"floor":7.0,"key":"Weak Potion"},{"floor":11,"key":"Fire Potion"},{"floor":14,"key":"ColorlessPotion"},{"floor":16,"key":"Guardian:BlockOnCardUsePotion"},{"floor":19,"key":"Dexterity Potion"}],"is_trial":false,"path_per_floor":["M","M","?","?","$","R","E","R","T","$","E","$","?","M","R","B",null,"M","M","$","?","M"],"character_chosen":"DEFECT","items_purchased":["Capacitor","Cold Snap","Conserve Battery","Hologram","conspire:Banana"],"campfire_rested":2,"item_purchase_floors":[5,5,10,12,20],"current_hp_per_floor":[58,52,35,35,35,56,8,29,29,29,24,24,24,36,36,38,63,62,60,60,60,0,0],"gold":76,"neow_bonus":"TRANSFORM_CARD","is_daily":false,"chose_seed":false,"campfire_upgraded":1,"win_rate":0.0,"timestamp":1614322358,"path_taken":["M","M","?","?","?","R","E","R","T","$","E","$","?","M","R","BOSS","M","M","$","?","M"],"items_purchased_type":["Card","Card","Card","Card","Card"],"build_version":"2020-12-22","purchased_purges":0,"victory":false,"max_hp_per_floor":[71,71,71,71,71,71,71,71,71,71,71,71,71,71,71,71,71,71,71,71,71,72,72],"card_choices":[{"not_picked":["Go for the Eyes","Turbo"],"picked":"conspire:SharedLibrary","floor":1.0},{"not_picked":["Redo","Turbo"],"picked":"Streamline","floor":2.0},{"not_picked":["Beam Cell","Loop"],"picked":"Core Surge","floor":7.0},{"not_picked":["Gash","Darkness"],"picked":"Beam Cell","floor":11},{"not_picked":["Auto Shields","Undo"],"picked":"Cold Snap","floor":14},{"not_picked":["hubris:DoWhile","Creative AI"],"picked":"Seek","floor":16},{"not_picked":["Redo","Cold Snap"],"picked":"Coolheaded","floor":18},{"not_picked":["Beam Cell","Compile Driver"],"picked":"Glacier","floor":19}],"player_experience":347962,"relics_obtained":[{"floor":4.0,"key":"Nunchaku"},{"floor":4.0,"key":"Blue Candle"},{"floor":4.0,"key":"Turnip"},{"floor":7.0,"key":"Meat on the Bone"},{"floor":9.0,"key":"Shuriken"},{"floor":11,"key":"conspire:TopHat"}],"event_choices":[{"damage_healed":0.0,"max_hp_gain":0.0,"max_hp_loss":0.0,"gold_gain":0.0,"event_name":"Golden Idol","player_choice":"Take Damage","floor":3.0,"gold_loss":0.0,"damage_taken":17.0,"relics_obtained":["Golden Idol"]},{"damage_healed":0,"gold_gain":0,"player_choice":"Leave","damage_taken":0,"max_hp_gain":0,"max_hp_loss":0,"event_name":"conspire:Investor","floor":13,"gold_loss":0},{"damage_healed":0,"gold_gain":0,"player_choice":"Cursed","damage_taken":0,"max_hp_gain":0,"max_hp_loss":0,"event_name":"Wheel of Change","floor":21,"gold_loss":0,"cards_obtained":["Decay"]}],"is_beta":false,"boss_relics":[{"not_picked":["Runic Dome","hubris:GrandSneckoEye"],"picked":"bronze:MakeshiftBattery"}],"items_purged_floors":[],"is_endless":false,"potions_floor_spawned":[7,11,14,16,19],"killed_by":"3 Cultists","ascension_level":14}}