{"host":"i58uscbei3sy5089","time":1614355676,"event":{"mods":["ATMod(°¢èªMod)","Act Like it!","BaseMod","Challenge The Spire","Colored Powertips","Conspire","Gensokyo","Infinite Spire","Lobotomy","LobotomyExtend","Minty Spire (QoL Compilation)","MostiFishMod","Quick Restart","Reliquary","Replay The Spire","Shop Mod","Spicy Shops","StSLib","TestMod","UnlockEverythingMod","[IsaacMod]ÒÔÈö¼âËþ","¡¾¹¦ÄÜMod¡¿»ìãçÖ®»·ÐÞ¸´²¹¶¡","¡¾ÒÅÎï¿¨ÅÆ¡¿REMEMod","óô»ðÖ¸ÄÏ"],"gold_per_floor":[117,117,117,137,147,147,172,3,3,3,21,21,33,33,33,135,135,154,206,206,488,118,118,118,118,144,163,198,212,5,205,205],"floor_reached":31,"language":"ZHS","playtime":1139,"items_purged":["SpecialBullet","CUTE"],"score":585,"play_id":"5b1d27c7-5de2-47fb-bb0a-2d3eb3cc17d6","local_time":"20210227000756","is_ascension_mode":true,"campfire_choices":[{"data":"Regret_ego","floor":15,"key":"SMITH"},{"data":"Adoration","floor":23,"key":"SMITH"},{"data":"DaCapo","floor":25,"key":"SMITH"}],"circlet_count":0,"master_deck":["SpecialBullet","SpecialBullet","SpecialBullet","SpecialBullet","SpecialBullet","AT_FocusSwordFire","MostiFishMod:StarOceanP","MHz","LongBird","SecurityCode","Scorched","Regret_ego+1","InformationCode","WallGazer","GreenStem","TheSmile","Adoration+1","testmod-Collector","Gensokyo:BlemishedSteel","Gensokyo:DepletedGenerator","Gensokyo:Shovel","DaCapo"],"relics":["CogitoBucket","testmod-TestBox","HushsDoor","DaveBox","AT_ATBox","REME_ComplimentaryCards","testmod-PortableAltar","GreenFoldingFan","MaYiHuaBei","SynthV:TestCard","LetterFromLob","Gensokyo:Justice","Pet Ghost","infinitespire:ShieldingShard","BirthdayGift-Icosahedron","ChangeAnything","AT_BladeRuinedKing","MerchantsRug","testmod-LifeArmor","Replay:Mystery Machine","AT_LudenTempest","AdjustmentMirror","reliquary:Vitrine"],"acts_visited":["Exordium","Gensokyo:Gensokyo"],"potions_floor_usage":[],"damage_taken":[{"damage":6,"enemies":"Gensokyo:Python","floor":1,"turns":2},{"damage":11,"enemies":"Gensokyo:2_Kodama","floor":4,"turns":2},{"damage":5,"enemies":"Gensokyo:3_Fairies","floor":5,"turns":2},{"damage":21,"enemies":"Gensokyo:Aya","floor":7,"turns":3},{"damage":0,"enemies":"Gensokyo:2_Rabbits","floor":11,"turns":1},{"damage":13,"enemies":"Gensokyo:Gryphon_and_Rabbit","floor":13,"turns":2},{"damage":14,"enemies":"Gensokyo:Reimu","floor":16,"turns":4},{"damage":0,"enemies":"Gensokyo:3_Dogs","floor":18,"turns":1},{"damage":0,"enemies":"Gensokyo:CosmicMonolith","floor":27,"turns":1},{"damage":0,"enemies":"Gensokyo:Reisen","floor":28,"turns":1},{"damage":8,"enemies":"Gensokyo:Slime_Group","floor":29,"turns":3},{"damage":0,"enemies":"Gensokyo:Tenshi","floor":31,"turns":1}],"seed_played":"-3530748725432480001","potions_obtained":[{"floor":1,"key":"Elixir"},{"floor":11,"key":"Death Potion"}],"is_trial":false,"path_per_floor":["M","?","?","M","M","R","E","COS","T","R","M","R","M","?","R","B",null,"M","?","?","COS","$","R","?","R","T","M","E","M","$","E"],"character_chosen":"Angela","items_purchased":["Adoration","DaCapo","MerchantsRug","reliquary:Vitrine"],"campfire_rested":0,"item_purchase_floors":[17,17,22,30],"current_hp_per_floor":[67,67,52,51,56,56,53,53,53,53,59,58,57,53,53,58,47,46,30,30,30,30,30,30,30,30,37,36,35,34,33,33],"gold":205,"neow_bonus":"TRANSFORM_CARD","is_daily":false,"chose_seed":false,"campfire_upgraded":3,"win_rate":0.0,"timestamp":1614355676,"path_taken":["M","?","?","M","M","R","E","COS","T","R","?","R","M","?","R","BOSS","M","?","?","COS","?","R","?","R","T","M","E","M","$","E"],"items_purchased_type":["Card","Card","Relic","Relic"],"build_version":"2020-12-22","purchased_purges":2,"victory":false,"max_hp_per_floor":[69,68,67,66,65,64,63,62,61,60,59,58,57,63,62,61,47,46,45,44,43,42,41,40,39,38,37,36,35,34,33,33],"card_choices":[{"not_picked":[],"picked":"BettingIsNotGood","floor":0},{"not_picked":["Alriune","CrumblingArmor"],"picked":"MHz","floor":1},{"not_picked":["Christmas","Lantern","BearPaw"],"picked":"SKIP","floor":1},{"not_picked":["WhitesApple","PunishingBird"],"picked":"LongBird","floor":4},{"not_picked":["Harvest","Pleasure","SomewhereSpear","TodaysExpression"],"picked":"SKIP","floor":4},{"not_picked":["LittlePrince","FairyFestival"],"picked":"Scorched","floor":5},{"not_picked":["Noise","RedEyes","CrimsonScar"],"picked":"Regret_ego","floor":5},{"not_picked":["Penitence","Gaze","FeatherOfHonor","Diffraction"],"picked":"SKIP","floor":7},{"not_picked":["BeautyBeast","OSAHOGD"],"picked":"WallGazer","floor":11},{"not_picked":["Laetitia_ego","CUTE","SomewhereSpear"],"picked":"GreenStem","floor":11},{"not_picked":["Lantern","Tough","SomewhereSpear"],"picked":"TheSmile","floor":13},{"not_picked":["Pleasure","FeatherOfHonor+1","Laetitia_ego+1","BearPaw+1"],"picked":"testmod-Collector","floor":18},{"not_picked":["Loneliness","Laetitia_ego","CherryBlossom","Regret_ego"],"picked":"SKIP","floor":27},{"not_picked":["BlueScar+1","GreenStem","Beak","BloodyDesire"],"picked":"SKIP","floor":28},{"not_picked":["Horn","SolemnVow","TodaysExpression"],"picked":"DaCapo","floor":29}],"player_experience":645041,"relics_obtained":[{"floor":1,"key":"SynthV:TestCard"},{"floor":1,"key":"LetterFromLob"},{"floor":7,"key":"infinitespire:ShieldingShard"},{"floor":9,"key":"Replay:Baseball"},{"floor":17,"key":"AT_BladeRuinedKing"},{"floor":17,"key":"Pen Nib"},{"floor":26,"key":"testmod-LifeArmor"},{"floor":28,"key":"AT_LudenTempest"}],"event_choices":[],"is_beta":false,"boss_relics":[{"not_picked":["testmod-DreamHouse","Replay:Ancient Bell"],"picked":"REME_LowDesire"},{"not_picked":[]}],"items_purged_floors":[17,22],"is_endless":false,"potions_floor_spawned":[1,11,13,18,29],"killed_by":"Gensokyo:Tenshi","ascension_level":13}}