{"host":"5lv0icc8l08nkbqt","time":1614345176,"event":{"mods":["Act Like it!","Aspiration","BaseMod","Colored Map","Conspire","Elementarium","Energized Spire","Gensokyo","Hallownest","Hubris","JesterMod","Jorbs\u0027s Wanderer Trilogy","Koishi","Marisa????????","Menagerie","Minty Spire (QoL Compilation)","Pale of the Ancients","Reliquary","Replay The Spire","Ruina","Shade Mod","Somnambulant","Spicy Shops","StSLib","The Blue Laboratory","The Disciple","The Hierophant","The Marked","Wandering Minibosses"],"gold_per_floor":[114,128,0,0,20,54,54,84,84,94,105,116,116,135,185,288,288,299,299,310,14,64,95,95,121,121,61,78,78,78,78,142,153,153,252,252,265,120,130,5,5,37,37,37,61,90,90,90,120,138,138,138,138,138,184,74,74,88,88,113,113,113],"floor_reached":63,"language":"ENG","playtime":3794,"items_purged":["somnambulantmod: SomnambulantStrike","somnambulantmod: QuickNap","somnambulantmod: Defend_Somnambulant","somnambulantmod: Defend_Somnambulant"],"score":1808,"play_id":"3ef6f7e1-e8f4-478f-a288-239bfd120d4d","local_time":"20210226171256","is_ascension_mode":true,"campfire_choices":[{"floor":7,"key":"REST"},{"floor":13,"key":"REST"},{"floor":31,"key":"REST"},{"floor":34,"key":"REST"},{"floor":48,"key":"REST"},{"floor":59,"key":"REST"}],"circlet_count":0,"master_deck":["somnambulantmod: SomnambulantStrike+1","somnambulantmod: Defend_Somnambulant","somnambulantmod: Defend_Somnambulant","somnambulantmod: Defend_Somnambulant+1","somnambulantmod: PrimingPunch","somnambulantmod: TrepanningBlow","hubris:DuctTapeCard+2","somnambulantmod: HeavyLids","somnambulantmod: Unknow+1","somnambulantmod: MuscleMemory","somnambulantmod: HappyThoughts+1","somnambulantmod: Reinterpret","somnambulantmod: DeeperSleep+1","somnambulantmod: Lucidity","somnambulantmod: InLimbo+1","somnambulantmod: SnuggleUp","somnambulantmod: SnuggleUp+1","Underhanded Strike","Dagger Spray+1","Predator+1","somnambulantmod: LightSleeper","somnambulantmod: LayeredDefense+1","somnambulantmod: Ignorance+1","somnambulantmod: TrepanningBlow+1","somnambulantmod: TrepanningBlow+1","somnambulantmod: Reinterpret+1","hubris:DuctTapeCard+2","Apotheosis+1","somnambulantmod: LightSleeper+1","somnambulantmod: AllForNothing+1","somnambulantmod: Ignorance+1","somnambulantmod: LightSleeper+1"],"relics":["somnambulantmod: DreamJournal","aspiration:Nostalgia","theMarked:ArtifactOfAir","Hallownest:BankAccountRelic","hubris:Towel","hubris:DuctTape","Prayer Wheel","Replay:Rubber Ducky","Bag of Preparation","Prayer Wheel","somnambulantmod: GluedMask","Replay:Multitool","hubris:EmptyBottle","Toy Ornithopter","MealTicket","Golden Egg","Replay:Mystery Machine","Elementarium:ElementariumTrophy","energizedSpire:EnergizedDie","DollysMirror","hubris:Icosahedron","Replay:Towering Pillar of Hats","Potion Belt","Bird Faced Urn","Boot","hubris:BottledRain","paleoftheancients:Timepiece","paleoftheancients:KeyRelic","Letter Opener","CultistMask","paleoftheancients:SoulOfTheSilent","paleoftheancients:SoulOfTheThorton","ReplayFunnel"],"acts_visited":["Exordium","Hallownest:Greenpath","TheBeyond","TheBeyond"],"potions_floor_usage":[16,20,25,25,35,50,52,53,54,58,58,58,58,62,62,62,62,62,62,62,62,62,62,62,62,62,62,62,62,62,62,62,62,62,62,62,62,62,62],"damage_taken":[{"damage":8,"enemies":"Hallownest:2_MossCreeps","floor":1,"turns":6},{"damage":8,"enemies":"Hallownest:monsterHuskWarrior","floor":2,"turns":5},{"damage":10,"enemies":"Hallownest:monsterHuskGuard","floor":5,"turns":4},{"damage":12,"enemies":"Hallownest:eliteVengeflyKing","floor":6,"turns":6},{"damage":5,"enemies":"Hallownest:eliteMossKnight","floor":8,"turns":10},{"damage":12,"enemies":"Hallownest:1_Baldur_1_Crawlid_1_Warrior","floor":10,"turns":8},{"damage":3,"enemies":"Hallownest:Guard_and_Warrior","floor":11,"turns":5},{"damage":0,"enemies":"Hallownest:monsterMossCharger","floor":12,"turns":10},{"damage":0,"enemies":"Hallownest:Wandering_and_Horned","floor":14,"turns":4},{"damage":17,"enemies":"Hallownest:BossHornet","floor":16,"turns":10},{"damage":15,"enemies":"Elementarium:2_ELEMENTALS","floor":18,"turns":6},{"damage":22,"enemies":"Elementarium:MUD_AND_TAR_GOLEMS","floor":20,"turns":5},{"damage":3,"enemies":"Elementarium:WarGolem","floor":23,"turns":3},{"damage":1,"enemies":"Elementarium:FIRE_NOBILITY","floor":25,"turns":6},{"damage":4,"enemies":"Elementarium:VoidBeast","floor":28,"turns":5},{"damage":0,"enemies":"Elementarium:3_ELEMENTALS","floor":33,"turns":5},{"damage":27,"enemies":"Elementarium:PHOENIXES","floor":35,"turns":9},{"damage":0,"enemies":"3 Shapes","floor":37,"turns":5},{"damage":0,"enemies":"Orb Walker","floor":39,"turns":5},{"damage":11,"enemies":"Nemesis","floor":42,"turns":6},{"damage":6,"enemies":"Giant Head","floor":46,"turns":5},{"damage":3,"enemies":"Reptomancer","floor":49,"turns":5},{"damage":10,"enemies":"4 Shapes","floor":50,"turns":10},{"damage":10,"enemies":"hubris:GrandSnecko","floor":52,"turns":4},{"damage":27,"enemies":"hubris:GrandSnecko","floor":53,"turns":7},{"damage":30,"enemies":"hubris:GrandSnecko","floor":54,"turns":6},{"damage":0,"enemies":"paleoftheancients:Thorton1","floor":55,"turns":5},{"damage":67,"enemies":"paleoftheancients:Thorton1","floor":58,"turns":12},{"damage":94,"enemies":"paleoftheancients:N","floor":62,"turns":8}],"seed_played":"-2561510704068932372","potions_obtained":[{"floor":2,"key":"DistilledChaos"},{"floor":5,"key":"GamblersBrew"},{"floor":11,"key":"Energy Potion"},{"floor":16,"key":"blueLaboratory:BottleOfVodka"},{"floor":25,"key":"EntropicBrew"},{"floor":46,"key":"Block Potion"},{"floor":50,"key":"Energy Potion"},{"floor":57,"key":"Death Potion"},{"floor":57,"key":"blueLaboratory:EmptyBottle"}],"is_trial":false,"path_per_floor":["M","M","?","?","M","E","R","E","T","M","M","M","R","M","R_BF","B",null,"M","?","M","$","?","E","?","E","T","$","M","PTL","PTL","R","?","M","R","B",null,"M","$","M","$","?","E","R","?","T","E","?","R","E","M","R","B","M","M","M","$","R","M","R","T","?","B",null],"character_chosen":"THE_SOMNAMBULANT","items_purchased":["somnambulantmod: SnuggleUp","hubris:EmptyBottle","Block Potion","DollysMirror"],"campfire_rested":6,"item_purchase_floors":[21,21,21,38],"current_hp_per_floor":[55,47,47,47,37,25,48,43,43,31,28,28,51,51,51,34,64,49,49,27,27,27,24,24,33,33,48,44,44,44,68,49,49,73,51,71,71,78,78,78,78,67,67,67,67,61,61,80,77,80,82,82,77,76,82,82,82,62,84,84,84,77],"gold":113,"neow_bonus":"NOSTALGIA","is_daily":false,"chose_seed":false,"campfire_upgraded":0,"win_rate":0.0,"timestamp":1614345176,"path_taken":["M","?","?","?","M","E","R","E","T","?","M","M","R","M","R_BF","BOSS","M","?","M","$","?","E","?","E","T","$","?","PTL","PTL","R","?","M","R","BOSS","M","$","M","$","?","E","R","?","T","E","?","R","E","M","R","BOSS","M","M","?","$","R","M","R","T","?","BOSS"],"items_purchased_type":["Card","Relic","Potion","Relic"],"build_version":"2020-12-22","purchased_purges":4,"victory":true,"max_hp_per_floor":[70,70,70,70,70,70,72,72,72,72,72,72,74,74,74,74,74,74,74,74,74,74,74,74,74,74,74,74,74,74,76,76,76,78,78,78,78,78,78,78,78,78,78,78,78,78,78,80,80,80,82,82,82,82,82,82,82,82,84,84,84,88],"card_choices":[{"not_picked":["somnambulantmod: Cower","somnambulantmod: ShowerThought"],"picked":"somnambulantmod: SleepingBody","floor":1},{"not_picked":["somnambulantmod: TimeCompression","somnambulantmod: DeeperSleep"],"picked":"somnambulantmod: TrepanningBlow","floor":2},{"not_picked":["somnambulantmod: MindWave","somnambulantmod: TrepanningBlow"],"picked":"somnambulantmod: Lucidity","floor":5},{"not_picked":["somnambulantmod: RuthlessStudy","somnambulantmod: SickeningSwathe"],"picked":"somnambulantmod: HeavyLids","floor":6},{"not_picked":["somnambulantmod: Pinch","somnambulantmod: DreamBig","somnambulantmod: DeeperSleep"],"picked":"SKIP","floor":8},{"not_picked":["somnambulantmod: OpeningUp","somnambulantmod: MindWave"],"picked":"somnambulantmod: Unknow","floor":10},{"not_picked":["somnambulantmod: NewDawn","somnambulantmod: Unmake","somnambulantmod: LayeredDefense"],"picked":"SKIP","floor":10},{"not_picked":["somnambulantmod: ViralIdea","somnambulantmod: Bruise"],"picked":"somnambulantmod: MuscleMemory","floor":11},{"not_picked":["somnambulantmod: SnuggleUp","somnambulantmod: HeavyLids"],"picked":"somnambulantmod: HappyThoughts","floor":11},{"not_picked":["somnambulantmod: Sleepyhead","somnambulantmod: Cower"],"picked":"somnambulantmod: Reinterpret","floor":12},{"not_picked":["somnambulantmod: Pinch","somnambulantmod: NightmareFuel"],"picked":"somnambulantmod: DeeperSleep","floor":12},{"not_picked":["somnambulantmod: ViralIdea","somnambulantmod: PourItOut","somnambulantmod: Pinch"],"picked":"SKIP","floor":12},{"not_picked":["somnambulantmod: TrepanningBlow","somnambulantmod: ShowerThought","somnambulantmod: HorrificThought"],"picked":"SKIP","floor":14},{"not_picked":["somnambulantmod: Relive","somnambulantmod: DarkeningMind","somnambulantmod: Refracture"],"picked":"SKIP","floor":14},{"not_picked":["somnambulantmod: Overshare","somnambulantmod: Unknow","somnambulantmod: MindWave"],"picked":"SKIP","floor":14},{"not_picked":["somnambulantmod: Inspiration","somnambulantmod: LostMind"],"picked":"somnambulantmod: Lucidity","floor":16},{"not_picked":["somnambulantmod: Cower","somnambulantmod: HeavyLids","somnambulantmod: LeechFears+1"],"picked":"SKIP","floor":18},{"not_picked":["somnambulantmod: Harden+1","somnambulantmod: MindWave","somnambulantmod: Trauma+1"],"picked":"SKIP","floor":18},{"not_picked":["somnambulantmod: Unmake","somnambulantmod: Stumble+1","somnambulantmod: Narcolepsy"],"picked":"SKIP","floor":18},{"not_picked":["somnambulantmod: Reject","somnambulantmod: BadIdea"],"picked":"somnambulantmod: InLimbo+1","floor":20},{"not_picked":["somnambulantmod: LeechFears","somnambulantmod: Overshare","somnambulantmod: Blink"],"picked":"SKIP","floor":20},{"not_picked":["somnambulantmod: Bloom","somnambulantmod: Stimulus+1","somnambulantmod: HeavyLids"],"picked":"SKIP","floor":20},{"not_picked":["somnambulantmod: DeeperSleep","somnambulantmod: OpeningUp","somnambulantmod: HorrificThought"],"picked":"SKIP","floor":23},{"not_picked":["somnambulantmod: ShowerThought","somnambulantmod: HeadSmack+1"],"picked":"somnambulantmod: LightSleeper","floor":25},{"not_picked":["somnambulantmod: Stimulus","somnambulantmod: OpeningUp"],"picked":"somnambulantmod: LayeredDefense+1","floor":28},{"not_picked":["somnambulantmod: Trauma","somnambulantmod: UnthoughtKnown","somnambulantmod: LayeredDefense+1"],"picked":"SKIP","floor":28},{"not_picked":["somnambulantmod: Nosebleed","somnambulantmod: Unknow","somnambulantmod: OpeningUp+1"],"picked":"SKIP","floor":28},{"not_picked":["somnambulantmod: SleepingBody","somnambulantmod: Nosebleed+1"],"picked":"somnambulantmod: Ignorance","floor":33},{"not_picked":["somnambulantmod: LayeredDefense","somnambulantmod: NightmareFuel"],"picked":"somnambulantmod: TrepanningBlow+1","floor":33},{"not_picked":["somnambulantmod: Stumble+1","somnambulantmod: HorrificThought"],"picked":"somnambulantmod: TrepanningBlow+1","floor":33},{"not_picked":["somnambulantmod: Narcolepsy","somnambulantmod: Unburden"],"picked":"somnambulantmod: Reinterpret","floor":35},{"not_picked":["somnambulantmod: SickeningSwathe+1","somnambulantmod: ShimmeringVeil+1","somnambulantmod: Unknow+1"],"picked":"SKIP","floor":37},{"not_picked":["somnambulantmod: Bloom+1","somnambulantmod: Nosebleed+1","somnambulantmod: SnuggleUp"],"picked":"SKIP","floor":37},{"not_picked":["somnambulantmod: DeeperSleep","somnambulantmod: ViralIdea+1","somnambulantmod: Trauma"],"picked":"SKIP","floor":37},{"not_picked":["somnambulantmod: Repression","somnambulantmod: DeeperSleep","somnambulantmod: Inspiration"],"picked":"SKIP","floor":39},{"not_picked":["somnambulantmod: DeeperSleep+1","somnambulantmod: ShimmeringVeil","somnambulantmod: Remember+1"],"picked":"SKIP","floor":39},{"not_picked":["somnambulantmod: Overshare+1","somnambulantmod: Repression+1","somnambulantmod: Harden"],"picked":"SKIP","floor":39},{"not_picked":["somnambulantmod: HorrificThought+1","somnambulantmod: InLimbo","somnambulantmod: Unmake+1"],"picked":"SKIP","floor":42},{"not_picked":["Madness","Trip"],"picked":"Apotheosis","floor":43},{"not_picked":["somnambulantmod: DreamBig+1","somnambulantmod: Unmake","somnambulantmod: LoseForm"],"picked":"SKIP","floor":46},{"not_picked":["somnambulantmod: Unburden","somnambulantmod: Unknow"],"picked":"somnambulantmod: LightSleeper+1","floor":49},{"not_picked":["somnambulantmod: UnthoughtKnown+1","somnambulantmod: Blink+1"],"picked":"somnambulantmod: AllForNothing+1","floor":50},{"not_picked":["somnambulantmod: LoseForm","somnambulantmod: Unknow","somnambulantmod: Bruise+1"],"picked":"SKIP","floor":50},{"not_picked":["somnambulantmod: Extract+1","somnambulantmod: DarkeningMind+1","somnambulantmod: HeavyLids"],"picked":"SKIP","floor":50},{"not_picked":["somnambulantmod: MuscleMemory","somnambulantmod: LeechFears","somnambulantmod: BadIdea"],"picked":"SKIP","floor":53},{"not_picked":["somnambulantmod: Blink","somnambulantmod: Cower","somnambulantmod: RecurringDream+1"],"picked":"SKIP","floor":53},{"not_picked":["somnambulantmod: Unmake","somnambulantmod: DeeperSleep+1","somnambulantmod: TrepanningBlow"],"picked":"SKIP","floor":53},{"not_picked":["somnambulantmod: Sleepyhead","somnambulantmod: Hush","somnambulantmod: Stimulus+1"],"picked":"SKIP","floor":54},{"not_picked":["somnambulantmod: Extract+1","somnambulantmod: MindWave+1","somnambulantmod: Withdraw"],"picked":"SKIP","floor":54},{"not_picked":["somnambulantmod: ViralIdea+1","somnambulantmod: Stumble+1","somnambulantmod: Unknow+1"],"picked":"SKIP","floor":54},{"not_picked":["somnambulantmod: Wake","somnambulantmod: NightmareFuel+1"],"picked":"somnambulantmod: Ignorance","floor":55},{"not_picked":["somnambulantmod: TrepanningBlow","somnambulantmod: BadIdea","somnambulantmod: Trauma+1"],"picked":"SKIP","floor":55},{"not_picked":["somnambulantmod: Remember+1","somnambulantmod: Sleepyhead+1","somnambulantmod: Cower+1"],"picked":"SKIP","floor":55},{"not_picked":["somnambulantmod: Sleepyhead+1","somnambulantmod: Stumble+1"],"picked":"somnambulantmod: LightSleeper+1","floor":58},{"not_picked":["somnambulantmod: Stumble+1","somnambulantmod: Repression+1","somnambulantmod: BadIdea"],"picked":"SKIP","floor":58},{"not_picked":["somnambulantmod: Unmake+1","somnambulantmod: DarkeningMind+1","somnambulantmod: Trauma"],"picked":"SKIP","floor":58}],"player_experience":1879471,"relics_obtained":[{"floor":6,"key":"hubris:DuctTape"},{"floor":8,"key":"Replay:Rubber Ducky"},{"floor":9,"key":"Bag of Preparation"},{"floor":23,"key":"Toy Ornithopter"},{"floor":25,"key":"MealTicket"},{"floor":26,"key":"Golden Egg"},{"floor":32,"key":"Replay:Mystery Machine"},{"floor":42,"key":"Replay:Towering Pillar of Hats"},{"floor":45,"key":"Potion Belt"},{"floor":46,"key":"Bird Faced Urn"},{"floor":47,"key":"Boot"},{"floor":49,"key":"hubris:BottledRain"},{"floor":53,"key":"paleoftheancients:SoulOfTheSilent"},{"floor":55,"key":"paleoftheancients:SoulOfTheThorton"},{"floor":60,"key":"ReplayFunnel"}],"event_choices":[{"damage_healed":0,"gold_gain":0,"player_choice":"Open","damage_taken":0,"relics_obtained":["Replay:Multitool"],"max_hp_gain":0,"max_hp_loss":0,"event_name":"Elementarium:TarCoveredCasket","floor":19,"gold_loss":0,"cards_obtained":["Elementarium:StickyTar"]},{"damage_healed":0,"gold_gain":50,"player_choice":"Take","damage_taken":0,"max_hp_gain":0,"max_hp_loss":0,"event_name":"Elementarium:StickySituation","floor":22,"gold_loss":0},{"damage_healed":0,"gold_gain":0,"player_choice":"Memory 1","damage_taken":0,"max_hp_gain":0,"max_hp_loss":0,"event_name":"SensoryStone","floor":43,"gold_loss":0},{"damage_healed":0,"gold_gain":0,"player_choice":"Relic","damage_taken":0,"max_hp_gain":0,"max_hp_loss":0,"event_name":"Wheel of Change","floor":47,"gold_loss":0}],"is_beta":false,"boss_relics":[{"not_picked":["Kintsugi","hubris:CrackedHourglass"],"picked":"somnambulantmod: GluedMask"},{"not_picked":["hubris:RunicObelisk","jesterMod:MachoBrace"],"picked":"energizedSpire:EnergizedDie"}],"items_purged_floors":[21,27,40,56],"is_endless":false,"potions_floor_spawned":[2,5,11,16,25,28,33,35,42,46,50],"ascension_level":6}}