{"host":"3c8x8j1h2jyrixpf","time":1614378895,"event":{"mods":["BaseMod","Minty Spire (QoL Compilation)","StSLib"],"gold_per_floor":[113,129,9,9,23,23,57,57,57,68,68,95,112,132,132,206,206,191,106,125,30,30,30,30,30],"floor_reached":24,"language":"ENG","playtime":933,"items_purged":["Strike_R"],"score":350,"play_id":"f9126ea9-32d2-4d31-a7a1-7d959857db19","local_time":"20210226163455","is_ascension_mode":true,"campfire_choices":[{"data":"Flame Barrier","floor":6,"key":"SMITH"},{"data":"Armaments","floor":8,"key":"SMITH"},{"data":"Juggernaut","floor":11,"key":"SMITH"},{"data":"Dark Embrace","floor":15,"key":"SMITH"},{"data":"Entrench","floor":23,"key":"SMITH"}],"circlet_count":0,"master_deck":["AscendersBane","Strike_R","Strike_R","Strike_R","Defend_R","Defend_R","Defend_R","Defend_R","Bash","Juggernaut+1","Clothesline","Flex","Armaments+1","Burning Pact","Flame Barrier+1","Pommel Strike","Pommel Strike+1","Shockwave","Shockwave","Dark Embrace+1","Barricade","Entrench+1","True Grit+1","Metallicize","Shrug It Off"],"relics":["Burning Blood","Vajra","Molten Egg 2","Pantograph","Coffee Dripper","Champion Belt"],"acts_visited":["Exordium","TheCity"],"potions_floor_usage":[7,12],"damage_taken":[{"damage":11,"enemies":"Small Slimes","floor":1,"turns":4},{"damage":12,"enemies":"2 Louse","floor":2,"turns":4},{"damage":5,"enemies":"Cultist","floor":5,"turns":4},{"damage":29,"enemies":"Lagavulin","floor":7,"turns":9},{"damage":16,"enemies":"Large Slime","floor":10,"turns":7},{"damage":20,"enemies":"Gremlin Nob","floor":12,"turns":5},{"damage":6,"enemies":"Looter","floor":13,"turns":3},{"damage":2,"enemies":"2 Fungi Beasts","floor":14,"turns":4},{"damage":37,"enemies":"The Guardian","floor":16,"turns":17},{"damage":4,"enemies":"2 Thieves","floor":18,"turns":4},{"damage":14,"enemies":"Shell Parasite","floor":20,"turns":9},{"damage":55,"enemies":"Slavers","floor":24,"turns":3}],"seed_played":"-6879652281217256365","potions_obtained":[{"floor":5,"key":"Strength Potion"},{"floor":10,"key":"Energy Potion"},{"floor":13,"key":"Dexterity Potion"},{"floor":16,"key":"ColorlessPotion"}],"is_trial":false,"path_per_floor":["M","M","$","?","M","R","E","R","T","M","R","E","M","M","R","B",null,"M","?","M","$","?","R","E"],"character_chosen":"IRONCLAD","items_purchased":["Armaments","Metallicize","Shrug It Off"],"campfire_rested":0,"item_purchase_floors":[3,21,21],"current_hp_per_floor":[63,57,57,57,58,58,35,35,35,25,25,11,11,15,15,9,59,61,61,53,53,53,53,0,0],"gold":30,"neow_bonus":"ONE_RANDOM_RARE_CARD","is_daily":false,"chose_seed":false,"campfire_upgraded":5,"win_rate":0.0,"timestamp":1614378895,"path_taken":["M","M","$","?","M","R","E","R","T","M","R","E","M","M","R","BOSS","M","?","M","$","?","R","E"],"items_purchased_type":["Card","Card","Card"],"build_version":"2020-12-22","purchased_purges":1,"victory":false,"max_hp_per_floor":[75,75,75,75,75,75,75,75,75,75,75,75,75,75,75,75,75,75,75,75,75,75,75,75,75],"card_choices":[{"not_picked":["Armaments","Body Slam"],"picked":"Clothesline","floor":1},{"not_picked":["Warcry","Body Slam"],"picked":"Flex","floor":2},{"not_picked":["Sever Soul","Dark Embrace"],"picked":"Flame Barrier","floor":5},{"not_picked":["Sever Soul","Power Through"],"picked":"Pommel Strike","floor":7},{"not_picked":["Havoc","Warcry"],"picked":"Pommel Strike+1","floor":10},{"not_picked":["Sever Soul+1","Intimidate"],"picked":"Shockwave","floor":12},{"not_picked":["True Grit","Flame Barrier"],"picked":"Shockwave","floor":13},{"not_picked":["Sentinel","Sword Boomerang+1"],"picked":"Dark Embrace","floor":14},{"not_picked":["Bludgeon+1","Demon Form"],"picked":"Barricade","floor":16},{"not_picked":["Anger+1","Second Wind"],"picked":"Entrench","floor":18},{"not_picked":["Cleave+1","Burning Pact"],"picked":"True Grit","floor":20}],"player_experience":313524,"relics_obtained":[{"floor":7,"key":"Vajra"},{"floor":9,"key":"Molten Egg 2"},{"floor":12,"key":"Pantograph"}],"event_choices":[{"damage_healed":0,"gold_gain":0,"cards_transformed":["Strike_R"],"player_choice":"Change","damage_taken":0,"max_hp_gain":0,"max_hp_loss":0,"event_name":"Living Wall","floor":4,"gold_loss":0,"cards_obtained":["Burning Pact"]},{"damage_healed":0,"gold_gain":0,"player_choice":"Obtained Relic","damage_taken":0,"relics_obtained":["Champion Belt"],"max_hp_gain":0,"max_hp_loss":0,"event_name":"Addict","floor":19,"gold_loss":85},{"damage_healed":0,"gold_gain":0,"player_choice":"Upgraded","damage_taken":0,"max_hp_gain":0,"max_hp_loss":0,"event_name":"Upgrade Shrine","floor":22,"gold_loss":0,"cards_upgraded":["True Grit"]}],"is_beta":false,"boss_relics":[{"not_picked":["Mark of Pain","Busted Crown"],"picked":"Coffee Dripper"}],"items_purged_floors":[3],"is_endless":false,"potions_floor_spawned":[5,10,13,16],"killed_by":"Slavers","ascension_level":14}}