{"host":"flm17o2q7bfjyna6","time":1614353121,"event":{"mods":["2.2 Compatiblity","Act Like it!","BaseMod","Better Altar","Better Match","Better Note","Better Sensory Stone","Better Skull","Better Third Choice","Better Vampires","Colored Map","Colored Powertips","DeckTracker","Downfall","Fox Events","Minty Spire (QoL Compilation)","Quick Restart","Reworked Bosses","Spicy Shops","StSLib","TheSwordswoman","Wandering Minibosses"],"gold_per_floor":[199,217,230,230,405,405,405,469,469,523,215,228,259,259,279,309,309,309],"floor_reached":16,"language":"ENG","playtime":1019,"items_purged":["Doubt"],"score":147,"play_id":"cfc305e7-27c7-4c2f-ab51-e3327b085a58","local_time":"20210226102521","is_ascension_mode":true,"campfire_choices":[{"data":"sneckomod:TailWhip","floor":1,"key":"SMITH"},{"data":"sneckomod:WideSting","floor":6,"key":"SMITH"},{"data":"sneckomod:SnekBite","floor":9,"key":"SMITH"}],"circlet_count":0,"master_deck":["AscendersBane","sneckomod:Strike","sneckomod:Strike","sneckomod:Strike","sneckomod:Defend","sneckomod:Defend","sneckomod:Defend","sneckomod:TailWhip+1","sneckomod:SnekBite+1","sneckomod:Unknown","sneckomod:Unknown","sneckomod:WideSting+1","sneckomod:UnknownVulnerable","Flash of Steel","sneckomod:UnknownStrength","sneckomod:RainOfDice+1","sneckomod:UnknownRareAttack","sneckomod:UnknownRareSkill+1","sneckomod:UnknownRarePower","sneckomod:SoulRoll+1","sneckomod:GlitteringGambit","downfall:Malfunctioning","sneckomod:UnknownWeak"],"relics":["sneckomod:SneckoSoul","Ancient Tea Set","Vajra","Centennial Puzzle","sneckomod:RareBoosterPack","Oddly Smooth Stone","Tiny Chest"],"acts_visited":["Exordium"],"potions_floor_usage":[13,16],"damage_taken":[{"damage":0,"enemies":"Small Slimes","floor":2,"turns":2},{"damage":0,"enemies":"2 Louse","floor":3,"turns":2},{"damage":37,"enemies":"3 Sentries","floor":8,"turns":6},{"damage":5,"enemies":"downfall:FleeingMerchant","floor":11,"turns":4},{"damage":0,"enemies":"Cultist","floor":12,"turns":3},{"damage":18,"enemies":"Lagavulin","floor":13,"turns":4},{"damage":0,"enemies":"Exordium Wildlife","floor":15,"turns":3},{"damage":22,"enemies":"DF_ARCHETYPE_STREAMLINE","floor":16,"turns":4}],"seed_played":"1706411828127029727","potions_obtained":[{"floor":2,"key":"Slimebound:ThreeZeroPotion"},{"floor":3,"key":"SteroidPotion"}],"is_trial":false,"path_per_floor":["R","M","M","?","?","R","T","?","R","T","$","M","E","?","M","B"],"character_chosen":"THE_SNECKO","items_purchased":["sneckomod:RareBoosterPack","Oddly Smooth Stone"],"campfire_rested":0,"item_purchase_floors":[11,11],"current_hp_per_floor":[81,81,81,81,81,81,81,44,44,44,39,39,21,21,21,0,0,0],"gold":309,"neow_bonus":"HUNDRED_GOLD","is_daily":false,"chose_seed":false,"campfire_upgraded":3,"win_rate":0.0,"timestamp":1614353121,"path_taken":["R","M","M","?","?","R","T","?","R","?","$","M","E","?","M","BOSS"],"items_purchased_type":["Relic","Relic"],"build_version":"2020-12-22","purchased_purges":1,"victory":false,"max_hp_per_floor":[90,90,90,90,90,90,90,90,90,90,90,90,90,90,90,90,90,90],"card_choices":[{"not_picked":["sneckomod:Memorize","sneckomod:RainOfDice"],"picked":"sneckomod:WideSting","floor":2},{"not_picked":["sneckomod:SnakeSap","sneckomod:CheapStock"],"picked":"sneckomod:UnknownVulnerable","floor":3},{"not_picked":["Madness","Jack Of All Trades"],"picked":"Flash of Steel","floor":4},{"not_picked":["sneckomod:Nope","sneckomod:Unknown1Cost"],"picked":"sneckomod:UnknownStrength","floor":8},{"not_picked":["sneckomod:QuickMove","sneckomod:UnknownCommonSkill"],"picked":"sneckomod:RainOfDice","floor":11},{"not_picked":["sneckomod:UnknownCommonSkill","sneckomod:IronFang"],"picked":"sneckomod:SoulRoll","floor":12},{"not_picked":["sneckomod:UnknownColorless","sneckomod:SoulRoll"],"picked":"sneckomod:GlitteringGambit","floor":13},{"not_picked":["sneckomod:QuickMove","sneckomod:IronFang"],"picked":"sneckomod:UnknownWeak","floor":15}],"player_experience":2022124,"relics_obtained":[{"floor":7,"key":"Ancient Tea Set"},{"floor":10,"key":"Centennial Puzzle"},{"floor":13,"key":"Tiny Chest"}],"event_choices":[{"damage_healed":0,"gold_gain":1,"player_choice":"1","damage_taken":0,"max_hp_gain":0,"max_hp_loss":0,"event_name":"betterStone:BetterStone","floor":4,"gold_loss":0}],"is_beta":false,"boss_relics":[],"items_purged_floors":[11],"is_endless":false,"potions_floor_spawned":[2,3],"killed_by":"DF_ARCHETYPE_STREAMLINE","ascension_level":10}}