{"host":"rwiy0nr47d6nmxat","time":1614361918,"event":{"mods":["2.2 Compatiblity","AchievementEnabler","Act Like it!","Aspiration","BaseMod","Better Note","Better Sensory Stone","Block Reminder","Challenge The Spire","Colored Map","Colored Powertips","Conspire","Curses Come First","Elementarium","Highlight Path","Hubris","Infinite Spire","Mad Scientist","Minty Spire (QoL Compilation)","Permanent Neow","Quick Restart","Rare Cards Sparkle","Reliquary","Replay The Spire","Ruina","Spire Arcade","StSLib","SuperFastMode","The Cursed","TheFirefly","slay the spire mod where everything is the same but ironclad has a cowboy hat"],"gold_per_floor":[117,117,392,408,190,215,215,226,301,313,313,324,324,352,352,452,452,464,4,4,24,24,55,55,55,81,107,107,141,141,141],"floor_reached":30,"language":"ENG","playtime":961,"items_purged":["Regret"],"score":306,"play_id":"5ba362f0-f807-478e-a038-c0e9bfa5e83f","local_time":"20210226125158","is_ascension_mode":true,"campfire_choices":[{"floor":7,"key":"REST"},{"floor":13,"key":"REST"},{"data":"Echo Form","floor":15,"key":"SMITH"},{"floor":24,"key":"REST"}],"circlet_count":0,"master_deck":["Strike_B","Strike_B","Strike_B","Strike_B","Defend_B","Defend_B","Defend_B","Defend_B+1","Zap","Dualcast","Conserve Battery","Enlightenment","FIFO Queue","Chill","Crystallizer","Genetic Algorithm","Sweeping Beam","Tempest+1","White Noise","Chill","Turbo","Echo Form+1","ReplaySolidLightProjector","Defragment","Static Discharge+1","Turbo","Writhe","Compile Driver+1","Storm","Redo","Ball Lightning","ReplayRNGCard"],"relics":["Cracked Core","reliquary:Stiletto","Orrery","Replay:Antivirus Software","Carrot","Replay:Rubber Ducky","conspire:SpecialSausage","Prayer Wheel","Quantum Egg","Bronze Scales","ruina:Goodbye","aspiration:FrozenJewel","reliquary:TuningFork","reliquary:FerryPass","Prayer Wheel"],"acts_visited":["Exordium","Exordium"],"potions_floor_usage":[14,14,14,23],"damage_taken":[{"damage":6,"enemies":"Jaw Worm","floor":1,"turns":3},{"damage":4,"enemies":"Small Slimes","floor":4,"turns":3},{"damage":24,"enemies":"Lagavulin","floor":6,"turns":6},{"damage":0,"enemies":"2 Louse","floor":8,"turns":2},{"damage":0,"enemies":"Red Slaver","floor":10,"turns":3},{"damage":6,"enemies":"Large Slime","floor":12,"turns":3},{"damage":3,"enemies":"Gremlin Nob","floor":14,"turns":4},{"damage":23,"enemies":"The Guardian","floor":16,"turns":9},{"damage":12,"enemies":"ruina:2_Scarecrows","floor":18,"turns":5},{"damage":8,"enemies":"ruina:3_Bats","floor":21,"turns":2},{"damage":18,"enemies":"ruina:Mountain","floor":23,"turns":14},{"damage":14,"enemies":"ruina:RoadHome","floor":27,"turns":5},{"damage":13,"enemies":"ruina:ServantOfWrath","floor":29,"turns":4},{"damage":34,"enemies":"ruina:KnightOfDespair","floor":30,"turns":3}],"seed_played":"-7660386078006570070","potions_obtained":[{"floor":6,"key":"SpeedPotion"},{"floor":8,"key":"BlessingOfTheForge"},{"floor":10,"key":"Weak Potion"},{"floor":18,"key":"Dexterity Potion"}],"is_trial":false,"path_per_floor":["M","?","?","M","$","E","R","M","T","M","?","M","R","E","R","B",null,"M","$","?","M","?","E","R","$","T","E","?","E","M"],"character_chosen":"DEFECT","items_purchased":["Orrery","Quantum Egg","Bronze Scales","Turbo"],"campfire_rested":3,"item_purchase_floors":[5,19,19,19],"current_hp_per_floor":[69,69,69,65,65,41,63,63,63,63,48,42,64,61,61,38,75,63,63,63,55,55,37,59,59,59,45,45,32,0,0],"gold":141,"neow_bonus":"RANDOM_COMMON_RELIC","is_daily":false,"chose_seed":false,"campfire_upgraded":1,"win_rate":0.0,"timestamp":1614361918,"path_taken":["M","?","?","?","$","E","R","M","T","M","?","M","R","E","R","BOSS","M","$","?","M","?","E","R","?","T","E","?","E","M"],"items_purchased_type":["Relic","Relic","Relic","Card"],"build_version":"2020-12-22","purchased_purges":1,"victory":false,"max_hp_per_floor":[75,75,75,75,75,75,75,75,75,75,75,75,75,75,75,75,75,75,75,75,75,75,75,75,75,75,75,75,75,75,75],"card_choices":[{"not_picked":["Consume","conspire:SharedLibrary"],"picked":"Conserve Battery","floor":1},{"not_picked":["Purity","ReplayTheSpireMod:Trickstab"],"picked":"Enlightenment","floor":2},{"not_picked":["BasicCrystalCard","ReplayTheSpireMod:GoodbyeWorld"],"picked":"FIFO Queue","floor":4},{"not_picked":["Force Field","Beam Cell"],"picked":"Chill","floor":5},{"not_picked":["Beam Cell","Barrage"],"picked":"Crystallizer","floor":5},{"not_picked":["Steam","Cold Snap"],"picked":"Genetic Algorithm","floor":5},{"not_picked":["Leap","Steam"],"picked":"Sweeping Beam","floor":5},{"not_picked":["Leap","Meteor Strike"],"picked":"Tempest","floor":5},{"not_picked":["Seek","Darkness"],"picked":"White Noise","floor":6},{"not_picked":["Stack","Leap"],"picked":"Chill","floor":8},{"not_picked":["Leap","Coolheaded"],"picked":"Turbo","floor":10},{"not_picked":["Panic Button","Scrape"],"picked":"Echo Form","floor":12},{"not_picked":["Cold Snap","Doom and Gloom"],"picked":"ReplaySolidLightProjector","floor":14},{"not_picked":["ReplayTheSpireMod:Omega Cannon","Multi-Cast"],"picked":"ReplayTheSpireMod:Fabricate Wheel","floor":16},{"not_picked":["Cold Snap","Steam"],"picked":"Defragment","floor":18},{"not_picked":["Cold Snap","Redo"],"picked":"Static Discharge+1","floor":18},{"not_picked":["Cold Snap","Skim"],"picked":"Compile Driver+1","floor":21},{"not_picked":["Cold Snap","Sunder"],"picked":"Storm","floor":21},{"not_picked":["Barrage+1","FIFO Queue"],"picked":"Redo","floor":23},{"not_picked":["Beam Cell","Leap"],"picked":"Ball Lightning","floor":27},{"not_picked":["Barrage","Self Repair"],"picked":"ReplayRNGCard","floor":29}],"player_experience":77342,"relics_obtained":[{"floor":6,"key":"Replay:Antivirus Software"},{"floor":9,"key":"Carrot"},{"floor":14,"key":"Replay:Rubber Ducky"},{"floor":23,"key":"aspiration:FrozenJewel"},{"floor":26,"key":"reliquary:TuningFork"},{"floor":27,"key":"reliquary:FerryPass"},{"floor":29,"key":"Prayer Wheel"}],"event_choices":[{"damage_healed":0,"gold_gain":1,"player_choice":"1","damage_taken":0,"max_hp_gain":0,"max_hp_loss":0,"event_name":"betterStone:BetterStone","floor":2,"gold_loss":0},{"damage_healed":0,"gold_gain":275,"player_choice":"Desecrate","damage_taken":0,"max_hp_gain":0,"max_hp_loss":0,"event_name":"Golden Shrine","floor":3,"gold_loss":0,"cards_obtained":["Regret"]},{"damage_healed":0,"gold_gain":0,"player_choice":"Entered Light","damage_taken":15,"max_hp_gain":0,"max_hp_loss":0,"event_name":"Shining Light","floor":11,"gold_loss":0,"cards_upgraded":["Defend_B","Tempest"]},{"damage_healed":0,"gold_gain":0,"player_choice":"Leave","damage_taken":0,"max_hp_gain":0,"max_hp_loss":0,"event_name":"conspire:Investor","floor":28,"gold_loss":0}],"is_beta":false,"boss_relics":[{"not_picked":["conspire:RunicOctahedron","Kintsugi"],"picked":"conspire:SpecialSausage"}],"items_purged_floors":[5],"is_endless":false,"potions_floor_spawned":[6,8,10,18],"killed_by":"ruina:KnightOfDespair","ascension_level":1}}