{"host":"id23shmscryl4psl","time":1614335541,"event":{"mods":["BaseMod","Better Altar","Better Match","Better Note","Better Sensory Stone","Better Skull","Better Third Choice","Colored Map","Colored Powertips","Dark Map","Downfall","FTL Soundtrack","Minty Spire (QoL Compilation)","Rare Cards Sparkle","Relic Stats","Robot Space Explorer","StSLib"],"gold_per_floor":[99,110,130,149,149,249,302,319,345,345,361,377,141,26,44,148,148,148,167,167,167,185,185,185,185],"floor_reached":23,"language":"ENG","playtime":1758,"items_purged":["downfall:Haunted","downfall:Haunted"],"score":312,"play_id":"9644d2b9-e9bd-4297-ad36-6ed8307c48c3","local_time":"20210226033221","is_ascension_mode":true,"campfire_choices":[{"floor":1,"key":"RECALL"},{"floor":10,"key":"REST"},{"data":"Slimebound:DouseInSlime","floor":18,"key":"SMITH"}],"circlet_count":0,"master_deck":["Slimebound:Strike_Slimebound","Slimebound:Strike_Slimebound","Slimebound:Strike_Slimebound","Slimebound:Tackle","Slimebound:Defend_Slimebound","Slimebound:Defend_Slimebound","Slimebound:Defend_Slimebound+1","Slimebound:Defend_Slimebound+1","Slimebound:Split","Slimebound:CorrosiveSpit","Slimebound:SlimeBrawl+1","Slimebound:SplitSpecialist","Slimebound:LeadByExample","downfall:Malfunctioning","downfall:Icky","downfall:Icky","Slimebound:Darklings","Decay","Slimebound:Repurpose","Slimebound:HungryTackle","Slimebound:DouseInSlime+1","Slimebound:Nibble","Slimebound:FormOfPuddle","Slimebound:SelfFormingGoo","Slimebound:FormOfPuddle","Slimebound:SlimeSlap","Slimebound:SlimeBrawl+1","Pride","Slimebound:SlimeTap"],"relics":["Slimebound:AbsorbEndCombat","Centennial Puzzle","Du-Vu Doll","Vajra","Dream Catcher","PreservedInsect","Sozu","Omamori"],"acts_visited":["Exordium","TheCity"],"potions_floor_usage":[9,9,11],"damage_taken":[{"damage":11,"enemies":"Jaw Worm","floor":2,"turns":5},{"damage":1,"enemies":"Small Slimes","floor":3,"turns":4},{"damage":1,"enemies":"2 Louse","floor":4,"turns":3},{"damage":18,"enemies":"Lots of Slimes","floor":8,"turns":4},{"damage":30,"enemies":"3 Sentries","floor":9,"turns":5},{"damage":0,"enemies":"Exordium Wildlife","floor":11,"turns":3},{"damage":11,"enemies":"downfall:LooterAlt","floor":12,"turns":3},{"damage":4,"enemies":"downfall:FleeingMerchant","floor":13,"turns":4},{"damage":5,"enemies":"downfall:FleeingMerchant","floor":14,"turns":4},{"damage":16,"enemies":"Blue Slaver","floor":15,"turns":2},{"damage":20,"enemies":"SI_SHIV_ARCHETYPE","floor":16,"turns":7},{"damage":53,"enemies":"3 Byrds","floor":19,"turns":5},{"damage":3,"enemies":"Spheric Guardian","floor":22,"turns":4},{"damage":26,"enemies":"Gremlin Leader","floor":23,"turns":2}],"seed_played":"4246542594378988115","potions_obtained":[{"floor":3,"key":"LiquidMemories"},{"floor":4,"key":"PowerPotion"},{"floor":9,"key":"ColorlessPotion"},{"floor":15,"key":"FearPotion"}],"is_trial":false,"path_per_floor":["R","M","M","M","?","?","T","M","E","R","M","M","$","$","M","B",null,"R","M","?","?","M","E"],"character_chosen":"SLIMEBOUND","items_purchased":["PreservedInsect"],"campfire_rested":1,"item_purchase_floors":[13],"current_hp_per_floor":[65,60,63,64,64,69,69,53,25,46,48,39,37,34,20,8,70,70,21,21,21,18,0,0,0],"gold":185,"neow_bonus":"RANDOM_COMMON_RELIC","is_daily":false,"chose_seed":false,"campfire_upgraded":1,"win_rate":0.0,"timestamp":1614335541,"path_taken":["R","M","M","M","?","?","T","M","E","R","M","M","?","$","M","BOSS","R","M","?","?","M","E"],"items_purchased_type":["Relic"],"build_version":"2020-12-22","purchased_purges":2,"victory":false,"max_hp_per_floor":[65,65,65,65,65,70,70,70,70,70,70,70,70,70,70,70,70,70,70,70,70,70,70,70,70],"relic_stats":{"Sozu":1,"Centennial Puzzle":[39],"Dream Catcher":1,"counters":[14,54],"PreservedInsect":45,"obtain_stats":[{"Du-Vu Doll":6,"Sozu":17,"Centennial Puzzle":0,"Dream Catcher":9,"Vajra":7,"PreservedInsect":13,"Slimebound:AbsorbEndCombat":0,"Omamori":21},{"Du-Vu Doll":3,"Sozu":11,"Centennial Puzzle":0,"Dream Catcher":5,"Vajra":3,"PreservedInsect":8,"Slimebound:AbsorbEndCombat":0,"Omamori":12},{"Du-Vu Doll":12,"Sozu":43,"Centennial Puzzle":0,"Dream Catcher":21,"Vajra":12,"PreservedInsect":30,"Slimebound:AbsorbEndCombat":0,"Omamori":48}]},"card_choices":[{"not_picked":["Slimebound:LeechingTouch","Slimebound:SplitAcid"],"picked":"Slimebound:SlimeBrawl","floor":2},{"not_picked":["Slimebound:Gluttony","Slimebound:RollThrough"],"picked":"Slimebound:SplitSpecialist","floor":3},{"not_picked":["Slimebound:HauntingLick","Slimebound:SlimeBrawl"],"picked":"Slimebound:LeadByExample","floor":4},{"not_picked":["Slimebound:GoopSpray","Slimebound:GoopTackle"],"picked":"Slimebound:Repurpose","floor":8},{"not_picked":["Slimebound:ComboTackle","Slimebound:Prepare","Slimebound:LivingWall"],"picked":"SKIP","floor":9},{"not_picked":["Slimebound:LivingWall","Slimebound:ComboTackle"],"picked":"Slimebound:HungryTackle","floor":10},{"not_picked":["Slimebound:GoopTackle","Slimebound:LeechEnergy"],"picked":"Slimebound:DouseInSlime","floor":11},{"not_picked":["Slimebound:DisruptingSlam","Slimebound:SplitLeeching"],"picked":"Slimebound:Nibble","floor":12},{"not_picked":["Slimebound:SamplingLick","Slimebound:Schlurp"],"picked":"Slimebound:FormOfPuddle","floor":13},{"not_picked":["Slimebound:FormOfPuddle","Slimebound:SplitAcid"],"picked":"Slimebound:SelfFormingGoo","floor":14},{"not_picked":["Slimebound:FinishingTackle","Slimebound:SlimeBrawl"],"picked":"Slimebound:FormOfPuddle","floor":15},{"not_picked":["Slimebound:SelfFormingGoo","Slimebound:MassFeed"],"picked":"Slimebound:SlimeSlap","floor":16},{"not_picked":["Slimebound:BestDefense","Slimebound:GoopTackle"],"picked":"Slimebound:SlimeBrawl+1","floor":19},{"not_picked":["Slimebound:SplitBruiser+1","Slimebound:SplitAcid"],"picked":"Slimebound:SlimeTap","floor":22}],"player_experience":109017,"relics_obtained":[{"floor":7,"key":"Vajra"},{"floor":9,"key":"Dream Catcher"}],"event_choices":[{"damage_healed":0,"gold_gain":0,"player_choice":"Ignored","damage_taken":0,"max_hp_gain":0,"max_hp_loss":0,"event_name":"Vampires","floor":20,"gold_loss":0},{"damage_healed":0,"gold_gain":0,"player_choice":"Stole Relic","damage_taken":0,"relics_obtained":["Omamori"],"max_hp_gain":0,"max_hp_loss":0,"event_name":"Addict","floor":21,"gold_loss":0,"cards_obtained":["Pride"]}],"is_beta":false,"boss_relics":[{"not_picked":["Busted Crown","Fusion Hammer"],"picked":"Sozu"}],"items_purged_floors":[13,14],"is_endless":false,"potions_floor_spawned":[3,4,9,15,19],"killed_by":"Gremlin Leader","ascension_level":2}}