{"host":"i0m6ffz3lpe3z1ky","time":1614327457,"event":{"mods":["Aspiration","BaseMod","Bestiary","BetterRewards","Colored Map","Conspire","Energized Spire","Highlight Path","Hubris","Ironclad Rager","Minty Spire (QoL Compilation)","Quick Restart","Reliquary","Shop Mod","Spicy Shops","StSLib","Thieving Mod"],"gold_per_floor":[117,136,159,159,178,210,210,210,210,228,239,270,270,295,295,372,372,382,55,66,77,2,27,72,102,102,131,164,192,211,238,238,312,312,330,330,230,250,275,275,325,358,358,358,392,392,392,68,68,68,68,68,14,40,40],"floor_reached":56,"language":"KOR","playtime":1870,"items_purged":["Strike_R"],"score":2692,"play_id":"59b52eca-fe71-448d-9394-320df575bb96","local_time":"20210226171737","is_ascension_mode":true,"campfire_choices":[{"floor":7.0,"key":"RECALL"},{"data":"Exhume","floor":13.0,"key":"SMITH"},{"data":"Defend_R","floor":15.0,"key":"SMITH"},{"data":"Defend_R","floor":40,"key":"SMITH"},{"data":"Entrench","floor":49,"key":"SMITH"},{"data":"Defend_R","floor":52,"key":"SMITH"}],"circlet_count":0,"master_deck":["AscendersBane","Defend_R","Defend_R+1","Defend_R+1","Defend_R+1","conspire:Charge+1","Pommel Strike+1","Exhume+1","Body Slam+1","Juggernaut+1","Barricade+1","Combust+1","Limit Break+1","Shrug It Off+1","Reaper+1","Body Slam+1","Juggernaut+1","Rupture+1","hubris:StunningStrike+1","Panache+1","Entrench+1","Metallicize+1","Entrench+1","Demon Form+1"],"relics":["Burning Blood","aspiration:AnachronicSnailShell","ClockworkSouvenir","Orichalcum","hubris:Metronome","Dream Catcher","reliquary:BrokenClock","OrangePellets","reliquary:TuningFork","reliquary:JackalopeAntler","hubris:OldNail","reliquary:Bookmark","hubris:MedicalManual","Molten Egg 2","Frozen Egg 2","Lee\u0027s Waffle","reliquary:FingerTrap","hubris:FunFungus","StoneCalendar","TheAbacus","Blood Vial","aspiration:Lifesprig","Paper Frog","Matryoshka","reliquary:CitrusReamer","conspire:DeflatedDodgeball","conspire:TreasureMap","hubris:TenFootPole","Ancient Tea Set","reliquary:HotPoker","Oddly Smooth Stone","Centennial Puzzle","Medical Kit","reliquary:Tamtam","Question Card","PreservedInsect","WarpedTongs","Potion Belt","Mummified Hand","hubris:CuriousFeather","Strawberry","reliquary:PartyBalloon","Astrolabe","WingedGreaves","Happy Flower","HandDrill","hubris:ChampionShield","Pear","Bird Faced Urn","reliquary:Stiletto","Vajra","reliquary:Knoch","Juzu Bracelet","SacredBark","Incense Burner","aspiration:ArtOfWarUpgrade","Bottled Tornado","Regal Pillow","reliquary:Buckler","Membership Card","aspiration:HummingbirdHeart","reliquary:RoseTintedGlasses","reliquary:SharkskinSheath","conspire:Boomerang","Chemical X","DollysMirror","Boot"],"acts_visited":["Exordium","TheCity","TheBeyond","TheEnding"],"potions_floor_usage":[25,25,53],"damage_taken":[{"damage":1.0,"enemies":"Cultist","floor":1.0,"turns":3.0},{"damage":4.0,"enemies":"Jaw Worm","floor":2.0,"turns":3.0},{"damage":0.0,"enemies":"2 Louse","floor":5.0,"turns":2.0},{"damage":3.0,"enemies":"3 Sentries","floor":6.0,"turns":3.0},{"damage":0.0,"enemies":"Exordium Wildlife","floor":10.0,"turns":2.0},{"damage":0.0,"enemies":"3 Louse","floor":11.0,"turns":1.0},{"damage":0.0,"enemies":"Gremlin Nob","floor":12.0,"turns":2.0},{"damage":0.0,"enemies":"3 Sentries","floor":14.0,"turns":2.0},{"damage":3.0,"enemies":"Slime Boss","floor":16.0,"turns":3.0},{"damage":0.0,"enemies":"2 Thieves","floor":18.0,"turns":2.0},{"damage":21.0,"enemies":"3 Byrds","floor":20.0,"turns":3.0},{"damage":0.0,"enemies":"Centurion and Healer","floor":21.0,"turns":3.0},{"damage":0.0,"enemies":"Gremlin Leader","floor":23.0,"turns":4.0},{"damage":0,"enemies":"Book of Stabbing","floor":25,"turns":3},{"damage":1,"enemies":"Gremlin Leader","floor":27,"turns":3},{"damage":0,"enemies":"Slavers","floor":28,"turns":4},{"damage":14,"enemies":"Book of Stabbing","floor":29,"turns":4},{"damage":0,"enemies":"Cultist and Chosen","floor":30,"turns":4},{"damage":15,"enemies":"Gremlin Leader","floor":31,"turns":4},{"damage":11,"enemies":"hubris:MusketHawk","floor":33,"turns":5},{"damage":0,"enemies":"3 Shapes","floor":35,"turns":3},{"damage":0,"enemies":"3 Darklings","floor":38,"turns":2},{"damage":1,"enemies":"Mind Bloom Boss Battle","floor":39,"turns":3},{"damage":0,"enemies":"Nemesis","floor":42,"turns":3},{"damage":0,"enemies":"Giant Head","floor":45,"turns":4},{"damage":64,"enemies":"conspire:OrnateMirror","floor":50,"turns":5},{"damage":0,"enemies":"Shield and Spear","floor":54,"turns":2},{"damage":19,"enemies":"The Heart","floor":55,"turns":7}],"seed_played":"-7785844899265592563","potions_obtained":[{"floor":10.0,"key":"BlessingOfTheForge"},{"floor":11.0,"key":"Fire Potion"},{"floor":21.0,"key":"HeartOfIron"},{"floor":29,"key":"Strength Potion"},{"floor":30,"key":"FearPotion"},{"floor":54,"key":"Explosive Potion"}],"is_trial":false,"path_per_floor":["M","M","T","?","M","E","R","?","T","M","M","E","R","E","R","B",null,"M","$","M","M","$","E","T","E","T","E","E","E","M","E","R","B",null,"M","?","NS","M","?","R","?","E","T","R","E","?","R","$","R","B",null,"R","$","E","B",null],"character_chosen":"IRONCLAD","items_purchased":["ThievingMod:ThievingPotion","Happy Flower","HandDrill","Membership Card","Panache+1","Entrench","ThievingMod:ThievingPotion"],"campfire_rested":0,"item_purchase_floors":[0,19,19,48,48,48,53],"current_hp_per_floor":[80,82,82,82,82,82,82,82,82,82,82,89,89,89,89,89,89,89,89,74,82,82,89,89,99,99,99,99,91,99,99,99,94,98,99,99,99,99,99,99,99,99,99,99,99,99,99,99,99,99,99,99,99,99,86],"gold":40,"neow_bonus":"","is_daily":false,"chose_seed":false,"campfire_upgraded":5,"win_rate":0.0,"timestamp":1614327457,"path_taken":["M","M","?","?","?","E","R","?","T","M","?","E","R","E","R","BOSS","M","$","M","M","$","E","?","E","T","E","E","E","M","E","R","BOSS","M","?","NS","M","?","R","?","E","T","R","E","?","R","$","R","BOSS","R","$","E","BOSS"],"items_purchased_type":["Potion","Relic","Relic","Relic","Card","Card","Potion"],"build_version":"2020-12-22","purchased_purges":1,"victory":true,"max_hp_per_floor":[82,82,82,82,82,82,82,82,82,82,82,89,89,89,89,89,89,89,89,89,89,89,89,89,99,99,99,99,99,99,99,99,99,99,99,99,99,99,99,99,99,99,99,99,99,99,99,99,99,99,99,99,99,99,99],"card_choices":[{"not_picked":["Armaments","hubris:ReadiedAction"],"picked":"Cleave+1","floor":1.0},{"not_picked":["Havoc","Wild Strike+1"],"picked":"conspire:Charge+1","floor":2.0},{"not_picked":["hubris:ReadiedAction","Heavy Blade+1","Dual Wield","Clash+1"],"picked":"SKIP","floor":5.0},{"not_picked":["Headbutt+1","Ghostly Armor","Sever Soul+1"],"picked":"Pommel Strike+1","floor":6.0},{"not_picked":["Flex","Iron Wave+1","Havoc"],"picked":"Exhume","floor":10.0},{"not_picked":["Warcry","Spot Weakness","Blood for Blood+1","Headbutt+1"],"picked":"SKIP","floor":11.0},{"not_picked":["Thunderclap+1","Fire Breathing+1","Headbutt+1"],"picked":"Body Slam+1","floor":12.0},{"not_picked":["Havoc","Pommel Strike+1","Fire Breathing+1"],"picked":"Juggernaut+1","floor":14.0},{"not_picked":["Berserk+1","Offering","Demon Form+1"],"picked":"Barricade+1","floor":16.0},{"not_picked":["conspire:ExplosiveBarrier+1","Clash+1","Battle Trance","Anger+1"],"picked":"SKIP","floor":18.0},{"not_picked":["Iron Wave+1","Armaments","Headbutt+1","Intimidate"],"picked":"SKIP","floor":20.0},{"not_picked":["Clash+1","Wild Strike+1","Combust+1","Ghostly Armor"],"picked":"SKIP","floor":21.0},{"not_picked":["Rupture+1","Perfected Strike+1","Iron Wave+1"],"picked":"Reaper+1","floor":23.0},{"not_picked":["Heavy Blade+1","hubris:ReadiedAction","Warcry"],"picked":"Body Slam+1","floor":25},{"not_picked":["Shrug It Off","Spot Weakness","Rampage+1","Pummel+1"],"picked":"SKIP","floor":27},{"not_picked":["Clothesline+1","Bludgeon+1","Perfected Strike+1","True Grit"],"picked":"SKIP","floor":28},{"not_picked":["Sentinel","Warcry","Armaments","Rage+1"],"picked":"SKIP","floor":29},{"not_picked":["Twin Strike+1","Armaments","Rupture+1","Iron Wave+1"],"picked":"SKIP","floor":30},{"not_picked":["Heavy Blade+1","Rampage+1","True Grit","conspire:ExplosiveBarrier"],"picked":"SKIP","floor":31},{"not_picked":["hubris:StunningStrike+1","Double Tap","conspire:Purge"],"picked":"Juggernaut+1","floor":33},{"not_picked":["hubris:ReadiedAction","conspire:ExplosiveBarrier","Infernal Blade","Clothesline+1"],"picked":"SKIP","floor":35},{"not_picked":["Anger+1","Wild Strike+1","Dropkick+1","Hemokinesis+1"],"picked":"SKIP","floor":38},{"not_picked":["Perfected Strike+1","Clash+1","Barricade+1"],"picked":"Rupture+1","floor":42},{"not_picked":["Pommel Strike+1","Heavy Blade+1","True Grit"],"picked":"hubris:StunningStrike+1","floor":45},{"not_picked":["Dark Embrace+1","Seeing Red","hubris:CleavingFinish+1"],"picked":"Demon Form+1","floor":54}],"player_experience":442854,"relics_obtained":[{"floor":3.0,"key":"Question Card"},{"floor":3.0,"key":"PreservedInsect"},{"floor":6.0,"key":"Potion Belt"},{"floor":9.0,"key":"Mummified Hand"},{"floor":9.0,"key":"hubris:CuriousFeather"},{"floor":12.0,"key":"Strawberry"},{"floor":14.0,"key":"reliquary:PartyBalloon"},{"floor":23.0,"key":"hubris:ChampionShield"},{"floor":25,"key":"Pear"},{"floor":26,"key":"Bird Faced Urn"},{"floor":27,"key":"reliquary:Stiletto"},{"floor":28,"key":"Vajra"},{"floor":29,"key":"reliquary:Knoch"},{"floor":31,"key":"Juzu Bracelet"},{"floor":39,"key":"Incense Burner"},{"floor":42,"key":"Art of War"},{"floor":43,"key":"Bottled Tornado"},{"floor":45,"key":"Regal Pillow"},{"floor":54,"key":"Boot"}],"event_choices":[{"damage_healed":0.0,"max_hp_gain":0.0,"max_hp_loss":0.0,"gold_gain":0.0,"event_name":"Accursed Blacksmith","player_choice":"Rummage","floor":4.0,"gold_loss":0.0,"damage_taken":0.0,"relics_obtained":["WarpedTongs"],"cards_obtained":["Pain"]},{"cards_removed":["Pain"],"damage_healed":0.0,"max_hp_gain":0.0,"max_hp_loss":0.0,"gold_gain":0.0,"event_name":"Purifier","player_choice":"Purged","floor":8.0,"gold_loss":0.0,"damage_taken":0.0},{"damage_healed":0,"gold_gain":0,"player_choice":"Fight","damage_taken":0,"max_hp_gain":0,"max_hp_loss":0,"event_name":"MindBloom","floor":39,"gold_loss":0},{"damage_healed":0,"gold_gain":50,"player_choice":"Pray","damage_taken":0,"max_hp_gain":0,"max_hp_loss":0,"event_name":"Golden Shrine","floor":41,"gold_loss":0},{"damage_healed":0,"gold_gain":0,"player_choice":"Gave Potion","damage_taken":0,"relics_obtained":["reliquary:Buckler"],"max_hp_gain":0,"max_hp_loss":0,"event_name":"WeMeetAgain","floor":46,"gold_loss":0}],"is_beta":false,"boss_relics":[{"not_picked":["aspiration:RitualDagger","Runic Dome"],"picked":"Astrolabe"},{"not_picked":["energizedSpire:EnergizedDie","hubris:BlackHole"],"picked":"SacredBark"}],"items_purged_floors":[22],"is_endless":false,"potions_floor_spawned":[5,10,11,12,16,21,23,29,30,33,35,39,54],"ascension_level":16}}