{"host":"0z6l31g9ps0v9zzp","time":1614351473,"event":{"mods":["Act Like it!","BaseMod","CapriCore","Library of Ruina","Minty Spire (QoL Compilation)","StSLib"],"gold_per_floor":[111,131,81,95,107,138,138,148,148,177,187,187,219,219,219,316,316,328,22,22,22,35,64,64,64,64,75,75,110,130,165,165,265,315,335,117,135,135,185,214,214,214,214,214,241,255,285,299,299,299,299,299,49,84,84,84,84],"floor_reached":56,"language":"ZHS","playtime":2283,"items_purged":["Dodge","SenseQuarry"],"score":1350,"play_id":"d8973301-0f8a-4c0c-b8bb-0cfccf97ffa1","local_time":"20210226225753","is_ascension_mode":true,"campfire_choices":[{"data":"Quickness","floor":7.0,"key":"SMITH"},{"data":"CleanUp","floor":12.0,"key":"SMITH"},{"data":"ToOvercomeCrisis","floor":15.0,"key":"SMITH"},{"data":"SenseQuarry","floor":24.0,"key":"SMITH"},{"data":"Execute_lor","floor":32.0,"key":"SMITH"},{"data":"Enlightenment","floor":42.0,"key":"SMITH"},{"data":"BindingChains","floor":44,"key":"SMITH"},{"floor":49,"key":"RECALL"},{"data":"GoinFirst","floor":52,"key":"SMITH"}],"circlet_count":0,"master_deck":["LightDefense+1","LightDefense+1","LightDefense+1","LightDefense+1","ChargeAndCover+1","FocusedStrikes+1","Execute_lor+1","ToOvercomeCrisis+1","Decapitation","Quickness+1","QuickAttack","Multislash+1","CleanUp+1","SenseQuarry+1","BindingChains+1","Enlightenment+1","BackAttack+1","GoinFirst+1","Unlock1+1","WillOfThePrescript"],"relics":["PageOfLibrarian","Whetstone","Bag of Preparation","PageOfApocalypseBird","Cursed Key","PageOfTheSilentOrchestra","Strawberry","MutagenicStrength","Letter Opener","PageOfMountain","Tiny House","Nunchaku","PageOfHappyTeddyBear","Singing Bowl","Oddly Smooth Stone","Sundial","ClockworkSouvenir","PageOfBigBadWolf"],"acts_visited":[],"potions_floor_usage":[50,55,55],"damage_taken":[{"damage":0.0,"enemies":"Jaw Worm","floor":1.0,"turns":3.0},{"damage":0.0,"enemies":"Cultist","floor":2.0,"turns":2.0},{"damage":0.0,"enemies":"2 Louse","floor":4.0,"turns":3.0},{"damage":0.0,"enemies":"2 Fungi Beasts","floor":5.0,"turns":3.0},{"damage":21.0,"enemies":"3 Sentries","floor":6.0,"turns":8.0},{"damage":0.0,"enemies":"Looter","floor":8.0,"turns":2.0},{"damage":0.0,"enemies":"Gremlin Nob","floor":10.0,"turns":2.0},{"damage":0.0,"enemies":"3 Louse","floor":11.0,"turns":2.0},{"damage":0.0,"enemies":"3 Sentries","floor":13.0,"turns":4.0},{"damage":0.0,"enemies":"Slime Boss","floor":16.0,"turns":2.0},{"damage":0.0,"enemies":"Spheric Guardian","floor":18.0,"turns":1.0},{"damage":2.0,"enemies":"Shell Parasite","floor":22.0,"turns":2.0},{"damage":0.0,"enemies":"Book of Stabbing","floor":23.0,"turns":3.0},{"damage":11.0,"enemies":"Snake Plant","floor":27.0,"turns":2.0},{"damage":8.0,"enemies":"Slavers","floor":29.0,"turns":3.0},{"damage":0.0,"enemies":"Shelled Parasite and Fungi","floor":30.0,"turns":2.0},{"damage":0.0,"enemies":"Gremlin Leader","floor":31.0,"turns":1.0},{"damage":2.0,"enemies":"Champ","floor":33.0,"turns":4.0},{"damage":7.0,"enemies":"Orb Walker","floor":35.0,"turns":2.0},{"damage":0.0,"enemies":"3 Darklings","floor":37.0,"turns":3.0},{"damage":0.0,"enemies":"Mind Bloom Boss Battle","floor":39.0,"turns":2.0},{"damage":0.0,"enemies":"Giant Head","floor":40.0,"turns":3.0},{"damage":0,"enemies":"Nemesis","floor":45,"turns":1},{"damage":0,"enemies":"Transient","floor":46,"turns":6},{"damage":0,"enemies":"Giant Head","floor":47,"turns":3},{"damage":0,"enemies":"Writhing Mass","floor":48,"turns":1},{"damage":67,"enemies":"Time Eater","floor":50,"turns":6},{"damage":0,"enemies":"Shield and Spear","floor":54,"turns":3},{"damage":39,"enemies":"The Heart","floor":55,"turns":6}],"seed_played":"-7520036429986398046","potions_obtained":[{"floor":1.0,"key":"SkillPotion"},{"floor":2.0,"key":"LiquidBronze"},{"floor":4.0,"key":"LiquidMemories"},{"floor":33.0,"key":"LiquidBronze"},{"floor":34.0,"key":"ColorlessPotion"}],"is_trial":false,"path_per_floor":["M","M","?","M","M","E","R","M","T","E","M","R","E","?","R","B",null,"M","$","$","$","M","E","R","?","T","M","?","E","M","E","R","B",null,"M","$","M","?","?","E","?","R","T","R","E","M","E","M","R","B",null,"R","$","E","B",null],"character_chosen":"Librarian","items_purchased":["PageOfTheSilentOrchestra","Nunchaku","ClockworkSouvenir"],"campfire_rested":0,"item_purchase_floors":[19,36,53],"current_hp_per_floor":[60,60,60,60,60,39,39,39,39,39,39,39,39,39,39,39,95,95,95,95,95,93,100,100,100,100,89,89,81,81,81,81,79,107,100,100,100,100,100,100,100,100,100,100,102,102,102,104,104,37,106,106,106,106,67,67,67],"gold":84,"neow_bonus":"TRANSFORM_CARD","is_daily":false,"chose_seed":false,"campfire_upgraded":8,"win_rate":0.0,"timestamp":1614351473,"path_taken":["M","M","?","M","M","E","R","M","T","E","M","R","E","?","R","BOSS","M","?","$","?","?","E","R","?","T","M","?","E","M","E","R","BOSS","M","$","M","?","?","E","?","R","T","R","E","M","E","M","R","BOSS","R","$","E","BOSS"],"items_purchased_type":["Relic","Relic","Relic"],"build_version":"2020-12-22","purchased_purges":2,"victory":false,"max_hp_per_floor":[65,95,95,95,95,95,95,95,95,95,95,95,95,95,95,95,95,95,95,95,95,95,102,102,102,102,102,102,102,102,102,102,102,107,107,107,107,107,107,107,102,102,102,102,104,104,104,106,106,106,106,106,106,106,106,106,106],"card_choices":[{"not_picked":["CoordinatedAssault","DesperateStruggle","SilentMist","WillOfThePrescript","YoureTooSlow","HighKick","SnakesPrey","GrazeTheGrass"],"picked":"ToOvercomeCrisis","floor":1.0},{"not_picked":["MultiBlock","AsThePrescriptOrders","KeepItFresh","StrongStrike","ShrineToMusic","FendThisOffIfYouCan","GreatSerpentsImpact","UnavoidableGaze"],"picked":"Decapitation","floor":2.0},{"not_picked":["Faith","GaleKick","UnavoidableGaze","ProselytesBlade","SpearedSweep","SnakeSlit","ClassAndRespect","Tailoring"],"picked":"Quickness","floor":4.0},{"not_picked":["Guardian_lor","EnergyStrike","Outburst","ForcefulGesture","SuppressingShot","RapidGashes","Wallop_lor","Laceration","Rewind"],"picked":"SKIP","floor":5.0},{"not_picked":["Unlock1","ScratchThat","SpearedSweep","GreatSerpentsImpact","LossOfSenses","FleetEdge","YourShield","BlowItUp"],"picked":"QuickAttack","floor":6.0},{"not_picked":["DriedUp","RagingStormLove","EndlessBattle","DesperateStruggle","TasteMyFlamingBat","Pound","FocusFire","VenomousFangs"],"picked":"Multislash","floor":8.0},{"not_picked":["WrathOfTorment","BiAn","WillBeTasty","StartinOutLightly","HardRehearsal","FlowOfTheSword","TraceOfFumes","UnavoidableGaze"],"picked":"CleanUp","floor":10.0},{"not_picked":["Rampage_lor","BiAn","GutHarvesting","BindingArms","CutIn","Parry","MultiBlock","Collision","TimeForALittleTest"],"picked":"SKIP","floor":11.0},{"not_picked":["ChargeUp","BlazingStrike","Parry2","InkOver","BiteOff","HeavyPeaks","BurningFlash","AutonomousRush","GroundSmash"],"picked":"SKIP","floor":13.0},{"not_picked":["TrashDisposal","BlazingStrike"],"picked":"SenseQuarry","floor":16.0},{"not_picked":["Reload+1","GrazeTheGrass","ExtremeEdge","SearingSword","PuppetBlockade","DesperateStruggle+1","UpbeatPerformance+1","FleetEdge","FeatherShield"],"picked":"SKIP","floor":18.0},{"not_picked":["YoureTooSlow","Endure","StrikeDown","Disposal","HandleRequest","FlashOfSunup","TimeForALittleTest","ExtremeEdge","UpbeatPerformance"],"picked":"SKIP","floor":22.0},{"not_picked":["Rampage_lor","Wallop_lor","SpearedSweep","Endure","Marionette","Thirst","DistortedBlade","FrontalAssault","Parry"],"picked":"SKIP","floor":23.0},{"not_picked":["SharpSwipe","DesperateStruggle","Standoff","HighKick","NightInTheBackstreets+1","EnergyStrike","FrontalAssault","FierceCharge","Parry"],"picked":"SKIP","floor":27.0},{"not_picked":["RushDown","AsThePrescriptOrders+1","Suppress","MultiBlock","Juggling+1","Mutilate","ShockingBlow","EnergyShield","GuardingStance+1"],"picked":"SKIP","floor":29.0},{"not_picked":["SnakeSlit","Wallop_lor","Mutilate","Crush","TendonChords","QuickSuppression","NightInTheBackstreets","TrimTheIngredients","TraceOfFumes"],"picked":"SKIP","floor":30.0},{"not_picked":["HighKick+1","EnergyShield","NonstopAssault","KeepItFresh","Clone","ExtractFuel","RatsGuideToSurvival","Pound","GuidanceOfTheGears+1"],"picked":"SKIP","floor":31.0},{"not_picked":["DimensionalRift","DestructiveImpact+1","Juggling","BlindFaith","Zzzzzap","DeepDrag","Lock","SerpentSwordTechnique+1","Gigigig"],"picked":"SKIP","floor":35.0},{"not_picked":["DefenseOrder+1","FleetEdge","Parry+1","YoureAHindrance+1","Retaliate","WildCard","Wallop_lor","TimeForALittleTest"],"picked":"BindingChains","floor":37.0},{"not_picked":["Trip","PanicButton","Secret Technique","Swift Strike","Purity","Discovery","Dark Shackles","Blind"],"picked":"Enlightenment","floor":38.0},{"not_picked":["AbsorbImpact+1","FormingStorm","SuppressingShot+1","DarkCloud","SerpentineBarrier+1","ForTheFamily+1","Faith+1","InhaleSmoke+1"],"picked":"BackAttack+1","floor":39.0},{"not_picked":["NightInTheBackstreets+1","Faith+1","DeepDrag","SnakesPrey","WildCard","DarkCloud+1","EnergyBeam","VenomousFangs+1"],"picked":"GoinFirst","floor":40.0},{"not_picked":["TraceOfFumes","Guardian_lor+1","YoureAHindrance+1","LoosenUp","Gigigig+1","EnergyCycle","UnavoidableGaze","Reload","NightInTheBackstreets"],"picked":"Singing Bowl","floor":45},{"not_picked":["BiAn+1","GreatSerpentsImpact","Quickness+1","UnavoidableGaze+1","CrackOfDawn","Pound+1","GuardingStance","Reload+1"],"picked":"Unlock1+1","floor":46},{"not_picked":["Quickness","EndlessBattle+1","Leap_lor","DefenseOrder","SparkingSpear","Diversion+1","PuppetBlockade+1","EnergyShield"],"picked":"SenseQuarry","floor":47},{"not_picked":["SpearedSweep+1","NonstopAssault","DimensionalRift+1","SnakesPrey+1","AssaultOrder+1","SuppressingShot","RagingStormLove","Endure+1","SkyClearingCut+1"],"picked":"Singing Bowl","floor":48},{"not_picked":["YoureAHindrance","EndlessBattle+1","Faith+1","MultiHit+1","SenseQuarry","UpbeatPerformance","UnavoidableGaze","Juggling+1"],"picked":"WillOfThePrescript","floor":54}],"player_experience":300987,"relics_obtained":[{"floor":6.0,"key":"Whetstone"},{"floor":10.0,"key":"Bag of Preparation"},{"floor":13.0,"key":"PageOfApocalypseBird"},{"floor":23.0,"key":"Strawberry"},{"floor":29.0,"key":"Letter Opener"},{"floor":31.0,"key":"PageOfMountain"},{"floor":39.0,"key":"PageOfHappyTeddyBear"},{"floor":40.0,"key":"Singing Bowl"},{"floor":45,"key":"Oddly Smooth Stone"},{"floor":47,"key":"Sundial"},{"floor":54,"key":"PageOfBigBadWolf"}],"event_choices":[{"cards_removed":["LightAttack"],"damage_healed":0.0,"max_hp_gain":0.0,"max_hp_loss":0.0,"gold_gain":0.0,"event_name":"The Cleric","player_choice":"Card Removal","floor":3.0,"gold_loss":50.0,"damage_taken":0.0},{"cards_removed":["LightAttack"],"damage_healed":0.0,"max_hp_gain":0.0,"max_hp_loss":0.0,"gold_gain":0.0,"event_name":"Bonfire Elementals","player_choice":"Offered Basic","floor":14.0,"gold_loss":0.0,"damage_taken":0.0},{"damage_healed":0.0,"max_hp_gain":0.0,"max_hp_loss":0.0,"gold_gain":0.0,"event_name":"Drug Dealer","player_choice":"Inject Mutagens","floor":25.0,"gold_loss":0.0,"damage_taken":0.0,"relics_obtained":["MutagenicStrength"]},{"damage_healed":0.0,"max_hp_gain":0.0,"max_hp_loss":0.0,"gold_gain":0.0,"event_name":"Back to Basics","player_choice":"Simplicity","floor":28.0,"gold_loss":0.0,"damage_taken":0.0,"cards_upgraded":["LightDefense","LightDefense","LightDefense","LightDefense"]},{"damage_healed":0.0,"max_hp_gain":0.0,"max_hp_loss":0.0,"gold_gain":0.0,"event_name":"SensoryStone","player_choice":"Memory 1","floor":38.0,"gold_loss":0.0,"damage_taken":0.0},{"damage_healed":0.0,"max_hp_gain":0.0,"max_hp_loss":0.0,"gold_gain":0.0,"event_name":"MindBloom","player_choice":"Fight","floor":39.0,"gold_loss":0.0,"damage_taken":0.0},{"damage_healed":0.0,"max_hp_gain":0.0,"max_hp_loss":5.0,"gold_gain":0.0,"event_name":"Winding Halls","player_choice":"Max HP","floor":41.0,"gold_loss":0.0,"damage_taken":0.0}],"is_beta":false,"boss_relics":[{"not_picked":["Snecko Eye","SlaversCollar"],"picked":"Cursed Key"},{"not_picked":["Pandora\u0027s Box","Runic Dome"],"picked":"Tiny House"}],"items_purged_floors":[36,53],"is_endless":false,"potions_floor_spawned":[1,2,4,13,23,27,29,33,40,45,47],"ascension_level":1}}