{"host":"pmmuxs046gii331m","time":1614357394,"event":{"mods":["AchievementEnabler","BaseMod","Colored Powertips","Custom Start","Downfall","Gold Saver","Infinite Spire","Minty Spire (QoL Compilation)","Permanent Neow","Quick Restart","StSLib"],"gold_per_floor":[790,790,805,817,827,827,856,856,856,426,391,422,392,405,405,500,500,510,330,349,349,349,8,8,107,133,157,157,191,191,217,217,320,320,339,339,354,152,152,152,194,194,220,237,263,280,303,327,339,367],"floor_reached":51,"language":"ENG","playtime":5519,"items_purged":["Strike_R","Strike_R","Defend_R","Defend_R","Defend_R","Defend_R"],"score":1007,"play_id":"539fc24a-2f45-4e28-a108-7b073af415e9","local_time":"20210226113634","is_ascension_mode":true,"campfire_choices":[{"data":"Armaments","floor":6.0,"key":"SMITH"},{"data":"Berserk","floor":8.0,"key":"SMITH"},{"data":"Seeing Red","floor":15.0,"key":"SMITH"},{"data":"Body Slam","floor":24.0,"key":"SMITH"},{"data":"Dark Embrace","floor":28.0,"key":"SMITH"},{"data":"Disarm","floor":30.0,"key":"SMITH"},{"data":"Demon Form","floor":32.0,"key":"SMITH"},{"data":"Reckless Charge","floor":40.0,"key":"SMITH"},{"data":"Feel No Pain","floor":42.0,"key":"SMITH"},{"floor":49.0,"key":"REST"}],"circlet_count":0,"master_deck":["AscendersBane","Bash","Berserk+1","Armaments+1","Cleave","Reckless Charge+1","Feel No Pain+1","Disarm+1","Seeing Red+1","Demon Form+1","Impervious+1","Twin Strike+1","Infernal Blade+1","Body Slam+1","Dark Embrace+1","Shrug It Off+1","Immolate","Decay","Reckless Charge+1","Metallicize","Sentinel+1"],"relics":["Burning Blood","infinitespire:Eraser","Mercury Hourglass","Sling","Darkstone Periapt","Astrolabe","Eternal Feather","Membership Card","infinitespire:Bottled Soul","infinitespire:PuzzleCube","Lantern","Sundial","Self Forming Clay","Mark of Pain","Gremlin Horn","infinitespire:Midas Blood","Paper Frog","Bag of Marbles","MawBank"],"acts_visited":["Exordium","TheCity","TheBeyond"],"potions_floor_usage":[50,50],"damage_taken":[{"damage":10.0,"enemies":"Small Slimes","floor":1.0,"turns":4.0},{"damage":11.0,"enemies":"Cultist","floor":3.0,"turns":4.0},{"damage":0.0,"enemies":"2 Louse","floor":4.0,"turns":3.0},{"damage":16.0,"enemies":"Blue Slaver","floor":5.0,"turns":3.0},{"damage":18.0,"enemies":"Gremlin Nob","floor":7.0,"turns":3.0},{"damage":6.0,"enemies":"3 Sentries","floor":12.0,"turns":5.0},{"damage":12.0,"enemies":"Looter","floor":14.0,"turns":3.0},{"damage":9.0,"enemies":"Slime Boss","floor":16.0,"turns":8.0},{"damage":8.0,"enemies":"3 Byrds","floor":18.0,"turns":5.0},{"damage":2.0,"enemies":"Shell Parasite","floor":20.0,"turns":9.0},{"damage":27.0,"enemies":"Slavers","floor":29.0,"turns":4.0},{"damage":9.0,"enemies":"Book of Stabbing","floor":31.0,"turns":5.0},{"damage":40.0,"enemies":"Champ","floor":33.0,"turns":8.0},{"damage":2.0,"enemies":"Orb Walker","floor":35.0,"turns":3.0},{"damage":14.0,"enemies":"3 Darklings","floor":37.0,"turns":3.0},{"damage":31.0,"enemies":"Nemesis","floor":41.0,"turns":5.0},{"damage":20.0,"enemies":"Writhing Mass","floor":44.0,"turns":5.0},{"damage":37.0,"enemies":"Spire Growth","floor":45.0,"turns":4.0},{"damage":0.0,"enemies":"Sphere and 2 Shapes","floor":46.0,"turns":4.0},{"damage":1.0,"enemies":"Maw","floor":48.0,"turns":6.0},{"damage":76,"enemies":"Time Eater","floor":50,"turns":9}],"seed_played":"2122087820695651773","potions_obtained":[{"floor":3.0,"key":"AttackPotion"},{"floor":5.0,"key":"FearPotion"},{"floor":13.0,"key":"Explosive Potion"},{"floor":13.0,"key":"BloodPotion"},{"floor":16.0,"key":"AttackPotion"},{"floor":29.0,"key":"SneckoOil"},{"floor":31.0,"key":"FearPotion"},{"floor":33.0,"key":"hexamod:SoulburnPotion"},{"floor":41.0,"key":"Regen Potion"},{"floor":44.0,"key":"Strength Potion"},{"floor":48.0,"key":"ElixirPotion"}],"is_trial":false,"path_per_floor":["M","?","M","M","M","R","E","R","T","$","?","E","?","M","R","B",null,"M","$","M","AVR","?","$","R","?","T","T","R","E","R","E","R","B",null,"M","AVR","M","$","?","R","E","R","T","M","M","M","T","M","R","B",null],"character_chosen":"IRONCLAD","items_purchased":["Sling","AttackPotion","EssenceOfSteel","Feel No Pain","Dark Embrace","Membership Card","infinitespire:Bottled Soul","infinitespire:Midas Blood"],"campfire_rested":1,"item_purchase_floors":[10,10,10,10,19,23,23,38],"current_hp_per_floor":[68,68,63,69,59,59,47,47,47,47,47,47,47,41,41,38,70,68,68,72,72,72,72,80,80,80,80,80,59,68,65,74,56,74,78,78,70,70,76,85,60,69,69,55,33,39,39,44,81,11],"gold":379,"neow_bonus":"ONE_RANDOM_RARE_CARD","is_daily":false,"chose_seed":false,"campfire_upgraded":9,"win_rate":0.0,"timestamp":1614357394,"path_taken":["M","?","M","M","M","R","E","R","T","$","?","E","?","?","R","BOSS","M","$","M","AVR","?","$","R","?","T","?","R","E","R","E","R","BOSS","M","AVR","M","$","?","R","E","R","T","?","M","M","?","M","R","BOSS"],"items_purchased_type":["Relic","Potion","Potion","Card","Card","Relic","Relic","Relic"],"build_version":"2020-12-22","purchased_purges":6,"victory":true,"max_hp_per_floor":[80,80,80,80,80,80,80,80,80,80,80,80,80,80,80,80,80,80,80,80,80,80,80,80,80,80,80,80,80,80,80,80,80,80,80,80,80,80,86,86,86,86,86,86,86,86,86,86,86,86],"card_choices":[{"not_picked":["Havoc","Battle Trance","Flex"],"picked":"SKIP","floor":1.0},{"not_picked":["Battle Trance","Combust"],"picked":"Armaments","floor":3.0},{"not_picked":["Seeing Red","Twin Strike"],"picked":"Cleave","floor":4.0},{"not_picked":["Feed","Headbutt"],"picked":"Reckless Charge","floor":5.0},{"not_picked":["Heavy Blade","Anger","Armaments"],"picked":"SKIP","floor":7.0},{"not_picked":["Flex","Clash"],"picked":"Disarm","floor":12.0},{"not_picked":["Headbutt","Whirlwind"],"picked":"Seeing Red","floor":14.0},{"not_picked":["Double Tap","Reaper"],"picked":"Demon Form","floor":16.0},{"not_picked":["Perfected Strike","Flex+1"],"picked":"Body Slam","floor":18.0},{"not_picked":["Dual Wield+1","Anger"],"picked":"Shrug It Off+1","floor":20.0},{"not_picked":["Sword Boomerang","Disarm","Pommel Strike"],"picked":"SKIP","floor":29.0},{"not_picked":["Pommel Strike","Battle Trance","Infernal Blade+1"],"picked":"SKIP","floor":31.0},{"not_picked":["Brutality","Fiend Fire"],"picked":"Immolate","floor":33.0},{"not_picked":["Sword Boomerang","Intimidate","Headbutt"],"picked":"SKIP","floor":35.0},{"not_picked":["Perfected Strike+1","Clash","Heavy Blade"],"picked":"SKIP","floor":37.0},{"not_picked":["Inflame","Clothesline"],"picked":"Reckless Charge+1","floor":41.0},{"not_picked":["Warcry+1","Twin Strike+1"],"picked":"Metallicize","floor":44.0},{"not_picked":["Carnage","Cleave","Battle Trance+1"],"picked":"SKIP","floor":45.0},{"not_picked":["Heavy Blade+1","Havoc+1","Pummel+1"],"picked":"SKIP","floor":46.0},{"not_picked":["Havoc","Spot Weakness"],"picked":"Sentinel+1","floor":48.0}],"player_experience":637348,"relics_obtained":[{"floor":7.0,"key":"infinitespire:Eraser"},{"floor":9.0,"key":"Mercury Hourglass"},{"floor":12.0,"key":"Darkstone Periapt"},{"floor":26.0,"key":"infinitespire:PuzzleCube"},{"floor":27.0,"key":"Lantern"},{"floor":29.0,"key":"Sundial"},{"floor":31.0,"key":"Self Forming Clay"},{"floor":41.0,"key":"Paper Frog"},{"floor":43.0,"key":"Bag of Marbles"},{"floor":47.0,"key":"MawBank"}],"event_choices":[{"damage_healed":0.0,"max_hp_gain":0.0,"max_hp_loss":0.0,"gold_gain":0.0,"event_name":"World of Goop","player_choice":"Left Gold","floor":11.0,"gold_loss":35.0,"damage_taken":0.0},{"damage_healed":0.0,"max_hp_gain":0.0,"max_hp_loss":0.0,"gold_gain":0.0,"event_name":"The Woman in Blue","player_choice":"Bought 2 Potions","floor":13.0,"gold_loss":0.0,"damage_taken":0.0},{"damage_healed":0.0,"max_hp_gain":0.0,"max_hp_loss":0.0,"gold_gain":99.0,"event_name":"Nest","player_choice":"Stole From Cult","floor":25.0,"gold_loss":0.0,"damage_taken":0.0},{"damage_healed":0.0,"max_hp_gain":0.0,"max_hp_loss":0.0,"gold_gain":0.0,"event_name":"Wheel of Change","player_choice":"Cursed","floor":39.0,"gold_loss":0.0,"damage_taken":0.0,"cards_obtained":["Decay"]}],"is_beta":false,"boss_relics":[{"not_picked":["Velvet Choker","Empty Cage"],"picked":"Astrolabe"},{"not_picked":["Pandora\u0027s Box","Black Blood"],"picked":"Mark of Pain"}],"items_purged_floors":[10,19,21,23,36,38],"is_endless":false,"potions_floor_spawned":[3,5,14,16,29,31,33,41,44,48],"ascension_level":10}}