{"host":"2wp95sdfrgw3k439","time":1614317468,"event":{"mods":["BaseMod","Better Altar","Better Skull","Better Third Choice","Curses Come First","Minty Spire (QoL Compilation)","Permanent Neow","StSLib"],"gold_per_floor":[13,25,25,25,49,49,101,122,192,210,210,250,250,271,271,402,402,416,429,528,302,217,217,217],"floor_reached":23,"language":"ENG","playtime":625,"items_purged":["Strike_B"],"score":349,"play_id":"01f7d39b-658e-40cb-8f30-91cece458fc1","local_time":"20210225223108","is_ascension_mode":true,"campfire_choices":[{"data":"Dualcast","floor":6,"key":"SMITH"},{"floor":11,"key":"REST"},{"floor":13,"key":"REST"},{"data":"Beam Cell","floor":15,"key":"SMITH"}],"circlet_count":0,"master_deck":["Strike_B","Defend_B","Defend_B","Defend_B+1","Defend_B","Zap+1","Dualcast+1","Redo","Doom and Gloom+1","FTL","Ball Lightning","Compile Driver","Lockon","Beam Cell+1","Capacitor","Seek","Melter"],"relics":["Cracked Core","Golden Idol","Akabeko","Bottled Lightning","War Paint","Cursed Key","Toolbox","Regal Pillow"],"acts_visited":["Exordium","TheCity"],"potions_floor_usage":[8,19,23],"damage_taken":[{"damage":0,"enemies":"Small Slimes","floor":1,"turns":2},{"damage":3,"enemies":"2 Louse","floor":2,"turns":2},{"damage":1,"enemies":"Cultist","floor":5,"turns":3},{"damage":12,"enemies":"Exordium Thugs","floor":8,"turns":3},{"damage":4,"enemies":"Red Slaver","floor":10,"turns":2},{"damage":15,"enemies":"Lagavulin","floor":12,"turns":4},{"damage":0,"enemies":"Large Slime","floor":14,"turns":3},{"damage":0,"enemies":"Slime Boss","floor":16,"turns":5},{"damage":9,"enemies":"Shell Parasite","floor":18,"turns":3},{"damage":34,"enemies":"3 Byrds","floor":19,"turns":4},{"damage":31,"enemies":"Slavers","floor":23,"turns":3}],"seed_played":"1127454156226668852","potions_obtained":[{"floor":5,"key":"Energy Potion"},{"floor":8,"key":"SneckoOil"},{"floor":19,"key":"Energy Potion"}],"is_trial":false,"path_per_floor":["M","M","?","?","M","R","T","M","T","M","R","E","R","M","R","B",null,"M","M","?","$","?","E"],"character_chosen":"DEFECT","items_purchased":["Toolbox"],"campfire_rested":2,"item_purchase_floors":[21],"current_hp_per_floor":[68,65,47,47,46,46,46,34,34,30,52,37,59,59,59,59,71,62,28,28,28,28,0,0],"gold":217,"neow_bonus":"TRANSFORM_TWO_CARDS","is_daily":false,"chose_seed":false,"campfire_upgraded":2,"win_rate":0.0,"timestamp":1614317468,"path_taken":["M","M","?","?","?","R","?","M","T","M","R","E","R","M","R","BOSS","M","M","?","$","?","E"],"items_purchased_type":["Relic"],"build_version":"2020-12-22","purchased_purges":1,"victory":false,"max_hp_per_floor":[75,75,75,75,75,75,75,75,75,75,75,75,75,75,75,75,75,75,75,75,75,75,75,75],"card_choices":[{"not_picked":["Streamline","Compile Driver"],"picked":"FTL","floor":1},{"not_picked":["Leap","Cold Snap"],"picked":"Ball Lightning","floor":2},{"not_picked":["Ball Lightning","Heatsinks"],"picked":"Compile Driver","floor":5},{"not_picked":["Beam Cell","Conserve Battery"],"picked":"Lockon","floor":8},{"not_picked":["Rebound","Cold Snap","Redo"],"picked":"SKIP","floor":10},{"not_picked":["BootSequence","Lockon"],"picked":"Beam Cell","floor":12},{"not_picked":["Gash","Stack"],"picked":"Capacitor","floor":14},{"not_picked":["Reboot","Core Surge"],"picked":"Seek","floor":16},{"not_picked":["Compile Driver","Cold Snap","Heatsinks"],"picked":"SKIP","floor":18},{"not_picked":["Go for the Eyes","Skim"],"picked":"Melter","floor":19}],"player_experience":579064,"relics_obtained":[{"floor":7,"key":"Akabeko"},{"floor":9,"key":"Bottled Lightning"},{"floor":12,"key":"War Paint"}],"event_choices":[{"damage_healed":0,"gold_gain":0,"player_choice":"Take Damage","damage_taken":18,"relics_obtained":["Golden Idol"],"max_hp_gain":0,"max_hp_loss":0,"event_name":"Golden Idol","floor":3,"gold_loss":0},{"damage_healed":0,"gold_gain":0,"player_choice":"Upgraded","damage_taken":0,"max_hp_gain":0,"max_hp_loss":0,"event_name":"Upgrade Shrine","floor":4,"gold_loss":0,"cards_upgraded":["Doom and Gloom"]},{"damage_healed":0,"gold_gain":99,"player_choice":"Steal","damage_taken":0,"max_hp_gain":0,"max_hp_loss":0,"event_name":"betterThird:BetterNest","floor":20,"gold_loss":0},{"damage_healed":0,"gold_gain":0,"player_choice":"Obtained Relic","damage_taken":0,"relics_obtained":["Regal Pillow"],"max_hp_gain":0,"max_hp_loss":0,"event_name":"Addict","floor":22,"gold_loss":85}],"is_beta":false,"boss_relics":[{"not_picked":["FrozenCore","Inserter"],"picked":"Cursed Key"}],"items_purged_floors":[21],"is_endless":false,"potions_floor_spawned":[5,8,19],"killed_by":"Slavers","ascension_level":9}}