{"host":"p9xedk00duaz8l9n","time":1614336938,"event":{"mods":["BaseMod","Colored Map","DeckTracker","Highlight Path","Minty Spire (QoL Compilation)","Relic Stats","SuperFastMode"],"gold_per_floor":[124,151,7,82,104,131,15,49,49,70,70,70,108,136,136,217,244,263,304,329,329,355,355,355,355,355],"floor_reached":25,"language":"JPN","playtime":880,"items_purged":["Strike_R","Strike_R"],"score":482,"play_id":"46f426d7-a6f5-4e17-8537-72c3d361a20d","local_time":"20210226195538","is_ascension_mode":true,"campfire_choices":[{"data":"Inflame","floor":12,"key":"SMITH"},{"floor":15,"key":"REST"},{"floor":23,"key":"REST"}],"circlet_count":0,"master_deck":["AscendersBane","Strike_R","Defend_R","Defend_R","Defend_R","Bash+1","Twin Strike+1","Clothesline","Inflame+1","Pommel Strike","Anger","Reaper","Metallicize","Inflame","Dropkick","Immolate","Double Tap+1","Cleave+1","Infernal Blade+1","Power Through","Sword Boomerang","Spot Weakness+1","Second Wind"],"relics":["Burning Blood","CeramicFish","Mercury Hourglass","Whetstone","The Courier","Akabeko","Astrolabe","Red Mask","Darkstone Periapt"],"acts_visited":["Exordium","TheCity"],"potions_floor_usage":[6,8,13,13,16,22,24],"damage_taken":[{"damage":1,"enemies":"Cultist","floor":1,"turns":3},{"damage":6,"enemies":"Jaw Worm","floor":2,"turns":5},{"damage":1,"enemies":"2 Louse","floor":5,"turns":4},{"damage":6,"enemies":"Gremlin Nob","floor":6,"turns":3},{"damage":30,"enemies":"Lagavulin","floor":8,"turns":4},{"damage":15,"enemies":"Exordium Thugs","floor":10,"turns":4},{"damage":30,"enemies":"Gremlin Nob","floor":13,"turns":4},{"damage":16,"enemies":"Lots of Slimes","floor":14,"turns":3},{"damage":19,"enemies":"Hexaghost","floor":16,"turns":7},{"damage":8,"enemies":"3 Byrds","floor":18,"turns":2},{"damage":36,"enemies":"Masked Bandits","floor":19,"turns":3},{"damage":29,"enemies":"Shell Parasite","floor":20,"turns":6},{"damage":25,"enemies":"Snake Plant","floor":22,"turns":4},{"damage":51,"enemies":"Slavers","floor":24,"turns":4},{"damage":19,"enemies":"Sentry and Sphere","floor":25,"turns":3}],"seed_played":"-756400966699594073","potions_obtained":[{"floor":2,"key":"BloodPotion"},{"floor":5,"key":"LiquidMemories"},{"floor":6,"key":"GamblersBrew"},{"floor":8,"key":"Strength Potion"},{"floor":13,"key":"FearPotion"},{"floor":20,"key":"Weak Potion"},{"floor":22,"key":"SmokeBomb"}],"is_trial":false,"path_per_floor":["M","M","$","?","M","E","$","E","T","M","?","R","E","M","R","B",null,"M","?","M","T","M","R","E","M"],"character_chosen":"IRONCLAD","items_purchased":["Inflame","Anger"],"campfire_rested":2,"item_purchase_floors":[3,7],"current_hp_per_floor":[73,73,73,62,67,67,67,58,58,49,49,49,25,23,45,45,68,66,54,40,40,21,43,19,0,0],"gold":355,"neow_bonus":"RANDOM_COMMON_RELIC","is_daily":false,"chose_seed":false,"campfire_upgraded":1,"win_rate":0.0,"timestamp":1614336938,"path_taken":["M","M","?","?","M","E","$","E","T","M","?","R","E","M","R","BOSS","M","?","M","?","M","R","E","M"],"items_purchased_type":["Card","Card"],"build_version":"2020-12-22","purchased_purges":2,"victory":false,"max_hp_per_floor":[75,75,75,75,75,75,75,75,75,75,75,75,75,75,75,75,75,75,75,75,75,75,75,75,75,75],"relic_stats":{"Darkstone Periapt":0,"counters":[15,58],"CeramicFish":153,"Astrolabe":["Double Tap","Cleave","Infernal Blade"],"Whetstone":["Bash","Twin Strike"],"obtain_stats":[{"Darkstone Periapt":21,"CeramicFish":0,"Astrolabe":17,"The Courier":9,"Red Mask":19,"Whetstone":8,"Burning Blood":0,"Akabeko":13,"Mercury Hourglass":6},{"Darkstone Periapt":12,"CeramicFish":0,"Astrolabe":9,"The Courier":5,"Red Mask":11,"Whetstone":5,"Burning Blood":0,"Akabeko":7,"Mercury Hourglass":4},{"Darkstone Periapt":47,"CeramicFish":0,"Astrolabe":36,"The Courier":19,"Red Mask":41,"Whetstone":19,"Burning Blood":0,"Akabeko":26,"Mercury Hourglass":15}],"Burning Blood":84,"Mercury Hourglass":[182]},"card_choices":[{"not_picked":["Burning Pact","Flex"],"picked":"Twin Strike","floor":1},{"not_picked":["Headbutt","Armaments"],"picked":"Clothesline","floor":2},{"not_picked":["Wild Strike","Perfected Strike"],"picked":"Pommel Strike","floor":5},{"not_picked":["Rage","Entrench","Clothesline"],"picked":"SKIP","floor":6},{"not_picked":["Warcry","Anger"],"picked":"Reaper","floor":8},{"not_picked":["Cleave","Perfected Strike"],"picked":"Metallicize","floor":10},{"not_picked":["Rupture","Headbutt"],"picked":"Inflame","floor":13},{"not_picked":["Cleave","Heavy Blade"],"picked":"Dropkick","floor":14},{"not_picked":["Limit Break","Bludgeon"],"picked":"Immolate","floor":16},{"not_picked":["Flex","Headbutt"],"picked":"Power Through","floor":18},{"not_picked":["Clash","Bloodletting"],"picked":"Sword Boomerang","floor":19},{"not_picked":["Perfected Strike","Rupture"],"picked":"Spot Weakness+1","floor":20},{"not_picked":["Body Slam","Bloodletting"],"picked":"Second Wind","floor":22}],"player_experience":878324,"relics_obtained":[{"floor":6,"key":"Mercury Hourglass"},{"floor":8,"key":"Whetstone"},{"floor":9,"key":"The Courier"},{"floor":13,"key":"Akabeko"},{"floor":19,"key":"Red Mask"},{"floor":21,"key":"Darkstone Periapt"}],"event_choices":[{"damage_healed":0,"gold_gain":75,"player_choice":"Gather Gold","damage_taken":11,"max_hp_gain":0,"max_hp_loss":0,"event_name":"World of Goop","floor":4,"gold_loss":0},{"damage_healed":0,"gold_gain":0,"player_choice":"Ignored","damage_taken":0,"max_hp_gain":0,"max_hp_loss":0,"event_name":"Liars Game","floor":11,"gold_loss":0},{"damage_healed":0,"gold_gain":0,"player_choice":"Fought Bandits","damage_taken":0,"max_hp_gain":0,"max_hp_loss":0,"event_name":"Masked Bandits","floor":19,"gold_loss":0}],"is_beta":false,"boss_relics":[{"not_picked":["Runic Cube","Philosopher\u0027s Stone"],"picked":"Astrolabe"}],"items_purged_floors":[3,7],"is_endless":false,"potions_floor_spawned":[2,5,6,8,13,20,22],"killed_by":"Sentry and Sphere","ascension_level":20}}