{"host":"5tnftuc8o0gay6lt","time":1614355201,"event":{"mods":["BaseMod","Better Match","Better Note","Better Sensory Stone","Better Skull","Better Third Choice","BetterRewards","Colored Powertips","Conspire","Downfall","Marisa£®ÏF”Í°°ƒß¿Ì…≥£©","Minty Spire (QoL Compilation)","Permanent Neow","Relic Filter Mod","Remilia£®¿Ÿ√◊¿Ú—«£©","Replay The Spire","Spicy Shops","StSLib","SuperFastMode","Td1madao Mod","The Gatherer","The Runesmith","°æ“≈ŒÔø®≈∆°øREMEMod"],"gold_per_floor":[21,38,38,0,20,20,73,73,73,73,92,105,115,126,126,223,223,238,238,238,21,31,64,64,74,98,133,165,183,213,213,213,314,314,330,380,86,105,44,44,69,88,88,88,88,104,149,210,210,210],"floor_reached":51,"language":"ZHS","playtime":5463,"items_purged":["Gatherer:Strike_Gatherer","Gatherer:Strike_Gatherer","Gatherer:Strike_Gatherer"],"score":1452,"play_id":"1e7e71d9-f361-4276-a1c8-19e889a3a679","local_time":"20210227000001","is_ascension_mode":false,"metric_token":1493,"campfire_choices":[{"data":"Gatherer:FlowerPower","floor":6.0,"key":"SMITH"},{"data":"Gatherer:FlowerPower+1","floor":6.0,"key":"SMITH"},{"data":"Gatherer:FlowerWhip","floor":8.0,"key":"SMITH"},{"data":"Gatherer:FlowerFalling","floor":8.0,"key":"SMITH"},{"data":"Gatherer:FlowerFalling+1","floor":15.0,"key":"SMITH"},{"data":"Gatherer:TacticalStrike","floor":15.0,"key":"SMITH"},{"data":"Gatherer:FlowerShield+1","floor":24.0,"key":"SMITH"},{"data":"Gatherer:FlowerWhip+1","floor":24.0,"key":"SMITH"},{"data":"Gatherer:QuickSynthesis","floor":32.0,"key":"SMITH"},{"data":"Bursts","floor":32.0,"key":"SMITH"},{"data":"Pot Of Greed","floor":40.0,"key":"SMITH"},{"data":"Pot Of Greed","floor":40.0,"key":"SMITH"},{"data":"Gatherer:Centralize","floor":45.0,"key":"SMITH"},{"data":"Gatherer:GrowBook","floor":45.0,"key":"SMITH"},{"data":"Gatherer:ScrollOfPurity","floor":49,"key":"SMITH"},{"data":"Echo Form","floor":49,"key":"SMITH"}],"circlet_count":0,"master_deck":["Gatherer:Strike_Gatherer","Gatherer:Defend_Gatherer","Gatherer:Defend_Gatherer","Gatherer:Defend_Gatherer","Gatherer:Defend_Gatherer","Gatherer:Centralize+1","Gatherer:FlowerWhip+2","Gatherer:TacticalStrike+1","Gatherer:Photoscythe+1","Gatherer:FlowerPower+2","Gatherer:FlowerShield+2","Bursts+1","Gatherer:FlowerFalling+2","Gatherer:QuickSynthesis+1","Gatherer:ScrollOfPurity+1","Gatherer:TacticalStrike+1","Echo Form+1","Pot Of Greed+1","Gatherer:QuickSynthesis+1","DemonKingCradle+1"],"relics":["Gatherer:AlchemyBag","REME_ComplimentaryCards","Blue Doll","Replay:Arrowhead","betterThird:SlimedRelic","Bronze Scales","Chameleon Ring","Black Star","Medical Kit","FossilizedHelix","Kunai","conspire:GiftBox","PreservedInsect","ReplayTheSpireMod:Shallot","Grinning Jar","Red Mask","Oddly Smooth Stone","The Courier","Coffee Dripper","Gambling Chip","REME_CardOfGreed","Potion Belt","Gatherer:Leftovers","Replay:WaspNest","Snack Pack","CatCart"],"acts_visited":["Exordium","TheCity","TheBeyond"],"potions_floor_usage":[48,50],"damage_taken":[{"damage":1.0,"enemies":"Cultist","floor":1.0,"turns":3.0},{"damage":0.0,"enemies":"2 Louse","floor":2.0,"turns":1.0},{"damage":1.0,"enemies":"Jaw Worm","floor":5.0,"turns":4.0},{"damage":0.0,"enemies":"3 Louse","floor":11.0,"turns":1.0},{"damage":0.0,"enemies":"Large Slime","floor":12.0,"turns":3.0},{"damage":0.0,"enemies":"Gremlin Gang","floor":13.0,"turns":3.0},{"damage":0.0,"enemies":"Exordium Wildlife","floor":14.0,"turns":2.0},{"damage":0.0,"enemies":"Hexaghost","floor":16.0,"turns":3.0},{"damage":0.0,"enemies":"3 Byrds","floor":18.0,"turns":2.0},{"damage":0.0,"enemies":"Shell Parasite","floor":22.0,"turns":2.0},{"damage":0.0,"enemies":"Slavers","floor":23.0,"turns":5.0},{"damage":0.0,"enemies":"Shelled Parasite and Fungi","floor":25.0,"turns":4.0},{"damage":0.0,"enemies":"Book of Stabbing","floor":27.0,"turns":3.0},{"damage":0.0,"enemies":"Masked Bandits","floor":28.0,"turns":2.0},{"damage":0.0,"enemies":"Snake Plant","floor":29.0,"turns":3.0},{"damage":0.0,"enemies":"Replay:Snechameleon","floor":30.0,"turns":3.0},{"damage":0.0,"enemies":"Pondfish","floor":33.0,"turns":4.0},{"damage":0.0,"enemies":"Orb Walker","floor":35.0,"turns":3.0},{"damage":0.0,"enemies":"Mind Bloom Boss Battle","floor":36.0,"turns":3.0},{"damage":0.0,"enemies":"3 Shapes","floor":38.0,"turns":1.0},{"damage":5.0,"enemies":"R_Hoarder","floor":41.0,"turns":3.0},{"damage":0.0,"enemies":"Sphere and 2 Shapes","floor":42.0,"turns":2.0},{"damage":0.0,"enemies":"Transient","floor":46.0,"turns":5.0},{"damage":0.0,"enemies":"Orin","floor":47.0,"turns":4.0},{"damage":0,"enemies":"Writhing Mass","floor":48,"turns":2},{"damage":0,"enemies":"Time Eater","floor":50,"turns":5}],"seed_played":"-8078734787661967151","potions_obtained":[{"floor":2.0,"key":"ColorlessPotion"},{"floor":5.0,"key":"bronze:BurnAndBuffPotion"},{"floor":16.0,"key":"Strength Potion"},{"floor":18.0,"key":"ColorlessPotion"},{"floor":28.0,"key":"LiquidMemories"},{"floor":38.0,"key":"PowerPotion"},{"floor":41.0,"key":"PowerPotion"},{"floor":46.0,"key":"Fire Potion"},{"floor":47.0,"key":"REME_GoldPotion"}],"is_trial":false,"path_per_floor":["M","M","?","?","M","R","T","R","T","?","M","M","M","M","R","B",null,"M","?","?","$","M","E","R","M","T","E","?","M","E","?","R","B",null,"M","?","$","M","$","R","E","M","T","?","R","M","?","M","R","B",null],"character_chosen":"THE_GATHERER","items_purchased":["Blue Doll","Gatherer:TacticalStrike","Gatherer:Photoscythe+1","Gatherer:FlowerPower","Replay:Arrowhead","Fruit Juice","Poison Potion","Medical Kit","FossilizedHelix","REME_CardOfGreed","Potion Belt"],"campfire_rested":0,"item_purchase_floors":[0,0,0,0,0,0,0,21,21,37,39],"current_hp_per_floor":[44,44,37,26,25,25,25,25,25,25,25,29,29,33,33,37,77,77,77,77,77,77,77,77,77,77,77,77,77,77,77,77,77,77,77,77,77,77,77,77,73,77,77,77,77,77,77,77,77,77],"gold":210,"neow_bonus":"","is_daily":false,"chose_seed":false,"campfire_upgraded":16,"win_rate":0.0,"timestamp":1614355201,"path_taken":["M","M","?","?","M","R","?","R","T","?","M","M","M","M","R","BOSS","M","?","?","?","?","E","R","M","T","E","?","M","E","?","R","BOSS","M","?","$","M","$","R","E","M","T","?","R","M","?","M","R","BOSS"],"items_purchased_type":["Relic","Card","Card","Card","Relic","Potion","Potion","Relic","Relic","Relic","Relic"],"build_version":"2020-12-22","purchased_purges":3,"victory":true,"max_hp_per_floor":[77,77,77,77,77,77,77,77,77,77,77,77,77,77,77,77,77,77,77,77,77,77,77,77,77,77,77,77,77,77,77,77,77,77,77,77,77,77,77,77,77,77,77,77,77,77,77,77,77,77],"card_choices":[{"not_picked":["Gatherer:ScrollOfWall","Gatherer:RottenStipe"],"picked":"Gatherer:FlowerShield","floor":1.0},{"not_picked":["Gatherer:ScherryThrow","Gatherer:RecipeChange","Gatherer:Snatch"],"picked":"SKIP","floor":2.0},{"not_picked":["Gatherer:PotentialSlash","Gatherer:GatherMaterial"],"picked":"Gatherer:FlowerFalling","floor":5.0},{"not_picked":["Gatherer:BigPouch","Gatherer:TacticalStrike"],"picked":"Gatherer:QuickSynthesis","floor":11.0},{"not_picked":["Gatherer:GatherMaterial","Gatherer:FlowerShield","Gatherer:OddSpoils"],"picked":"SKIP","floor":12.0},{"not_picked":["Gatherer:TacticalStrike","Gatherer:AlchemyTrial","Gatherer:FeelingFine"],"picked":"SKIP","floor":13.0},{"not_picked":["Gatherer:GatherMaterial","Gatherer:FlowerFalling","Gatherer:FlowerShield"],"picked":"SKIP","floor":14.0},{"not_picked":["Gatherer:GrowBook","Gatherer:Examine"],"picked":"Gatherer:ScrollOfPurity","floor":16.0},{"not_picked":["Gatherer:MiningStrike","Gatherer:CarefulStrike","Gatherer:BambuSword"],"picked":"SKIP","floor":18.0},{"not_picked":["Gatherer:Solidify+1","Gatherer:CollectorsShot","Gatherer:Transmute"],"picked":"SKIP","floor":22.0},{"not_picked":["Gatherer:Photoscythe","Gatherer:HeartToFruit"],"picked":"Gatherer:GrowBook","floor":23.0},{"not_picked":["Gatherer:Frenzy","Gatherer:WoolGloves+1","Gatherer:GlowingPlant"],"picked":"SKIP","floor":23.0},{"not_picked":["Gatherer:Nutrients","Gatherer:ScrollOfWall","Gatherer:RottenStipe"],"picked":"SKIP","floor":25.0},{"not_picked":["Gatherer:ScherryThrow","Gatherer:ScrollOfWall","Gatherer:WitheringStrike"],"picked":"SKIP","floor":27.0},{"not_picked":["Gatherer:RecoveryHerb","Gatherer:Snatch","Gatherer:ScrollOfPurity"],"picked":"SKIP","floor":29.0},{"not_picked":["Gatherer:AromaProtection+1","Gatherer:FlowerFalling","Gatherer:Frenzy"],"picked":"SKIP","floor":30.0},{"not_picked":["Gatherer:TacticalStrike","Gatherer:Uplift+1"],"picked":"Gatherer:QuickSynthesis+1","floor":35.0},{"not_picked":["Gatherer:AcidicSpray","Gatherer:Transmute+1","Gatherer:EnergyBasket"],"picked":"SKIP","floor":38.0},{"not_picked":["Gatherer:VenomBarrier","Gatherer:ScrollOfWall+1","Gatherer:AromaProtection+1"],"picked":"SKIP","floor":41.0},{"not_picked":["Gatherer:TacticalStrike+1","Gatherer:Convert","Gatherer:Frenzy+1"],"picked":"SKIP","floor":42.0},{"not_picked":["Gatherer:AlchemyTrial","Gatherer:FruitForce+1","Gatherer:Solidify"],"picked":"SKIP","floor":46.0},{"not_picked":["Gatherer:Frenzy+1","Gatherer:Duplicator","Gatherer:SealedBomb"],"picked":"SKIP","floor":48}],"player_experience":637954,"relics_obtained":[{"floor":7.0,"key":"Bronze Scales"},{"floor":9.0,"key":"Chameleon Ring"},{"floor":23.0,"key":"Kunai"},{"floor":23.0,"key":"conspire:GiftBox"},{"floor":26.0,"key":"PreservedInsect"},{"floor":27.0,"key":"ReplayTheSpireMod:Shallot"},{"floor":27.0,"key":"Grinning Jar"},{"floor":28.0,"key":"Red Mask"},{"floor":30.0,"key":"Oddly Smooth Stone"},{"floor":30.0,"key":"The Courier"},{"floor":36.0,"key":"Gambling Chip"},{"floor":41.0,"key":"Gatherer:Leftovers"},{"floor":41.0,"key":"Replay:WaspNest"},{"floor":43.0,"key":"Snack Pack"},{"floor":47.0,"key":"CatCart"}],"event_choices":[{"cards_removed":["Gatherer:Defend_Gatherer"],"damage_healed":0.0,"max_hp_gain":0.0,"max_hp_loss":0.0,"gold_gain":0.0,"event_name":"Golden Wing","player_choice":"Card Removal","floor":3.0,"gold_loss":0.0,"damage_taken":7.0},{"damage_healed":0.0,"max_hp_gain":0.0,"max_hp_loss":0.0,"gold_gain":0.0,"event_name":"betterThird:BetterGoop","player_choice":"Slimed","floor":4.0,"gold_loss":38.0,"damage_taken":11.0},{"damage_healed":0.0,"max_hp_gain":0.0,"max_hp_loss":0.0,"gold_gain":0.0,"event_name":"Duplicator","player_choice":"Copied","floor":19.0,"gold_loss":0.0,"damage_taken":0.0,"cards_obtained":["Gatherer:TacticalStrike"]},{"cards_removed":["Gatherer:TacticalStrike"],"damage_healed":0.0,"max_hp_gain":0.0,"max_hp_loss":0.0,"gold_gain":0.0,"event_name":"betterNote:BetterNote","player_choice":"Take \u0026 Give","floor":20.0,"gold_loss":0.0,"damage_taken":0.0,"cards_obtained":["Echo Form"]},{"damage_healed":0.0,"max_hp_gain":0.0,"max_hp_loss":0.0,"gold_gain":0.0,"event_name":"Masked Bandits","player_choice":"Fought Bandits","floor":28.0,"gold_loss":0.0,"damage_taken":0.0},{"damage_healed":0.0,"max_hp_gain":0.0,"max_hp_loss":0.0,"gold_gain":0.0,"event_name":"MindBloom","player_choice":"Fight","floor":36.0,"gold_loss":0.0,"damage_taken":0.0},{"cards_removed":["Pot Of Greed"],"damage_healed":0.0,"max_hp_gain":0.0,"max_hp_loss":0.0,"gold_gain":0.0,"event_name":"Falling","player_choice":"Removed Skill","floor":44.0,"gold_loss":0.0,"damage_taken":0.0},{"damage_healed":0.0,"max_hp_gain":0.0,"max_hp_loss":0.0,"gold_gain":0.0,"event_name":"OrinTheCat","player_choice":"Fight","floor":47.0,"gold_loss":0.0,"damage_taken":0.0}],"is_beta":false,"boss_relics":[{"not_picked":["Runic Pyramid","REME_ChargedStone"],"picked":"Black Star"},{"not_picked":["Gatherer:ExplorersPath","Replay:Wanted Poster"],"picked":"Coffee Dripper"}],"items_purged_floors":[0,37,37],"is_endless":false,"potions_floor_spawned":[2,5,12,16,18,28,30,38,41,46,47],"ascension_level":0}}