{"host":"z9rwthyxsf7d04ix","time":1614366846,"event":{"mods":["AchievementEnabler","BaseMod","Colored Map","Colored Powertips","Minty Spire (QoL Compilation)","Quick Restart"],"gold_per_floor":[114,129,102,102,102,132,132,162,212,242,242,242,242,257,257,357,357,372,372,387,10,25,55,70,100,125,155,170,170,200,224,224,333,333,357,357,384,434,467,467,506,506,531,570,612,651,651,690,690,690],"floor_reached":51,"language":"ENG","playtime":4483,"items_purged":["Regret"],"score":984,"play_id":"1ac676f8-f31c-4542-bca4-2e869b1e644d","local_time":"20210226211406","daily_mods":["Chimera","Time Dilation","Elite Swarm"],"is_ascension_mode":false,"campfire_choices":[{"data":"Zap","floor":7,"key":"SMITH"},{"floor":12,"key":"REST"},{"floor":15,"key":"REST"},{"data":"Hello World","floor":29,"key":"SMITH"},{"data":"Echo Form","floor":32,"key":"SMITH"},{"data":"Apotheosis","floor":40,"key":"SMITH"},{"data":"Machine Learning","floor":42,"key":"SMITH"},{"data":"Machine Learning","floor":49,"key":"SMITH"}],"circlet_count":0,"master_deck":["Bash","Survivor","Zap+1","Eruption+1","Strike_R","Strike_G+1","Strike_B","Defend_R","Defend_G","Defend_P","Go for the Eyes","Sweeping Beam","Turbo+1","All For One","Machine Learning","Electrodynamics","Beam Cell","Echo Form+1","CurseOfTheBell","Conserve Battery","Scrape","Seek","Gash","Double Energy","FTL","Creative AI","Gash","Go for the Eyes","Buffer","Reboot","Hello World+1","Streamline+1","Chill+1","Seek","Beam Cell+1","Panache","Apotheosis+1","Deep Breath","White Noise+1","Sweeping Beam+1","Machine Learning+1","Machine Learning+1","Parasite","Go for the Eyes+1","Self Repair","Seek","Reboot"],"relics":["Cracked Core","Bag of Preparation","Happy Flower","Potion Belt","Bag of Marbles","Gambling Chip","CaptainsWheel","Calling Bell","Akabeko","Question Card","Prayer Wheel","Ornamental Fan","Lantern","Eternal Feather","Blood Vial","Dream Catcher","CeramicFish","Nuclear Battery","Ginger","Molten Egg 2","Nunchaku","Emotion Chip","InkBottle","Oddly Smooth Stone"],"acts_visited":["Exordium","TheCity","TheBeyond"],"potions_floor_usage":[6,10,16,23,27,33,46,50,50],"damage_taken":[{"damage":1,"enemies":"2 Louse","floor":1,"turns":3},{"damage":0,"enemies":"Small Slimes","floor":2,"turns":2},{"damage":24,"enemies":"Gremlin Nob","floor":6,"turns":4},{"damage":25,"enemies":"3 Sentries","floor":8,"turns":7},{"damage":10,"enemies":"Gremlin Nob","floor":10,"turns":3},{"damage":0,"enemies":"Jaw Worm","floor":14,"turns":1},{"damage":26,"enemies":"The Guardian","floor":16,"turns":5},{"damage":0,"enemies":"Spheric Guardian","floor":18,"turns":3},{"damage":3,"enemies":"Shell Parasite","floor":20,"turns":4},{"damage":12,"enemies":"Cultist and Chosen","floor":22,"turns":5},{"damage":2,"enemies":"Book of Stabbing","floor":23,"turns":2},{"damage":0,"enemies":"Snecko","floor":24,"turns":2},{"damage":10,"enemies":"Slavers","floor":25,"turns":4},{"damage":12,"enemies":"Book of Stabbing","floor":27,"turns":4},{"damage":0,"enemies":"Shelled Parasite and Fungi","floor":28,"turns":2},{"damage":12,"enemies":"Slavers","floor":30,"turns":3},{"damage":6,"enemies":"Centurion and Healer","floor":31,"turns":3},{"damage":0,"enemies":"Automaton","floor":33,"turns":6},{"damage":0,"enemies":"3 Darklings","floor":35,"turns":5},{"damage":0,"enemies":"Mind Bloom Boss Battle","floor":38,"turns":3},{"damage":7,"enemies":"3 Shapes","floor":39,"turns":4},{"damage":3,"enemies":"Reptomancer","floor":41,"turns":4},{"damage":0,"enemies":"Giant Head","floor":44,"turns":5},{"damage":0,"enemies":"Writhing Mass","floor":45,"turns":3},{"damage":0,"enemies":"Reptomancer","floor":46,"turns":5},{"damage":0,"enemies":"Giant Head","floor":48,"turns":5},{"damage":12,"enemies":"Donu and Deca","floor":50,"turns":3}],"seed_played":"4728103701414758894","potions_obtained":[{"floor":2,"key":"SteroidPotion"},{"floor":6,"key":"Fruit Juice"},{"floor":10,"key":"CultistPotion"},{"floor":18,"key":"ColorlessPotion"},{"floor":24,"key":"Block Potion"},{"floor":25,"key":"SkillPotion"},{"floor":28,"key":"Weak Potion"},{"floor":33,"key":"PotionOfCapacity"},{"floor":35,"key":"Energy Potion"},{"floor":41,"key":"Strength Potion"},{"floor":45,"key":"Swift Potion"},{"floor":48,"key":"PotionOfCapacity"}],"is_trial":false,"path_per_floor":["M","M","$","?","?","E","R","E","T","E","?","R","?","M","R","B",null,"M","?","M","$","M","E","M","E","T","E","M","R","E","M","R","B",null,"M","?","?","?","M","R","E","R","T","E","M","E","?","E","R","B",null],"character_chosen":"DEFECT","items_purchased":["Turbo","Ornamental Fan","Gash"],"campfire_rested":2,"item_purchase_floors":[3,21,21],"current_hp_per_floor":[74,74,74,74,59,40,40,15,15,5,5,29,26,26,50,24,80,80,80,77,77,65,63,63,53,53,43,45,63,53,49,67,69,80,80,80,70,72,67,80,77,80,80,80,80,80,76,76,76,74],"gold":690,"neow_bonus":"","is_daily":true,"chose_seed":false,"campfire_upgraded":6,"win_rate":0.0,"timestamp":1614366846,"path_taken":["M","M","$","?","?","E","R","E","T","E","?","R","?","?","R","BOSS","M","?","M","$","M","E","M","E","T","E","M","R","E","M","R","BOSS","M","?","?","?","M","R","E","R","T","E","M","E","?","E","R","BOSS"],"items_purchased_type":["Card","Relic","Card"],"build_version":"2020-12-22","purchased_purges":1,"victory":true,"max_hp_per_floor":[75,75,75,75,75,80,80,80,80,80,80,80,80,80,80,80,80,80,80,80,80,80,80,80,80,80,80,80,80,80,80,80,80,80,80,80,80,80,80,80,80,80,80,80,80,80,76,76,76,76],"card_choices":[{"not_picked":["Hologram","Skim"],"picked":"Go for the Eyes","floor":1},{"not_picked":["Redo","Ball Lightning"],"picked":"Sweeping Beam","floor":2},{"not_picked":["Reboot","Meteor Strike"],"picked":"All For One","floor":6},{"not_picked":["Hyperbeam","Biased Cognition"],"picked":"Machine Learning","floor":8},{"not_picked":["Multi-Cast","Meteor Strike"],"picked":"Electrodynamics","floor":10},{"not_picked":["BootSequence","Redo"],"picked":"Beam Cell","floor":14},{"not_picked":["All For One","Buffer"],"picked":"Echo Form","floor":16},{"not_picked":["Redo","Barrage","Reinforced Body"],"picked":"Conserve Battery","floor":18},{"not_picked":["Melter","Cold Snap","Heatsinks","Fusion"],"picked":"SKIP","floor":18},{"not_picked":["Stack+1","Beam Cell","Steam"],"picked":"Scrape","floor":20},{"not_picked":["Hologram+1","Barrage","Turbo"],"picked":"Seek","floor":20},{"not_picked":["Stack","Hologram","Redo"],"picked":"Double Energy","floor":22},{"not_picked":["Reprogram+1","Darkness+1","Ball Lightning+1"],"picked":"FTL","floor":22},{"not_picked":["Machine Learning","Electrodynamics","Amplify"],"picked":"Creative AI","floor":23},{"not_picked":["Steam","Fusion","Consume+1"],"picked":"Gash","floor":24},{"not_picked":["Turbo","Genetic Algorithm","Leap"],"picked":"Go for the Eyes","floor":24},{"not_picked":["Thunder Strike","Rainbow","Multi-Cast"],"picked":"Buffer","floor":25},{"not_picked":["Rainbow","Electrodynamics","Machine Learning"],"picked":"Reboot","floor":27},{"not_picked":["Turbo","Beam Cell","Redo"],"picked":"Hello World","floor":28},{"not_picked":["Coolheaded","Go for the Eyes","Leap"],"picked":"Streamline+1","floor":28},{"not_picked":["Creative AI","Multi-Cast","Thunder Strike","Hyperbeam"],"picked":"SKIP","floor":30},{"not_picked":["Coolheaded+1","Rip and Tear+1","Sweeping Beam"],"picked":"Chill+1","floor":31},{"not_picked":["Coolheaded","Sweeping Beam","Leap","Streamline"],"picked":"SKIP","floor":31},{"not_picked":["Electrodynamics","Meteor Strike","Creative AI"],"picked":"Seek","floor":33},{"not_picked":["Go for the Eyes","Steam+1","Hello World+1"],"picked":"Beam Cell+1","floor":35},{"not_picked":["Streamline","Chaos","Coolheaded","Cold Snap"],"picked":"SKIP","floor":35},{"not_picked":["Blind","Jack Of All Trades","Mind Blast"],"picked":"Panache","floor":37},{"not_picked":["Trip","PanicButton","Mayhem"],"picked":"Apotheosis","floor":37},{"not_picked":["Mind Blast","Bandage Up","PanicButton"],"picked":"Deep Breath","floor":37},{"not_picked":["Consume","Ball Lightning","Hello World+1"],"picked":"White Noise+1","floor":39},{"not_picked":["Lockon+1","Recycle","Barrage+1"],"picked":"Sweeping Beam+1","floor":39},{"not_picked":["Hyperbeam+1","Reboot","All For One+1"],"picked":"Machine Learning","floor":41},{"not_picked":["Echo Form","Seek","Rainbow"],"picked":"Machine Learning","floor":44},{"not_picked":["Loop","Reprogram+1","Cold Snap+1"],"picked":"Go for the Eyes+1","floor":45},{"not_picked":["Gash+1","Ball Lightning+1","Rebound+1"],"picked":"Self Repair","floor":45},{"not_picked":["Creative AI","Meteor Strike+1","Fission"],"picked":"Seek","floor":46},{"not_picked":["Echo Form","Fission","Core Surge+1"],"picked":"Reboot","floor":48}],"player_experience":795250,"relics_obtained":[{"floor":6,"key":"Bag of Preparation"},{"floor":8,"key":"Happy Flower"},{"floor":9,"key":"Potion Belt"},{"floor":10,"key":"Bag of Marbles"},{"floor":17,"key":"Akabeko"},{"floor":17,"key":"Question Card"},{"floor":17,"key":"Prayer Wheel"},{"floor":23,"key":"Lantern"},{"floor":25,"key":"Eternal Feather"},{"floor":26,"key":"Blood Vial"},{"floor":27,"key":"Dream Catcher"},{"floor":30,"key":"CeramicFish"},{"floor":38,"key":"Ginger"},{"floor":41,"key":"Molten Egg 2"},{"floor":43,"key":"Nunchaku"},{"floor":44,"key":"Emotion Chip"},{"floor":46,"key":"InkBottle"},{"floor":48,"key":"Oddly Smooth Stone"}],"event_choices":[{"damage_healed":0,"gold_gain":0,"player_choice":"Grow","damage_taken":0,"max_hp_gain":0,"max_hp_loss":0,"event_name":"Living Wall","floor":4,"gold_loss":0,"cards_upgraded":["Turbo"]},{"damage_healed":0,"gold_gain":0,"player_choice":"Entered Light","damage_taken":15,"max_hp_gain":0,"max_hp_loss":0,"event_name":"Shining Light","floor":5,"gold_loss":0,"cards_upgraded":["Strike_G","Eruption"]},{"damage_healed":0,"gold_gain":0,"player_choice":"Box","damage_taken":0,"relics_obtained":["Gambling Chip"],"max_hp_gain":0,"max_hp_loss":0,"event_name":"Big Fish","floor":11,"gold_loss":0,"cards_obtained":["Regret"]},{"damage_healed":0,"gold_gain":0,"player_choice":"Success","damage_taken":3,"relics_obtained":["CaptainsWheel"],"max_hp_gain":0,"max_hp_loss":0,"event_name":"Scrap Ooze","floor":13,"gold_loss":0},{"damage_healed":0,"gold_gain":0,"player_choice":"Ignored","damage_taken":0,"max_hp_gain":0,"max_hp_loss":0,"event_name":"Ghosts","floor":19,"gold_loss":0},{"damage_healed":0,"gold_gain":0,"player_choice":"Ignored","damage_taken":0,"max_hp_gain":0,"max_hp_loss":0,"event_name":"Tomb of Lord Red Mask","floor":36,"gold_loss":0},{"damage_healed":0,"gold_gain":0,"player_choice":"Memory 3","damage_taken":10,"max_hp_gain":0,"max_hp_loss":0,"event_name":"SensoryStone","floor":37,"gold_loss":0},{"damage_healed":0,"gold_gain":0,"player_choice":"Fight","damage_taken":0,"max_hp_gain":0,"max_hp_loss":0,"event_name":"MindBloom","floor":38,"gold_loss":0},{"damage_healed":0,"gold_gain":0,"player_choice":"Max HP","damage_taken":0,"max_hp_gain":0,"max_hp_loss":4,"event_name":"Winding Halls","floor":47,"gold_loss":0}],"is_beta":false,"boss_relics":[{"not_picked":["Runic Dome","Coffee Dripper"],"picked":"Calling Bell"},{"not_picked":["SlaversCollar","Runic Pyramid"],"picked":"Nuclear Battery"}],"items_purged_floors":[21],"is_endless":false,"potions_floor_spawned":[2,6,10,18,24,25,28,33,35,41,45,48],"ascension_level":0}}