{"host":"pqs17sqrgflf4eqa","time":1614345830,"event":{"mods":["AchievementEnabler","BaseMod","Bestiary","Better Altar","Better Match","Better Sensory Stone","Better Skull","Better Third Choice","BetterRewards","Block Reminder","Bossed Relics","Colored Map","Colored Powertips","Curses Come First","Dark Map","DeckTracker","Defective Defect","Displayed Cursed Tome","Emptier Cage","Googly Eyes","Highlight Path","Infinite Spire","Minty Spire (QoL Compilation)","Permanent Neow","Poor People Problems","Quick Restart","Replay The Spire","StSLib","SuperFastMode","Thieving Mod","Transform Curses","everything is the same but u backflip on backflip","slay the spire mod where everything is the same but ironclad has a cowboy hat"],"gold_per_floor":[119,219,238,257,39,64,64,75,98,110,123,157,157,171,171,266,266,284,296,123,123,142,142,223,223,223,253,263,263,276,304,304,408,408,419,294,305,323,873,873,773,773],"floor_reached":41,"language":"ENG","playtime":1556,"items_purged":["Overencumbered","Searing Blow","Clumsy"],"score":733,"play_id":"efb67d7c-25c5-4314-b44f-e0040c166df0","local_time":"20210226082350","is_ascension_mode":true,"campfire_choices":[{"data":"Enlightenment","floor":7.0,"key":"SMITH"},{"data":"infinitespire:OneForAll","floor":13.0,"key":"SMITH"},{"floor":15.0,"key":"DIG"},{"data":"Pommel Strike","floor":23.0,"key":"SMITH"},{"data":"Double Tap","floor":32.0,"key":"SMITH"},{"data":"Massacre","floor":40,"key":"SMITH"}],"circlet_count":0,"master_deck":["Strike_R+1","Strike_R+1","Strike_R","Strike_R","Strike_R","Defend_R","Defend_R","Defend_R","Defend_R","Bash","Enlightenment+1","Power Through","Thunderclap","Headbutt","infinitespire:OneForAll+1","Sword Boomerang+1","Immolate","Double Tap+1","Spot Weakness+1","Pommel Strike+1","infinitespire:TheBestDefense+1","Feed","Replay:Undeath\u0027s Touch+1","Clothesline+1","Impervious+1","Writhe","Massacre+1"],"relics":["Burning Blood","Replay:Multitool","infinitespire:Lychee Nut","Centennial Puzzle","ChewingGum","Sling","Replay:Wax Seal","Simple Rune","Nunchaku","Snack Pack","Ring of Chaos","MutagenicStrength","Replay:Accelerometer","Anchor","Dream Catcher","Lantern","Mango","Replay:Ancient Bell","Red Skull","Paper Frog","Torii","infinitespire:Satchel","infinitespire:Lucky Rock","Lee\u0027s Waffle","War Paint"],"acts_visited":["Exordium","TheCity","TheBeyond"],"potions_floor_usage":[],"damage_taken":[{"damage":1.0,"enemies":"Cultist","floor":1.0,"turns":3.0},{"damage":2.0,"enemies":"Jaw Worm","floor":3.0,"turns":2.0},{"damage":0.0,"enemies":"2 Louse","floor":4.0,"turns":2.0},{"damage":35.0,"enemies":"3 Sentries","floor":6.0,"turns":8.0},{"damage":21.0,"enemies":"Lots of Slimes","floor":8.0,"turns":3.0},{"damage":0.0,"enemies":"Looter","floor":10.0,"turns":2.0},{"damage":0.0,"enemies":"Exordium Wildlife","floor":11.0,"turns":3.0},{"damage":0.0,"enemies":"Lagavulin","floor":12.0,"turns":2.0},{"damage":11.0,"enemies":"Exordium Thugs","floor":14.0,"turns":2.0},{"damage":39.0,"enemies":"Fading Forest","floor":16.0,"turns":11.0},{"damage":19.0,"enemies":"Shell Parasite","floor":18.0,"turns":4.0},{"damage":33.0,"enemies":"2 Thieves","floor":19.0,"turns":3.0},{"damage":14.0,"enemies":"Snake Plant","floor":22.0,"turns":3.0},{"damage":3.0,"enemies":"Nightmare","floor":27.0,"turns":3.0},{"damage":0.0,"enemies":"3 Cultists","floor":28.0,"turns":3.0},{"damage":4.0,"enemies":"Centurion and Healer","floor":30.0,"turns":3.0},{"damage":13.0,"enemies":"Slavers","floor":31.0,"turns":3.0},{"damage":71.0,"enemies":"Champ","floor":33.0,"turns":7.0},{"damage":16.0,"enemies":"3 Shapes","floor":35.0,"turns":2.0},{"damage":0.0,"enemies":"3 Darklings","floor":37.0,"turns":3.0},{"damage":7,"enemies":"Sphere and 2 Shapes","floor":38,"turns":2},{"damage":40,"enemies":"Nemesis","floor":41,"turns":2}],"seed_played":"-7782606207061591140","potions_obtained":[{"floor":4.0,"key":"SpeedPotion"},{"floor":6.0,"key":"Weak Potion"},{"floor":10.0,"key":"ColorlessPotion"},{"floor":11.0,"key":"Strength Potion"},{"floor":19.0,"key":"EssenceOfSteel"},{"floor":22.0,"key":"AttackPotion"},{"floor":31.0,"key":"ThievingMod:ThievingPotion"}],"is_trial":false,"path_per_floor":["M","?","M","M","$","E","R","M","T","M","M","E","R","M","R","B",null,"M","M","$","?","M","R","T","R","T","NM","M","T","M","E","R_BF","B",null,"M","$","M","M","?","R","E"],"character_chosen":"IRONCLAD","items_purchased":["Replay:Multitool","Elixir","Sling","DuplicationPotion"],"campfire_rested":0,"item_purchase_floors":[0,0,5,20],"current_hp_per_floor":[46,46,53,60,60,32,32,22,22,31,42,51,51,49,49,42,56,56,37,37,37,36,36,36,54,54,60,60,60,60,71,71,22,61,61,84,84,83,22,22,0,0],"gold":773,"neow_bonus":"","is_daily":false,"chose_seed":false,"campfire_upgraded":5,"win_rate":0.0,"timestamp":1614345830,"path_taken":["M","?","?","M","$","E","R","M","T","M","M","E","R","M","R","BOSS","M","M","$","?","M","R","?","R","T","NM","?","?","M","E","R_BF","BOSS","M","$","M","M","?","R","E"],"items_purchased_type":["Relic","Potion","Relic","Potion"],"build_version":"2020-12-22","purchased_purges":3,"victory":false,"max_hp_per_floor":[60,60,60,60,60,60,60,60,60,60,60,60,60,60,60,60,60,60,60,60,60,60,60,60,60,60,60,60,60,60,74,74,74,74,77,84,84,84,84,84,84,84],"card_choices":[{"not_picked":["Life Link","Flex"],"picked":"Power Through","floor":1.0},{"not_picked":["Combust","Rampage"],"picked":"Thunderclap","floor":3.0},{"not_picked":["Shrug It Off","Replay:Undeath\u0027s Touch"],"picked":"Headbutt","floor":4.0},{"not_picked":["Combust","ReplayReversal"],"picked":"infinitespire:OneForAll","floor":6.0},{"not_picked":["Shrug It Off","Run Through"],"picked":"Searing Blow","floor":8.0},{"not_picked":["Anger","Hemogenesis"],"picked":"Sword Boomerang","floor":10.0},{"not_picked":["Headbutt","Thunderclap","True Grit"],"picked":"SKIP","floor":11.0},{"not_picked":["ReplayTheSpireMod:Strike From Hell","Blood for Blood"],"picked":"Immolate","floor":12.0},{"not_picked":["Reckless Charge","Body Slam","Shrug It Off"],"picked":"SKIP","floor":14.0},{"not_picked":["Demonic Infusion","Barricade"],"picked":"Double Tap","floor":16.0},{"not_picked":["Sword Boomerang","Heavy Blade","Pommel Strike"],"picked":"SKIP","floor":18.0},{"not_picked":["Iron Wave","Feel No Pain+1"],"picked":"Spot Weakness+1","floor":19.0},{"not_picked":["Burning Pact","Bludgeon"],"picked":"Pommel Strike","floor":22.0},{"not_picked":["infinitespire:FutureSight","infinitespire:Punishment"],"picked":"infinitespire:TheBestDefense","floor":27.0},{"not_picked":["Clash","Entrench"],"picked":"Feed","floor":27.0},{"not_picked":["Headbutt","Dark Embrace","ReplayTheSpireMod:Strike From Hell"],"picked":"SKIP","floor":28.0},{"not_picked":["Warcry","ReplayTheSpireMod:Strike From Hell"],"picked":"Replay:Undeath\u0027s Touch+1","floor":30.0},{"not_picked":["Wild Strike","Brutality"],"picked":"Clothesline+1","floor":31.0},{"not_picked":["Hemogenesis","Exhume"],"picked":"Impervious","floor":33.0},{"not_picked":["Replay:Hysterical Blindness","Voices"],"picked":"ReplayTheSpireMod:IOU","floor":34.0},{"not_picked":["Injury","Parasite"],"picked":"Clumsy","floor":34.0},{"not_picked":["ReplayTheSpireMod:Restless Dread","Pain"],"picked":"Writhe","floor":34.0},{"not_picked":["Rupture","Pommel Strike","Defy Death+1"],"picked":"SKIP","floor":35.0},{"not_picked":["ReplayReversal+1","Dropkick+1"],"picked":"Massacre","floor":37.0},{"not_picked":["ReplayTheSpireMod:Strike From Hell+1","Heavy Blade+1","Rampage+1"],"picked":"SKIP","floor":38}],"player_experience":219909,"relics_obtained":[{"floor":6.0,"key":"Replay:Wax Seal"},{"floor":9.0,"key":"Simple Rune"},{"floor":12.0,"key":"Nunchaku"},{"floor":15.0,"key":"Snack Pack"},{"floor":24.0,"key":"Replay:Accelerometer"},{"floor":26.0,"key":"Anchor"},{"floor":27.0,"key":"Dream Catcher"},{"floor":29.0,"key":"Lantern"},{"floor":31.0,"key":"Mango"}],"event_choices":[{"damage_healed":0.0,"max_hp_gain":0.0,"max_hp_loss":0.0,"gold_gain":100.0,"event_name":"Golden Shrine","player_choice":"Pray","floor":2.0,"gold_loss":0.0,"damage_taken":0.0},{"damage_healed":0.0,"max_hp_gain":0.0,"max_hp_loss":0.0,"gold_gain":0.0,"event_name":"Drug Dealer","player_choice":"Inject Mutagens","floor":21.0,"gold_loss":0.0,"damage_taken":0.0,"relics_obtained":["MutagenicStrength"]},{"damage_healed":0,"gold_gain":550,"player_choice":"GO GO GO GO GO RE ","damage_taken":68,"relics_obtained":["War Paint"],"max_hp_gain":0,"max_hp_loss":0,"event_name":"betterSkull:BetterSkull","floor":39,"gold_loss":0,"cards_upgraded":[]}],"is_beta":false,"boss_relics":[{"not_picked":["infinitespire:Burning Sword","infinitespire:Cupcake"],"picked":"Ring of Chaos"},{"not_picked":["Mark of Pain","SacredBark"],"picked":"Replay:Ancient Bell"},{"not_picked":["MealTicket","Bag of Marbles"],"picked":"Red Skull"},{"not_picked":["Self Forming Clay","infinitespire:FocusingShard"],"picked":"Paper Frog"},{"not_picked":["Durian","Bird Faced Urn"],"picked":"Torii"}],"items_purged_floors":[5,20,36],"is_endless":true,"potions_floor_spawned":[4,6,10,11,19,22,31],"killed_by":"Nemesis","ascension_level":8}}