{"host":"88sw61cmk1203zgj","time":1614303985,"event":{"mods":["BaseMod","Minty Spire (QoL Compilation)"],"gold_per_floor":[117,127,143,154,154,486,486,499,499,499,524,543,554,311,311,311,311],"floor_reached":16,"language":"ENG","playtime":956,"items_purged":["Strike_R"],"score":205,"play_id":"65315cb0-0b88-4f12-aecc-50df9f60575f","local_time":"20210225204625","is_ascension_mode":true,"campfire_choices":[{"data":"True Grit","floor":7.0,"key":"SMITH"},{"data":"Inflame","floor":10.0,"key":"SMITH"},{"floor":15.0,"key":"REST"}],"circlet_count":0,"master_deck":["AscendersBane","Strike_R+1","Strike_R","Strike_R","Defend_R","Defend_R","Defend_R","Defend_R","Bash+1","Whirlwind","True Grit+1","Inflame+1","Shrug It Off","Flex","Clothesline","Feed","Dual Wield"],"relics":["Burning Blood","Old Coin","Bottled Tornado","Whetstone"],"acts_visited":["Exordium"],"potions_floor_usage":[16,16],"damage_taken":[{"damage":6.0,"enemies":"Cultist","floor":1.0,"turns":4.0},{"damage":1.0,"enemies":"Small Slimes","floor":2.0,"turns":3.0},{"damage":6.0,"enemies":"2 Louse","floor":3.0,"turns":2.0},{"damage":18.0,"enemies":"Large Slime","floor":4.0,"turns":8.0},{"damage":25.0,"enemies":"3 Sentries","floor":6.0,"turns":9.0},{"damage":9.0,"enemies":"Red Slaver","floor":8.0,"turns":7.0},{"damage":38.0,"enemies":"Lagavulin","floor":11.0,"turns":7.0},{"damage":1.0,"enemies":"2 Fungi Beasts","floor":12.0,"turns":4.0},{"damage":7.0,"enemies":"Lots of Slimes","floor":13.0,"turns":2.0},{"damage":45,"enemies":"Hexaghost","floor":16,"turns":11}],"seed_played":"7999392572809495250","potions_obtained":[{"floor":1.0,"key":"DistilledChaos"},{"floor":4.0,"key":"ElixirPotion"},{"floor":12.0,"key":"Ancient Potion"},{"floor":13.0,"key":"Fire Potion"}],"is_trial":false,"path_per_floor":["M","M","M","M","?","E","R","M","T","R","E","M","M","$","R","B"],"character_chosen":"IRONCLAD","items_purchased":["Whetstone"],"campfire_rested":1,"item_purchase_floors":[14],"current_hp_per_floor":[75,80,80,68,61,42,42,39,39,39,7,15,17,17,43,0,0],"gold":311,"neow_bonus":"TEN_PERCENT_HP_BONUS","is_daily":false,"chose_seed":false,"campfire_upgraded":2,"win_rate":0.0,"timestamp":1614303985,"path_taken":["M","M","M","?","?","E","R","M","T","R","E","M","M","$","R","BOSS"],"items_purchased_type":["Relic"],"build_version":"2020-12-22","purchased_purges":1,"victory":false,"max_hp_per_floor":[82,82,82,82,82,82,82,82,82,82,82,85,88,88,88,88,88],"card_choices":[{"not_picked":["Carnage","True Grit"],"picked":"Whirlwind","floor":1.0},{"not_picked":["Clothesline","Iron Wave"],"picked":"True Grit","floor":2.0},{"not_picked":["Power Through","Blood for Blood"],"picked":"Inflame","floor":3.0},{"not_picked":["Whirlwind","Flex"],"picked":"Shrug It Off","floor":4.0},{"not_picked":["Headbutt","Perfected Strike"],"picked":"Flex","floor":6.0},{"not_picked":["Thunderclap","Warcry"],"picked":"Clothesline","floor":8.0},{"not_picked":["Cleave","Shrug It Off"],"picked":"Feed","floor":11.0},{"not_picked":["Havoc","Wild Strike","Seeing Red"],"picked":"SKIP","floor":12.0},{"not_picked":["Fire Breathing","Body Slam"],"picked":"Dual Wield","floor":13.0}],"player_experience":1619813,"relics_obtained":[{"floor":6.0,"key":"Old Coin"},{"floor":9.0,"key":"Bottled Tornado"}],"event_choices":[{"cards_removed":["Strike_R"],"damage_healed":0.0,"max_hp_gain":0.0,"max_hp_loss":0.0,"gold_gain":0.0,"event_name":"Golden Wing","player_choice":"Card Removal","floor":5.0,"gold_loss":0.0,"damage_taken":7.0}],"is_beta":false,"boss_relics":[],"items_purged_floors":[14],"is_endless":false,"potions_floor_spawned":[1,4,12,13],"killed_by":"Hexaghost","ascension_level":16}}