{"host":"j49z5jz0n7e8vjox","time":1614357042,"event":{"mods":["AchievementEnabler","BaseMod","Bestiary","Colored Map","Colored Powertips","DeckTracker","Minty Spire (QoL Compilation)","Permanent Neow","UnlockEverythingMod"],"gold_per_floor":[110,128,145,162,162,162,28,58,82,357,85,85,95,113,113,190,190,202,202,117,117,117],"floor_reached":21,"language":"ENG","playtime":3705,"items_purged":["Regret"],"score":358,"play_id":"c86483a8-06fe-4bbb-8823-b0a36287e4fe","local_time":"20210226103042","is_ascension_mode":true,"campfire_choices":[{"floor":6,"key":"REST"},{"floor":12,"key":"REST"},{"floor":15,"key":"REST"}],"circlet_count":0,"master_deck":["AscendersBane","Strike_B","Strike_B","Strike_B","Strike_B","Defend_B","Defend_B","Defend_B","Defend_B","Zap","Dualcast","All For One","Static Discharge","Redo","Gash","Defragment","Gash","Panacea","Gash","Loop","Double Energy","Beam Cell","Multi-Cast","Coolheaded"],"relics":["Cracked Core","NlothsMask","Bag of Preparation","Runic Pyramid","Enchiridion","Pen Nib"],"acts_visited":["Exordium","TheCity"],"potions_floor_usage":[3,8,18],"damage_taken":[{"damage":6,"enemies":"Cultist","floor":1,"turns":4},{"damage":9,"enemies":"Small Slimes","floor":2,"turns":4},{"damage":7,"enemies":"Jaw Worm","floor":3,"turns":3},{"damage":14,"enemies":"Red Slaver","floor":4,"turns":3},{"damage":30,"enemies":"3 Sentries","floor":8,"turns":6},{"damage":12,"enemies":"2 Fungi Beasts","floor":13,"turns":3},{"damage":2,"enemies":"Large Slime","floor":14,"turns":3},{"damage":57,"enemies":"The Guardian","floor":16,"turns":9},{"damage":28,"enemies":"Chosen","floor":18,"turns":4},{"damage":1,"enemies":"Spheric Guardian","floor":21,"turns":3}],"seed_played":"-6963021224833233148","potions_obtained":[{"floor":1,"key":"PotionOfCapacity"},{"floor":2,"key":"Regen Potion"},{"floor":3,"key":"EssenceOfDarkness"},{"floor":14,"key":"FairyPotion"},{"floor":16,"key":"Strength Potion"},{"floor":18,"key":"Fire Potion"}],"is_trial":false,"path_per_floor":["M","M","M","M","?","R","$","E","T","?","$","R","M","M","R","B",null,"M","?","?","M"],"character_chosen":"DEFECT","items_purchased":["Defragment","Gash","Panacea","Gash","Loop"],"campfire_rested":3,"item_purchase_floors":[7,7,11,11,11],"current_hp_per_floor":[58,49,47,33,33,54,54,24,24,24,24,45,33,31,52,21,59,31,10,10,9,9],"gold":117,"neow_bonus":"ONE_RANDOM_RARE_CARD","is_daily":false,"chose_seed":false,"campfire_upgraded":0,"win_rate":0.0,"timestamp":1614357042,"path_taken":["M","M","?","M","?","R","?","E","T","?","$","R","?","M","R","BOSS","M","?","?","M"],"items_purchased_type":["Card","Card","Card","Card","Card"],"build_version":"2020-12-22","purchased_purges":1,"victory":false,"max_hp_per_floor":[71,71,71,71,71,71,71,71,71,71,71,71,71,71,71,71,71,71,71,71,71,71],"card_choices":[{"not_picked":["Double Energy","Force Field"],"picked":"Static Discharge","floor":1},{"not_picked":["Turbo","Barrage"],"picked":"Redo","floor":2},{"not_picked":["Hologram","BootSequence"],"picked":"Gash","floor":3},{"not_picked":["Force Field","Barrage","Redo"],"picked":"SKIP","floor":4},{"not_picked":["Barrage","Streamline","Reboot"],"picked":"SKIP","floor":8},{"not_picked":["Leap","Sweeping Beam"],"picked":"Double Energy","floor":13},{"not_picked":["Stack","Undo"],"picked":"Beam Cell","floor":14},{"not_picked":["Rainbow","Hyperbeam"],"picked":"Multi-Cast","floor":16},{"not_picked":["Force Field+1","Rebound"],"picked":"Coolheaded","floor":18}],"player_experience":853639,"relics_obtained":[{"floor":8,"key":"Bag of Preparation"},{"floor":19,"key":"Enchiridion"}],"event_choices":[{"damage_healed":0,"gold_gain":0,"player_choice":"Trade","damage_taken":0,"relics_obtained":["NlothsMask"],"max_hp_gain":0,"max_hp_loss":0,"event_name":"FaceTrader","floor":5,"gold_loss":0},{"damage_healed":0,"gold_gain":275,"player_choice":"Desecrate","damage_taken":0,"max_hp_gain":0,"max_hp_loss":0,"event_name":"Golden Shrine","floor":10,"gold_loss":0,"cards_obtained":["Regret"]},{"damage_healed":0,"gold_gain":0,"player_choice":"Obtained Book","damage_taken":21,"max_hp_gain":0,"max_hp_loss":0,"event_name":"Cursed Tome","floor":19,"gold_loss":0},{"damage_healed":0,"gold_gain":0,"player_choice":"Obtained Relic","damage_taken":0,"relics_obtained":["Pen Nib"],"max_hp_gain":0,"max_hp_loss":0,"event_name":"Addict","floor":20,"gold_loss":85}],"is_beta":false,"boss_relics":[{"not_picked":["Busted Crown","Sozu"],"picked":"Runic Pyramid"}],"items_purged_floors":[11],"is_endless":false,"potions_floor_spawned":[1,2,3,14,16,18],"killed_by":"Spheric Guardian","ascension_level":20}}