{"host":"okln270zkafj6dck","time":1614342016,"event":{"mods":["BaseMod","Minty Spire (QoL Compilation)","Permanent Neow","Quick Restart","Relic Stats","StSLib","SuperFastMode","UnlockEverythingMod"],"gold_per_floor":[115,131,131,146,146,159,184,184,184],"floor_reached":8,"language":"ENG","playtime":184,"items_purged":[],"score":100,"play_id":"2818bfce-9790-47f3-b0b2-945717008aec","local_time":"20210226042016","is_ascension_mode":true,"campfire_choices":[],"circlet_count":0,"master_deck":["AscendersBane","Strike_G","Strike_G","Strike_G","Strike_G","Defend_G","Defend_G","Defend_G","Defend_G","Defend_G","Survivor","Neutralize","Flying Knee","Blade Dance","Tools of the Trade","Finisher","Accuracy"],"relics":["Black Star","Golden Idol"],"acts_visited":["Exordium"],"potions_floor_usage":[8,8],"damage_taken":[{"damage":0.0,"enemies":"2 Louse","floor":1.0,"turns":4.0},{"damage":4.0,"enemies":"Small Slimes","floor":2.0,"turns":5.0},{"damage":0.0,"enemies":"Cultist","floor":4.0,"turns":4.0},{"damage":9.0,"enemies":"Blue Slaver","floor":6.0,"turns":6.0},{"damage":5.0,"enemies":"2 Fungi Beasts","floor":7.0,"turns":4.0},{"damage":29,"enemies":"Gremlin Nob","floor":8,"turns":4}],"seed_played":"3015953487902042032","potions_obtained":[{"floor":1.0,"key":"FearPotion"},{"floor":4.0,"key":"Weak Potion"},{"floor":7.0,"key":"EssenceOfSteel"}],"is_trial":false,"path_per_floor":["M","M","?","M","?","M","M","E"],"character_chosen":"THE_SILENT","items_purchased":[],"campfire_rested":0,"item_purchase_floors":[],"current_hp_per_floor":[59,55,55,55,55,46,41,12,12],"gold":184,"neow_bonus":"BOSS_RELIC","is_daily":false,"chose_seed":false,"campfire_upgraded":0,"win_rate":0.0,"timestamp":1614342016,"path_taken":["M","M","?","M","?","M","M","E"],"items_purchased_type":[],"build_version":"2020-12-22","purchased_purges":0,"victory":false,"max_hp_per_floor":[66,66,60,60,60,60,60,60,60],"relic_stats":{"counters":[6,27],"Golden Idol":11,"Black Star":0,"obtain_stats":[{"Golden Idol":3,"Black Star":0,"Ring of the Snake":0},{"Golden Idol":2,"Black Star":0,"Ring of the Snake":0},{"Golden Idol":9,"Black Star":0,"Ring of the Snake":0}]},"card_choices":[{"not_picked":["Accuracy","Outmaneuver"],"picked":"Flying Knee","floor":1.0},{"not_picked":["Cloak And Dagger","Dodge and Roll"],"picked":"Blade Dance","floor":2.0},{"not_picked":["Setup","Quick Slash"],"picked":"Tools of the Trade","floor":4.0},{"not_picked":["Footwork","Caltrops"],"picked":"Finisher","floor":6.0},{"not_picked":["Backflip","Quick Slash"],"picked":"Accuracy","floor":7.0}],"player_experience":82375,"relics_obtained":[],"event_choices":[{"damage_healed":0.0,"max_hp_gain":0.0,"max_hp_loss":6.0,"gold_gain":0.0,"event_name":"Golden Idol","player_choice":"Lose Max HP","floor":3.0,"gold_loss":0.0,"damage_taken":0.0,"relics_obtained":["Golden Idol"]},{"cards_removed":["Strike_G"],"damage_healed":0.0,"max_hp_gain":0.0,"max_hp_loss":0.0,"gold_gain":0.0,"event_name":"Living Wall","player_choice":"Forget","floor":5.0,"gold_loss":0.0,"damage_taken":0.0}],"is_beta":false,"boss_relics":[],"items_purged_floors":[],"is_endless":false,"potions_floor_spawned":[1,4,6,7],"killed_by":"Gremlin Nob","ascension_level":20}}