{"host":"xw7092rw7wabncmm","time":1614381817,"event":{"mods":["AchievementEnabler","BaseMod","Bestiary","Block Reminder","Minty Spire (QoL Compilation)","Quick Restart","Relic Stats","Slay-I","Weighted Paths"],"gold_per_floor":[112,130,150,163,180,211,211,231,231,231,231,262,279,289,289,391,391,410,60,60,0,11,11,11,11],"floor_reached":24,"language":"ENG","playtime":1923,"items_purged":[],"score":361,"play_id":"d93770d5-0adb-4eb7-b71f-60556b7754a9","local_time":"20210226182337","is_ascension_mode":true,"campfire_choices":[{"data":"Lockon","floor":7,"key":"SMITH"},{"data":"Dualcast","floor":10,"key":"SMITH"},{"floor":15,"key":"REST"},{"data":"Buffer","floor":23,"key":"SMITH"}],"circlet_count":0,"master_deck":["AscendersBane","Strike_B+1","Defend_B","Defend_B","Zap","Dualcast+1","Ball Lightning","Go for the Eyes","Self Repair","Go for the Eyes+1","Lockon+1","Cold Snap","Go for the Eyes","Buffer+1","Leap","Go for the Eyes","Seek","Hello World+1","Turbo+1","Recycle+1","Gash","Gash","Melter","Rip and Tear","Stack"],"relics":["Cracked Core","Torii","Matryoshka","Darkstone Periapt","Astrolabe","Unceasing Top"],"acts_visited":["Exordium","TheCity"],"potions_floor_usage":[5,6,13,16,24],"damage_taken":[{"damage":5,"enemies":"Small Slimes","floor":1,"turns":4},{"damage":0,"enemies":"2 Louse","floor":2,"turns":2},{"damage":1,"enemies":"Cultist","floor":3,"turns":3},{"damage":8,"enemies":"Large Slime","floor":4,"turns":5},{"damage":5,"enemies":"Blue Slaver","floor":5,"turns":4},{"damage":16,"enemies":"Gremlin Nob","floor":6,"turns":3},{"damage":21,"enemies":"Gremlin Gang","floor":8,"turns":4},{"damage":27,"enemies":"Lagavulin","floor":12,"turns":6},{"damage":7,"enemies":"Red Slaver","floor":13,"turns":4},{"damage":0,"enemies":"3 Louse","floor":14,"turns":4},{"damage":34,"enemies":"Slime Boss","floor":16,"turns":9},{"damage":1,"enemies":"Chosen","floor":18,"turns":6},{"damage":10,"enemies":"Shell Parasite","floor":22,"turns":5},{"damage":76,"enemies":"Slavers","floor":24,"turns":4}],"seed_played":"-2201551056632312139","potions_obtained":[{"floor":1,"key":"PowerPotion"},{"floor":5,"key":"Fruit Juice"},{"floor":12,"key":"Dexterity Potion"},{"floor":13,"key":"DistilledChaos"},{"floor":16,"key":"Strength Potion"},{"floor":18,"key":"GamblersBrew"}],"is_trial":false,"path_per_floor":["M","M","M","M","M","E","R","M","T","R","?","E","M","M","R","B",null,"M","$","?","?","M","R","E"],"character_chosen":"DEFECT","items_purchased":["Unceasing Top","Gash"],"campfire_rested":1,"item_purchase_floors":[19,19],"current_hp_per_floor":[70,70,69,68,75,66,66,45,45,45,28,8,8,15,41,14,69,75,75,75,75,72,72,0,0],"gold":11,"neow_bonus":"TEN_PERCENT_HP_BONUS","is_daily":false,"chose_seed":false,"campfire_upgraded":3,"win_rate":0.0,"timestamp":1614381817,"path_taken":["M","M","M","M","M","E","R","M","T","R","?","E","M","M","R","BOSS","M","$","?","?","M","R","E"],"items_purchased_type":["Relic","Card"],"build_version":"2020-12-22","purchased_purges":0,"victory":false,"max_hp_per_floor":[82,82,82,82,87,87,87,87,87,87,87,87,87,87,87,87,87,87,87,87,87,87,87,87,87],"relic_stats":{"Darkstone Periapt":0,"Torii":22,"counters":[14,63],"Astrolabe":["Hello World","Turbo","Recycle"],"obtain_stats":[{"Darkstone Periapt":12,"Matryoshka":9,"Torii":6,"Astrolabe":17,"Cracked Core":0,"Unceasing Top":19},{"Darkstone Periapt":8,"Matryoshka":7,"Torii":6,"Astrolabe":11,"Cracked Core":0,"Unceasing Top":12},{"Darkstone Periapt":31,"Matryoshka":25,"Torii":21,"Astrolabe":48,"Cracked Core":0,"Unceasing Top":54}],"Unceasing Top":[4]},"card_choices":[{"not_picked":["Loop","Aggregate"],"picked":"Ball Lightning","floor":1},{"not_picked":["BootSequence","Hello World"],"picked":"Go for the Eyes","floor":2},{"not_picked":["Steam","Stack"],"picked":"Self Repair","floor":3},{"not_picked":["Scrape","Reinforced Body"],"picked":"Go for the Eyes","floor":4},{"not_picked":["Compile Driver","Steam"],"picked":"Lockon","floor":5},{"not_picked":["Loop","Beam Cell"],"picked":"Cold Snap","floor":6},{"not_picked":["Turbo","Streamline"],"picked":"Go for the Eyes","floor":8},{"not_picked":["Fusion","Compile Driver"],"picked":"Buffer","floor":12},{"not_picked":["Recycle","Go for the Eyes"],"picked":"Leap","floor":13},{"not_picked":["Rebound","Hologram"],"picked":"Go for the Eyes","floor":14},{"not_picked":["Machine Learning","Rainbow"],"picked":"Seek","floor":16},{"not_picked":["Stack","Rebound"],"picked":"Gash","floor":18},{"not_picked":["Turbo+1","Gash"],"picked":"Stack","floor":22}],"player_experience":1680235,"relics_obtained":[{"floor":6,"key":"Torii"},{"floor":9,"key":"Matryoshka"},{"floor":12,"key":"Darkstone Periapt"}],"event_choices":[{"damage_healed":0,"gold_gain":0,"player_choice":"Entered Light","damage_taken":17,"max_hp_gain":0,"max_hp_loss":0,"event_name":"Shining Light","floor":11,"gold_loss":0,"cards_upgraded":["Go for the Eyes","Strike_B"]},{"damage_healed":0,"gold_gain":0,"cards_transformed":["Defend_B","Defend_B"],"player_choice":"Became Test Subject","damage_taken":0,"max_hp_gain":0,"max_hp_loss":0,"event_name":"Drug Dealer","floor":20,"gold_loss":0,"cards_obtained":["Melter","Rip and Tear"]},{"damage_healed":0,"gold_gain":0,"player_choice":"Paid Fearfully","damage_taken":0,"max_hp_gain":0,"max_hp_loss":0,"event_name":"Masked Bandits","floor":21,"gold_loss":60}],"is_beta":false,"boss_relics":[{"not_picked":["Black Star","Velvet Choker"],"picked":"Astrolabe"}],"items_purged_floors":[],"is_endless":false,"potions_floor_spawned":[1,5,12,13,16,18],"killed_by":"Slavers","ascension_level":12}}