{"host":"snggrqcauaf0m8fe","time":1614343591,"event":{"mods":["BaseMod","Minty Spire (QoL Compilation)","Quick Restart"],"gold_per_floor":[115,40,40,40,59,59,91,91,117,133,148,162,162,177,177,281,281,293,303,316,316,316],"floor_reached":21,"language":"ENG","playtime":599,"items_purged":["Strike_B"],"score":250,"play_id":"4588477b-ebe1-4c02-8828-503b6d2c7a2f","local_time":"20210226134631","is_ascension_mode":true,"campfire_choices":[{"data":"Dualcast","floor":6,"key":"SMITH"},{"data":"Blizzard","floor":8,"key":"SMITH"},{"data":"Zap","floor":15,"key":"SMITH"}],"circlet_count":0,"master_deck":["Strike_B","Defend_B","Defend_B","Defend_B","Defend_B","Zap+1","Dualcast+1","FTL","Blizzard+1","Coolheaded","Barrage+1","Capacitor"],"relics":["Cracked Core","NeowsBlessing","Mercury Hourglass","Blood Vial","SlaversCollar"],"acts_visited":["Exordium","TheCity"],"potions_floor_usage":[14,18,18],"damage_taken":[{"damage":0,"enemies":"2 Louse","floor":1,"turns":1},{"damage":0,"enemies":"Jaw Worm","floor":5,"turns":1},{"damage":0,"enemies":"Lagavulin","floor":7,"turns":1},{"damage":0,"enemies":"Cultist","floor":10,"turns":3},{"damage":2,"enemies":"Looter","floor":11,"turns":3},{"damage":1,"enemies":"Lots of Slimes","floor":12,"turns":2},{"damage":0,"enemies":"Large Slime","floor":14,"turns":4},{"damage":36,"enemies":"The Guardian","floor":16,"turns":12},{"damage":31,"enemies":"2 Thieves","floor":18,"turns":3},{"damage":2,"enemies":"Chosen","floor":19,"turns":4},{"damage":35,"enemies":"Centurion and Healer","floor":20,"turns":7},{"damage":20,"enemies":"Sentry and Sphere","floor":21,"turns":3}],"seed_played":"3289852190815356746","potions_obtained":[{"floor":5,"key":"Explosive Potion"},{"floor":10,"key":"DuplicationPotion"},{"floor":11,"key":"LiquidMemories"},{"floor":12,"key":"LiquidMemories"},{"floor":18,"key":"Strength Potion"}],"is_trial":false,"path_per_floor":["M","$","?","?","M","R","E","R","T","M","M","M","?","M","R","B",null,"M","M","M","M"],"character_chosen":"DEFECT","items_purchased":[],"campfire_rested":0,"item_purchase_floors":[],"current_hp_per_floor":[75,75,68,68,68,68,68,68,68,70,70,71,71,73,73,39,75,44,44,11,0,0],"gold":316,"neow_bonus":"THREE_ENEMY_KILL","is_daily":false,"chose_seed":false,"campfire_upgraded":3,"win_rate":0.0,"timestamp":1614343591,"path_taken":["M","$","?","?","?","R","E","R","T","M","M","M","?","M","R","BOSS","M","M","?","M"],"items_purchased_type":[],"build_version":"2020-12-22","purchased_purges":1,"victory":false,"max_hp_per_floor":[75,75,75,75,75,75,75,75,75,75,75,75,75,75,75,75,75,75,75,75,75,75],"card_choices":[{"not_picked":["Gash","Compile Driver","Auto Shields"],"picked":"SKIP","floor":1},{"not_picked":["Undo","Sweeping Beam"],"picked":"Blizzard","floor":5},{"not_picked":["Seek","Stack","Turbo"],"picked":"SKIP","floor":7},{"not_picked":["Reinforced Body","Steam","Force Field"],"picked":"SKIP","floor":10},{"not_picked":["Turbo","Beam Cell"],"picked":"Coolheaded","floor":11},{"not_picked":["Sweeping Beam","Rebound"],"picked":"Barrage","floor":12},{"not_picked":["Go for the Eyes","Steam","Compile Driver"],"picked":"SKIP","floor":14},{"not_picked":["Rebound","Sweeping Beam","Steam"],"picked":"SKIP","floor":18},{"not_picked":["BootSequence","Streamline"],"picked":"Capacitor","floor":19},{"not_picked":["Chaos","Fission","Barrage"],"picked":"SKIP","floor":20}],"player_experience":826231,"relics_obtained":[{"floor":7,"key":"Mercury Hourglass"},{"floor":9,"key":"Blood Vial"}],"event_choices":[{"cards_removed":["Strike_B"],"damage_healed":0,"gold_gain":0,"player_choice":"Card Removal","damage_taken":7,"max_hp_gain":0,"max_hp_loss":0,"event_name":"Golden Wing","floor":3,"gold_loss":0},{"damage_healed":0,"gold_gain":0,"cards_transformed":["Strike_B"],"player_choice":"Transformed","damage_taken":0,"max_hp_gain":0,"max_hp_loss":0,"event_name":"Transmorgrifier","floor":4,"gold_loss":0,"cards_obtained":["FTL"]},{"damage_healed":0,"gold_gain":0,"player_choice":"Upgraded","damage_taken":0,"max_hp_gain":0,"max_hp_loss":0,"event_name":"Upgrade Shrine","floor":13,"gold_loss":0,"cards_upgraded":["Barrage"]}],"is_beta":false,"boss_relics":[{"not_picked":["Coffee Dripper","Nuclear Battery"],"picked":"SlaversCollar"}],"items_purged_floors":[2],"is_endless":false,"potions_floor_spawned":[5,10,11,12,18],"killed_by":"Sentry and Sphere","ascension_level":4}}