{"host":"dbkc9h3etq50r1dq","time":1614378216,"event":{"mods":["100% Spire Juice","AchievementEnabler","BaseMod","Block Reminder","Colored Powertips","Curses Come First","Dark Map","Minty Spire (QoL Compilation)","Permanent Neow","Potion Indicator Mod","Random Character Button","Rare Cards Sparkle","StSLib","SuperFastMode","Weighted Paths"],"gold_per_floor":[10,25,25,25,38,72,88,88,88,88,101,101,116,159,159,284,284,302,62,78,78,97,132,150,150,174,54,78,102,152,0,0,121,121,140,158,173,5,5,39,58,58,58,71,102,102,146,209,209,209],"floor_reached":51,"language":"ZHS","playtime":2684,"items_purged":["Moonworks:Strike"],"score":1136,"play_id":"0867b79a-33ae-4b7e-b4bb-429dad7052c3","local_time":"20210227062336","is_ascension_mode":true,"campfire_choices":[{"floor":8.0,"key":"REST"},{"floor":10.0,"key":"REST"},{"floor":15.0,"key":"REST"},{"floor":25.0,"key":"REST"},{"floor":27.0,"key":"REST"},{"data":"Moonworks:CrystalBarrier","floor":32,"key":"SMITH"},{"data":"Moonworks:GoAway","floor":42,"key":"SMITH"},{"data":"Moonworks:NicePresent","floor":46,"key":"SMITH"},{"data":"Moonworks:SakisCookie","floor":49,"key":"SMITH"}],"circlet_count":0,"master_deck":["Moonworks:Defend","Moonworks:Defend","Moonworks:Defend","Moonworks:TreasureThief+1","Moonworks:SweetBattle","Moonworks:IndiscriminateFireSupport+1","Moonworks:ShieldCounter","Moonworks:ShieldCounter","Moonworks:NicePresent+1","Moonworks:CrystalBarrier+1","Moonworks:ImmovableObject","Moonworks:DeployBits","Moonworks:DeployBits+1","Moonworks:WindyEnchantment+1","Moonworks:NicePresent","Moonworks:ShieldCounter","Moonworks:SweetBattle+1","Moonworks:NicePresent","Moonworks:SakisCookie+1","Moonworks:GoAway+1","Moonworks:Dash+1","Moonworks:LulusLuckyEgg+1","Moonworks:LulusLuckyEgg+1"],"relics":["Moonworks:BrokenBomb","Moonworks:Homemark","Golden Idol","Torii","Letter Opener","Ornamental Fan","Black Star","Question Card","InkBottle","Singing Bowl","Regal Pillow","Empty Cage","Art of War","Anchor","Orichalcum","PreservedInsect","Bottled Flame","Meat on the Bone","Darkstone Periapt","Whetstone","Du-Vu Doll"],"acts_visited":["Exordium","TheCity","TheBeyond"],"potions_floor_usage":[33,37,45,47,47,50,50,50],"damage_taken":[{"damage":6.0,"enemies":"2 Louse","floor":1.0,"turns":3.0},{"damage":7.0,"enemies":"Small Slimes","floor":2.0,"turns":3.0},{"damage":4.0,"enemies":"Jaw Worm","floor":5.0,"turns":3.0},{"damage":47.0,"enemies":"Lagavulin","floor":6.0,"turns":6.0},{"damage":1.0,"enemies":"Lots of Slimes","floor":7.0,"turns":3.0},{"damage":1.0,"enemies":"Blue Slaver","floor":11.0,"turns":3.0},{"damage":0.0,"enemies":"Red Slaver","floor":13.0,"turns":2.0},{"damage":11.0,"enemies":"Gremlin Nob","floor":14.0,"turns":4.0},{"damage":16.0,"enemies":"The Guardian","floor":16.0,"turns":14.0},{"damage":7.0,"enemies":"Chosen","floor":18.0,"turns":7.0},{"damage":8.0,"enemies":"Shell Parasite","floor":20.0,"turns":5.0},{"damage":7.0,"enemies":"Chosen and Byrds","floor":22.0,"turns":5.0},{"damage":34.0,"enemies":"Slavers","floor":23.0,"turns":2.0},{"damage":0.0,"enemies":"Cultist and Chosen","floor":24.0,"turns":3.0},{"damage":0.0,"enemies":"Sentry and Sphere","floor":28.0,"turns":4.0},{"damage":12.0,"enemies":"Chosen and Byrds","floor":29.0,"turns":6.0},{"damage":0,"enemies":"Automaton","floor":33,"turns":9},{"damage":1,"enemies":"Orb Walker","floor":35,"turns":5},{"damage":0,"enemies":"3 Darklings","floor":36,"turns":3},{"damage":12,"enemies":"Spire Growth","floor":37,"turns":5},{"damage":0,"enemies":"Giant Head","floor":40,"turns":8},{"damage":0,"enemies":"Writhing Mass","floor":41,"turns":5},{"damage":0,"enemies":"Maw","floor":44,"turns":7},{"damage":0,"enemies":"Reptomancer","floor":45,"turns":5},{"damage":0,"enemies":"Nemesis","floor":47,"turns":12},{"damage":0,"enemies":"Mind Bloom Boss Battle","floor":48,"turns":6},{"damage":9,"enemies":"Time Eater","floor":50,"turns":15}],"seed_played":"-6992723177831066629","potions_obtained":[{"floor":1.0,"key":"LiquidBronze"},{"floor":7.0,"key":"Fire Potion"},{"floor":16.0,"key":"SteroidPotion"},{"floor":18.0,"key":"Swift Potion"},{"floor":20.0,"key":"AttackPotion"},{"floor":28.0,"key":"ColorlessPotion"},{"floor":33,"key":"SteroidPotion"},{"floor":35,"key":"Regen Potion"},{"floor":36,"key":"EntropicBrew"},{"floor":41,"key":"EssenceOfSteel"},{"floor":47,"key":"AttackPotion"}],"is_trial":false,"path_per_floor":["M","M","?","?","M","E","M","R","T","R","M","$","M","E","R","B",null,"M","?","M","T","M","E","M","R","T","R","M","M","?","$","R","B",null,"M","M","M","$","?","E","M","R","T","M","E","R","E","?","R","B",null],"character_chosen":"THE_STARBREAKER","items_purchased":["Art of War","Moonworks:SakisCookie"],"campfire_rested":5,"item_purchase_floors":[38,38],"current_hp_per_floor":[54,47,47,47,47,4,7,23,23,39,38,38,42,37,53,40,52,49,49,43,43,36,4,4,21,21,53,53,47,47,47,47,51,56,55,57,60,60,60,62,62,62,62,64,64,64,64,64,64,57],"gold":209,"neow_bonus":"REMOVE_TWO","is_daily":false,"chose_seed":false,"campfire_upgraded":4,"win_rate":0.0,"timestamp":1614378216,"path_taken":["M","M","?","?","M","E","M","R","T","R","?","?","M","E","R","BOSS","M","?","?","?","M","E","M","R","T","R","M","M","?","$","R","BOSS","M","M","M","$","?","E","M","R","T","?","E","R","E","?","R","BOSS"],"items_purchased_type":["Relic","Card"],"build_version":"2020-12-22","purchased_purges":1,"victory":true,"max_hp_per_floor":[60,60,56,56,56,56,56,56,56,56,56,56,56,56,56,56,56,56,56,56,56,56,58,58,58,58,58,58,58,58,58,58,58,58,58,60,60,60,60,62,62,62,62,64,64,64,64,64,64,64],"card_choices":[{"not_picked":["Moonworks:FinalSurgery","Moonworks:EvilSpyWorkPreparation"],"picked":"Moonworks:TreasureThief","floor":1.0},{"not_picked":["Moonworks:Assault","Moonworks:BigMagnum"],"picked":"Moonworks:SweetBattle","floor":2.0},{"not_picked":["Moonworks:SakisCookie","Moonworks:LulusLuckyEgg"],"picked":"Moonworks:IndiscriminateFireSupport","floor":5.0},{"not_picked":["Moonworks:DeployBits","Moonworks:JonathanRush"],"picked":"Moonworks:ShieldCounter","floor":6.0},{"not_picked":["Moonworks:RedAndBlue","Moonworks:SelfDestruct","Moonworks:MixPhenomenon"],"picked":"SKIP","floor":7.0},{"not_picked":["Moonworks:CloudOfSeagulls","Moonworks:LulusLuckyEgg","Moonworks:IndiscriminateFireSupport"],"picked":"SKIP","floor":11.0},{"not_picked":["Moonworks:Dash","Moonworks:SweetBattle"],"picked":"Moonworks:ShieldCounter","floor":13.0},{"not_picked":["Moonworks:ReproductionOfRecords","Moonworks:CloudOfSeagulls"],"picked":"Moonworks:NicePresent","floor":14.0},{"not_picked":["Moonworks:LeapThroughSpace","Moonworks:MetallicMonocoque"],"picked":"Moonworks:CrystalBarrier","floor":16.0},{"not_picked":["Moonworks:IndiscriminateFireSupport","Moonworks:CloudOfSeagulls","Moonworks:EvilSpyWorkPreparation"],"picked":"SKIP","floor":18.0},{"not_picked":["Moonworks:BigMagnum+1","Moonworks:Bloodlust"],"picked":"Moonworks:ImmovableObject","floor":20.0},{"not_picked":["Moonworks:RagingMadness+1","Moonworks:BigMagnum","Moonworks:JonathanRush"],"picked":"Moonworks:DeployBits","floor":22.0},{"not_picked":["Moonworks:JonathanRush","Moonworks:Assault+1","Moonworks:CloudOfSeagulls+1","Moonworks:LulusLuckyEgg"],"picked":"Singing Bowl","floor":23.0},{"not_picked":["Moonworks:Poppoformation","Moonworks:ImOnFire+1","Moonworks:CloudOfSeagulls"],"picked":"Moonworks:DeployBits+1","floor":24.0},{"not_picked":["Moonworks:MiracleWalker","Moonworks:EvilSpyWorkPreparation","Moonworks:UnluckyCharm"],"picked":"Moonworks:WindyEnchantment+1","floor":28.0},{"not_picked":["Moonworks:EvilSpyWorkPreparation","Moonworks:LulusLuckyEgg","Moonworks:Flamethrower"],"picked":"Moonworks:NicePresent","floor":29.0},{"not_picked":["Moonworks:AccelHyper","Moonworks:ReflectiveShell","Moonworks:GoAway"],"picked":"Moonworks:ShieldCounter","floor":33},{"not_picked":["Moonworks:CloudOfSeagulls+1","Moonworks:Poppoformation+1","Moonworks:BigMagnum+1"],"picked":"Moonworks:SweetBattle+1","floor":35},{"not_picked":["Moonworks:Poppoformation","Moonworks:AngelHand","Moonworks:x16BigRocket+1","Moonworks:LuckyCharm+1"],"picked":"Singing Bowl","floor":36},{"not_picked":["Moonworks:IndiscriminateFireSupport+1","Moonworks:DeployBits","Moonworks:Assault"],"picked":"Moonworks:NicePresent","floor":37},{"not_picked":["Moonworks:ImOnFire","Moonworks:LuckyCharm+1","Moonworks:SweetBattle+1","Moonworks:IndiscriminateFireSupport"],"picked":"Singing Bowl","floor":40},{"not_picked":["Moonworks:StiffCrystal","Moonworks:CookingTime","Moonworks:Assault+1"],"picked":"Moonworks:GoAway","floor":41},{"not_picked":["Moonworks:FullSpeedAlicianrone","Moonworks:ImOnFire+1","Moonworks:SakisCookie","Moonworks:Assault"],"picked":"Singing Bowl","floor":44},{"not_picked":["Moonworks:LulusLuckyEgg","Moonworks:SelfDestruct","Moonworks:IndiscriminateFireSupport"],"picked":"Moonworks:Dash+1","floor":45},{"not_picked":["Moonworks:ReflectiveShell","Moonworks:SakisCookie+1","Moonworks:Assault"],"picked":"Moonworks:LulusLuckyEgg+1","floor":47},{"not_picked":["Moonworks:ReproductionOfRecords+1","Moonworks:SelfDestruct+1","Moonworks:NicePresent+1"],"picked":"Moonworks:LulusLuckyEgg+1","floor":48}],"player_experience":201624,"relics_obtained":[{"floor":6.0,"key":"Torii"},{"floor":9.0,"key":"Letter Opener"},{"floor":14.0,"key":"Ornamental Fan"},{"floor":21.0,"key":"Question Card"},{"floor":23.0,"key":"InkBottle"},{"floor":23.0,"key":"Singing Bowl"},{"floor":26.0,"key":"Regal Pillow"},{"floor":40,"key":"Anchor"},{"floor":40,"key":"Orichalcum"},{"floor":43,"key":"PreservedInsect"},{"floor":45,"key":"Bottled Flame"},{"floor":45,"key":"Meat on the Bone"},{"floor":47,"key":"Darkstone Periapt"},{"floor":47,"key":"Whetstone"},{"floor":48,"key":"Du-Vu Doll"}],"event_choices":[{"damage_healed":0.0,"max_hp_gain":0.0,"max_hp_loss":4.0,"gold_gain":0.0,"event_name":"Golden Idol","player_choice":"Lose Max HP","floor":3.0,"gold_loss":0.0,"damage_taken":0.0,"relics_obtained":["Golden Idol"]},{"damage_healed":0.0,"max_hp_gain":0.0,"max_hp_loss":0.0,"gold_gain":0.0,"event_name":"Living Wall","player_choice":"Grow","floor":4.0,"gold_loss":0.0,"damage_taken":0.0,"cards_upgraded":["Moonworks:TreasureThief"]},{"cards_removed":["Moonworks:Strike"],"damage_healed":0.0,"max_hp_gain":0.0,"max_hp_loss":0.0,"gold_gain":0.0,"event_name":"Bonfire Elementals","player_choice":"Offered Basic","floor":19.0,"gold_loss":0.0,"damage_taken":0.0},{"damage_healed":0,"gold_gain":100,"player_choice":"Bet on Murderer","damage_taken":0,"max_hp_gain":0,"max_hp_loss":0,"event_name":"The Joust","floor":30,"gold_loss":50},{"cards_removed":["Moonworks:Ambush"],"damage_healed":0,"gold_gain":0,"player_choice":"Purged","damage_taken":0,"max_hp_gain":0,"max_hp_loss":0,"event_name":"Purifier","floor":39,"gold_loss":0},{"damage_healed":0,"gold_gain":0,"player_choice":"Fight","damage_taken":0,"max_hp_gain":0,"max_hp_loss":0,"event_name":"MindBloom","floor":48,"gold_loss":0}],"is_beta":false,"boss_relics":[{"not_picked":["Ectoplasm","Busted Crown"],"picked":"Black Star"},{"not_picked":["Runic Pyramid","Philosopher\u0027s Stone"],"picked":"Empty Cage"}],"items_purged_floors":[31],"is_endless":false,"potions_floor_spawned":[1,7,16,18,20,28,33,35,36,41,47],"ascension_level":5}}