{"host":"gc8yb33y1dm65mio","time":1614308132,"event":{"mods":["BaseMod","Bestiary","Colored Map","Colored Powertips","Curses Come First","Highlight Path","Minty Spire (QoL Compilation)","Quick Restart","Relic Stats","StSLib"],"gold_per_floor":[116,59,59,59,59,88,100,178,190,220,157,169,211,243,255,343,355,386,323,89,107,107,137,137,137,137],"floor_reached":25,"language":"ENG","playtime":696,"items_purged":["Defragment"],"score":450,"play_id":"e63ed651-123d-4f01-ba3e-ba1ca6a55d72","local_time":"20210225185532","is_ascension_mode":true,"campfire_choices":[{"data":"Streamline","floor":7,"key":"SMITH"},{"data":"Gash","floor":12,"key":"SMITH"},{"data":"Reprogram","floor":15,"key":"SMITH"},{"floor":24,"key":"REST"}],"circlet_count":0,"master_deck":["AscendersBane","Zap+1","Streamline+1","Reprogram+1","Gash+1","Echo Form","Beam Cell","Barrage","Hyperbeam","Reboot","Doom and Gloom","Force Field","Hyperbeam","Sweeping Beam","Conserve Battery","Hyperbeam+1"],"relics":["Cracked Core","NeowsBlessing","MawBank","Tiny Chest","Oddly Smooth Stone","Pandora\u0027s Box","Omamori","Mummified Hand","Molten Egg 2"],"acts_visited":["Exordium","TheCity"],"potions_floor_usage":[25],"damage_taken":[{"damage":0,"enemies":"Jaw Worm","floor":1,"turns":1},{"damage":0,"enemies":"Lagavulin","floor":6,"turns":1},{"damage":0,"enemies":"Small Slimes","floor":10,"turns":1},{"damage":32,"enemies":"Gremlin Nob","floor":13,"turns":4},{"damage":0,"enemies":"2 Louse","floor":14,"turns":3},{"damage":10,"enemies":"The Guardian","floor":16,"turns":8},{"damage":12,"enemies":"Chosen","floor":18,"turns":4},{"damage":17,"enemies":"3 Byrds","floor":21,"turns":4},{"damage":10,"enemies":"Gremlin Leader","floor":23,"turns":4},{"damage":27,"enemies":"Book of Stabbing","floor":25,"turns":3}],"seed_played":"8855091807120147206","potions_obtained":[{"floor":13,"key":"EssenceOfDarkness"},{"floor":16,"key":"SkillPotion"}],"is_trial":false,"path_per_floor":["M","$","?","?","?","E","R","?","T","M","?","R","E","M","R","B",null,"M","?","$","M","T","E","R","E"],"character_chosen":"DEFECT","items_purchased":["Streamline","Omamori"],"campfire_rested":1,"item_purchase_floors":[2,20],"current_hp_per_floor":[64,64,43,66,66,66,66,66,66,66,66,66,34,34,34,24,59,47,47,47,30,30,20,41,14,14],"gold":137,"neow_bonus":"THREE_ENEMY_KILL","is_daily":false,"chose_seed":false,"campfire_upgraded":3,"win_rate":0.0,"timestamp":1614308132,"path_taken":["M","$","?","?","?","E","R","?","T","?","?","R","E","M","R","BOSS","M","?","$","M","?","E","R","E"],"items_purchased_type":["Card","Relic"],"build_version":"2020-12-22","purchased_purges":1,"victory":false,"max_hp_per_floor":[71,71,71,71,71,71,71,71,71,71,71,71,71,71,71,71,71,71,71,71,71,71,71,71,71,71],"relic_stats":{"counters":[10,32],"Mummified Hand":[0],"Tiny Chest":1,"Pandora\u0027s Box":["Defragment","Reboot","Doom and Gloom","Force Field","Hyperbeam","Storm","Sweeping Beam"],"MawBank":168,"obtain_stats":[{"NeowsBlessing":0,"Mummified Hand":22,"Oddly Smooth Stone":13,"Tiny Chest":9,"Pandora\u0027s Box":17,"Molten Egg 2":23,"Omamori":20,"Cracked Core":0,"MawBank":6},{"NeowsBlessing":0,"Mummified Hand":8,"Oddly Smooth Stone":4,"Tiny Chest":2,"Pandora\u0027s Box":6,"Molten Egg 2":9,"Omamori":7,"Cracked Core":0,"MawBank":2},{"NeowsBlessing":0,"Mummified Hand":26,"Oddly Smooth Stone":7,"Tiny Chest":2,"Pandora\u0027s Box":18,"Molten Egg 2":30,"Omamori":22,"Cracked Core":0,"MawBank":2}]},"card_choices":[{"not_picked":["Leap","Stack","Barrage"],"picked":"SKIP","floor":1},{"not_picked":["Conserve Battery","Go for the Eyes"],"picked":"Gash","floor":6},{"not_picked":["Barrage","Consume"],"picked":"Echo Form","floor":10},{"not_picked":["Conserve Battery","FTL"],"picked":"Beam Cell","floor":13},{"not_picked":["Reinforced Body","Ball Lightning"],"picked":"Barrage","floor":14},{"not_picked":["Multi-Cast","Seek"],"picked":"Hyperbeam","floor":16},{"not_picked":["Hologram","Leap"],"picked":"Conserve Battery","floor":18},{"not_picked":["Leap","Stack","Loop"],"picked":"SKIP","floor":21},{"not_picked":["Rip and Tear+1","Coolheaded"],"picked":"Hyperbeam+1","floor":23}],"player_experience":1103306,"relics_obtained":[{"floor":6,"key":"MawBank"},{"floor":9,"key":"Tiny Chest"},{"floor":13,"key":"Oddly Smooth Stone"},{"floor":22,"key":"Mummified Hand"},{"floor":23,"key":"Molten Egg 2"}],"event_choices":[{"damage_healed":0,"gold_gain":0,"player_choice":"Entered Light","damage_taken":21,"max_hp_gain":0,"max_hp_loss":0,"event_name":"Shining Light","floor":3,"gold_loss":0,"cards_upgraded":["Zap","Strike_B"]},{"damage_healed":23,"gold_gain":0,"player_choice":"Banana","damage_taken":0,"max_hp_gain":0,"max_hp_loss":0,"event_name":"Big Fish","floor":4,"gold_loss":0},{"damage_healed":0,"gold_gain":0,"cards_transformed":["Strike_B"],"player_choice":"Change","damage_taken":0,"max_hp_gain":0,"max_hp_loss":0,"event_name":"Living Wall","floor":5,"gold_loss":0,"cards_obtained":["Reprogram"]},{"damage_healed":0,"gold_gain":66,"player_choice":"Gained Gold","damage_taken":0,"max_hp_gain":0,"max_hp_loss":0,"event_name":"Golden Wing","floor":8,"gold_loss":0},{"cards_removed":["Dualcast"],"damage_healed":0,"gold_gain":0,"player_choice":"Card Removal","damage_taken":0,"max_hp_gain":0,"max_hp_loss":0,"event_name":"The Cleric","floor":11,"gold_loss":75},{"cards_removed":["Storm"],"damage_healed":0,"gold_gain":0,"player_choice":"Gave Gold","damage_taken":0,"max_hp_gain":0,"max_hp_loss":0,"event_name":"Beggar","floor":19,"gold_loss":75}],"is_beta":false,"boss_relics":[{"not_picked":["SlaversCollar","Ectoplasm"],"picked":"Pandora\u0027s Box"}],"items_purged_floors":[20],"is_endless":false,"potions_floor_spawned":[13,16,18],"killed_by":"Book of Stabbing","ascension_level":16}}