{"host":"mithrandi","time":1614333044,"event":{"mods":["BaseMod","Colored Map","Highlight Path","Minty Spire (QoL Compilation)","SuperFastMode"],"gold_per_floor":[14,14,34,53,67,67,98,98,98,98,109,136,153,172,172,248,248,261,261,277,277,277],"floor_reached":21,"language":"ENG","playtime":938,"items_purged":[],"score":386,"play_id":"9f08a3e6-ada1-4621-8198-0d2a13aed175","local_time":"20210226115044","is_ascension_mode":true,"campfire_choices":[{"data":"Zap","floor":6,"key":"SMITH"},{"data":"Auto Shields","floor":8,"key":"SMITH"},{"floor":15,"key":"REST"}],"circlet_count":0,"master_deck":["AscendersBane","Strike_B","Strike_B","Strike_B","Strike_B","Defend_B+1","Defend_B","Defend_B","Defend_B+1","Zap+1","Dualcast","Echo Form","Storm","Rip and Tear+1","Auto Shields+1","Rip and Tear","Ball Lightning","Static Discharge","Fission","Static Discharge","Sweeping Beam","Amplify","BootSequence"],"relics":["Cracked Core","War Paint","Ornamental Fan","Cables","Cursed Key","NlothsMask"],"acts_visited":["Exordium","TheCity"],"potions_floor_usage":[5,7,12,16],"damage_taken":[{"damage":6,"enemies":"2 Louse","floor":1,"turns":2},{"damage":7,"enemies":"Cultist","floor":3,"turns":4},{"damage":0,"enemies":"Small Slimes","floor":4,"turns":2},{"damage":8,"enemies":"Red Slaver","floor":5,"turns":4},{"damage":9,"enemies":"Lagavulin","floor":7,"turns":7},{"damage":17,"enemies":"Exordium Thugs","floor":11,"turns":4},{"damage":8,"enemies":"Gremlin Nob","floor":12,"turns":3},{"damage":7,"enemies":"Looter","floor":13,"turns":2},{"damage":5,"enemies":"Large Slime","floor":14,"turns":4},{"damage":2,"enemies":"The Guardian","floor":16,"turns":9},{"damage":24,"enemies":"3 Byrds","floor":18,"turns":3},{"damage":12,"enemies":"Chosen","floor":20,"turns":4},{"damage":31,"enemies":"Snake Plant","floor":21,"turns":3}],"seed_played":"1114445135721920597","potions_obtained":[{"floor":2,"key":"LiquidBronze"},{"floor":2,"key":"Swift Potion"},{"floor":3,"key":"PowerPotion"},{"floor":4,"key":"Regen Potion"},{"floor":11,"key":"Dexterity Potion"},{"floor":14,"key":"PowerPotion"}],"is_trial":false,"path_per_floor":["M","?","M","M","M","R","E","R","T","?","M","E","M","M","R","B",null,"M","?","M","M"],"character_chosen":"DEFECT","items_purchased":[],"campfire_rested":1,"item_purchase_floors":[],"current_hp_per_floor":[58,58,51,51,55,55,46,46,46,46,29,21,14,9,30,28,60,36,36,24,0,0],"gold":277,"neow_bonus":"THREE_RARE_CARDS","is_daily":false,"chose_seed":false,"campfire_upgraded":2,"win_rate":0.0,"timestamp":1614333044,"path_taken":["M","?","M","M","?","R","E","R","T","?","M","E","M","M","R","BOSS","M","?","M","M"],"items_purchased_type":[],"build_version":"2020-12-18","purchased_purges":0,"victory":false,"max_hp_per_floor":[71,71,71,71,71,71,71,71,71,71,71,71,71,71,71,71,71,71,71,71,71,71],"card_choices":[{"not_picked":["Multi-Cast","Electrodynamics"],"picked":"Echo Form","floor":0},{"not_picked":["Leap","Hello World"],"picked":"Storm","floor":1},{"not_picked":["White Noise","Reprogram"],"picked":"Rip and Tear","floor":3},{"not_picked":["Barrage","Compile Driver"],"picked":"Auto Shields","floor":4},{"not_picked":["Streamline","Rebound"],"picked":"Rip and Tear","floor":5},{"not_picked":["Compile Driver","Streamline"],"picked":"Ball Lightning","floor":7},{"not_picked":["Rebound","Multi-Cast"],"picked":"Static Discharge","floor":11},{"not_picked":["Heatsinks","Fusion"],"picked":"Fission","floor":12},{"not_picked":["Barrage","Darkness"],"picked":"Static Discharge","floor":13},{"not_picked":["Chaos","Beam Cell"],"picked":"Sweeping Beam","floor":14},{"not_picked":["Meteor Strike","Fission"],"picked":"Amplify","floor":16},{"not_picked":["Gash","Chaos"],"picked":"BootSequence","floor":18},{"not_picked":["Rebound","Skim+1","Auto Shields"],"picked":"SKIP","floor":20}],"player_experience":3137756,"relics_obtained":[{"floor":7,"key":"War Paint"},{"floor":9,"key":"Ornamental Fan"},{"floor":12,"key":"Cables"}],"event_choices":[{"damage_healed":0,"gold_gain":0,"player_choice":"Got Potions","damage_taken":0,"max_hp_gain":0,"max_hp_loss":0,"event_name":"Lab","floor":2,"gold_loss":0},{"damage_healed":0,"gold_gain":0,"player_choice":"Forge","damage_taken":0,"max_hp_gain":0,"max_hp_loss":0,"event_name":"Accursed Blacksmith","floor":10,"gold_loss":0,"cards_upgraded":["Rip and Tear"]},{"damage_healed":0,"gold_gain":0,"player_choice":"Trade","damage_taken":0,"relics_obtained":["NlothsMask"],"max_hp_gain":0,"max_hp_loss":0,"event_name":"FaceTrader","floor":19,"gold_loss":0}],"is_beta":true,"boss_relics":[{"not_picked":["Runic Dome","Calling Bell"],"picked":"Cursed Key"}],"items_purged_floors":[],"is_endless":false,"potions_floor_spawned":[3,4,11,14],"killed_by":"Snake Plant","ascension_level":20}}