{"host":"9oysz4knkucnjyyz","time":1614317345,"event":{"mods":["100% Spire Juice","2.2 Compatiblity","A Penny For Your Troubles","Act Like it!","BaseMod","Better Altar","Better Match","Better Note","Better Sensory Stone","Better Skull","Better Third Choice","BetterRewards","Displayed Cursed Tome","Downfall","Friendly Minions","Googly Eyes","GungeonMod","Hallownest","Hermit","Library of Ruina","Library of Ruina Extra","Lobotomy","LobotomyExtend","Minty Spire (QoL Compilation)","Reliquary","Spicy Shops","Spire Arcade","Spire Birthday Party","StSLib","The Bug Knight","Wide Potions","everything is the same but u backflip on backflip","slay the spire mod where everything is the same but ironclad has a cowboy hat"],"gold_per_floor":[112,122,197,214,232,260,273,273,346,346,375,395,425,425,425,525,525,525,525],"floor_reached":18,"language":"ENG","playtime":1135,"items_purged":[],"score":216,"play_id":"8b25edbb-0f56-457a-be11-1f0549f12465","local_time":"20210226002905","is_ascension_mode":true,"campfire_choices":[{"floor":8,"key":"REST"},{"data":"BattleCommand","floor":10,"key":"SMITH"},{"floor":15,"key":"REST"}],"circlet_count":0,"master_deck":["Dodge","LightDefense","LightAttack","LightAttack","LightAttack","LightDefense","LightDefense","LightDefense","ChargeAndCover","FocusedStrikes","QueenOfHatred","FleetFootsteps","BattleCommand+1","OSAHOGD","ICanCookAnything","BigBird","CircusKnives","Scorched","MHz","GreedKing","CumulusWall","PunishingBird","TendonChords","Bloodbath","RagingStormLove"],"relics":["PageOfLibrarian","CogitoBucket","RabbitCall","LetterFromLob","Thread and Needle","BehaviorAdjustment","DemoMod:BlueGuonStone","Juzu Bracelet","PageOfLumberjack","reliquary:RedCape"],"acts_visited":["Exordium","TheCity"],"potions_floor_usage":[6,7,7,18],"damage_taken":[{"damage":1,"enemies":"2 Louse","floor":1,"turns":3},{"damage":0,"enemies":"Small Slimes","floor":2,"turns":3},{"damage":0,"enemies":"Cultist","floor":4,"turns":3},{"damage":8,"enemies":"Exordium Wildlife","floor":5,"turns":6},{"damage":17,"enemies":"Lagavulin","floor":6,"turns":4},{"damage":41,"enemies":"Large Slime","floor":7,"turns":9},{"damage":12,"enemies":"Gremlin Nob","floor":11,"turns":7},{"damage":0,"enemies":"Looter","floor":12,"turns":3},{"damage":11,"enemies":"Lagavulin","floor":13,"turns":4},{"damage":27,"enemies":"Hexaghost","floor":16,"turns":11},{"damage":99,"enemies":"Spheric Guardian","floor":18,"turns":6}],"seed_played":"5076005597443212850","potions_obtained":[{"floor":1,"key":"Dexterity Potion"},{"floor":5,"key":"AttackPotion"},{"floor":6,"key":"SkillPotion"},{"floor":11,"key":"Ancient Potion"},{"floor":13,"key":"EssenceOfSteel"}],"is_trial":false,"path_per_floor":["M","M","?","M","M","E","M","R","T","R","E","M","E","M","R","B",null,"M"],"character_chosen":"Librarian","items_purchased":[],"campfire_rested":2,"item_purchase_floors":[],"current_hp_per_floor":[59,59,48,54,58,39,12,30,30,30,18,24,23,23,41,32,78,0,0],"gold":525,"neow_bonus":"","is_daily":false,"chose_seed":false,"campfire_upgraded":1,"win_rate":0.0,"timestamp":1614317345,"path_taken":["M","M","?","M","M","E","M","R","T","R","E","M","E","M","R","BOSS","M"],"items_purchased_type":[],"build_version":"2020-12-22","purchased_purges":0,"victory":false,"max_hp_per_floor":[62,62,62,201,201,78,62,62,62,62,62,62,62,62,62,78,78,78,78],"card_choices":[{"not_picked":["GalaxyChild","CherryBlossoms"],"picked":"QueenOfHatred","floor":1},{"not_picked":["GrazeTheGrass","WaitUp","SnakesPrey","GatherIntel","Diversion","Parry","Wallop_lor","Execute_lor"],"picked":"FleetFootsteps","floor":1},{"not_picked":["HappyTeddy","BeautyBeast","ShyLook"],"picked":"Singing Bowl","floor":2},{"not_picked":["SharpSwipe","Parry","EndlessBattle","ShockingBlow","WillOfThePrescript","HandleRequest","BiAn","DevastatingThrash"],"picked":"BattleCommand","floor":2},{"not_picked":["BeautyBeast","ShyLook"],"picked":"OSAHOGD","floor":4},{"not_picked":["GuidanceOfTheGears","HandleRequest","GreatSerpentsImpact","Rampage_lor","SunsetBlade","ViolentFlame","MultiHit","TimeForALittleTest"],"picked":"ICanCookAnything","floor":4},{"not_picked":["Laetitia","Bloodbath"],"picked":"BigBird","floor":5},{"not_picked":["TendonChords","GuidanceOfTheGears","FervidEmotions","SerpentineBarrier","Thrust","AsThePrescriptOrders","Diversion","QuickSuppression"],"picked":"CircusKnives","floor":5},{"not_picked":["CrumblingArmor","VoidDream"],"picked":"Scorched","floor":6},{"not_picked":["TieShanKao","GrazeTheGrass","StructuralAnalysis","StrikeDown","Multislash","BiAn","GatherIntel","DevastatingThrash","HighSpeedStabbing"],"picked":"SKIP","floor":6},{"not_picked":["PunishingBird","Wellcheers"],"picked":"MHz","floor":7},{"not_picked":["BizarreAttack","SharpSwipe","GuardingStance","SmokingPipe","HiddenBlade","Pound","FlowOfTheSword","Wallop_lor","AutomatedMovement"],"picked":"SKIP","floor":7},{"not_picked":["OldLady","Freischutz","Murderer"],"picked":"Singing Bowl","floor":11},{"not_picked":["SpiderBud","VoidDream"],"picked":"GreedKing","floor":11},{"not_picked":["SturdyDefense","Parry2","SuppressingShot","TheRedNotes","SinglePointStab","EnergyShield","SharpNails","EnergyStrike"],"picked":"CumulusWall","floor":11},{"not_picked":["BlackSwan","ShyLook","CrumblingArmor"],"picked":"Singing Bowl","floor":12},{"not_picked":["FlashOfSunup","Rewind","ShockingBlow","SmokingPipe","SearingSword","PreemptiveStrike","DefenseOrder","FlyingSword","UnavoidableGaze"],"picked":"SKIP","floor":12},{"not_picked":["Yin","LittleHelper","CrumblingArmor"],"picked":"Singing Bowl","floor":13},{"not_picked":["FieryBird","CrumblingArmor"],"picked":"PunishingBird","floor":13},{"not_picked":["DefenseOrder","GreatSerpentsImpact","Parry2","FlowOfTheSword","SerpentSwordTechnique","SomberProcuration","Feast","Commandeering"],"picked":"TendonChords","floor":13},{"not_picked":["GalaxyChild","Murderer"],"picked":"Bloodbath","floor":16},{"not_picked":["ChargeUp","SenseQuarry"],"picked":"RagingStormLove","floor":16}],"player_experience":393012,"relics_obtained":[{"floor":1,"key":"LetterFromLob"},{"floor":6,"key":"Thread and Needle"},{"floor":9,"key":"DemoMod:BlueGuonStone"},{"floor":11,"key":"Juzu Bracelet"},{"floor":13,"key":"PageOfLumberjack"}],"event_choices":[{"damage_healed":0,"gold_gain":75,"player_choice":"Gold","damage_taken":11,"max_hp_gain":0,"max_hp_loss":0,"event_name":"betterThird:BetterGoop","floor":3,"gold_loss":0}],"is_beta":false,"boss_relics":[{"not_picked":["Tiny House","Astrolabe"],"picked":"reliquary:RedCape"}],"items_purged_floors":[],"is_endless":false,"potions_floor_spawned":[1,5,6,11,13],"killed_by":"Spheric Guardian","ascension_level":1}}