{"host":"e0rtortnmozl44qq","time":1614356631,"event":{"mods":["AchievementEnabler","Act Like it!","BaseMod","Better Third Choice","Colored Map","Downfall","Gensokyo","Hermit","Highlight Path","Marisa????????","Minty Spire (QoL Compilation)","Permanent Neow","Quick Restart","Remilia??????","Shop Mod","StSLib","SuperFastMode","The Cursed","The Jungle","The Senshi","The Servant 0.9.4"],"gold_per_floor":[116,135,210,210,228,228,228],"floor_reached":6,"language":"ENG","playtime":506,"items_purged":[],"score":52,"play_id":"7a596c4a-636e-4898-a423-ce4e5f8df3fc","local_time":"20210226172351","is_ascension_mode":true,"campfire_choices":[],"circlet_count":0,"master_deck":["Strike_R","Strike_R","Strike_R","Strike_R","Strike_R","Defend_R","Defend_R","Defend_R","Defend_R","Bash","Barricade+1"],"relics":["Burning Blood"],"acts_visited":["Exordium"],"potions_floor_usage":[],"damage_taken":[{"damage":25.0,"enemies":"Jaw Worm","floor":1.0,"turns":6.0},{"damage":11.0,"enemies":"Cultist","floor":2.0,"turns":4.0},{"damage":8.0,"enemies":"Small Slimes","floor":5.0,"turns":6.0},{"damage":31,"enemies":"Lagavulin","floor":6,"turns":10}],"seed_played":"1632640073667280588","potions_obtained":[{"floor":1.0,"key":"ElixirPotion"}],"is_trial":false,"path_per_floor":["M","M","?","?","M","E"],"character_chosen":"IRONCLAD","items_purchased":[],"campfire_rested":0,"item_purchase_floors":[],"current_hp_per_floor":[53,48,37,37,35,4,4],"gold":228,"neow_bonus":"ONE_RANDOM_RARE_CARD","is_daily":false,"chose_seed":false,"campfire_upgraded":0,"win_rate":0.0,"timestamp":1614356631,"path_taken":["M","M","?","?","?","E"],"items_purchased_type":[],"build_version":"2020-12-22","purchased_purges":0,"victory":false,"max_hp_per_floor":[80,80,80,80,80,80,80],"card_choices":[{"not_picked":["Feel No Pain","Intimidate","Wild Strike"],"picked":"SKIP","floor":1.0},{"not_picked":["Havoc","Armaments","Anger"],"picked":"SKIP","floor":2.0},{"not_picked":["Clash","Evolve","Heavy Blade"],"picked":"SKIP","floor":5.0}],"player_experience":106308,"relics_obtained":[],"event_choices":[{"damage_healed":0.0,"max_hp_gain":0.0,"max_hp_loss":0.0,"gold_gain":75.0,"event_name":"betterThird:BetterGoop","player_choice":"Gold","floor":3.0,"gold_loss":0.0,"damage_taken":11.0},{"damage_healed":0.0,"max_hp_gain":0.0,"max_hp_loss":0.0,"gold_gain":0.0,"event_name":"Upgrade Shrine","player_choice":"Upgraded","floor":4.0,"gold_loss":0.0,"damage_taken":0.0,"cards_upgraded":["Barricade"]}],"is_beta":false,"boss_relics":[],"items_purged_floors":[],"is_endless":false,"potions_floor_spawned":[1],"killed_by":"Lagavulin","ascension_level":9}}