{"host":"8vqkh0x3c7vpgzzm","time":1614373735,"event":{"mods":["AchievementEnabler","BaseMod","Colored Map","Colored Powertips","Curses Come First","DeckTracker","Highlight Path","Minty Spire (QoL Compilation)","Permanent Neow","Quick Restart","Random Character Mod","Rare Cards Sparkle","Relic Sorter","Relic Stats","StSLib","SuperFastMode","Unceasing Turn Reminder","egg","everything is the same but u backflip on backflip"],"gold_per_floor":[109,124,138,138,91,91,91],"floor_reached":6,"language":"ENG","playtime":267,"items_purged":[],"score":76,"play_id":"24fcbf7f-ad36-4633-b3dd-9a609c2aed92","local_time":"20210226220855","is_ascension_mode":true,"campfire_choices":[],"circlet_count":0,"master_deck":["AscendersBane","Strike_G","Strike_G","Strike_G","Strike_G","Strike_G","Defend_G","Defend_G","Defend_G","Defend_G","Defend_G","Survivor","Neutralize","Deflect","PiercingWail","Terror","Deadly Poison"],"relics":["Ring of the Snake","Regal Pillow","Sundial"],"acts_visited":["Exordium"],"potions_floor_usage":[6],"damage_taken":[{"damage":2,"enemies":"2 Louse","floor":1,"turns":4},{"damage":7,"enemies":"Small Slimes","floor":2,"turns":6},{"damage":10,"enemies":"Cultist","floor":3,"turns":6},{"damage":16,"enemies":"Exordium Thugs","floor":5,"turns":5},{"damage":25,"enemies":"Lagavulin","floor":6,"turns":7}],"seed_played":"-3471632440728334752","potions_obtained":[{"floor":3,"key":"Explosive Potion"}],"is_trial":false,"path_per_floor":["M","M","M","?","M","E"],"character_chosen":"THE_SILENT","items_purchased":[],"campfire_rested":0,"item_purchase_floors":[],"current_hp_per_floor":[57,50,40,35,19,0,0],"gold":91,"neow_bonus":"RANDOM_COMMON_RELIC","is_daily":false,"chose_seed":false,"campfire_upgraded":0,"win_rate":0.0,"timestamp":1614373735,"path_taken":["M","M","M","?","M","E"],"items_purchased_type":[],"build_version":"2020-12-22","purchased_purges":0,"victory":false,"max_hp_per_floor":[66,66,66,66,66,66,66],"relic_stats":{"Regal Pillow":0,"counters":[5,28],"Sundial":[2],"obtain_stats":[{"Regal Pillow":0,"Sundial":4,"Ring of the Snake":0},{"Regal Pillow":0,"Sundial":3,"Ring of the Snake":0},{"Regal Pillow":0,"Sundial":16,"Ring of the Snake":0}],"Ring of the Snake":[10]},"card_choices":[{"not_picked":["Concentrate","Deadly Poison"],"picked":"Deflect","floor":1},{"not_picked":["Heel Hook","Escape Plan"],"picked":"PiercingWail","floor":2},{"not_picked":["Catalyst","Backstab"],"picked":"Terror","floor":3},{"not_picked":["Prepared","Outmaneuver"],"picked":"Deadly Poison","floor":5}],"player_experience":664729,"relics_obtained":[],"event_choices":[{"damage_healed":0,"gold_gain":0,"player_choice":"Success","damage_taken":5,"relics_obtained":["Sundial"],"max_hp_gain":0,"max_hp_loss":0,"event_name":"Scrap Ooze","floor":4,"gold_loss":0}],"is_beta":false,"boss_relics":[],"items_purged_floors":[],"is_endless":false,"potions_floor_spawned":[3],"killed_by":"Lagavulin","ascension_level":20}}