{"host":"fa9lu700uj5rxl8c","time":1614353038,"event":{"mods":["2.2 Compatiblity","A Penny For Your Troubles","AchievementEnabler","Act Like it!","AlwaysNeverKeys","Aspiration","Bard","BaseMod","Beaked The Cultist","Better Altar","Better Match","Better Note","Better Sensory Stone","Better Silent Start","Better Skull","Better Third Choice","BetterRewards","Bossed Relics","CCEM2","ChefMod","Colored Map","Colored Powertips","Conspire","Curses Come First","Displayed Cursed Tome","Downfall","Energized Spire","Friendly Minions","FruityMod","Gensokyo","GifTheSpireLib","Hallownest","Hermit","Infinite Spire","Ironclad Rager","Jorbs\u0027s Wanderer Trilogy","Luminous","Mad Scientist","Minty Spire (QoL Compilation)","Permanent Neow","Quarter Circle Forward PUNCH!","Random Character Button","Reliquary","Reorder Act Four","Replay The Spire","Robot Space Explorer","Ruina","Shop Mod","Spicy Shops","Spikes Relics","Spire Arcade","StSLib","Stuff the Spire","SuperFastMode","The Blackbeard","The Blue Laboratory","The Bug Knight","The Construct","The Cursed","The Disciple","The Exalted","The Forsaken","The Hierophant","The IronCluck","The Judge","The Juggernuat","The Marked","The Mystic","The Necromancer","The Runesmith","The Sage","The Saiyan","TheBandit","TheFirefly","Transform Curses","Wandering Minibosses"],"gold_per_floor":[109,125,125,125,47,151,101,237,237,361,361,381,517,517,517,619,619,638,648,648,711,24,201,201,333,333,457,469,569,750,878,878,974,974,1031,1031,1096,1159,1220,1381,1402,1402,1426,1580,1580,1761,1922,616,616,629,629,1,1,121,125],"floor_reached":56,"language":"ENG","playtime":3420,"items_purged":["Normality"],"score":1906,"play_id":"a7b04aed-6c38-45d5-ae1b-e3d007b0c976","local_time":"20210226162358","is_ascension_mode":true,"campfire_choices":[{"data":"RobotSpaceExplorer:StarDust","floor":11,"key":"SMITH"},{"data":"RobotSpaceExplorer:Calculate","floor":15,"key":"SMITH"},{"data":"RobotSpaceExplorer:MiniBoosters","floor":24,"key":"SMITH"},{"data":"RobotSpaceExplorer:MiniBoosters","floor":32,"key":"SMITH"},{"data":"RobotSpaceExplorer:MiniBoosters","floor":49,"key":"SMITH"},{"data":"RobotSpaceExplorer:DoubleFind","floor":53,"key":"SMITH"}],"circlet_count":0,"master_deck":["RobotSpaceExplorer:Strike","RobotSpaceExplorer:Strike","RobotSpaceExplorer:Strike","RobotSpaceExplorer:Defend","RobotSpaceExplorer:Defend","RobotSpaceExplorer:Defend","RobotSpaceExplorer:Defend","RobotSpaceExplorer:Scan","RobotSpaceExplorer:MiniLasers","RobotSpaceExplorer:Pulsar","RobotSpaceExplorer:PlasmaMissile","RobotSpaceExplorer:DoubleFind+1","RobotSpaceExplorer:Ammunition","RobotSpaceExplorer:MiniBoosters+1","RobotSpaceExplorer:MiniBoosters+1","RobotSpaceExplorer:Blaster","RobotSpaceExplorer:MiniBoosters+1","RobotSpaceExplorer:StarDust+1","RobotSpaceExplorer:Pulsar","RobotSpaceExplorer:Calculate+1","RobotSpaceExplorer:Arsenal","RobotSpaceExplorer:Blitz","RobotSpaceExplorer:StarDust+1","RobotSpaceExplorer:Blaster","RobotSpaceExplorer:StarDust+1","RobotSpaceExplorer:Asteroid","RobotSpaceExplorer:StarLightning+1","RobotSpaceExplorer:GearShield","RobotSpaceExplorer:PowerCollector+1","RobotSpaceExplorer:JunkDive+1","RobotSpaceExplorer:DroneSwarm+1","RobotSpaceExplorer:SurgingShield+1","RobotSpaceExplorer:DualCore+1","RobotSpaceExplorer:MakeshiftVolley","RobotSpaceExplorer:SwiftStep+1","RobotSpaceExplorer:MiniDrones+1","RobotSpaceExplorer:BlastShield","infinitespire:UltimateForm+1","RobotSpaceExplorer:ExhaustFan+1","RobotSpaceExplorer:JunkDive","RobotSpaceExplorer:PowerCollector+1","RobotSpaceExplorer:BigMissile+1","RobotSpaceExplorer:SwiftStep+1"],"relics":["RobotSpaceExplorer:RoboCore","MerchantsRug","CCEMRelics:Francisca","reliquary:TuningFork","infinitespire:CursedDice","Ice Cream","Gremlin Food","Divine Protection","StuffTheSpire:TintedRock","Replay:Bottled Snecko","Pear","WingedGreaves","CCEMRelics:LatexGloves","aspiration:DSix","Bromod:ArcaneEnergize","Ring of Hypnosis","ReplayTheSpireMod:Ring of Challenge","Frozen Egg 2","TungstenRod","Pen Nib","Bird Faced Urn","PreservedInsect","Meat on the Bone","Bromod:ArcaneConsequence","Bromod:ArcaneFury","RobotSpaceExplorer:ToughPlating","qcfpunch:Red_Cyclone_Teachings","aspiration:RitualDagger","CCEMRelics:FryingPan","StuffTheSpire:Mouthbags","Replay:Bandana","CCEMRelics:DissonantTune","CCEMRelics:JestersCrown","CCEMRelics:TeddyBear","reliquary:Aerogel","Vajra","RobotSpaceExplorer:RingOfTheNewt","HollowMod:StagPassRelic","reliquary:FingerTrap","reliquary:FerryPass","Bromod:ArcaneAwakening","StuffTheSpire:BottledEssence","sagemod:The_Guidebook_Guide","Ornamental Fan","Pantograph","StuffTheSpire:GrapeVine"],"acts_visited":["Exordium","TheCity","TheBeyond","TheEnding"],"potions_floor_usage":[18,21,23,27,27,33,40,44,50,55],"damage_taken":[{"damage":0,"enemies":"Cultist","floor":1,"turns":2},{"damage":0,"enemies":"Jaw Worm","floor":2,"turns":3},{"damage":25,"enemies":"Lagavulin","floor":6,"turns":8},{"damage":0,"enemies":"Gremlin Nob","floor":8,"turns":4},{"damage":0,"enemies":"HollowMod:MossKnight","floor":10,"turns":10},{"damage":0,"enemies":"Small Slimes","floor":12,"turns":4},{"damage":1,"enemies":"Lagavulin","floor":13,"turns":5},{"damage":9,"enemies":"The Guardian","floor":16,"turns":7},{"damage":0,"enemies":"2 Thieves","floor":18,"turns":4},{"damage":0,"enemies":"3 Byrds","floor":19,"turns":5},{"damage":93,"enemies":"Sentry and Sphere","floor":21,"turns":10},{"damage":3,"enemies":"conspire:Head Lice","floor":23,"turns":9},{"damage":20,"enemies":"Nightmare","floor":25,"turns":9},{"damage":16,"enemies":"Gremlin Leader","floor":27,"turns":6},{"damage":0,"enemies":"3 Cultists","floor":28,"turns":5},{"damage":0,"enemies":"Slavers","floor":29,"turns":5},{"damage":11,"enemies":"conspire:Head Lice","floor":30,"turns":8},{"damage":6,"enemies":"Book of Stabbing","floor":31,"turns":4},{"damage":14,"enemies":"conspire:MysteriousRune","floor":33,"turns":5},{"damage":30,"enemies":"Orb Walker","floor":35,"turns":4},{"damage":5,"enemies":"3 Darklings","floor":37,"turns":4},{"damage":19,"enemies":"Writhing Mass","floor":38,"turns":5},{"damage":30,"enemies":"Sphere and 2 Shapes","floor":39,"turns":5},{"damage":2,"enemies":"R_Hoarder","floor":40,"turns":4},{"damage":26,"enemies":"Spire Growth","floor":41,"turns":4},{"damage":13,"enemies":"Nightmare","floor":44,"turns":6},{"damage":52,"enemies":"Giant Head","floor":46,"turns":8},{"damage":27,"enemies":"R_Hoarder","floor":47,"turns":6},{"damage":18,"enemies":"Awakened One","floor":50,"turns":7},{"damage":16,"enemies":"Shield and Spear","floor":54,"turns":4},{"damage":46,"enemies":"The Heart","floor":55,"turns":8}],"seed_played":"-3451914717462833056","potions_obtained":[{"floor":1,"key":"infinitespire:BlackPotion"},{"floor":2,"key":"Fire Potion"},{"floor":6,"key":"Weak Potion"},{"floor":8,"key":"blueLaboratory:PhilterOfMotion"},{"floor":16,"key":"SkillPotion"},{"floor":18,"key":"conspire:TimeTravelPotion"},{"floor":23,"key":"SpeedPotion"},{"floor":25,"key":"Energy Potion"},{"floor":29,"key":"RobotSpaceExplorer:RecyclePotion"},{"floor":31,"key":"blueLaboratory:TrueEctoplasm"},{"floor":37,"key":"blueLaboratory:HummingbirdPotion"},{"floor":41,"key":"BlessingOfTheForge"},{"floor":44,"key":"Toxic Potion"}],"is_trial":false,"path_per_floor":["M","M","T","?","$","E","?","E","T","E","R","M","E","?","R","B",null,"M","M","?","M","$","E","R","NM","T","E","M","E","E","E","R","B",null,"M","?","M","M","M","E","M","?","T","NM","R","E","E","$","R","B",null,"$","R","E","B",null],"character_chosen":"RobotSpaceExplorer","items_purchased":["MerchantsRug","CCEMRelics:Francisca","reliquary:TuningFork","infinitespire:CursedDice","RobotSpaceExplorer:Pulsar","RobotSpaceExplorer:PlasmaMissile","RobotSpaceExplorer:Accelerator","Gremlin Food","RobotSpaceExplorer:MiniBoosters","Frozen Egg 2","RobotSpaceExplorer:StarDust+1","TungstenRod","Pen Nib","RobotSpaceExplorer:RingOfTheNewt","HollowMod:StagPassRelic","reliquary:FingerTrap","reliquary:FerryPass","Bromod:ArcaneAwakening","StuffTheSpire:BottledEssence","RobotSpaceExplorer:PowerCollector+1","RobotSpaceExplorer:BigMissile+1","sagemod:The_Guidebook_Guide","Ornamental Fan","Pantograph"],"campfire_rested":0,"item_purchase_floors":[0,0,0,0,0,0,0,0,5,22,22,22,22,48,48,48,48,48,48,48,48,52,52,52],"current_hp_per_floor":[75,75,75,75,75,50,50,60,60,60,60,60,59,59,59,50,85,85,85,85,15,15,12,12,53,53,45,59,67,70,70,70,68,85,64,64,69,62,54,66,48,28,28,37,37,13,85,85,85,85,85,85,85,81,74],"gold":125,"neow_bonus":"","is_daily":false,"chose_seed":false,"campfire_upgraded":6,"win_rate":0.0,"timestamp":1614353038,"path_taken":["M","?","?","?","?","E","?","E","T","E","R","M","E","?","R","BOSS","M","?","?","M","$","E","R","NM","T","E","M","E","E","E","R","BOSS","M","?","M","M","?","E","M","?","T","NM","R","E","E","$","R","BOSS","$","R","E","BOSS"],"items_purchased_type":["Relic","Relic","Relic","Relic","Card","Card","Card","Relic","Card","Relic","Card","Relic","Relic","Relic","Relic","Relic","Relic","Relic","Relic","Card","Card","Relic","Relic","Relic"],"build_version":"2020-12-22","purchased_purges":1,"victory":true,"max_hp_per_floor":[75,75,75,75,75,75,75,85,85,85,85,85,85,85,85,85,85,85,85,85,85,85,85,85,85,85,85,85,85,85,85,85,85,85,85,85,85,85,85,85,85,85,85,85,85,85,85,85,85,85,85,85,85,85,85],"card_choices":[{"not_picked":["RobotSpaceExplorer:ShockKick","RobotSpaceExplorer:SelfCleaning"],"picked":"RobotSpaceExplorer:DoubleFind","floor":1},{"not_picked":["RobotSpaceExplorer:ImprovisedAttack","RobotSpaceExplorer:GlueSpray"],"picked":"RobotSpaceExplorer:Ammunition","floor":2},{"not_picked":["RobotSpaceExplorer:LuckyStrike","RobotSpaceExplorer:SlimeMissile"],"picked":"RobotSpaceExplorer:Blaster","floor":6},{"not_picked":["RobotSpaceExplorer:SurgingShield","RobotSpaceExplorer:SlimeMissile"],"picked":"RobotSpaceExplorer:MiniBoosters","floor":8},{"not_picked":["RobotSpaceExplorer:MiniBoosters","RobotSpaceExplorer:FreezeRay"],"picked":"RobotSpaceExplorer:StarDust","floor":10},{"not_picked":["RobotSpaceExplorer:Discharger","RobotSpaceExplorer:TurboDodge"],"picked":"RobotSpaceExplorer:Pulsar","floor":12},{"not_picked":["RobotSpaceExplorer:FrostMissile","RobotSpaceExplorer:SlimeMissile"],"picked":"RobotSpaceExplorer:Calculate","floor":13},{"not_picked":["RobotSpaceExplorer:BlastShield","RobotSpaceExplorer:HighVoltage"],"picked":"RobotSpaceExplorer:Arsenal","floor":16},{"not_picked":["RobotSpaceExplorer:ScrapMissile","RobotSpaceExplorer:Probe","RobotSpaceExplorer:ExhaustFan"],"picked":"SKIP","floor":18},{"not_picked":["RobotSpaceExplorer:ShockKick+1","RobotSpaceExplorer:SlimeMissile+1","RobotSpaceExplorer:ToxicBomb"],"picked":"SKIP","floor":19},{"not_picked":["RobotSpaceExplorer:LaserBurst","RobotSpaceExplorer:MiniDrones"],"picked":"RobotSpaceExplorer:Blitz","floor":21},{"not_picked":["RobotSpaceExplorer:StunGrenade","RobotSpaceExplorer:MetalStrike+1"],"picked":"RobotSpaceExplorer:Blaster","floor":23},{"not_picked":["RobotSpaceExplorer:Wormhole","RobotSpaceExplorer:Electroshield"],"picked":"RobotSpaceExplorer:StarDust+1","floor":25},{"not_picked":["RobotSpaceExplorer:BigMissile","RobotSpaceExplorer:MetalStrike"],"picked":"RobotSpaceExplorer:Asteroid","floor":27},{"not_picked":["RobotSpaceExplorer:GlueShot","RobotSpaceExplorer:MetalStrike"],"picked":"RobotSpaceExplorer:StarLightning+1","floor":28},{"not_picked":["RobotSpaceExplorer:GlueShot+1","RobotSpaceExplorer:ToxicBomb"],"picked":"RobotSpaceExplorer:GearShield","floor":29},{"not_picked":["RobotSpaceExplorer:Blitz","RobotSpaceExplorer:Exploration"],"picked":"RobotSpaceExplorer:PowerCollector+1","floor":30},{"not_picked":["RobotSpaceExplorer:ShovelStrike","RobotSpaceExplorer:StunGrenade+1"],"picked":"RobotSpaceExplorer:JunkDive+1","floor":31},{"not_picked":["RobotSpaceExplorer:Comet","RobotSpaceExplorer:Scanner+1"],"picked":"RobotSpaceExplorer:DroneSwarm+1","floor":33},{"not_picked":["RobotSpaceExplorer:Counterblock","RobotSpaceExplorer:DoubleBlock"],"picked":"RobotSpaceExplorer:SurgingShield+1","floor":35},{"not_picked":["RobotSpaceExplorer:Counterblock+1","RobotSpaceExplorer:SurgingShield+1"],"picked":"RobotSpaceExplorer:MakeshiftVolley","floor":37},{"not_picked":["RobotSpaceExplorer:MetalStrike+1","RobotSpaceExplorer:SurgingStrike"],"picked":"RobotSpaceExplorer:DualCore+1","floor":38},{"not_picked":["RobotSpaceExplorer:GlueShot+1","RobotSpaceExplorer:DoubleBlock+1"],"picked":"RobotSpaceExplorer:SwiftStep+1","floor":39},{"not_picked":["RobotSpaceExplorer:MetalStrike+1","RobotSpaceExplorer:SlimeMissile"],"picked":"RobotSpaceExplorer:MiniDrones+1","floor":40},{"not_picked":["RobotSpaceExplorer:FrostMissile+1","RobotSpaceExplorer:Counterblock"],"picked":"RobotSpaceExplorer:BlastShield","floor":41},{"not_picked":["infinitespire:Execution","infinitespire:TheBestDefense"],"picked":"infinitespire:UltimateForm","floor":42},{"not_picked":["RobotSpaceExplorer:GlueShot","RobotSpaceExplorer:ShockKick","RobotSpaceExplorer:FrostMissile"],"picked":"SKIP","floor":44},{"not_picked":["RobotSpaceExplorer:FranticSearch","RobotSpaceExplorer:Ammunition+1"],"picked":"RobotSpaceExplorer:ExhaustFan+1","floor":46},{"not_picked":["RobotSpaceExplorer:ToxicBomb","RobotSpaceExplorer:Jetpack"],"picked":"RobotSpaceExplorer:JunkDive","floor":47},{"not_picked":["RobotSpaceExplorer:MetalStrike+1","RobotSpaceExplorer:SurgingStrike"],"picked":"RobotSpaceExplorer:SwiftStep+1","floor":54}],"player_experience":514011,"relics_obtained":[{"floor":3,"key":"Divine Protection"},{"floor":6,"key":"Replay:Bottled Snecko"},{"floor":8,"key":"Pear"},{"floor":9,"key":"WingedGreaves"},{"floor":10,"key":"CCEMRelics:LatexGloves"},{"floor":13,"key":"aspiration:DSix"},{"floor":20,"key":"Ring of Hypnosis"},{"floor":20,"key":"ReplayTheSpireMod:Ring of Challenge"},{"floor":23,"key":"Bird Faced Urn"},{"floor":25,"key":"PreservedInsect"},{"floor":26,"key":"Meat on the Bone"},{"floor":27,"key":"Bromod:ArcaneConsequence"},{"floor":29,"key":"Bromod:ArcaneFury"},{"floor":30,"key":"RobotSpaceExplorer:ToughPlating"},{"floor":31,"key":"qcfpunch:Red_Cyclone_Teachings"},{"floor":35,"key":"CCEMRelics:FryingPan"},{"floor":39,"key":"StuffTheSpire:Mouthbags"},{"floor":40,"key":"Replay:Bandana"},{"floor":43,"key":"CCEMRelics:DissonantTune"},{"floor":44,"key":"CCEMRelics:JestersCrown"},{"floor":46,"key":"CCEMRelics:TeddyBear"},{"floor":47,"key":"reliquary:Aerogel"},{"floor":47,"key":"Vajra"},{"floor":54,"key":"StuffTheSpire:GrapeVine"}],"event_choices":[{"damage_healed":0,"gold_gain":0,"player_choice":"Box","damage_taken":0,"relics_obtained":["StuffTheSpire:TintedRock"],"max_hp_gain":0,"max_hp_loss":0,"event_name":"Big Fish","floor":4,"gold_loss":0,"cards_obtained":["Regret"]},{"cards_removed":["RobotSpaceExplorer:Accelerator"],"damage_healed":0,"gold_gain":0,"player_choice":"Card Removal","damage_taken":0,"max_hp_gain":0,"max_hp_loss":0,"event_name":"The Cleric","floor":7,"gold_loss":50},{"cards_removed":["Regret"],"damage_healed":0,"gold_gain":0,"player_choice":"Card Removal","damage_taken":0,"max_hp_gain":0,"max_hp_loss":0,"event_name":"The Cleric","floor":7,"gold_loss":50},{"cards_removed":["RobotSpaceExplorer:Strike"],"damage_healed":0,"gold_gain":0,"player_choice":"Purged","damage_taken":0,"max_hp_gain":0,"max_hp_loss":0,"event_name":"Purifier","floor":14,"gold_loss":0},{"cards_removed":["Intolerance"],"damage_healed":0,"gold_gain":0,"player_choice":"Removed Curses","damage_taken":0,"max_hp_gain":0,"max_hp_loss":0,"event_name":"Fountain of Cleansing","floor":36,"gold_loss":0}],"is_beta":false,"boss_relics":[{"not_picked":["StuffTheSpire:ModemDavis","Bromod:ArcaneBarrier"],"picked":"Bromod:ArcaneEnergize"},{"not_picked":["Kintsugi","Honey Jar"],"picked":"aspiration:RitualDagger"}],"items_purged_floors":[48],"is_endless":false,"potions_floor_spawned":[1,2,6,8,16,18,23,25,29,31,37,41,44,46],"ascension_level":1}}