{"host":"nihqlga4zpmrcpl9","time":1614325927,"event":{"mods":["BaseMod","LagranYue(拉格朗・月)","Marisa（F雨　魔理沙）","Minty Spire (QoL Compilation)","Replay The Spire","Shop Mod","StSLib","The Bug Knight","The Cursed","The Hierophant","The Servant 0.9.4"],"gold_per_floor":[113,133,152,167,167,167,201,212,236,236,250,260,72,88,88,88,88],"floor_reached":16,"language":"ZHS","playtime":924,"items_purged":[],"score":106,"play_id":"3fcdb335-4f9b-452e-a94c-a7334cad5581","local_time":"20210226155207","is_ascension_mode":false,"campfire_choices":[{"data":"HollowMod:GoodIntentions","floor":6,"key":"SMITH"},{"data":"HollowMod:CycloneSlash","floor":10,"key":"SMITH"},{"data":"HollowMod:SoulEater","floor":15,"key":"SMITH"}],"circlet_count":0,"master_deck":["HollowMod:NailStrikeStart","HollowMod:NailStrikeStart","HollowMod:NailStrikeStart","HollowMod:NailStrikeStart","HollowMod:QuickDashStart","HollowMod:QuickDashStart","HollowMod:QuickDashStart","HollowMod:QuickDashStart","HollowMod:FocusHealStart","HollowMod:PogoStrike","HollowMod:GoodIntentions+1","HollowMod:CycloneSlash+1","HollowMod:SoulShaman+1","HollowMod:InfectedCysts","HollowMod:SoulEater+1","HollowMod:CloakDash","HollowMod:VengefulSpirit","HollowMod:NewGlowingWomb","HollowMod:BrokenVessel","HollowMod:InfectedCysts"],"relics":["HollowMod:VesselMask","LagranYue:RandomDrawCardRelic","ReplayTheSpireMod:TigerMarble","Art of War","MerchantsRug"],"acts_visited":["Exordium"],"potions_floor_usage":[7,7],"damage_taken":[{"damage":0,"enemies":"Small Slimes","floor":1,"turns":3},{"damage":0,"enemies":"Cultist","floor":2,"turns":3},{"damage":0,"enemies":"2 Louse","floor":3,"turns":2},{"damage":3,"enemies":"2 Fungi Beasts","floor":4,"turns":4},{"damage":41,"enemies":"Lagavulin","floor":7,"turns":8},{"damage":20,"enemies":"Exordium Wildlife","floor":8,"turns":4},{"damage":3,"enemies":"Large Slime","floor":11,"turns":5},{"damage":0,"enemies":"2 Fungi Beasts","floor":12,"turns":3},{"damage":10,"enemies":"3 Louse","floor":14,"turns":2},{"damage":20,"enemies":"Hexaghost","floor":16,"turns":11}],"seed_played":"5771376792833404314","potions_obtained":[{"floor":1,"key":"AttackPotion"},{"floor":4,"key":"Strength Potion"},{"floor":8,"key":"Weak Potion"},{"floor":12,"key":"SmokeBomb"},{"floor":14,"key":"Energy Potion"}],"is_trial":false,"path_per_floor":["M","M","M","M","?","R","E","M","T","R","M","M","$","M","R","B"],"character_chosen":"THE_BUGKNIGHT","items_purchased":["HollowMod:BrokenVessel","MerchantsRug","HollowMod:InfectedCysts"],"campfire_rested":0,"item_purchase_floors":[13,13,13],"current_hp_per_floor":[82,82,82,82,82,82,41,21,21,21,18,18,18,8,8,0,0],"gold":88,"neow_bonus":"TEN_PERCENT_HP_BONUS","is_daily":false,"chose_seed":false,"campfire_upgraded":3,"win_rate":0.0,"timestamp":1614325927,"path_taken":["M","M","M","M","?","R","E","M","T","R","M","M","$","?","R","BOSS"],"items_purchased_type":["Card","Relic","Card"],"build_version":"2020-12-22","purchased_purges":0,"victory":false,"max_hp_per_floor":[82,82,82,82,82,82,82,82,82,82,82,82,82,82,82,82,82],"card_choices":[{"not_picked":["HollowMod:HeavyBlow","HollowMod:CloakDash"],"picked":"HollowMod:GoodIntentions","floor":1},{"not_picked":["HollowMod:GoodIntentions","HollowMod:FastStrike"],"picked":"HollowMod:CycloneSlash","floor":2},{"not_picked":["HollowMod:CycloneSlash","HollowMod:WraithStrike"],"picked":"HollowMod:SoulShaman","floor":3},{"not_picked":["HollowMod:BrokenVessel","HollowMod:CrystalDash"],"picked":"HollowMod:InfectedCysts","floor":4},{"not_picked":["HollowMod:NewJinnsSoul","HollowMod:InfectedCysts"],"picked":"HollowMod:SoulEater","floor":7},{"not_picked":["HollowMod:CycloneSlash","HollowMod:NewLittleFool"],"picked":"HollowMod:CloakDash","floor":8},{"not_picked":["HollowMod:CrystalDash","HollowMod:WraithStrike"],"picked":"HollowMod:VengefulSpirit","floor":11},{"not_picked":["HollowMod:WraithStrike","HollowMod:TaintedHusks"],"picked":"HollowMod:NewGlowingWomb","floor":12},{"not_picked":["HollowMod:GreatSlash","HollowMod:VoidDash","HollowMod:VengefulVoid"],"picked":"SKIP","floor":14}],"player_experience":842378,"relics_obtained":[{"floor":7,"key":"ReplayTheSpireMod:TigerMarble"},{"floor":9,"key":"Art of War"}],"event_choices":[{"damage_healed":0,"gold_gain":0,"player_choice":"Upgraded","damage_taken":0,"max_hp_gain":0,"max_hp_loss":0,"event_name":"Upgrade Shrine","floor":5,"gold_loss":0,"cards_upgraded":["HollowMod:SoulShaman"]}],"is_beta":false,"boss_relics":[],"items_purged_floors":[],"is_endless":false,"potions_floor_spawned":[1,4,8,12,14],"killed_by":"Hexaghost","ascension_level":0}}