{"host":"gbbz8f5svnnpwo8d","time":1614311239,"event":{"mods":["AchievementEnabler","AlwaysNeverKeys","BaseMod","Bestiary","Better Altar","Better Match","Better Note","Better Sensory Stone","Better Silent Start","Better Skull","Better Third Choice","Better Vampires","Better-Laid Plans","BetterRewards","Block Reminder","Bossed Relics","Colored Map","Colored Powertips","Curses Come First","Dark Map","Displayed Cursed Tome","GifTheSpireLib","Minty Spire (QoL Compilation)","MonsterHotkey","Permanent Neow","Potion Indicator Mod","Quick Restart","Random Character Button","Rare Cards Sparkle","Relic Stats","Shop Mod","Spicy Shops","Spire Birthday Party","StSLib","Transform Curses"],"gold_per_floor":[113,127,127,141,159,159,174,174,174,174,174,349,362,362,362,466,466,482,496,17,31,47,74,85,85,134,134,146,56,66,5,5,103,103,114,114,131,143,161,194,194,244,244,263,263,75,92,92,92,92,92,92,18,53,53,53],"floor_reached":55,"language":"ENG","playtime":8796,"items_purged":["Strike_R"],"score":1012,"play_id":"8542a914-d598-4684-a5f3-120718fd0855","local_time":"20210225204719","is_ascension_mode":false,"campfire_choices":[{"data":"Rage","floor":6.0,"key":"SMITH"},{"data":"Wild Strike","floor":8.0,"key":"SMITH"},{"floor":11.0,"key":"REST"},{"data":"Flex","floor":15.0,"key":"SMITH"},{"data":"Heavy Blade","floor":25.0,"key":"SMITH"},{"data":"Infernal Blade","floor":27.0,"key":"SMITH"},{"data":"Demon Form","floor":32,"key":"SMITH"},{"data":"Corruption","floor":41,"key":"SMITH"},{"data":"Metallicize","floor":45,"key":"SMITH"},{"data":"Dual Wield","floor":49,"key":"SMITH"},{"data":"Uppercut","floor":52,"key":"SMITH"}],"circlet_count":0,"master_deck":["Strike_R","Strike_R+1","Defend_R","Defend_R","Defend_R","Defend_R","Bash+1","The Bomb+1","Thunderclap","Rage+1","Headbutt","Wild Strike+1","Seeing Red+1","Flex+1","Demon Form+1","Uppercut+1","Heavy Blade+1","Power Through","Flex","Seeing Red+1","Infernal Blade+1","Metallicize+1","Dropkick+1","Dropkick","Decay","Rage+1","Corruption+1","Madness","Madness","Anger+1","Battle Trance","Dual Wield+1","Metallicize+1","Iron Wave+1"],"relics":["Burning Blood","Membership Card","TungstenRod","Champion Belt","StoneCalendar","Unceasing Top","Gambling Chip","Bag of Marbles","InkBottle","Spirit Poop","Sling","Vajra","MerchantsRug","White Beast Statue","Lantern","Paper Frog","Ornamental Fan","Busted Crown","Meat on the Bone","Boot","Magic Flower","HandDrill","Whetstone","Mummified Hand","CaptainsWheel","Anchor","Bag of Preparation"],"acts_visited":["Exordium","TheCity","TheBeyond","TheEnding"],"potions_floor_usage":[33,35,37,39,40,40,40,44,44,50,50,55],"damage_taken":[{"damage":0.0,"enemies":"2 Louse","floor":1.0,"turns":3.0},{"damage":0.0,"enemies":"Small Slimes","floor":2.0,"turns":2.0},{"damage":0.0,"enemies":"Cultist","floor":4.0,"turns":3.0},{"damage":0.0,"enemies":"Gremlin Gang","floor":5.0,"turns":1.0},{"damage":0.0,"enemies":"Blue Slaver","floor":7.0,"turns":2.0},{"damage":0.0,"enemies":"Exordium Thugs","floor":13.0,"turns":2.0},{"damage":13.0,"enemies":"The Guardian","floor":16.0,"turns":6.0},{"damage":0.0,"enemies":"Shell Parasite","floor":18.0,"turns":4.0},{"damage":9.0,"enemies":"3 Byrds","floor":19.0,"turns":5.0},{"damage":0.0,"enemies":"Sentry and Sphere","floor":21.0,"turns":3.0},{"damage":0.0,"enemies":"Cultist and Chosen","floor":22.0,"turns":4.0},{"damage":15.0,"enemies":"Slavers","floor":23.0,"turns":4.0},{"damage":8.0,"enemies":"Centurion and Healer","floor":24.0,"turns":4.0},{"damage":5.0,"enemies":"Shelled Parasite and Fungi","floor":28.0,"turns":3.0},{"damage":4,"enemies":"Sentry and Sphere","floor":30,"turns":3},{"damage":0,"enemies":"Collector","floor":33,"turns":2},{"damage":6,"enemies":"3 Darklings","floor":35,"turns":5},{"damage":0,"enemies":"3 Shapes","floor":37,"turns":3},{"damage":1,"enemies":"Maw","floor":38,"turns":6},{"damage":5,"enemies":"3 Darklings","floor":39,"turns":5},{"damage":16,"enemies":"Nemesis","floor":40,"turns":5},{"damage":2,"enemies":"Mind Bloom Boss Battle","floor":42,"turns":5},{"damage":0,"enemies":"Jaw Worm Horde","floor":44,"turns":2},{"damage":24,"enemies":"Writhing Mass","floor":47,"turns":3},{"damage":47,"enemies":"Donu and Deca","floor":50,"turns":7},{"damage":14,"enemies":"Shield and Spear","floor":54,"turns":5},{"damage":83,"enemies":"The Heart","floor":55,"turns":6}],"seed_played":"152841346064298559","potions_obtained":[{"floor":1.0,"key":"Explosive Potion"},{"floor":2.0,"key":"Explosive Potion"},{"floor":7.0,"key":"HeartOfIron"},{"floor":19.0,"key":"Energy Potion"},{"floor":21.0,"key":"ElixirPotion"},{"floor":22.0,"key":"Energy Potion"},{"floor":23.0,"key":"ColorlessPotion"},{"floor":24.0,"key":"EssenceOfSteel"},{"floor":28.0,"key":"Block Potion"},{"floor":30,"key":"SkillPotion"},{"floor":33,"key":"GamblersBrew"},{"floor":35,"key":"GamblersBrew"},{"floor":37,"key":"FearPotion"},{"floor":38,"key":"BlessingOfTheForge"},{"floor":39,"key":"Swift Potion"},{"floor":40,"key":"LiquidBronze"},{"floor":42,"key":"Explosive Potion"},{"floor":44,"key":"DistilledChaos"},{"floor":47,"key":"AttackPotion"}],"is_trial":false,"path_per_floor":["M","M","?","M","M","R","M","R","T","?","R","?","M","?","R","B",null,"M","M","$","M","M","E","M","R","T","R","M","?","M","$","R","B",null,"M","?","M","M","M","E","R","?","T","M","R","$","M","T","R","B",null,"R","$","E","B"],"character_chosen":"IRONCLAD","items_purchased":["Membership Card","Bag of Marbles","Sling","Vajra","MealTicket","MerchantsRug","Heavy Blade","Power Through","White Beast Statue","Paper Frog","DollysMirror","Ornamental Fan","Dual Wield","Magic Flower","HandDrill","Whetstone","Mummified Hand","Metallicize+1","CaptainsWheel","Anchor","Strength Potion"],"campfire_rested":1,"item_purchase_floors":[0,0,20,20,20,20,20,20,20,31,31,31,46,46,46,46,53,53,53,53,53],"current_hp_per_floor":[38,44,38,44,50,50,56,56,56,42,66,66,72,72,72,65,80,80,77,77,80,80,71,69,69,69,69,70,70,72,80,80,80,80,80,71,77,80,80,70,70,74,74,80,80,80,65,65,65,45,80,80,80,75,0,0],"gold":53,"neow_bonus":"","is_daily":false,"chose_seed":false,"campfire_upgraded":10,"win_rate":0.0,"timestamp":1614311239,"path_taken":["M","M","?","M","M","R","M","R","T","?","R","?","M","?","R","BOSS","M","M","?","M","?","E","M","R","T","R","M","?","M","?","R","BOSS","M","?","M","M","M","E","R","?","T","M","R","?","M","?","R","BOSS","R","$","E","BOSS"],"items_purchased_type":["Relic","Relic","Relic","Relic","Relic","Relic","Card","Card","Relic","Relic","Relic","Relic","Card","Relic","Relic","Relic","Relic","Card","Relic","Relic","Potion"],"build_version":"2020-12-22","purchased_purges":1,"victory":false,"max_hp_per_floor":[80,80,80,80,80,80,80,80,80,80,80,80,80,80,80,80,80,80,80,80,80,80,80,80,80,80,80,80,80,80,80,80,80,80,80,80,80,80,80,80,80,80,80,80,80,80,80,80,80,80,80,80,80,80,80,80],"relic_stats":{"counters":[356,1422],"Magic Flower":[15],"StoneCalendar":[0],"Bag of Preparation":[2],"Whetstone":["Dropkick","Bash"],"Boot":[0],"Burning Blood":1840,"Busted Crown":18,"Ornamental Fan":[96],"Mummified Hand":[15],"Gambling Chip":[62],"HandDrill":[16],"Champion Belt":[133],"obtain_stats":[{"Spirit Poop":14,"Whetstone":6,"Ginger":0,"Bottled Tornado":53,"Boot":14,"Sling":0,"Old Coin":22,"Blood Vial":25,"Sundial":9,"MealTicket":37,"Fusion Hammer":34,"HandDrill":38,"Kunai":29,"Runic Cube":17,"MerchantsRug":0,"Pear":46,"Blue Candle":9,"Eternal Feather":52,"Pen Nib":54,"Akabeko":32,"SlaversCollar":17,"Bird Faced Urn":0,"Mark of Pain":34,"StrikeDummy":54,"Unceasing Top":46,"Lantern":44,"Regal Pillow":28,"Magic Flower":7,"StoneCalendar":37,"Bag of Preparation":44,"Ancient Tea Set":0,"Cursed Key":34,"Smiling Mask":40,"Burning Blood":0,"Shovel":0,"Toolbox":2,"WingedGreaves":13,"Chemical X":0,"InkBottle":27,"Paper Frog":13,"Potion Belt":43,"Lee\u0027s Waffle":30,"Self Forming Clay":40,"Golden Idol":4,"Thread and Needle":22,"PreservedInsect":31,"The Courier":48,"Omamori":12,"Frozen Egg 2":9,"MawBank":29,"Busted Crown":17,"Ornamental Fan":41,"Bloody Idol":25,"betterThird:SlimedRelic":12,"Ectoplasm":17,"Art of War":9,"Bottled Lightning":49,"Champion Belt":53,"Toy Ornithopter":22,"Ice Cream":0,"Calipers":37,"Gremlin Horn":25,"CeramicFish":44,"Vajra":0,"Sozu":17,"Centennial Puzzle":48,"Lizard Tail":0,"HornCleat":53,"DollysMirror":53,"Strawberry":53,"Prayer Wheel":6,"Toxic Egg 2":26,"Girya":0,"Happy Flower":26,"Astrolabe":17,"Dead Branch":38,"Oddly Smooth Stone":53,"Charon\u0027s Ashes":53,"Letter Opener":53,"War Paint":41,"Question Card":30,"Du-Vu Doll":14,"Bottled Flame":38,"Shuriken":41,"Bronze Scales":42,"Molten Egg 2":43,"Nloth\u0027s Gift":21,"Meat on the Bone":24,"Pocketwatch":0,"Darkstone Periapt":48,"reliquary:Firecrackers":43,"Black Blood":17,"Mango":9,"Incense Burner":0,"Juzu Bracelet":8,"PrismaticShard":0,"ClockworkSouvenir":45,"SsserpentHead":21,"Nunchaku":23,"Dream Catcher":48,"TheAbacus":38,"Mummified Hand":0,"Gambling Chip":40,"Pantograph":52,"Tiny Chest":31,"reliquary:RoseTintedGlasses":45,"Red Mask":45,"Red Skull":27,"Runic Pyramid":17,"Odd Mushroom":13,"Orichalcum":0,"Medical Kit":0,"White Beast Statue":54,"Peace Pipe":0,"Calling Bell":17,"Cauldron":53,"Anchor":0,"CaptainsWheel":53,"reliquary:TuningFork":31,"Bag of Marbles":44,"Membership Card":0,"TungstenRod":9,"FossilizedHelix":26},{"Spirit Poop":335,"Whetstone":4,"Ginger":51,"Bottled Tornado":272,"Boot":83,"Sling":224,"Old Coin":157,"Blood Vial":133,"Sundial":225,"MealTicket":91,"Fusion Hammer":219,"HandDrill":294,"Kunai":66,"Runic Cube":155,"MerchantsRug":0,"Pear":19,"Blue Candle":278,"Eternal Feather":76,"Pen Nib":23,"Akabeko":136,"SlaversCollar":104,"Bird Faced Urn":0,"Mark of Pain":14,"StrikeDummy":50,"Unceasing Top":245,"Lantern":73,"Regal Pillow":160,"Magic Flower":125,"StoneCalendar":43,"Bag of Preparation":73,"Ancient Tea Set":97,"Cursed Key":113,"Smiling Mask":269,"Burning Blood":0,"Shovel":24,"Toolbox":148,"WingedGreaves":127,"Chemical X":147,"InkBottle":11,"Paper Frog":32,"Potion Belt":19,"Lee\u0027s Waffle":66,"Self Forming Clay":45,"Golden Idol":99,"Thread and Needle":184,"PreservedInsect":40,"The Courier":75,"Omamori":82,"Frozen Egg 2":177,"MawBank":134,"Busted Crown":8,"Ornamental Fan":141,"Bloody Idol":133,"betterThird:SlimedRelic":152,"Ectoplasm":230,"Art of War":30,"Bottled Lightning":48,"Champion Belt":120,"Toy Ornithopter":63,"Ice Cream":0,"Calipers":70,"Gremlin Horn":38,"CeramicFish":46,"Vajra":78,"Sozu":84,"Centennial Puzzle":48,"Lizard Tail":147,"HornCleat":145,"DollysMirror":49,"Strawberry":95,"Prayer Wheel":124,"Toxic Egg 2":65,"Girya":24,"Happy Flower":11,"Astrolabe":129,"Dead Branch":321,"Oddly Smooth Stone":49,"Charon\u0027s Ashes":49,"Letter Opener":22,"War Paint":141,"Question Card":40,"Du-Vu Doll":283,"Bottled Flame":268,"Shuriken":72,"Bronze Scales":46,"Molten Egg 2":195,"Nloth\u0027s Gift":213,"Meat on the Bone":38,"Pocketwatch":329,"Darkstone Periapt":198,"reliquary:Firecrackers":46,"Black Blood":61,"Mango":126,"Incense Burner":0,"Juzu Bracelet":5,"PrismaticShard":97,"ClockworkSouvenir":46,"SsserpentHead":286,"Nunchaku":108,"Dream Catcher":271,"TheAbacus":321,"Mummified Hand":51,"Gambling Chip":18,"Pantograph":49,"Tiny Chest":67,"reliquary:RoseTintedGlasses":46,"Red Mask":73,"Red Skull":38,"Runic Pyramid":284,"Odd Mushroom":7,"Orichalcum":173,"Medical Kit":201,"White Beast Statue":121,"Peace Pipe":78,"Calling Bell":256,"Cauldron":299,"Anchor":97,"CaptainsWheel":354,"reliquary:TuningFork":40,"Bag of Marbles":73,"Membership Card":24,"TungstenRod":5,"FossilizedHelix":38},{"Spirit Poop":1332,"Whetstone":13,"Ginger":247,"Bottled Tornado":1136,"Boot":387,"Sling":928,"Old Coin":684,"Blood Vial":586,"Sundial":932,"MealTicket":418,"Fusion Hammer":906,"HandDrill":1200,"Kunai":297,"Runic Cube":677,"MerchantsRug":0,"Pear":113,"Blue Candle":1157,"Eternal Feather":362,"Pen Nib":150,"Akabeko":601,"SlaversCollar":463,"Bird Faced Urn":0,"Mark of Pain":80,"StrikeDummy":240,"Unceasing Top":1034,"Lantern":342,"Regal Pillow":689,"Magic Flower":554,"StoneCalendar":215,"Bag of Preparation":342,"Ancient Tea Set":443,"Cursed Key":500,"Smiling Mask":1121,"Burning Blood":0,"Shovel":164,"Toolbox":654,"WingedGreaves":559,"Chemical X":651,"InkBottle":58,"Paper Frog":181,"Potion Belt":113,"Lee\u0027s Waffle":297,"Self Forming Clay":222,"Golden Idol":448,"Thread and Needle":779,"PreservedInsect":207,"The Courier":351,"Omamori":385,"Frozen Egg 2":746,"MawBank":592,"Busted Crown":41,"Ornamental Fan":616,"Bloody Idol":586,"betterThird:SlimedRelic":668,"Ectoplasm":969,"Art of War":178,"Bottled Lightning":231,"Champion Belt":527,"Toy Ornithopter":286,"Ice Cream":0,"Calipers":328,"Gremlin Horn":201,"CeramicFish":226,"Vajra":375,"Sozu":393,"Centennial Puzzle":231,"Lizard Tail":651,"HornCleat":636,"DollysMirror":237,"Strawberry":433,"Prayer Wheel":547,"Toxic Egg 2":294,"Girya":164,"Happy Flower":58,"Astrolabe":570,"Dead Branch":1288,"Oddly Smooth Stone":237,"Charon\u0027s Ashes":237,"Letter Opener":139,"War Paint":616,"Question Card":207,"Du-Vu Doll":1168,"Bottled Flame":1118,"Shuriken":337,"Bronze Scales":226,"Molten Egg 2":824,"Nloth\u0027s Gift":881,"Meat on the Bone":201,"Pocketwatch":1319,"Darkstone Periapt":834,"reliquary:Firecrackers":226,"Black Blood":277,"Mango":557,"Incense Burner":0,"Juzu Bracelet":21,"PrismaticShard":443,"ClockworkSouvenir":226,"SsserpentHead":1176,"Nunchaku":476,"Dream Catcher":1129,"TheAbacus":1288,"Mummified Hand":247,"Gambling Chip":108,"Pantograph":237,"Tiny Chest":305,"reliquary:RoseTintedGlasses":226,"Red Mask":342,"Red Skull":201,"Runic Pyramid":1173,"Odd Mushroom":29,"Orichalcum":736,"Medical Kit":849,"White Beast Statue":534,"Peace Pipe":375,"Calling Bell":1080,"Cauldron":1214,"Anchor":443,"CaptainsWheel":1411,"reliquary:TuningFork":207,"Bag of Marbles":342,"Membership Card":164,"TungstenRod":21,"FossilizedHelix":201}],"TungstenRod":68,"Unceasing Top":[55],"InkBottle":[44],"Meat on the Bone":18},"card_choices":[{"not_picked":["Cleave","Headbutt"],"picked":"Thunderclap","floor":1.0},{"not_picked":["Headbutt","Perfected Strike"],"picked":"Rage","floor":2.0},{"not_picked":["Fire Breathing","Battle Trance"],"picked":"Headbutt","floor":4.0},{"not_picked":["Metallicize","Sword Boomerang"],"picked":"Wild Strike","floor":5.0},{"not_picked":["Armaments","Clothesline"],"picked":"Seeing Red","floor":7.0},{"not_picked":["Seeing Red","Wild Strike"],"picked":"Flex","floor":13.0},{"not_picked":["Brutality","Barricade"],"picked":"Demon Form","floor":16.0},{"not_picked":["Sentinel+1","Headbutt"],"picked":"Uppercut","floor":18.0},{"not_picked":["Shockwave","Headbutt","Intimidate"],"picked":"SKIP","floor":19.0},{"not_picked":["Sword Boomerang","Battle Trance"],"picked":"Flex","floor":21.0},{"not_picked":["Infernal Blade","Bloodletting"],"picked":"Seeing Red+1","floor":22.0},{"not_picked":["Clothesline","Berserk"],"picked":"Infernal Blade","floor":23.0},{"not_picked":["Seeing Red","Iron Wave+1"],"picked":"Metallicize","floor":24.0},{"not_picked":["Iron Wave+1","Havoc"],"picked":"Dropkick","floor":28.0},{"not_picked":["True Grit","Seeing Red"],"picked":"Dropkick","floor":30},{"not_picked":["Berserk","Juggernaut"],"picked":"Corruption","floor":33},{"not_picked":["Dark Embrace+1"],"picked":"SKIP","floor":35},{"not_picked":[],"picked":"Anger+1","floor":37},{"not_picked":["Pommel Strike"],"picked":"SKIP","floor":38},{"not_picked":["Blood for Blood"],"picked":"SKIP","floor":39},{"not_picked":["Searing Blow"],"picked":"SKIP","floor":40},{"not_picked":[],"picked":"Battle Trance","floor":42},{"not_picked":["Clash+1"],"picked":"SKIP","floor":44},{"not_picked":["Twin Strike+1"],"picked":"SKIP","floor":47},{"not_picked":[],"picked":"Iron Wave+1","floor":54}],"player_experience":3850297,"relics_obtained":[{"floor":9.0,"key":"InkBottle"},{"floor":23.0,"key":"Peace Pipe"},{"floor":26.0,"key":"Lantern"},{"floor":40,"key":"Meat on the Bone"},{"floor":42,"key":"Du-Vu Doll"},{"floor":43,"key":"Boot"},{"floor":48,"key":"Frozen Egg 2"},{"floor":54,"key":"Bag of Preparation"}],"event_choices":[{"cards_removed":["Strike_R"],"damage_healed":0.0,"max_hp_gain":0.0,"max_hp_loss":0.0,"gold_gain":0.0,"event_name":"Golden Wing","player_choice":"Card Removal","floor":3.0,"gold_loss":0.0,"damage_taken":7.0},{"damage_healed":0.0,"max_hp_gain":0.0,"max_hp_loss":0.0,"gold_gain":0.0,"event_name":"betterThird:BetterScrap","player_choice":"Relic ","floor":10.0,"gold_loss":0.0,"damage_taken":18.0,"cards_obtained":["Storm"]},{"damage_healed":0.0,"max_hp_gain":0.0,"max_hp_loss":0.0,"gold_gain":175.0,"event_name":"betterThird:BetterSerpent","player_choice":"AGREE","floor":12.0,"gold_loss":0.0,"damage_taken":174.0},{"cards_removed":["Doubt"],"damage_healed":0.0,"max_hp_gain":0.0,"max_hp_loss":0.0,"gold_gain":0.0,"event_name":"Bonfire Elementals","player_choice":"Offered Curse","floor":14.0,"gold_loss":0.0,"damage_taken":0.0,"relics_obtained":["Spirit Poop"]},{"cards_removed":["Strike_R"],"damage_healed":0,"gold_gain":0,"player_choice":"Upgrade and Remove","damage_taken":0,"max_hp_gain":0,"max_hp_loss":0,"event_name":"Designer","floor":29,"gold_loss":90,"cards_upgraded":["Strike_R"]},{"damage_healed":0,"gold_gain":0,"player_choice":"Embrace Madness","damage_taken":10,"max_hp_gain":0,"max_hp_loss":0,"event_name":"Winding Halls","floor":36,"gold_loss":0,"cards_obtained":["Madness","Madness"]},{"damage_healed":0,"gold_gain":0,"player_choice":"Fight","damage_taken":0,"max_hp_gain":0,"max_hp_loss":0,"event_name":"MindBloom","floor":42,"gold_loss":0}],"is_beta":false,"boss_relics":[{"not_picked":["Ectoplasm","Philosopher\u0027s Stone"],"picked":"Astrolabe"},{"not_picked":["Black Blood","SacredBark"],"picked":"Busted Crown"}],"items_purged_floors":[20],"is_endless":false,"potions_floor_spawned":[1,2,7,19,21,22,23,24,28,30,33,35,37,38,39,40,42,44,47,54],"killed_by":"The Heart","ascension_level":0}}