{"host":"xhy9gc4eyomy2i9o","time":1614345681,"event":{"mods":["AchievementEnabler","Act Like it!","BaseMod","Better Vampires","Colored Powertips","Minty Spire (QoL Compilation)","Permanent Neow","Quick Restart","Shop Mod","StSLib","Waifu the Spire"],"gold_per_floor":[10,22,34,34,53,53,81,81,108,108,108,108,148,148,148,246,246,270,293,311,327,327,327,327],"floor_reached":23,"language":"ZHS","playtime":806,"items_purged":[],"score":342,"play_id":"0b6cda0b-aefd-47da-b9a7-5740c3682376","local_time":"20210226212121","is_ascension_mode":true,"campfire_choices":[{"data":"Darkness","floor":6.0,"key":"SMITH"},{"data":"Machine Learning","floor":8.0,"key":"SMITH"},{"data":"Consume","floor":10.0,"key":"SMITH"},{"data":"Coolheaded","floor":12.0,"key":"SMITH"},{"data":"Capacitor","floor":15.0,"key":"SMITH"}],"circlet_count":0,"master_deck":["AscendersBane","Strike_B","Strike_B","Defend_B","Defend_B","Defend_B","Defend_B","Zap","Dualcast","Machine Learning+1","Coolheaded+1","Turbo","Darkness+1","Consume+1","Machine Learning","Injury","Capacitor+1","Hologram","Darkness+1"],"relics":["Cracked Core","Pen Nib","DataDisk","Golden Idol","Bag of Preparation","Busted Crown"],"acts_visited":["Exordium","TheCity"],"potions_floor_usage":[23],"damage_taken":[{"damage":7.0,"enemies":"Jaw Worm","floor":1.0,"turns":3.0},{"damage":0.0,"enemies":"Cultist","floor":2.0,"turns":4.0},{"damage":14.0,"enemies":"Small Slimes","floor":3.0,"turns":4.0},{"damage":8.0,"enemies":"2 Fungi Beasts","floor":5.0,"turns":3.0},{"damage":9.0,"enemies":"3 Sentries","floor":7.0,"turns":10.0},{"damage":4.0,"enemies":"Lagavulin","floor":13.0,"turns":6.0},{"damage":44.0,"enemies":"The Guardian","floor":16.0,"turns":9.0},{"damage":16.0,"enemies":"Shell Parasite","floor":18.0,"turns":6.0},{"damage":6.0,"enemies":"Chosen","floor":19.0,"turns":5.0},{"damage":25.0,"enemies":"Centurion and Healer","floor":20.0,"turns":6.0},{"damage":0,"enemies":"Snake Plant","floor":21,"turns":2},{"damage":8,"enemies":"Gremlin Leader","floor":23,"turns":1}],"seed_played":"6985627170933307179","potions_obtained":[{"floor":2.0,"key":"EssenceOfSteel"},{"floor":3.0,"key":"FairyPotion"},{"floor":7.0,"key":"CultistPotion"},{"floor":13.0,"key":"Fire Potion"},{"floor":21,"key":"Block Potion"}],"is_trial":false,"path_per_floor":["M","M","M","?","M","R","E","R","T","R","?","R","E","?","R","B",null,"M","M","M","M","?","E"],"character_chosen":"DEFECT","items_purchased":[],"campfire_rested":0,"item_purchase_floors":[],"current_hp_per_floor":[57,57,43,43,35,35,26,26,26,26,26,26,22,22,22,7,55,39,33,8,8,8,0,0],"gold":327,"neow_bonus":"THREE_RARE_CARDS","is_daily":false,"chose_seed":false,"campfire_upgraded":5,"win_rate":0.0,"timestamp":1614345681,"path_taken":["M","M","M","?","M","R","E","R","T","R","?","R","E","?","R","BOSS","M","?","M","M","?","E"],"items_purchased_type":[],"build_version":"2020-12-22","purchased_purges":0,"victory":false,"max_hp_per_floor":[71,71,71,71,71,71,71,71,71,71,71,71,71,71,71,71,71,71,71,71,71,71,71,71],"card_choices":[{"not_picked":["Rainbow","Meteor Strike"],"picked":"Machine Learning","floor":0.0},{"not_picked":["Stack","Auto Shields"],"picked":"Coolheaded","floor":1.0},{"not_picked":["BootSequence","Sweeping Beam"],"picked":"Turbo","floor":2.0},{"not_picked":["Leap","Stack"],"picked":"Darkness","floor":3.0},{"not_picked":["Streamline","Sweeping Beam","Steam"],"picked":"SKIP","floor":5.0},{"not_picked":["Static Discharge","Turbo"],"picked":"Machine Learning","floor":7.0},{"not_picked":["Loop","Darkness"],"picked":"Capacitor","floor":13.0},{"not_picked":["Stack"],"picked":"SKIP","floor":18.0},{"not_picked":[],"picked":"Hologram","floor":19.0},{"not_picked":["Beam Cell"],"picked":"SKIP","floor":20.0},{"not_picked":["Cold Snap"],"picked":"SKIP","floor":21}],"player_experience":449449,"relics_obtained":[{"floor":7.0,"key":"Pen Nib"},{"floor":9.0,"key":"DataDisk"},{"floor":13.0,"key":"Bag of Preparation"}],"event_choices":[{"damage_healed":0.0,"max_hp_gain":0.0,"max_hp_loss":0.0,"gold_gain":0.0,"cards_transformed":["Strike_B"],"event_name":"Living Wall","player_choice":"Change","floor":4.0,"gold_loss":0.0,"damage_taken":0.0,"cards_obtained":["Consume"]},{"damage_healed":0.0,"max_hp_gain":0.0,"max_hp_loss":0.0,"gold_gain":0.0,"event_name":"Golden Idol","player_choice":"Take Wound","floor":11.0,"gold_loss":0.0,"damage_taken":0.0,"relics_obtained":["Golden Idol"],"cards_obtained":["Injury"]},{"cards_removed":["Strike_B"],"damage_healed":0.0,"max_hp_gain":0.0,"max_hp_loss":0.0,"gold_gain":0.0,"event_name":"Purifier","player_choice":"Purged","floor":14.0,"gold_loss":0.0,"damage_taken":0.0},{"damage_healed":0,"gold_gain":0,"player_choice":"Copied","damage_taken":0,"max_hp_gain":0,"max_hp_loss":0,"event_name":"Duplicator","floor":22,"gold_loss":0,"cards_obtained":["Darkness"]}],"is_beta":false,"boss_relics":[{"not_picked":["SacredBark","Empty Cage"],"picked":"Busted Crown"}],"items_purged_floors":[],"is_endless":false,"potions_floor_spawned":[2,3,7,13,21],"killed_by":"Gremlin Leader","ascension_level":14}}