{"host":"8piv3t5bmy3h6dgk","time":1614365289,"event":{"mods":["AchievementEnabler","Astrologer","Bard","BaseMod","Better Altar","Better Match","BetterRewards","Colored Map","Colored Powertips","Faster Ascension Climbing","Gold Saver","Hermit","Minty Spire (QoL Compilation)","Remove Card Discount Mod","StSLib","The Bug Knight","The Cursed","The Disciple","The Hierophant","The Marked","The Necromancer","The Problem Sleuth","The Valiant","The Wild Card"],"gold_per_floor":[283,295,295,295,308,318,318,318,318,393,94,124,124,154,154,250,250,270,20,33,47,57,86,102,102,102,119,4799,4799,4889],"floor_reached":28,"language":"ENG","playtime":3128,"items_purged":["theSleuth:Defend","theSleuth:Defend","theSleuth:Defend"],"score":375,"play_id":"d0e85133-b7a4-4ba5-ae8b-ce70a2eb343a","local_time":"20210226134809","is_ascension_mode":false,"campfire_choices":[{"data":"theSleuth:Deprogram","floor":13,"key":"SMITH"},{"data":"theSleuth:Diplomacy","floor":15,"key":"SMITH"},{"floor":25,"key":"REST"}],"circlet_count":0,"master_deck":["theSleuth:Strike","theSleuth:Strike","theSleuth:Strike","theSleuth:Strike","theSleuth:KeyHandgun","theSleuth:TakeInventory+1","theSleuth:Diplomacy+1","theSleuth:FudgeDeck","theSleuth:FlaskOfWhiskey","theSleuth:Ogle","theSleuth:BenStillerBust","theSleuth:CharismaBlast","theSleuth:Parry","theSleuth:TorsoFlail","theSleuth:FlaskOfWhiskey+1","theSleuth:Taze","theSleuth:FairShake+1","theSleuth:PezUzi","theSleuth:Deprogram+1","theSleuth:Parry","theSleuth:BenStillerBust","theSleuth:HairpinMachinegun","theSleuth:FairShake","theSleuth:Parry","theSleuth:RollBoxcars","theSleuth:Tootshotgun","Apotheosis","theSleuth:TruffleShuffle","theSleuth:Parry","theSleuth:Taze+1","theSleuth:Ogle+1","theSleuth:BellyOTheWhale","theSleuth:RetrieveArms","theSleuth:KeyringTommygun+1","theSleuth:PezUzi","Blind"],"relics":["theSleuth:Typewriter","Orichalcum","War Paint","Meat on the Bone","Membership Card","Sundial","Blue Candle","Lantern","DollysMirror","Bottled Tornado","Winged Necklace"],"acts_visited":["Exordium","TheCity"],"potions_floor_usage":[12,16,21,22],"damage_taken":[{"damage":0,"enemies":"Cultist","floor":1,"turns":4},{"damage":0,"enemies":"Jaw Worm","floor":2,"turns":4},{"damage":0,"enemies":"Small Slimes","floor":5,"turns":3},{"damage":0,"enemies":"Exordium Wildlife","floor":6,"turns":5},{"damage":1,"enemies":"3 Sentries","floor":12,"turns":5},{"damage":3,"enemies":"Gremlin Nob","floor":14,"turns":4},{"damage":23,"enemies":"The Guardian","floor":16,"turns":7},{"damage":8,"enemies":"2 Thieves","floor":18,"turns":3},{"damage":9,"enemies":"Shell Parasite","floor":20,"turns":4},{"damage":3,"enemies":"3 Cultists","floor":21,"turns":3},{"damage":13,"enemies":"Chosen and Byrds","floor":22,"turns":4},{"damage":14,"enemies":"HollowMod:Nosk","floor":23,"turns":8},{"damage":11,"enemies":"Snake Plant","floor":24,"turns":3},{"damage":4,"enemies":"Snecko","floor":27,"turns":5}],"seed_played":"3013396095599430314","potions_obtained":[{"floor":6,"key":"DistilledChaos"},{"floor":8,"key":"AttackPotion"},{"floor":8,"key":"FairyPotion"},{"floor":12,"key":"Ancient Potion"},{"floor":16,"key":"Explosive Potion"},{"floor":18,"key":"ColorlessPotion"}],"is_trial":false,"path_per_floor":["M","M","?","?","M","M","?","?","T","?","$","E","R","E","R","B",null,"M","$","M","M","M","E","M","R","T","M","?"],"character_chosen":"THE_sleuth","items_purchased":["theSleuth:FudgeDeck","theSleuth:FlaskOfWhiskey","theSleuth:Ogle","theSleuth:BenStillerBust","theSleuth:CharismaBlast","theSleuth:Parry","Orichalcum","theSleuth:TorsoFlail","theSleuth:FlaskOfWhiskey","War Paint","theSleuth:Parry","Membership Card","theSleuth:BenStillerBust","theSleuth:HairpinMachinegun","Apotheosis","theSleuth:TruffleShuffle","Lantern","DollysMirror"],"campfire_rested":1,"item_purchase_floors":[0,0,0,0,0,0,0,0,0,0,11,11,11,11,19,19,19,19],"current_hp_per_floor":[73,73,73,73,73,73,73,73,73,66,66,65,65,62,62,39,73,65,65,56,53,40,38,39,60,60,56,0,0,0],"gold":4889,"neow_bonus":"","is_daily":false,"chose_seed":false,"campfire_upgraded":2,"win_rate":0.0,"timestamp":1614365289,"path_taken":["M","M","?","?","M","M","?","?","T","?","$","E","R","E","R","BOSS","M","$","M","M","M","E","M","R","T","M","?"],"items_purchased_type":["Card","Card","Card","Card","Card","Card","Relic","Card","Card","Relic","Card","Relic","Card","Card","Card","Card","Relic","Relic"],"build_version":"2020-12-22","purchased_purges":3,"victory":false,"max_hp_per_floor":[73,73,73,73,73,73,73,73,73,73,73,73,73,73,73,73,73,73,73,73,73,73,73,73,73,73,73,73,73,73],"card_choices":[{"not_picked":["theSleuth:PezUzi","theSleuth:BiteHardly"],"picked":"theSleuth:Taze","floor":1},{"not_picked":["theSleuth:Ignore","theSleuth:Taze"],"picked":"theSleuth:FairShake","floor":2},{"not_picked":["theSleuth:Embarrass","theSleuth:Appropriate"],"picked":"theSleuth:PezUzi","floor":5},{"not_picked":["theSleuth:Taze","theSleuth:ThinkAhead"],"picked":"theSleuth:Deprogram","floor":6},{"not_picked":["theSleuth:CharismaBlast","theSleuth:BenStillerBust"],"picked":"theSleuth:FairShake","floor":12},{"not_picked":["theSleuth:ClubClubClub","theSleuth:Pepperminthryl"],"picked":"theSleuth:Parry","floor":14},{"not_picked":["theSleuth:WeirdPuzzleShit","theSleuth:Supermassive"],"picked":"theSleuth:RollBoxcars","floor":16},{"not_picked":["theSleuth:Parry","theSleuth:VictoryPose+1"],"picked":"theSleuth:Tootshotgun","floor":18},{"not_picked":["theSleuth:Fortune","theSleuth:KeyringTommygun"],"picked":"theSleuth:Taze+1","floor":20},{"not_picked":["theSleuth:Treaty+1","theSleuth:VictoryPose+1"],"picked":"theSleuth:Ogle+1","floor":21},{"not_picked":["theSleuth:HeartStab+1","theSleuth:TorsoFlail"],"picked":"theSleuth:BellyOTheWhale","floor":22},{"not_picked":["theSleuth:WilsonBust+1","theSleuth:OpportunityCost+1"],"picked":"theSleuth:RetrieveArms","floor":23},{"not_picked":["theSleuth:Unscale","theSleuth:ThinkAhead"],"picked":"theSleuth:KeyringTommygun+1","floor":24},{"not_picked":["theSleuth:ClubClubClub","theSleuth:WeighIn"],"picked":"theSleuth:PezUzi","floor":27}],"player_experience":175513,"relics_obtained":[{"floor":9,"key":"Meat on the Bone"},{"floor":12,"key":"Sundial"},{"floor":14,"key":"Blue Candle"},{"floor":23,"key":"Bottled Tornado"},{"floor":26,"key":"Winged Necklace"}],"event_choices":[{"damage_healed":0,"gold_gain":0,"player_choice":"Forge","damage_taken":0,"max_hp_gain":0,"max_hp_loss":0,"event_name":"Accursed Blacksmith","floor":3,"gold_loss":0,"cards_upgraded":["theSleuth:FairShake"]},{"damage_healed":0,"gold_gain":0,"player_choice":"Ignored","damage_taken":0,"max_hp_gain":0,"max_hp_loss":0,"event_name":"NoteForYourself","floor":4,"gold_loss":0},{"damage_healed":0,"gold_gain":0,"player_choice":"Ignored","damage_taken":0,"max_hp_gain":0,"max_hp_loss":0,"event_name":"Purifier","floor":7,"gold_loss":0},{"damage_healed":0,"gold_gain":0,"player_choice":"Got Potions","damage_taken":0,"max_hp_gain":0,"max_hp_loss":0,"event_name":"Lab","floor":8,"gold_loss":0},{"damage_healed":0,"gold_gain":75,"player_choice":"Touch","damage_taken":7,"max_hp_gain":0,"max_hp_loss":0,"event_name":"FaceTrader","floor":10,"gold_loss":0}],"is_beta":false,"boss_relics":[{"not_picked":["Empty Cage","Snecko Eye","Busted Crown"]}],"items_purged_floors":[0,0,0],"is_endless":false,"potions_floor_spawned":[6,12,16,18,20],"ascension_level":0}}