{"host":"2lo6hma6kymb0g9i","time":1614366139,"event":{"mods":["BaseMod","Colored Map","DeckTracker","Minty Spire (QoL Compilation)","SuperFastMode"],"gold_per_floor":[16,16,40,40,64,105,105,105,151,185,185,205,205,205],"floor_reached":13,"language":"JPN","playtime":695,"items_purged":[],"score":186,"play_id":"7c147cb9-5114-442a-8fe6-749d2c3ea519","local_time":"20210227040219","is_ascension_mode":true,"campfire_choices":[{"data":"Glass Knife","floor":8,"key":"SMITH"}],"circlet_count":0,"master_deck":["AscendersBane","Strike_G","Strike_G","Strike_G","Defend_G","Defend_G","Defend_G","Defend_G","Survivor","Neutralize","Glass Knife+1","Distraction","Leg Sweep","Quick Slash","Outmaneuver","Well Laid Plans","Crippling Poison","Sucker Punch","Die Die Die"],"relics":["Ring of the Snake","Golden Idol","HornCleat","Tiny Chest","Oddly Smooth Stone","Pantograph"],"acts_visited":["Exordium"],"potions_floor_usage":[6],"damage_taken":[{"damage":0.0,"enemies":"2 Louse","floor":1.0,"turns":3.0},{"damage":8.0,"enemies":"Jaw Worm","floor":3.0,"turns":4.0},{"damage":0.0,"enemies":"Cultist","floor":5.0,"turns":4.0},{"damage":11,"enemies":"Lagavulin","floor":6,"turns":6},{"damage":20,"enemies":"3 Sentries","floor":10,"turns":10},{"damage":17,"enemies":"Large Slime","floor":12,"turns":6},{"damage":24,"enemies":"Gremlin Nob","floor":13,"turns":3}],"seed_played":"172565403088045618","potions_obtained":[{"floor":3.0,"key":"Strength Potion"},{"floor":6,"key":"Weak Potion"},{"floor":12,"key":"Weak Potion"}],"is_trial":false,"path_per_floor":["M","?","M","T","M","E","?","R","T","E","$","M","E"],"character_chosen":"THE_SILENT","items_purchased":[],"campfire_rested":0,"item_purchase_floors":[],"current_hp_per_floor":[59,59,51,51,51,40,40,40,40,20,20,3,0,0],"gold":205,"neow_bonus":"TRANSFORM_TWO_CARDS","is_daily":false,"chose_seed":false,"campfire_upgraded":1,"win_rate":0.0,"timestamp":1614366139,"path_taken":["M","?","M","?","?","E","?","R","T","E","?","M","E"],"items_purchased_type":[],"build_version":"2020-12-22","purchased_purges":0,"victory":false,"max_hp_per_floor":[66,60,60,60,60,60,60,60,60,60,60,60,60,60],"card_choices":[{"not_picked":["Deflect","Setup"],"picked":"Leg Sweep","floor":1.0},{"not_picked":["PiercingWail","Underhanded Strike"],"picked":"Quick Slash","floor":3.0},{"not_picked":["Leg Sweep","Choke"],"picked":"Outmaneuver","floor":5.0},{"not_picked":["Deflect","Heel Hook"],"picked":"Well Laid Plans","floor":6},{"not_picked":["Footwork","Flying Knee"],"picked":"Sucker Punch","floor":10},{"not_picked":["Cloak And Dagger","Finisher"],"picked":"Die Die Die","floor":12}],"player_experience":1262626,"relics_obtained":[{"floor":4.0,"key":"HornCleat"},{"floor":6,"key":"Tiny Chest"},{"floor":9,"key":"Oddly Smooth Stone"},{"floor":10,"key":"Pantograph"}],"event_choices":[{"damage_healed":0.0,"max_hp_gain":0.0,"max_hp_loss":6.0,"gold_gain":0.0,"event_name":"Golden Idol","player_choice":"Lose Max HP","floor":2.0,"gold_loss":0.0,"damage_taken":0.0,"relics_obtained":["Golden Idol"]},{"damage_healed":0,"gold_gain":0,"cards_transformed":["Defend_G"],"player_choice":"Transformed","damage_taken":0,"max_hp_gain":0,"max_hp_loss":0,"event_name":"Transmorgrifier","floor":7,"gold_loss":0,"cards_obtained":["Crippling Poison"]}],"is_beta":false,"boss_relics":[],"items_purged_floors":[],"is_endless":false,"potions_floor_spawned":[3,6,12],"killed_by":"Gremlin Nob","ascension_level":20}}