{"host":"75zu4da7xyji8683","time":1614351781,"event":{"mods":["AchievementEnabler","BaseMod","Colored Map","Colored Powertips","Hermit","Hero for Fun","Hubris","Infinite Spire","Marisa????????","Minty Spire (QoL Compilation)","Random Character Button","Relic Stats","Remilia??????","Replay The Spire","StSLib","The Animator","The Cursed","The Disciple","The Hierophant","The Mystic","The Necromancer","The Poker Player","The Runesmith","The Saiyan","The Servant 0.9.4","The Wild Card","Yuri Mod","Yuyuko"],"gold_per_floor":[117,117,134,144,219,248,248,104,104,177,187,213,231,250,250,250,250,250],"floor_reached":16,"language":"ENG","playtime":1427,"items_purged":[],"score":112,"play_id":"8dc89d7a-35ca-404f-8b6c-251808d0efcf","local_time":"20210226090301","is_ascension_mode":false,"metric_token":1810,"campfire_choices":[{"floor":7,"key":"REST"},{"floor":15,"key":"REST"}],"circlet_count":0,"master_deck":["PokerPlayerMod:Diamond1","PokerPlayerMod:Diamond2","PokerPlayerMod:Diamond3","PokerPlayerMod:Diamond4","PokerPlayerMod:Diamond5","PokerPlayerMod:Spade1","PokerPlayerMod:Spade2","PokerPlayerMod:Spade3","PokerPlayerMod:Spade4","PokerPlayerMod:Club1","PokerPlayerMod:Club2","PokerPlayerMod:Heart2","PokerPlayerMod:TrumpStrike","PokerPlayerMod:BadJoker","PokerPlayerMod:Mulligan+1","PokerPlayerMod:Trickery","PokerPlayerMod:DiamondStrike","PokerPlayerMod:Club1","PokerPlayerMod:Spade4","PokerPlayerMod:WildCard","PokerPlayerMod:CardPrinter","PokerPlayerMod:StackedDeck","PokerPlayerMod:HiddenCard","PokerPlayerMod:Raise"],"relics":["PokerPlayerMod:DeckCase","Ornamental Fan","Blood Vial","HornCleat"],"acts_visited":[],"potions_floor_usage":[16],"damage_taken":[{"damage":8,"enemies":"2 Louse","floor":1,"turns":3},{"damage":6,"enemies":"Cultist","floor":3,"turns":5},{"damage":5,"enemies":"Jaw Worm","floor":4,"turns":4},{"damage":25,"enemies":"3 Sentries","floor":6,"turns":6},{"damage":13,"enemies":"Exordium Thugs","floor":11,"turns":4},{"damage":17,"enemies":"Replay:BlueRogue","floor":12,"turns":5},{"damage":7,"enemies":"Looter","floor":13,"turns":3},{"damage":5,"enemies":"3 Louse","floor":14,"turns":2},{"damage":42,"enemies":"Slime Boss","floor":16,"turns":6}],"seed_played":"-600745498693395856","potions_obtained":[{"floor":1,"key":"SmokeBomb"},{"floor":6,"key":"Doom Potion"},{"floor":11,"key":"Dexterity Potion"}],"is_trial":false,"path_per_floor":["M","?","M","M","T","E","R","$","T","?","M","E","M","M","R","B"],"character_chosen":"THE_POKER_PLAYER","items_purchased":["PokerPlayerMod:WildCard"],"campfire_rested":2,"item_purchase_floors":[8],"current_hp_per_floor":[51,51,49,48,48,25,42,42,42,42,35,22,17,20,37,0,0,0],"gold":250,"neow_bonus":"TEN_PERCENT_HP_BONUS","is_daily":false,"chose_seed":false,"campfire_upgraded":0,"win_rate":0.0,"timestamp":1614351781,"path_taken":["M","?","M","M","?","E","R","?","T","?","M","E","M","M","R","BOSS"],"items_purchased_type":["Card"],"build_version":"2020-12-22","purchased_purges":0,"victory":false,"max_hp_per_floor":[57,57,57,57,57,57,57,57,57,57,57,57,57,57,57,57,57,57],"relic_stats":{"Blood Vial":10,"counters":[9,38],"Ornamental Fan":[4],"obtain_stats":[{"Blood Vial":6,"PokerPlayerMod:DeckCase":0,"HornCleat":12,"Ornamental Fan":5},{"Blood Vial":4,"PokerPlayerMod:DeckCase":0,"HornCleat":6,"Ornamental Fan":3},{"Blood Vial":18,"PokerPlayerMod:DeckCase":0,"HornCleat":27,"Ornamental Fan":12}]},"card_choices":[{"not_picked":["PokerPlayerMod:DartThrow","PokerPlayerMod:DiamondStrike"],"picked":"PokerPlayerMod:Trickery","floor":1},{"not_picked":["PokerPlayerMod:Configure","PokerPlayerMod:MagicTrick"],"picked":"PokerPlayerMod:DiamondStrike","floor":3},{"not_picked":["PokerPlayerMod:Spade3","PokerPlayerMod:DiamondStrike"],"picked":"PokerPlayerMod:Club1","floor":4},{"not_picked":["PokerPlayerMod:CardBurn","PokerPlayerMod:DartThrow"],"picked":"PokerPlayerMod:Spade4","floor":6},{"not_picked":["PokerPlayerMod:Fold","PokerPlayerMod:Trickery"],"picked":"PokerPlayerMod:CardPrinter","floor":11},{"not_picked":["PokerPlayerMod:Spade3","PokerPlayerMod:Fold"],"picked":"PokerPlayerMod:StackedDeck","floor":12},{"not_picked":["PokerPlayerMod:JackOfSpades","PokerPlayerMod:Club2"],"picked":"PokerPlayerMod:HiddenCard","floor":13},{"not_picked":["PokerPlayerMod:Club1","PokerPlayerMod:Diamond3"],"picked":"PokerPlayerMod:Raise","floor":14}],"player_experience":85165,"relics_obtained":[{"floor":5,"key":"Ornamental Fan"},{"floor":6,"key":"Blood Vial"},{"floor":12,"key":"HornCleat"}],"event_choices":[{"damage_healed":0,"gold_gain":0,"player_choice":"Grow","damage_taken":0,"max_hp_gain":0,"max_hp_loss":0,"event_name":"Living Wall","floor":2,"gold_loss":0,"cards_upgraded":["PokerPlayerMod:Mulligan"]},{"damage_healed":0,"gold_gain":73,"player_choice":"Gained Gold","damage_taken":0,"max_hp_gain":0,"max_hp_loss":0,"event_name":"Golden Wing","floor":10,"gold_loss":0}],"is_beta":false,"boss_relics":[],"items_purged_floors":[],"is_endless":false,"potions_floor_spawned":[1,6,11,14],"killed_by":"Slime Boss","ascension_level":0}}