{"host":"9rqk712yu6s3287p","time":1614326109,"event":{"mods":["ATMod(°¢èªMod)","Act Like it!","BaseMod","CapriCore","Chen","Gensokyo","Googly Eyes","Marisa£¨ìFÓê¡¡Ä§ÀíÉ³£©","Minty Spire (QoL Compilation)","MostiFishMod","Onozuka Komachi Mod","Reimu£¨²©ÀöÁéÃÎ£©","Remilia_Scarlet Moed£¨ÀÙÃ×ÀòÑÇ¡¤Ë¹¿¨À×ÌØ£©3.3.5","Remilia£¨ÀÙÃ×ÀòÑÇ£©","Replay The Spire","RumiaBox-Â¶Ã×æ«µÄÉñÃØºÐ×Ó","StSLib","The Administrix","The Immortal","The Servant 0.9.4","Yakumo Yukari mod","Youmu£¨»êÆÇÑýÃÎ£©","Yuyuko","[IsaacMod]ÒÔÈö¼âËþ","¡¾ÒÅÎï¿¨ÅÆ¡¿REMEMod"],"gold_per_floor":[141,186,219,252,300,378,414,520,520,584,695,794,898,990,990,1258,1258,1319,1437,1492,1558,1708,1832,1968,2091,2091,2278,2517,2680,2911,3026,3026,3424,3436,3645,4038,4038],"floor_reached":36,"language":"ZHS","playtime":3035,"items_purged":[],"score":2141,"play_id":"c55d4f39-0b9d-4fed-97ec-aed806fea0d4","local_time":"20210226155509","daily_mods":["Shiny","Vintage","Heirloom","Time Dilation","Flight","Elite Swarm","Lethality","Midas","Binary"],"is_ascension_mode":true,"campfire_choices":[{"floor":15.0,"key":"DIG"},{"floor":32.0,"key":"DIG"}],"circlet_count":0,"master_deck":["AscendersBane","TricksterDevil+1","BatForm+1","ForecastOfChange+1","CurseOfVladTepes+1","ScarletMeister+1","QueenOfMidnight+1","BloodyHallows+1","HeartBreak+1","BloodRain+1","EquivalentExchange+1","KillingBlow+1","BloodyCatastrophe+1","ChaoticDestiny+1","BloodySeventeenLaser+1","HellCatastrophe+1","ScarletCoffin+1","DemonKingCradle+1","TransientEternity+1","CeilingFear+1","RemiliaMod:PLY","RemiliaMod:PLY"],"relics":["Snecko Eye","Busted Crown","AT_ATBox","DaveBox","REME_ComplimentaryCards","HushsDoor","MoneyPower","OriginationStaff","ChaoDraw","UnicornStump","SumBook","Boot","SynthV:TestCard","Replay:Rubber Ducky","Ornamental Fan","FossilizedHelix","REME_LimitBreaker","Ancient Tea Set","Whetstone","Replay:Ringing Soul","Shovel","Blood Vial","Kunai","Pen Nib","Replay:WaspNest","Darkstone Periapt","Replay:Bandana","Ccalipers","RuthlessExorcism:ReiMu","Anchor","MoreBug","MagicDraw1","BelialBook","Oddly Smooth Stone","Garlic","ReplayTheSpireMod:TigerMarble","TuHaoJin","AT_TimeSand","AT_SunfireAegis","PunchingBag","Sundial","Pondfish Scales","Replay:Wax Seal","SteamSale","Replay:Baseball","REME_HandOfSuture","Coffee Dripper","Leech","D6","Replay:Mystery Machine","Matryoshka","Snack Pack","Pocketwatch","YumHeart","Mastiff:ReiMu","REME_ArchaeologicalTools","AT_ArcaneBoots","Potion Belt","BookofShadows","Bottled Tornado","HollowDreamFlower","GuppysHead","Replay:Arrowhead","Toy Ornithopter","ReplayTheSpireMod:Lightbulb","Akabeko","Replay:Bottled Steam","Lantern","Bottled Lightning","AT_MibuBalloonWealth","AT_MibuBalloonWealth","Regal Pillow","Omamori","MagicDraw4","Pantograph","AT_ArchangelStaff","SharpPlug","GnawedLeaf","Blue Doll","Centennial Puzzle","CeramicFish","Tiny Chest","MawBank","Bag of Marbles","ScarletEmblem","PureWhite:ReiMu","Gremlin Food"],"acts_visited":["Exordium","TheCity","TheBeyond"],"potions_floor_usage":[],"damage_taken":[{"damage":8.0,"enemies":"2 Louse","floor":1.0,"turns":3.0},{"damage":3.0,"enemies":"Cultist","floor":2.0,"turns":3.0},{"damage":1.0,"enemies":"Jaw Worm","floor":3.0,"turns":3.0},{"damage":1.0,"enemies":"Large Slime","floor":4.0,"turns":4.0},{"damage":8.0,"enemies":"Exordium Wildlife","floor":5.0,"turns":3.0},{"damage":0.0,"enemies":"Replay:BlueRogue","floor":6.0,"turns":6.0},{"damage":6.0,"enemies":"Gremlin Gang","floor":7.0,"turns":5.0},{"damage":0.0,"enemies":"3 Sentries","floor":8.0,"turns":4.0},{"damage":1.0,"enemies":"Exordium Thugs","floor":10.0,"turns":3.0},{"damage":0.0,"enemies":"Gremlin Nob","floor":11.0,"turns":3.0},{"damage":0.0,"enemies":"3 Sentries","floor":12.0,"turns":3.0},{"damage":0.0,"enemies":"Lagavulin","floor":13.0,"turns":1.0},{"damage":2.0,"enemies":"3 Sentries","floor":14.0,"turns":5.0},{"damage":0.0,"enemies":"Fading Forest","floor":16.0,"turns":5.0},{"damage":2.0,"enemies":"3 Byrds","floor":18.0,"turns":4.0},{"damage":0.0,"enemies":"Spheric Guardian","floor":19.0,"turns":3.0},{"damage":0.0,"enemies":"Snecko","floor":20.0,"turns":2.0},{"damage":0.0,"enemies":"Centurion and Healer","floor":21.0,"turns":3.0},{"damage":0.0,"enemies":"3 Cultists","floor":22.0,"turns":3.0},{"damage":0.0,"enemies":"Replay:Snechameleon","floor":23.0,"turns":2.0},{"damage":0.0,"enemies":"Book of Stabbing","floor":24.0,"turns":3.0},{"damage":0.0,"enemies":"Slavers","floor":25.0,"turns":3.0},{"damage":0.0,"enemies":"REME_1_Revenger","floor":27.0,"turns":2.0},{"damage":0.0,"enemies":"Gremlin Leader","floor":28.0,"turns":2.0},{"damage":0.0,"enemies":"Replay:Snechameleon","floor":29.0,"turns":1.0},{"damage":0.0,"enemies":"Gremlin Leader","floor":30.0,"turns":1.0},{"damage":0.0,"enemies":"Snake Plant","floor":31.0,"turns":2.0},{"damage":1.0,"enemies":"Automaton","floor":33.0,"turns":3.0},{"damage":0,"enemies":"3 Darklings","floor":35,"turns":2},{"damage":117,"enemies":"Remilia_Byz","floor":36,"turns":10}],"seed_played":"3569916497718316946","potions_obtained":[{"floor":1.0,"key":"Elixir"},{"floor":1.0,"key":"SkillPotion"},{"floor":2.0,"key":"Regen Potion"},{"floor":4.0,"key":"Adrenaline Potion"},{"floor":4.0,"key":"Weak Potion"},{"floor":5.0,"key":"CultistPotion"},{"floor":6.0,"key":"SteroidPotion"},{"floor":7.0,"key":"Swift Potion"},{"floor":7.0,"key":"Swift Potion"},{"floor":8.0,"key":"PowerPotion"},{"floor":8.0,"key":"Fire Potion"},{"floor":12.0,"key":"Regen Potion"},{"floor":14.0,"key":"REME_GoldPotion"},{"floor":14.0,"key":"LiquidBronze"},{"floor":16.0,"key":"Block Potion"},{"floor":18.0,"key":"SneckoOil"},{"floor":20.0,"key":"REME_GoldPotion"},{"floor":20.0,"key":"Energy Potion"},{"floor":22.0,"key":"Adrenaline Potion"},{"floor":22.0,"key":"ColorlessPotion"},{"floor":25.0,"key":"REME_GoldPotion"},{"floor":25.0,"key":"SteroidPotion"},{"floor":25.0,"key":"Fire Potion"},{"floor":27.0,"key":"MagicPotion:ReiMu"},{"floor":28.0,"key":"Swift Potion"},{"floor":31.0,"key":"Strength Potion"},{"floor":33.0,"key":"REME_GoldPotion"},{"floor":35,"key":"DuplicationPotion"},{"floor":35,"key":"Block Potion"}],"is_trial":true,"path_per_floor":["M","M","M","M","M","E","M","E","T","M","E","E","E","E","R","B",null,"M","M","M","M","M","E","E","E","T","E","E","E","E","M","R","B",null,"M","?"],"character_chosen":"REMILIA","items_purchased":[],"campfire_rested":0,"item_purchase_floors":[],"current_hp_per_floor":[63,60,59,70,62,64,60,62,62,66,68,70,70,70,70,70,70,70,70,70,70,70,70,70,70,70,70,70,70,70,70,70,70,60,67,0,0],"gold":4038,"neow_bonus":"","is_daily":false,"chose_seed":false,"campfire_upgraded":0,"win_rate":0.0,"timestamp":1614326109,"path_taken":["M","M","M","M","M","E","M","E","T","M","E","E","E","E","R","BOSS","M","M","M","M","M","E","E","E","T","E","E","E","E","M","R","BOSS","M","?"],"items_purchased_type":[],"build_version":"2020-12-22","purchased_purges":0,"victory":false,"max_hp_per_floor":[70,70,70,70,70,70,70,70,70,70,70,70,70,70,70,70,70,70,70,70,70,70,70,70,70,70,70,70,70,70,70,70,70,70,70,73,73],"card_choices":[{"not_picked":["BloodyCatastrophe","EquivalentExchange"],"picked":"SKIP","floor":6.0},{"not_picked":["KillingBlow","TransientEternity"],"picked":"SKIP","floor":8.0},{"not_picked":["ChaoticDestiny","BloodyCatastrophe"],"picked":"SKIP","floor":11.0},{"not_picked":["ChaoticDestiny","ScarletCoffin"],"picked":"SKIP","floor":12.0},{"not_picked":["CeilingFear","ChaoticDestiny"],"picked":"SKIP","floor":13.0},{"not_picked":["DemonKingCradle","CurseOfVladTepes"],"picked":"SKIP","floor":14.0},{"not_picked":["HeartBreak","CurseOfVladTepes"],"picked":"SKIP","floor":23.0},{"not_picked":["TransientEternity","EquivalentExchange"],"picked":"SKIP","floor":24.0},{"not_picked":["BloodySeventeenLaser","TricksterDevil"],"picked":"SKIP","floor":25.0},{"not_picked":["ForecastOfChange","ScarletCoffin"],"picked":"SKIP","floor":27.0},{"not_picked":["ScarletMeister","BloodRain"],"picked":"SKIP","floor":28.0},{"not_picked":["BloodRain","DemonKingCradle"],"picked":"SKIP","floor":29.0},{"not_picked":["TransientEternity","QueenOfMidnight"],"picked":"SKIP","floor":30.0}],"player_experience":614876,"relics_obtained":[{"floor":1.0,"key":"UnicornStump"},{"floor":1.0,"key":"SumBook"},{"floor":1.0,"key":"Boot"},{"floor":1.0,"key":"SynthV:TestCard"},{"floor":2.0,"key":"Replay:Rubber Ducky"},{"floor":2.0,"key":"Ornamental Fan"},{"floor":3.0,"key":"FossilizedHelix"},{"floor":3.0,"key":"REME_LimitBreaker"},{"floor":4.0,"key":"Ancient Tea Set"},{"floor":4.0,"key":"Whetstone"},{"floor":4.0,"key":"Replay:Ringing Soul"},{"floor":5.0,"key":"Shovel"},{"floor":5.0,"key":"Blood Vial"},{"floor":5.0,"key":"Kunai"},{"floor":6.0,"key":"Pen Nib"},{"floor":7.0,"key":"Replay:WaspNest"},{"floor":7.0,"key":"Darkstone Periapt"},{"floor":7.0,"key":"Replay:Bandana"},{"floor":7.0,"key":"Ccalipers"},{"floor":7.0,"key":"RuthlessExorcism:ReiMu"},{"floor":8.0,"key":"Anchor"},{"floor":8.0,"key":"MoreBug"},{"floor":8.0,"key":"MagicDraw1"},{"floor":8.0,"key":"BelialBook"},{"floor":10.0,"key":"Oddly Smooth Stone"},{"floor":10.0,"key":"Garlic"},{"floor":11.0,"key":"ReplayTheSpireMod:TigerMarble"},{"floor":12.0,"key":"TuHaoJin"},{"floor":12.0,"key":"AT_TimeSand"},{"floor":12.0,"key":"AT_SunfireAegis"},{"floor":12.0,"key":"PunchingBag"},{"floor":13.0,"key":"Sundial"},{"floor":13.0,"key":"Pondfish Scales"},{"floor":14.0,"key":"Replay:Wax Seal"},{"floor":14.0,"key":"SteamSale"},{"floor":15.0,"key":"Replay:Baseball"},{"floor":16.0,"key":"REME_HandOfSuture"},{"floor":18.0,"key":"Leech"},{"floor":18.0,"key":"D6"},{"floor":18.0,"key":"Replay:Mystery Machine"},{"floor":18.0,"key":"Matryoshka"},{"floor":19.0,"key":"Snack Pack"},{"floor":19.0,"key":"Pocketwatch"},{"floor":20.0,"key":"YumHeart"},{"floor":20.0,"key":"Mastiff:ReiMu"},{"floor":21.0,"key":"REME_ArchaeologicalTools"},{"floor":21.0,"key":"AT_SpeedBoots"},{"floor":22.0,"key":"Potion Belt"},{"floor":22.0,"key":"BookofShadows"},{"floor":22.0,"key":"Bottled Tornado"},{"floor":22.0,"key":"HollowDreamFlower"},{"floor":23.0,"key":"GuppysHead"},{"floor":23.0,"key":"Replay:Arrowhead"},{"floor":24.0,"key":"Toy Ornithopter"},{"floor":24.0,"key":"ReplayTheSpireMod:Lightbulb"},{"floor":25.0,"key":"Akabeko"},{"floor":25.0,"key":"Replay:Bottled Steam"},{"floor":25.0,"key":"Lantern"},{"floor":25.0,"key":"Bottled Lightning"},{"floor":26.0,"key":"AT_MibuBalloonWealth"},{"floor":26.0,"key":"AT_MibuBalloonWealth"},{"floor":26.0,"key":"Regal Pillow"},{"floor":27.0,"key":"Omamori"},{"floor":27.0,"key":"MagicDraw4"},{"floor":28.0,"key":"Pantograph"},{"floor":28.0,"key":"AT_ArchangelStaff"},{"floor":29.0,"key":"SharpPlug"},{"floor":29.0,"key":"GnawedLeaf"},{"floor":30.0,"key":"Blue Doll"},{"floor":30.0,"key":"Centennial Puzzle"},{"floor":31.0,"key":"CeramicFish"},{"floor":31.0,"key":"Tiny Chest"},{"floor":32.0,"key":"MawBank"},{"floor":33.0,"key":"Bag of Marbles"},{"floor":35,"key":"PureWhite:ReiMu"},{"floor":35,"key":"Gremlin Food"}],"event_choices":[],"is_beta":false,"boss_relics":[{"not_picked":["Philosopher\u0027s Stone","RhineFirstAidKit"],"picked":"Coffee Dripper"},{"not_picked":[]},{"not_picked":["AT_MortalBlade","REME_LowDesire"],"picked":"ScarletEmblem"},{"not_picked":[]}],"items_purged_floors":[],"is_endless":false,"potions_floor_spawned":[3,4,8,12,14,16,20,22,23,24,27,29,35],"killed_by":"Remilia_Byz","ascension_level":20}}