{"host":"bgptblc1sp470rxq","time":1614338233,"event":{"mods":["BaseMod","BetterRewards","Colored Map","Highlight Path","Minty Spire (QoL Compilation)","Quick Restart","StSLib","Waifu the Spire","[IsaacMod]ÒÔÈö¼âËþ"],"gold_per_floor":[114,64,124,49,49,49,49,77,77,92,110,140,140,174,174,272,272,284,47,62,62,62,96,106,136,136,170,196,206,71,96,96,199,199,219,64,81,92,104,137,41,72,72,122,133,164,177,205,205,205,205,205,33,68,68,68],"floor_reached":55,"language":"ZHS","playtime":2206,"items_purged":["Defend_P","Study+1","Strike_P","SignatureMove+1","SandsOfTime+1"],"score":1162,"play_id":"69001e75-d717-45ae-b7a9-59c408f44f95","local_time":"20210226191713","is_ascension_mode":true,"campfire_choices":[{"data":"Vigilance","floor":6.0,"key":"SMITH"},{"data":"Indignation","floor":13.0,"key":"SMITH"},{"data":"SignatureMove","floor":15.0,"key":"SMITH"},{"data":"Wallop","floor":32.0,"key":"SMITH"},{"floor":49.0,"key":"RECALL"},{"data":"Fasting2","floor":52.0,"key":"SMITH"}],"circlet_count":0,"master_deck":["Eruption","Vigilance+1","InnerPeace","Indignation+1","Omniscience","SignatureMove+1","DevaForm","DeusExMachina+1","DevaForm+1","Wallop+1","Apotheosis","Worship","Wallop+1","Ragnarok+1","Ragnarok+1","Wallop+1","Fasting2+1","Swivel","Fasting2","SpiritShield"],"relics":["HushsDoor","DeathBook","Snecko Eye","Orichalcum","Damaru","YumHeart","Eternal Feather","Astrolabe","TheBean","SatanicBible","The Courier","Red Mask","Molten Egg 2","Kunai","Coffee Dripper","GuppysPaw","SteamSale","Unceasing Top","Ginger","Lizard Tail","MealTicket","Regal Pillow","DeadEye","Ornamental Fan"],"acts_visited":["Exordium","TheCity","TheBeyond","TheEnding"],"potions_floor_usage":[55],"damage_taken":[{"damage":0.0,"enemies":"2 Louse","floor":1.0,"turns":2.0},{"damage":0.0,"enemies":"3 Sentries","floor":8.0,"turns":1.0},{"damage":0.0,"enemies":"Jaw Worm","floor":10.0,"turns":3.0},{"damage":0.0,"enemies":"Cultist","floor":11.0,"turns":2.0},{"damage":6.0,"enemies":"Gremlin Nob","floor":12.0,"turns":3.0},{"damage":0.0,"enemies":"Lagavulin","floor":14.0,"turns":3.0},{"damage":31.0,"enemies":"Hexaghost","floor":16.0,"turns":5.0},{"damage":8.0,"enemies":"Shell Parasite","floor":18.0,"turns":3.0},{"damage":0.0,"enemies":"Chosen","floor":20.0,"turns":1.0},{"damage":11.0,"enemies":"Gremlin Leader","floor":23.0,"turns":2.0},{"damage":0.0,"enemies":"Shelled Parasite and Fungi","floor":24.0,"turns":1.0},{"damage":40.0,"enemies":"Slavers","floor":25.0,"turns":3.0},{"damage":2.0,"enemies":"Masked Bandits","floor":27.0,"turns":3.0},{"damage":0.0,"enemies":"Gremlin Leader","floor":28.0,"turns":4.0},{"damage":0.0,"enemies":"Snake Plant","floor":29.0,"turns":2.0},{"damage":0.0,"enemies":"Slavers","floor":31.0,"turns":2.0},{"damage":0.0,"enemies":"Champ","floor":33.0,"turns":4.0},{"damage":0.0,"enemies":"3 Darklings","floor":35.0,"turns":1.0},{"damage":0.0,"enemies":"3 Shapes","floor":37.0,"turns":3.0},{"damage":0.0,"enemies":"3 Darklings","floor":38.0,"turns":4.0},{"damage":0.0,"enemies":"Transient","floor":39.0,"turns":5.0},{"damage":0.0,"enemies":"Giant Head","floor":40.0,"turns":4.0},{"damage":17.0,"enemies":"Reptomancer","floor":42.0,"turns":3.0},{"damage":0.0,"enemies":"Mind Bloom Boss Battle","floor":44.0,"turns":4.0},{"damage":0.0,"enemies":"4 Shapes","floor":45.0,"turns":1.0},{"damage":32.0,"enemies":"Nemesis","floor":46.0,"turns":5.0},{"damage":0.0,"enemies":"Maw","floor":47.0,"turns":4.0},{"damage":0.0,"enemies":"Giant Head","floor":48.0,"turns":2.0},{"damage":30.0,"enemies":"Time Eater","floor":50.0,"turns":4.0},{"damage":10,"enemies":"Shield and Spear","floor":54,"turns":2},{"damage":137,"enemies":"LittleHush","floor":55,"turns":17}],"seed_played":"3121999517501867202","potions_obtained":[{"floor":1.0,"key":"FairyPotion"},{"floor":8.0,"key":"PowerPotion"},{"floor":14.0,"key":"BlessingOfTheForge"},{"floor":23.0,"key":"Ambrosia"},{"floor":28.0,"key":"Fruit Juice"},{"floor":29.0,"key":"Swift Potion"},{"floor":42.0,"key":"FairyPotion"}],"is_trial":false,"path_per_floor":["M","?","?","$","?","R","?","E","T","M","M","E","R","E","R","B",null,"M","$","M","?","$","E","M","E","T","?","E","M","$","E","R","B",null,"M","$","M","M","M","E","$","E","T","?","M","E","M","E","R","B",null,"R","$","E","B"],"character_chosen":"WATCHER","items_purchased":["Wallop","Apotheosis","SignatureMove+1","GuppysPaw","Ragnarok+1","SteamSale","Fasting2","SpiritShield","DeadEye"],"campfire_rested":0,"item_purchase_floors":[19,19,30,34,34,36,36,41,53],"current_hp_per_floor":[72,72,57,57,57,57,72,72,72,72,72,66,66,66,72,41,72,64,64,64,64,64,53,53,13,13,36,36,41,41,66,75,75,58,58,58,58,58,58,58,58,58,58,58,58,26,26,26,38,28,58,58,58,48,0,0],"gold":68,"neow_bonus":"BOSS_RELIC","is_daily":false,"chose_seed":false,"campfire_upgraded":5,"win_rate":0.0,"timestamp":1614338233,"path_taken":["M","?","?","$","?","R","?","E","T","M","?","E","R","E","R","BOSS","M","$","M","?","?","E","?","E","T","?","E","M","$","E","R","BOSS","M","$","?","M","M","E","$","E","T","?","?","E","M","E","R","BOSS","R","$","E","BOSS"],"items_purchased_type":["Card","Card","Card","Relic","Card","Relic","Card","Card","Relic"],"build_version":"2020-12-22","purchased_purges":5,"victory":false,"max_hp_per_floor":[72,72,72,72,72,72,72,72,72,72,72,72,72,72,72,72,72,72,72,72,72,72,72,72,72,72,72,72,77,77,77,77,77,58,58,58,58,58,58,58,58,58,58,58,58,58,58,58,58,58,58,58,58,58,16,16],"card_choices":[{"not_picked":["JustLucky","Crescendo","Vengeance"],"picked":"SKIP","floor":1.0},{"not_picked":["TalkToTheHand","FlyingSleeves","WaveOfTheHand"],"picked":"SKIP","floor":8.0},{"not_picked":["WreathOfFlame","Prostrate"],"picked":"InnerPeace","floor":10.0},{"not_picked":["CutThroughFate","Worship"],"picked":"Indignation","floor":11.0},{"not_picked":["BattleHymn","Crescendo"],"picked":"Omniscience","floor":12.0},{"not_picked":["LikeWater","EmptyBody"],"picked":"SignatureMove","floor":14.0},{"not_picked":["LessonLearned","Scrawl"],"picked":"DevaForm","floor":16.0},{"not_picked":["Prostrate+1","Halt","FlurryOfBlows"],"picked":"SKIP","floor":18.0},{"not_picked":["Indignation+1","WaveOfTheHand+1","FollowUp"],"picked":"SKIP","floor":20.0},{"not_picked":["Wireheading","ForeignInfluence"],"picked":"Worship","floor":23.0},{"not_picked":["EmptyMind","EmptyBody","Prostrate"],"picked":"SKIP","floor":24.0},{"not_picked":["SashWhip+1","Evaluate","Consecrate"],"picked":"SKIP","floor":25.0},{"not_picked":["Weave+1","DeusExMachina","EmptyBody"],"picked":"SKIP","floor":28.0},{"not_picked":["TalkToTheHand+1","FlurryOfBlows+1","Collect"],"picked":"SKIP","floor":29.0},{"not_picked":["Conclude+1","WindmillStrike+1"],"picked":"Wallop+1","floor":31.0},{"not_picked":["Scrawl","MasterReality"],"picked":"Ragnarok+1","floor":33.0},{"not_picked":["FlyingSleeves+1","Crescendo+1"],"picked":"Wallop+1","floor":35.0},{"not_picked":["FlurryOfBlows+1","Consecrate+1"],"picked":"Swivel","floor":37.0},{"not_picked":["Pray","PathToVictory"],"picked":"SandsOfTime+1","floor":38.0},{"not_picked":["CutThroughFate+1","ClearTheMind+1"],"picked":"Fasting2","floor":39.0},{"not_picked":["Consecrate+1","FollowUp+1","CarveReality+1"],"picked":"SKIP","floor":40.0},{"not_picked":["WreathOfFlame+1","EmptyMind","SashWhip+1"],"picked":"SKIP","floor":42.0},{"not_picked":["ThirdEye","JustLucky+1","Halt"],"picked":"SKIP","floor":45.0},{"not_picked":["MentalFortress","InnerPeace","Indignation+1"],"picked":"SKIP","floor":46.0},{"not_picked":["ThirdEye+1","FollowUp+1","BowlingBash+1"],"picked":"SKIP","floor":47.0},{"not_picked":["Indignation+1","Crescendo","Swivel+1"],"picked":"SKIP","floor":48.0},{"not_picked":["FlurryOfBlows+1","Blasphemy","LikeWater"],"picked":"SKIP","floor":54}],"player_experience":285553,"relics_obtained":[{"floor":8.0,"key":"Orichalcum"},{"floor":9.0,"key":"Damaru"},{"floor":12.0,"key":"YumHeart"},{"floor":14.0,"key":"Eternal Feather"},{"floor":23.0,"key":"TheBean"},{"floor":25.0,"key":"SatanicBible"},{"floor":26.0,"key":"The Courier"},{"floor":27.0,"key":"Red Mask"},{"floor":28.0,"key":"Molten Egg 2"},{"floor":31.0,"key":"Kunai"},{"floor":40.0,"key":"Unceasing Top"},{"floor":42.0,"key":"Ginger"},{"floor":44.0,"key":"Lizard Tail"},{"floor":46.0,"key":"MealTicket"},{"floor":48.0,"key":"Regal Pillow"},{"floor":54,"key":"Ornamental Fan"}],"event_choices":[{"cards_removed":["Defend_P"],"damage_healed":0.0,"max_hp_gain":0.0,"max_hp_loss":0.0,"gold_gain":0.0,"event_name":"The Cleric","player_choice":"Card Removal","floor":2.0,"gold_loss":50.0,"damage_taken":0.0},{"cards_removed":["Defend_P"],"damage_healed":0.0,"max_hp_gain":0.0,"max_hp_loss":0.0,"gold_gain":0.0,"event_name":"Purifier","player_choice":"Purged","floor":5.0,"gold_loss":0.0,"damage_taken":0.0},{"damage_healed":15.0,"max_hp_gain":0.0,"max_hp_loss":0.0,"gold_gain":0.0,"event_name":"Wheel of Change","player_choice":"Full Heal","floor":7.0,"gold_loss":0.0,"damage_taken":0.0},{"cards_removed":["Strike_P"],"damage_healed":0.0,"max_hp_gain":0.0,"max_hp_loss":0.0,"gold_gain":0.0,"event_name":"Bonfire Elementals","player_choice":"Offered Basic","floor":21.0,"gold_loss":0.0,"damage_taken":0.0},{"damage_healed":0.0,"max_hp_gain":0.0,"max_hp_loss":0.0,"gold_gain":0.0,"event_name":"Masked Bandits","player_choice":"Fought Bandits","floor":27.0,"gold_loss":0.0,"damage_taken":0.0},{"damage_healed":0.0,"max_hp_gain":0.0,"max_hp_loss":0.0,"gold_gain":0.0,"event_name":"MindBloom","player_choice":"Fight","floor":44.0,"gold_loss":0.0,"damage_taken":0.0}],"is_beta":false,"boss_relics":[{"not_picked":["Busted Crown","SacredBark"],"picked":"Astrolabe"},{"not_picked":[]},{"not_picked":["Philosopher\u0027s Stone","Sozu"],"picked":"Coffee Dripper"},{"not_picked":[]}],"items_purged_floors":[4,30,34,41,53],"is_endless":false,"potions_floor_spawned":[1,8,14,18,23,28,29,31,33,35,39,42,45,47],"killed_by":"LittleHush","ascension_level":2}}