{"host":"d9tpyi6mde8z2n96","time":1614347890,"event":{"mods":["100% Spire Juice","2.2 Compatiblity","A Penny For Your Troubles","AchievementEnabler","Act Like it!","AlwaysNeverKeys","Aspiration","BaseMod","Beaked The Cultist","Better Altar","Better Note","Bossed Relics","CapriCore","Challenge The Spire","Colored Map","Colored Powertips","Conspire","Dark Map","Defuse TimeMaze Blight","Dota2Spire","Elementarium","Energized Spire","Fox Events","Friendly Minions","Gensokyo","GifTheSpireLib","Gold Saver","Halation","Hermit","HololiveMod","Hubris","Hyrulean Relics","Infinite Spire","Jess\u0027s Bottle","Jorbs\u0027s Wanderer Trilogy","Library of Ruina","Library of Ruina Extra","Marisa????????","Melee Mod","Minty Spire (QoL Compilation)","MostiFishMod","Pale of the Ancients","Permanent Neow","Potionbrewer","Quick Restart","Railgun Mod","Reimu??????","Reliquary","Replay The Spire","Robot Space Explorer","Ruina","RumiaBox-????????","Shop Mod","Spikes Relics","StS++","StSLib","SuperFastMode","TestMod","The Alterego","The Animator","The Blue Laboratory","The Cursed","The Death Knight","The Fake Hero","The Marked","The Servant 0.9.4","The Spell Scribe","Trackpad","Transform Curses","Uncapped","Virulent Crown","Waifu the Spire","Wandering Minibosses","WarShipGirlsR/????R mod","Wide Potions","Yakumo Yukari mod"],"gold_per_floor":[628,293,347,365,391,391,165,165,292,306,216,243,134,152,152,250,327,337,337,967,987,1006,1006,1006,1006,1083,1097,1012,1027,1057,1156,1156,1255,1332,1349,1599,1599,1616,1616,1644,1656,1656,1758,1130,1130,1130,804,824,824,825,902,909,909,909,909,326,326,342,342,419,419,419,424,436,448,448,527,604,604,609,612,612,412,412,408,408,485,487,545,572,585,312,312,420,497,515,515,514,514],"floor_reached":88,"language":"ENG","playtime":3600,"items_purged":[],"score":1979,"play_id":"5bbd75c5-dac3-4f3c-8e91-748b1add3707","local_time":"20210226085810","is_ascension_mode":false,"campfire_choices":[{"data":"SilverBlades","floor":6,"key":"SMITH"},{"data":"SurpressingFire","floor":15,"key":"SMITH"},{"floor":23,"key":"REST"},{"data":"Ricochet","floor":25,"key":"SMITH"},{"floor":32,"key":"REST"},{"data":"SoulSculpture","floor":42,"key":"SMITH"},{"data":"Luminosity","floor":46,"key":"SMITH"},{"data":"SilverBlades","floor":49,"key":"SMITH"},{"floor":57,"key":"REST"},{"data":"SpecialFormula","floor":59,"key":"SMITH"},{"data":"MoonPhase","floor":61,"key":"SMITH"},{"data":"ForgedInTime","floor":66,"key":"SMITH"},{"floor":74,"key":"REST"},{"data":"Snipe","floor":76,"key":"SMITH"},{"data":"Moonlight","floor":83,"key":"SMITH"}],"circlet_count":0,"master_deck":["Strike_S","Strike_S","Strike_S","Defend_S","Defend_S","Defend_S","KidneyShot","Exchange","Defend_purpleEX+1","Moonworks:Defend","Rearm","SilverBlades+1","Ricochet","InstantArmor+1","testmod-DeathImprint+1","InstantArmor+1","FanOfKnives","Snipe+1","Ricochet","FastForward","Starlight","Rearm","SurpressingFire+1","Ricochet+1","MurderousAura+1","FanOfKnives+1","Barrier","SpecialFormula+1","ReturningBlade","Reset+1","MoonPhase+1","Luminosity+1","MoonPhase+1","SoulSculpture+1","Moonlight+1","Starlight+1","ShiftingGears+1","Rearm","Rearm","SilverBlades+1","Contraction","Injury","Rearm+1","BottledTime+1","ForgedInTime+1","Luminosity+1","Dilation+1","SoulSculpture+1","Gouge+1","Hightail+1","conspire:SpireCoStock","conspire:SpireCoStock","conspire:SpireCoStock","conspire:SpireCoStock","DualDimension+1","Collapse+1","Hightail","Sunlight","KillingDoll","Luminosity+1","GearUp","BottledTime+1"],"relics":["Uniform","DaveBox","RhineSuit","SynthV:TestCard","infinitespire:FocusingShard","foxEvents:LuckyCharm","Dream Catcher","Dota2Spire:PhaseBoots","MerchantsRug","RedLine:ReiMu","wanderingMiniBosses:ThiefScarf","aspiration:TrustyKnives","Nloth\u0027s Gift","InkBottle","reliquary:OuijaBoard","Empty Cage","halation:EternalFortune","hubris:Icosahedron","RollingBoulder","ReplayTheSpireMod:Lightbulb","trackpad:FieryHotPepper","PocketWatch","testmod-RandomTest","Astrolabe","Frozen Egg 2","hubris:FruitBowl","hubris:EvacipatedBox","GiantMaggot","reliquary:FerryPass","StSpp:SailingBoat","Guide Book","hubris:DeckOfHolding","infinitespire:CursedDice","halation:PromiseList","GuanYuAspect","halation:Trompette","trackpad:BottledTsunami","testmod-Hope","hubris:BundleOfHerbs","Potion Belt","testmod-Temperance","reliquary:RosewoodLute","testmod-Recursion"],"acts_visited":["Exordium","TheCity","TheBeyond","Exordium","TheCity","TheBeyond"],"potions_floor_usage":[27,48,48,71,81,81],"damage_taken":[{"damage":0,"enemies":"Cultist","floor":1,"turns":5},{"damage":0,"enemies":"Small Slimes","floor":4,"turns":3},{"damage":14,"enemies":"Colosseum Slavers","floor":5,"turns":3},{"damage":0,"enemies":"conspire:RoseBush","floor":10,"turns":2},{"damage":0,"enemies":"Lagavulin","floor":12,"turns":4},{"damage":0,"enemies":"Blue Slaver","floor":14,"turns":2},{"damage":17,"enemies":"The Guardian","floor":16,"turns":7},{"damage":0,"enemies":"conspire:FuzzyDice","floor":18,"turns":4},{"damage":2,"enemies":"2 Thieves","floor":21,"turns":2},{"damage":0,"enemies":"conspire:HollyBat","floor":22,"turns":6},{"damage":0,"enemies":"Snecko","floor":27,"turns":3},{"damage":0,"enemies":"Shelled Parasite and Fungi","floor":29,"turns":3},{"damage":18,"enemies":"Nightmare","floor":30,"turns":7},{"damage":3,"enemies":"Automaton","floor":33,"turns":6},{"damage":0,"enemies":"3 Darklings","floor":35,"turns":3},{"damage":1,"enemies":"Orb Walker","floor":38,"turns":3},{"damage":0,"enemies":"R_Hoarder","floor":40,"turns":4},{"damage":0,"enemies":"Transient","floor":41,"turns":5},{"damage":7,"enemies":"3 Darklings","floor":48,"turns":4},{"damage":97,"enemies":"conspire:OrnateMirror","floor":50,"turns":7},{"damage":7,"enemies":"Small Slimes","floor":52,"turns":2},{"damage":0,"enemies":"Gremlin Nob","floor":58,"turns":3},{"damage":0,"enemies":"Lagavulin","floor":63,"turns":4},{"damage":0,"enemies":"Cultist","floor":64,"turns":2},{"damage":0,"enemies":"Jaw Worm","floor":65,"turns":2},{"damage":0,"enemies":"The Guardian","floor":67,"turns":5},{"damage":0,"enemies":"3 Byrds","floor":69,"turns":3},{"damage":0,"enemies":"Chosen","floor":70,"turns":2},{"damage":0,"enemies":"conspire:MimicChest","floor":71,"turns":3},{"damage":6,"enemies":"3 Cultists","floor":75,"turns":3},{"damage":0,"enemies":"Snecko","floor":78,"turns":2},{"damage":0,"enemies":"Slavers","floor":79,"turns":1},{"damage":0,"enemies":"Centurion and Healer","floor":80,"turns":2},{"damage":0,"enemies":"Book of Stabbing","floor":81,"turns":3},{"damage":0,"enemies":"KingOfGreed","floor":84,"turns":5},{"damage":20,"enemies":"Orb Walker","floor":86,"turns":2},{"damage":72,"enemies":"3 Shapes","floor":88,"turns":12}],"seed_played":"-3313594787567959811","potions_obtained":[{"floor":10,"key":"blueLaboratory:PhilterOfMotion"},{"floor":16,"key":"blueLaboratory:StoneskinPotion"},{"floor":18,"key":"DuplicationPotion"},{"floor":33,"key":"blueLaboratory:BubblePotion"},{"floor":38,"key":"testmod-SpacePotion"},{"floor":48,"key":"potionbrewer:NoxiousPotion"},{"floor":58,"key":"PowerPotion"},{"floor":67,"key":"potionbrewer:StunPotion"},{"floor":75,"key":"Adrenaline Potion"}],"is_trial":false,"path_per_floor":["M","$","T","M","?","R","$","?","T","M","?","E","$","M","R","B",null,"M","?","?","M","M","R","?","R","T","M","?","M","NM","?","R","B",null,"M","?","?","M","?","E","M","R","T","$","?","R","$","M","R","B",null,"M","?","?","$","$","R","E","R","T","R","?","E","M","M","R","B",null,"M","M","?","?","?","R","M","R","T","M","E","M","E","$","R","B",null,"M","?","M"],"character_chosen":"THE_SERVANT","items_purchased":["SilverBlades","infinitespire:FocusingShard","InstantArmor","Dream Catcher","MerchantsRug","trackpad:FieryHotPepper","Rearm","PocketWatch","testmod-RandomTest","SilverBlades","hubris:FruitBowl","hubris:EvacipatedBox","GiantMaggot","reliquary:FerryPass","StSpp:SailingBoat","Guide Book","Rearm","Potion Belt","Luminosity+1","GearUp"],"campfire_rested":4,"item_purchase_floors":[2,2,7,7,13,44,44,44,47,47,55,55,55,56,56,56,56,82,82,82],"current_hp_per_floor":[77,77,84,84,70,70,70,70,70,70,70,70,70,70,70,53,84,84,84,15,13,13,38,38,38,38,43,43,48,35,35,60,62,84,84,84,87,86,86,86,87,87,87,87,117,117,117,117,117,20,117,110,110,110,55,55,90,90,90,90,90,67,75,83,83,83,91,59,59,61,63,45,45,54,59,59,59,63,65,65,65,65,65,67,69,69,69,0,0],"gold":514,"neow_bonus":"TWENTY_PERCENT_HP_BONUS","is_daily":false,"chose_seed":false,"campfire_upgraded":11,"win_rate":0.0,"timestamp":1614347890,"path_taken":["M","?","?","M","?","R","$","?","T","?","?","E","?","?","R","BOSS","M","?","?","?","M","R","?","R","T","M","?","M","NM","?","R","BOSS","M","?","?","M","?","E","M","R","T","?","?","R","$","M","R","BOSS","M","?","?","?","?","R","E","R","T","R","?","E","?","M","R","BOSS","M","M","?","?","?","R","M","R","T","M","E","M","E","?","R","BOSS","M","?","M"],"items_purchased_type":["Card","Relic","Card","Relic","Relic","Relic","Card","Relic","Relic","Card","Relic","Relic","Relic","Relic","Relic","Relic","Card","Relic","Card","Card"],"build_version":"2020-12-22","purchased_purges":0,"victory":false,"max_hp_per_floor":[77,77,84,84,84,84,84,84,84,84,84,84,84,84,84,84,84,84,84,84,84,84,84,84,84,84,84,84,84,84,84,84,84,84,84,84,87,87,87,87,87,87,87,87,117,117,117,117,117,117,117,117,117,117,117,117,117,117,117,117,117,117,117,117,117,117,117,59,59,63,63,63,63,63,63,63,63,63,65,65,65,65,65,69,69,69,69,69,69],"card_choices":[{"not_picked":["Unruled","Spin"],"picked":"Rearm","floor":1},{"not_picked":["DoubleEdge","ShatteredReality","Dilation","Defy"],"picked":"Ricochet","floor":4},{"not_picked":["Defy","DoubleEdge","Unruled","Rearm"],"picked":"InstantArmor","floor":10},{"not_picked":[],"picked":"FanOfKnives","floor":11},{"not_picked":[],"picked":"Snipe","floor":11},{"not_picked":[],"picked":"Ricochet","floor":11},{"not_picked":[],"picked":"FastForward","floor":11},{"not_picked":[],"picked":"Starlight","floor":11},{"not_picked":[],"picked":"Rearm","floor":11},{"not_picked":["Deny","GearUp","Rearm","ShatteredReality"],"picked":"SurpressingFire","floor":12},{"not_picked":["ShatteredReality","DoubleEdge","Alleviate","TimeWarp"],"picked":"Ricochet","floor":14},{"not_picked":["SoulSculpture","Sunlight","FlawlessForm","LightFlow"],"picked":"MurderousAura","floor":16},{"not_picked":["Unruled","Moondial+1","TimeWarp+1","WasteNot"],"picked":"FanOfKnives+1","floor":18},{"not_picked":["BottledTime","Replace+1","Unruled+1","Potential+1"],"picked":"Barrier","floor":21},{"not_picked":["BottledTime","FastForward+1","Replace","ShatteredReality"],"picked":"SpecialFormula","floor":22},{"not_picked":["ShiftingGears","Starlight","Comet","Rearm"],"picked":"ReturningBlade","floor":23},{"not_picked":["Manipulate","BottledTime","Unruled+1","TimeWarp"],"picked":"Reset+1","floor":27},{"not_picked":["Defy","FastForward","ForgedInTime","Shuttle"],"picked":"MoonPhase+1","floor":29},{"not_picked":["Solidify","Ricochet","ReturningBlade","Unruled+1"],"picked":"Luminosity","floor":30},{"not_picked":["Comet","TimeWarp","Defy","RealityMarble"],"picked":"MoonPhase","floor":32},{"not_picked":["Embodiment","Initiator","ForgedInTime","TheWorld"],"picked":"SoulSculpture","floor":33},{"not_picked":["Defy","Potential","FastForward+1","Alleviate"],"picked":"Moonlight","floor":35},{"not_picked":["BottledTime","WasteNot","FastForward","Potential"],"picked":"Starlight+1","floor":38},{"not_picked":["Defy","Embodiment","DoubleEdge+1","Alleviate","TimeWarp+1"],"picked":"SKIP","floor":40},{"not_picked":["Revamp","Spin+1","StarChef","ShatteredReality+1"],"picked":"ShiftingGears+1","floor":41},{"not_picked":["TimeWarp","Ricochet","BottledTime","DoubleEdge+1"],"picked":"Contraction","floor":48},{"not_picked":["DoubleEdge","TimeWarp","FastForward","Embodiment","Starlight"],"picked":"SKIP","floor":52},{"not_picked":["Potential","Moondial","Comet","Defy"],"picked":"BottledTime","floor":57},{"not_picked":["Manipulate","Replace","Moonlight","PendulumOfEternity","Ricochet"],"picked":"SKIP","floor":58},{"not_picked":["Potential","FloweringNight+1","Reset","FastForward"],"picked":"ForgedInTime","floor":63},{"not_picked":["Snipe","Spin","Gouge","Defy"],"picked":"Luminosity+1","floor":64},{"not_picked":["Unruled","Duplication","Foresight+1","Defy","Potential"],"picked":"SKIP","floor":65},{"not_picked":["Deny","Duplication","Embodiment+1","FloweringNight+1"],"picked":"Dilation","floor":67},{"not_picked":["Shuttle","Revamp","Alleviate","DoubleEdge"],"picked":"SoulSculpture","floor":69},{"not_picked":["Comet","Spin","Ricochet+1","Alleviate+1"],"picked":"Gouge+1","floor":70},{"not_picked":["Alleviate+1","Desolation","WasteNot+1","Replace"],"picked":"Hightail+1","floor":71},{"not_picked":["Revamp","WasteNot+1","ShatteredReality","BottledTime"],"picked":"DualDimension+1","floor":74},{"not_picked":["Potential","ShiftingGears","Starlight","Contraction"],"picked":"Collapse+1","floor":75},{"not_picked":["DoubleEdge","Shuttle","Rearm","Ricochet"],"picked":"Hightail","floor":78},{"not_picked":["Replace","WasteNot+1","FanOfKnives","FloweringNight+1"],"picked":"Sunlight","floor":79},{"not_picked":["Replace","Potential","Shuttle","BestPractice+1","Defy"],"picked":"SKIP","floor":80},{"not_picked":["Replace","Potential","Shuttle","BestPractice+1","Defy"],"picked":"SKIP","floor":80},{"not_picked":["Replace","Potential","Shuttle","BestPractice+1","Defy"],"picked":"SKIP","floor":80},{"not_picked":["Ricochet","Sabotage","Moonlight","FastForward"],"picked":"KillingDoll","floor":81},{"not_picked":["Revamp","BestPractice+1","Potential","DoubleEdge+1"],"picked":"BottledTime+1","floor":86}],"player_experience":1137508,"relics_obtained":[{"floor":1,"key":"SynthV:TestCard"},{"floor":3,"key":"Strawberry"},{"floor":5,"key":"foxEvents:LuckyCharm"},{"floor":9,"key":"aspiration:TrustyKnives"},{"floor":12,"key":"Dota2Spire:PhaseBoots"},{"floor":22,"key":"wanderingMiniBosses:ThiefScarf"},{"floor":22,"key":"aspiration:TrustyKnives"},{"floor":26,"key":"GodSword6"},{"floor":30,"key":"reliquary:OuijaBoard"},{"floor":40,"key":"RollingBoulder"},{"floor":43,"key":"ReplayTheSpireMod:Lightbulb"},{"floor":58,"key":"hubris:DeckOfHolding"},{"floor":60,"key":"infinitespire:CursedDice"},{"floor":63,"key":"halation:PromiseList"},{"floor":70,"key":"halation:EternalFortune"},{"floor":71,"key":"halation:Trompette"},{"floor":77,"key":"trackpad:BottledTsunami"},{"floor":79,"key":"testmod-Hope"},{"floor":81,"key":"hubris:BundleOfHerbs"},{"floor":84,"key":"halation:EternalFortune"}],"event_choices":[{"damage_healed":0,"gold_gain":0,"player_choice":"1 cards matched","damage_taken":0,"max_hp_gain":0,"max_hp_loss":0,"event_name":"Match and Keep!","floor":8,"gold_loss":0,"cards_obtained":["testmod-DeathImprint"]},{"damage_healed":0,"gold_gain":0,"player_choice":"Upgraded","damage_taken":0,"max_hp_gain":0,"max_hp_loss":0,"event_name":"Upgrade Shrine","floor":19,"gold_loss":0,"cards_upgraded":["MurderousAura"]},{"damage_healed":0,"gold_gain":630,"player_choice":"GOLD GOLD GOLD GOLD GOLD GOLD GOLD ","damage_taken":69,"max_hp_gain":0,"max_hp_loss":0,"event_name":"Knowing Skull","floor":20,"potions_obtained":[],"gold_loss":0,"cards_obtained":[]},{"damage_healed":0,"gold_gain":0,"player_choice":"Traded Relic","damage_taken":0,"relics_obtained":["Nloth\u0027s Gift"],"max_hp_gain":0,"max_hp_loss":0,"event_name":"N\u0027loth","floor":24,"relics_lost":["testmod-TestBox"],"gold_loss":0},{"damage_healed":0,"gold_gain":0,"player_choice":"Obtained Relic","damage_taken":0,"relics_obtained":["InkBottle"],"max_hp_gain":0,"max_hp_loss":0,"event_name":"Addict","floor":28,"gold_loss":85},{"damage_healed":0,"gold_gain":99,"player_choice":"Stole From Cult","damage_taken":0,"max_hp_gain":0,"max_hp_loss":0,"event_name":"Nest","floor":31,"gold_loss":0},{"damage_healed":0,"gold_gain":250,"player_choice":"Sell","damage_taken":0,"max_hp_gain":0,"max_hp_loss":0,"event_name":"Plate Of N\u0027loth","floor":36,"relics_lost":["GodSword6"],"gold_loss":0},{"damage_healed":0,"gold_gain":0,"player_choice":"Grow","damage_taken":0,"max_hp_gain":0,"max_hp_loss":0,"event_name":"Living Wall","floor":54,"gold_loss":0,"cards_upgraded":["InstantArmor"]},{"damage_healed":0,"gold_gain":0,"player_choice":"Entered Light","damage_taken":23,"max_hp_gain":0,"max_hp_loss":0,"event_name":"Shining Light","floor":62,"gold_loss":0,"cards_upgraded":["BottledTime","Rearm"]},{"damage_healed":0,"gold_gain":0,"player_choice":"Invest 4","damage_taken":0,"max_hp_gain":0,"max_hp_loss":0,"event_name":"conspire:Investor","floor":73,"gold_loss":0}],"is_beta":false,"boss_relics":[{"not_picked":["Snecko Eye","Runic Dome"],"picked":"RedLine:ReiMu"},{"not_picked":["hubris:HollowSoul","halation:Prosthetics"],"picked":"Empty Cage"},{"not_picked":["testmod-TimeTraveler","CosmicIsotope"],"picked":"Astrolabe"},{"not_picked":["Sozu","OneHitWonderSystem","testmod-PortableAltar"],"picked":"GuanYuAspect"},{"not_picked":["energizedSpire:MagnifyingGlass","energizedSpire:OgreHead","testmod-EnergyCheck"],"picked":"testmod-Temperance"}],"items_purged_floors":[],"is_endless":true,"potions_floor_spawned":[10,16,18,30,33,35,38,48,58,67,75,78,80],"killed_by":"3 Shapes","ascension_level":0}}