{"host":"o9lehcdjc4u6j9un","time":1614349118,"event":{"mods":["Aspiration","BaseMod","Better-Laid Plans","Bossed Relics","Colored Map","Hermit","Marisa£®ÏF”Í°°ƒß¿Ì…≥£©","Minty Spire (QoL Compilation)","StSLib","The Marked","The Runesmith"],"gold_per_floor":[116,136,153,153,173,173,206,206,206,206,62,97,22,22,22,125,125,145,145,195,206,206,206],"floor_reached":22,"language":"ZHS","playtime":1212,"items_purged":["Strike_B"],"score":202,"play_id":"d8ed066f-f5ba-48de-990d-46b3328aaff0","local_time":"20210226221838","is_ascension_mode":true,"campfire_choices":[{"data":"Dualcast","floor":6,"key":"SMITH"},{"data":"Redo","floor":8,"key":"SMITH"},{"data":"Lockon","floor":10,"key":"SMITH"},{"floor":15,"key":"RECALL"}],"circlet_count":0,"master_deck":["Strike_B","Strike_B","Strike_B","Defend_B","Defend_B","Defend_B","Defend_B","Zap+1","Dualcast+1","Lockon+1","Redo+1","Ball Lightning","Rebound","Meteor Strike","Gash","Gash"],"relics":["Coffee Dripper","Blood Vial","Question Card","PreservedInsect","Pocketwatch","FaceOfCleric","Black Star"],"acts_visited":["Exordium","TheCity"],"potions_floor_usage":[7,16,18],"damage_taken":[{"damage":2,"enemies":"2 Louse","floor":1,"turns":2},{"damage":0,"enemies":"Cultist","floor":2,"turns":2},{"damage":0,"enemies":"Jaw Worm","floor":3,"turns":3},{"damage":11,"enemies":"Large Slime","floor":5,"turns":5},{"damage":13,"enemies":"Gremlin Nob","floor":7,"turns":3},{"damage":8,"enemies":"Lagavulin","floor":12,"turns":3},{"damage":2,"enemies":"Slime Boss","floor":16,"turns":7},{"damage":19,"enemies":"Spheric Guardian","floor":18,"turns":4},{"damage":14,"enemies":"Shell Parasite","floor":21,"turns":4},{"damage":18,"enemies":"Centurion and Healer","floor":22,"turns":5}],"seed_played":"623978487751384380","potions_obtained":[{"floor":3,"key":"Swift Potion"},{"floor":5,"key":"PowerPotion"},{"floor":12,"key":"LiquidMemories"}],"is_trial":false,"path_per_floor":["M","M","M","?","M","R","E","R","T","R","$","E","$","?","R","B",null,"M","?","?","M","M"],"character_chosen":"DEFECT","items_purchased":["PreservedInsect"],"campfire_rested":0,"item_purchase_floors":[11],"current_hp_per_floor":[73,73,73,73,62,62,49,49,49,49,49,43,43,43,43,44,76,58,58,58,47,31,31],"gold":206,"neow_bonus":"BOSS_RELIC","is_daily":false,"chose_seed":false,"campfire_upgraded":3,"win_rate":0.0,"timestamp":1614349118,"path_taken":["M","M","M","?","M","R","E","R","T","R","?","E","$","?","R","BOSS","M","?","?","M","?"],"items_purchased_type":["Relic"],"build_version":"2020-12-22","purchased_purges":1,"victory":false,"max_hp_per_floor":[75,75,75,75,75,75,75,75,75,75,75,75,75,75,75,76,76,77,77,77,78,78,78],"card_choices":[{"not_picked":["Turbo","Steam Power"],"picked":"Lockon","floor":1},{"not_picked":["Streamline","Barrage"],"picked":"Redo","floor":2},{"not_picked":["Stack","All For One"],"picked":"Ball Lightning","floor":3},{"not_picked":["Blizzard","Capacitor","Auto Shields"],"picked":"SKIP","floor":5},{"not_picked":["Streamline","Hello World","Redo"],"picked":"SKIP","floor":7},{"not_picked":["Beam Cell","Compile Driver","Chill"],"picked":"Rebound","floor":12},{"not_picked":["All For One","Thunder Strike","Echo Form"],"picked":"Meteor Strike","floor":16},{"not_picked":["Stack","Defragment","Ball Lightning"],"picked":"Gash","floor":18},{"not_picked":["Steam","Compile Driver","Beam Cell","Tempest"],"picked":"SKIP","floor":21}],"player_experience":176872,"relics_obtained":[{"floor":7,"key":"Blood Vial"},{"floor":9,"key":"Question Card"},{"floor":12,"key":"Pocketwatch"}],"event_choices":[{"damage_healed":0,"gold_gain":0,"player_choice":"Upgraded","damage_taken":0,"max_hp_gain":0,"max_hp_loss":0,"event_name":"Upgrade Shrine","floor":4,"gold_loss":0,"cards_upgraded":["Zap"]},{"damage_healed":0,"gold_gain":0,"player_choice":"Trade","damage_taken":0,"relics_obtained":["FaceOfCleric"],"max_hp_gain":0,"max_hp_loss":0,"event_name":"FaceTrader","floor":14,"gold_loss":0},{"damage_healed":0,"gold_gain":0,"player_choice":"Read","damage_taken":0,"max_hp_gain":0,"max_hp_loss":0,"event_name":"The Library","floor":19,"gold_loss":0,"cards_obtained":["Gash"]},{"damage_healed":0,"gold_gain":100,"player_choice":"Bet on Murderer","damage_taken":0,"max_hp_gain":0,"max_hp_loss":0,"event_name":"The Joust","floor":20,"gold_loss":50}],"is_beta":false,"boss_relics":[{"not_picked":["Inserter","Ectoplasm"],"picked":"Black Star"}],"items_purged_floors":[13],"is_endless":false,"potions_floor_spawned":[3,5,12],"killed_by":"Centurion and Healer","ascension_level":1}}