{"host":"rwiy0nr47d6nmxat","time":1614363812,"event":{"mods":["2.2 Compatiblity","AchievementEnabler","Act Like it!","Aspiration","BaseMod","Better Note","Better Sensory Stone","Block Reminder","Challenge The Spire","Colored Map","Colored Powertips","Conspire","Curses Come First","Elementarium","Highlight Path","Hubris","Infinite Spire","Mad Scientist","Minty Spire (QoL Compilation)","Permanent Neow","Quick Restart","Rare Cards Sparkle","Reliquary","Replay The Spire","Ruina","Spire Arcade","StSLib","SuperFastMode","The Cursed","TheFirefly","slay the spire mod where everything is the same but ironclad has a cowboy hat"],"gold_per_floor":[119,130,130,142,152,186,186,218,218,218,22,22,41,59,59,161,161,174,134,152,152,163,183,196,4,30,30,47,57,71,101,101,201,201,224,259,259,296,328,328,328,328],"floor_reached":41,"language":"ENG","playtime":1890,"items_purged":[],"score":450,"play_id":"832ebdde-1840-4b17-930f-6e244f0fd635","local_time":"20210226132332","is_ascension_mode":true,"campfire_choices":[{"data":"hubris:DuctTapeCard","floor":7,"key":"SMITH"},{"floor":10,"key":"REST"},{"floor":15,"key":"REST"},{"floor":32,"key":"REST"},{"floor":40,"key":"REST"}],"circlet_count":0,"master_deck":["Strike_B","Strike_B","Strike_B","Strike_B","Defend_B","Defend_B","Defend_B","Defend_B","Zap","Dualcast","Conserve Battery","Gash","hubris:DuctTapeCard+2","Barrage","Rainbow","Ball Lightning","Crystallizer","Stack","hubris:DoWhile","hubris:Ukulele","Barrage+1","BootSequence","Lockon","Coolheaded","Sweeping Beam","Creative AI","Conserve Battery+1","MadScienceMod:NowOrNever+1","Redo","Panache","Quick Slash+1","Consecrate+1","MadScienceMod:Sprocket+1","Mirror Shield"],"relics":["Cracked Core","aspiration:Nostalgia","Burning Blood","hubris:DuctTape","Replay:Rubber Ducky","infinitespire:Broken Mirror","conspire:SpecialSausage","SlaversCollar","Mirror","PrismaticShard","Geode","Nloth\u0027s Gift","aspiration:AnachronicSnailShell","hubris:Backtick","hubris:HerbalPaste","infinitespire:EvilPickle","reliquary:Firecrackers"],"acts_visited":["Exordium","TheCity","TheBeyond"],"potions_floor_usage":[6,6,13,22,23,23,23,24,30,38,38,38],"damage_taken":[{"damage":10,"enemies":"2 Louse","floor":1,"turns":3},{"damage":0,"enemies":"Jaw Worm","floor":2,"turns":4},{"damage":0,"enemies":"Cultist","floor":4,"turns":4},{"damage":12,"enemies":"Blue Slaver","floor":5,"turns":4},{"damage":28,"enemies":"Gremlin Nob","floor":6,"turns":5},{"damage":30,"enemies":"3 Sentries","floor":8,"turns":8},{"damage":12,"enemies":"Red Slaver","floor":13,"turns":5},{"damage":0,"enemies":"Large Slime","floor":14,"turns":6},{"damage":35,"enemies":"Fading Forest","floor":16,"turns":11},{"damage":10,"enemies":"Spheric Guardian","floor":18,"turns":4},{"damage":9,"enemies":"Chosen","floor":20,"turns":4},{"damage":45,"enemies":"Centurion and Healer","floor":22,"turns":7},{"damage":0,"enemies":"Chosen and Byrds","floor":23,"turns":5},{"damage":5,"enemies":"Shelled Parasite and Fungi","floor":24,"turns":3},{"damage":9,"enemies":"conspire:HollyBat","floor":28,"turns":8},{"damage":4,"enemies":"Chosen and Byrds","floor":29,"turns":6},{"damage":10,"enemies":"Cultist and Chosen","floor":30,"turns":6},{"damage":8,"enemies":"conspire:Head Lice","floor":31,"turns":6},{"damage":11,"enemies":"Pondfish","floor":33,"turns":12},{"damage":7,"enemies":"3 Shapes","floor":35,"turns":5},{"damage":0,"enemies":"Orb Walker","floor":36,"turns":3},{"damage":24,"enemies":"conspire:MimicChest","floor":38,"turns":8},{"damage":48,"enemies":"Jaw Worm Horde","floor":39,"turns":5},{"damage":60,"enemies":"Nemesis","floor":41,"turns":7}],"seed_played":"-6741186927937704692","potions_obtained":[{"floor":2,"key":"Dexterity Potion"},{"floor":5,"key":"SteroidPotion"},{"floor":6,"key":"DuplicationPotion"},{"floor":19,"key":"Dexterity Potion"},{"floor":19,"key":"Block Potion"},{"floor":19,"key":"AttackPotion"},{"floor":22,"key":"BlessingOfTheForge"},{"floor":23,"key":"SteroidPotion"},{"floor":29,"key":"Block Potion"},{"floor":33,"key":"Weak Potion"},{"floor":35,"key":"Languid Potion"},{"floor":36,"key":"LiquidBronze"}],"is_trial":false,"path_per_floor":["M","M","$","M","M","E","R","E","T","R","$","?","M","M","R","B",null,"M","?","M","AVR","M","M","M","$","T","?","M","M","M","E","R","B",null,"M","M","?","?","M","R","E"],"character_chosen":"DEFECT","items_purchased":["ReplayTheSpireMod:TigerMarble","Ball Lightning","PrismaticShard","Sweeping Beam"],"campfire_rested":4,"item_purchase_floors":[11,11,25,25],"current_hp_per_floor":[71,75,75,75,69,47,47,23,23,45,45,45,41,47,70,57,77,73,73,70,70,31,37,38,38,38,38,35,37,33,31,54,49,77,77,77,80,62,26,50,0,0],"gold":328,"neow_bonus":"NOSTALGIA","is_daily":false,"chose_seed":false,"campfire_upgraded":1,"win_rate":0.0,"timestamp":1614363812,"path_taken":["M","M","$","M","M","E","R","E","T","R","$","?","?","M","R","BOSS","M","?","M","AVR","M","?","M","$","T","?","M","M","M","E","R","BOSS","M","?","?","?","?","R","E"],"items_purchased_type":["Relic","Card","Relic","Card"],"build_version":"2020-12-22","purchased_purges":0,"victory":false,"max_hp_per_floor":[75,75,75,75,75,75,75,75,75,75,75,75,77,77,77,77,77,77,77,77,77,77,77,77,77,77,77,77,77,77,77,77,77,77,77,77,80,80,80,80,80,80],"card_choices":[{"not_picked":["ReplayTheSpireMod:System Scan","Go for the Eyes"],"picked":"Conserve Battery","floor":1},{"not_picked":["Beam Cell","Fusion"],"picked":"Gash","floor":2},{"not_picked":["Scrape","Rip and Tear"],"picked":"Skim","floor":4},{"not_picked":["Hologram","ReplayTheSpireMod:Dual Polarity"],"picked":"Heatsinks","floor":5},{"not_picked":["Hologram","Skim"],"picked":"Barrage","floor":6},{"not_picked":["Go for the Eyes","Leap"],"picked":"Rainbow","floor":8},{"not_picked":["Barrage","ReplayTheSpireMod:Dual Polarity"],"picked":"Crystallizer","floor":13},{"not_picked":["Steam","Cold Snap"],"picked":"Stack","floor":14},{"not_picked":["Core Surge","Hyperbeam"],"picked":"hubris:DoWhile","floor":16},{"not_picked":["Recycle","Coolheaded"],"picked":"hubris:Ukulele","floor":18},{"not_picked":["ReplayTheSpireMod:Dual Polarity+1","Redo"],"picked":"Barrage+1","floor":20},{"not_picked":["Conserve Battery","Coolheaded"],"picked":"BootSequence","floor":22},{"not_picked":["conspire:SharedLibrary","Go for the Eyes"],"picked":"Lockon","floor":23},{"not_picked":["Beam Cell","Doom and Gloom"],"picked":"Coolheaded","floor":24},{"not_picked":["CutThroughFate","Tempest"],"picked":"Creative AI","floor":28},{"not_picked":["Flying Knee","Flex"],"picked":"Conserve Battery+1","floor":29},{"not_picked":["FIFO Queue","MadScienceMod:EnergyBarrier"],"picked":"MadScienceMod:NowOrNever+1","floor":30},{"not_picked":["MadScienceMod:GlassCannon","BowlingBash"],"picked":"Redo","floor":31},{"not_picked":["TheCursedMod:StunningStrike","thefirefly:Regeneration"],"picked":"Panache","floor":33},{"not_picked":["ClearTheMind+1","Hemokinesis"],"picked":"Quick Slash+1","floor":35},{"not_picked":["Stack","Nirvana"],"picked":"Consecrate+1","floor":36},{"not_picked":["Deflect+1","Masterful Stab"],"picked":"MadScienceMod:Sprocket+1","floor":38},{"not_picked":["Sunder+1","MadScienceMod:BoxOfScraps+1"],"picked":"Mirror Shield","floor":39}],"player_experience":77342,"relics_obtained":[{"floor":6,"key":"hubris:DuctTape"},{"floor":8,"key":"Replay:Rubber Ducky"},{"floor":9,"key":"infinitespire:Broken Mirror"},{"floor":26,"key":"Geode"},{"floor":31,"key":"aspiration:AnachronicSnailShell"},{"floor":38,"key":"reliquary:Firecrackers"}],"event_choices":[{"damage_healed":0,"gold_gain":0,"player_choice":"Leave","damage_taken":0,"max_hp_gain":0,"max_hp_loss":0,"event_name":"conspire:Investor","floor":12,"gold_loss":0},{"damage_healed":0,"gold_gain":0,"player_choice":"Bought 3 Potions","damage_taken":0,"max_hp_gain":0,"max_hp_loss":0,"event_name":"The Woman in Blue","floor":19,"gold_loss":0},{"damage_healed":0,"gold_gain":0,"player_choice":"Traded Relic","damage_taken":0,"relics_obtained":["Nloth\u0027s Gift"],"max_hp_gain":0,"max_hp_loss":0,"event_name":"N\u0027loth","floor":27,"relics_lost":["ReplayTheSpireMod:TigerMarble"],"gold_loss":0}],"is_beta":false,"boss_relics":[{"not_picked":["conspire:RunicOctahedron","Replay:Drink Me"],"picked":"conspire:SpecialSausage"},{"not_picked":["ReplayTheSpireMod:DimensionalGlitch","aspiration:Stellarator"],"picked":"hubris:Backtick"}],"items_purged_floors":[],"is_endless":false,"potions_floor_spawned":[2,5,6,20,22,23,29,33,35,36],"killed_by":"Nemesis","ascension_level":1}}