{"host":"f9ntswufr8mq3t4y","time":1614318163,"event":{"mods":["AchievementEnabler","BaseMod","Best Route Mod","Block Reminder","Colored Map","Colored Powertips","Curses Come First","DeckTracker","Displayed Cursed Tome","Highlight Path","Minty Spire (QoL Compilation)","Permanent Neow","Quick Restart","Slay-I","StSLib"],"gold_per_floor":[20,39,56,73,73,119,119,146,146,181,181,210,210,210,210,305,305,319,329,329,343,14,14,40,40,66,66,101,113,143,154,154,258,258,274,290,290,341,360,360,386,386,386,414,430,430,457,473,473,473],"floor_reached":51,"language":"ENG","playtime":3627,"items_purged":["Strike_B"],"score":1120,"play_id":"a67ca006-8f4d-42f3-9050-145d9e47753f","local_time":"20210226084243","is_ascension_mode":true,"campfire_choices":[{"data":"Go for the Eyes","floor":7.0,"key":"SMITH"},{"data":"Defragment","floor":11.0,"key":"SMITH"},{"floor":13.0,"key":"REST"},{"data":"Dualcast","floor":15.0,"key":"SMITH"},{"data":"Fission","floor":23.0,"key":"SMITH"},{"floor":25.0,"key":"REST"},{"floor":27.0,"key":"REST"},{"floor":32.0,"key":"REST"},{"floor":40.0,"key":"REST"},{"floor":42,"key":"REST"},{"floor":46,"key":"REST"},{"data":"Amplify","floor":49,"key":"SMITH"}],"circlet_count":0,"master_deck":["Strike_B","Strike_B","Strike_B","Defend_B","Defend_B","Defend_B","Defend_B","Zap","Dualcast+1","Coolheaded","Leap","Ball Lightning","Seek+1","Go for the Eyes+1","Cold Snap","Defragment+1","Fission+1","Loop+1","Static Discharge+1","Seek+1","Coolheaded+1","Machine Learning+1","CurseOfTheBell","Storm+1","Consume+1","Amplify+1","Loop+1"],"relics":["Cracked Core","Peace Pipe","Ornamental Fan","Cables","Girya","TungstenRod","Frozen Egg 2","Black Star","Mummified Hand","Matryoshka","Kunai","Bronze Scales","Bag of Preparation","Happy Flower","Pear","Smiling Mask","Blood Vial","Calling Bell","Lantern","Pantograph","Dead Branch","Ginger","Lizard Tail","Ice Cream","Symbiotic Virus","Akabeko","Meat on the Bone","Bottled Lightning","Torii","Turnip"],"acts_visited":["Exordium","TheCity","TheBeyond"],"potions_floor_usage":[41],"damage_taken":[{"damage":0.0,"enemies":"Small Slimes","floor":1.0,"turns":3.0},{"damage":0.0,"enemies":"2 Louse","floor":2.0,"turns":4.0},{"damage":1.0,"enemies":"Jaw Worm","floor":3.0,"turns":4.0},{"damage":3.0,"enemies":"Red Slaver","floor":4.0,"turns":4.0},{"damage":11.0,"enemies":"3 Sentries","floor":6.0,"turns":5.0},{"damage":12.0,"enemies":"Lagavulin","floor":8.0,"turns":8.0},{"damage":0.0,"enemies":"3 Sentries","floor":10.0,"turns":5.0},{"damage":12.0,"enemies":"Lagavulin","floor":12.0,"turns":5.0},{"damage":16.0,"enemies":"Hexaghost","floor":16.0,"turns":9.0},{"damage":6.0,"enemies":"Chosen","floor":18.0,"turns":6.0},{"damage":13.0,"enemies":"3 Byrds","floor":19.0,"turns":6.0},{"damage":13.0,"enemies":"Snake Plant","floor":21.0,"turns":3.0},{"damage":20.0,"enemies":"Book of Stabbing","floor":24.0,"turns":5.0},{"damage":11.0,"enemies":"Gremlin Leader","floor":28.0,"turns":4.0},{"damage":1.0,"enemies":"Snecko","floor":29.0,"turns":5.0},{"damage":0.0,"enemies":"Book of Stabbing","floor":30.0,"turns":4.0},{"damage":6.0,"enemies":"Chosen and Byrds","floor":31.0,"turns":5.0},{"damage":46.0,"enemies":"Champ","floor":33.0,"turns":10.0},{"damage":6.0,"enemies":"3 Shapes","floor":35.0,"turns":4.0},{"damage":0.0,"enemies":"Orb Walker","floor":36.0,"turns":4.0},{"damage":18.0,"enemies":"2 Orb Walkers","floor":38.0,"turns":3.0},{"damage":0.0,"enemies":"Maw","floor":39.0,"turns":5.0},{"damage":26,"enemies":"Nemesis","floor":41,"turns":5},{"damage":24,"enemies":"Giant Head","floor":44,"turns":7},{"damage":6,"enemies":"Writhing Mass","floor":45,"turns":2},{"damage":7,"enemies":"Nemesis","floor":47,"turns":3},{"damage":0,"enemies":"Jaw Worm Horde","floor":48,"turns":1},{"damage":46,"enemies":"Time Eater","floor":50,"turns":5}],"seed_played":"-5022644839768190347","potions_obtained":[{"floor":2.0,"key":"ColorlessPotion"},{"floor":6.0,"key":"PotionOfCapacity"},{"floor":8.0,"key":"AttackPotion"},{"floor":10.0,"key":"Swift Potion"},{"floor":18.0,"key":"SteroidPotion"},{"floor":29.0,"key":"Dexterity Potion"},{"floor":31.0,"key":"FairyPotion"},{"floor":33.0,"key":"EssenceOfDarkness"},{"floor":39.0,"key":"Weak Potion"},{"floor":41,"key":"Dexterity Potion"},{"floor":44,"key":"EntropicBrew"}],"is_trial":false,"path_per_floor":["M","M","M","M","?","E","R","E","T","E","R","E","R","?","R","B",null,"M","M","?","M","$","R","E","R","T","R","E","M","E","M","R","B",null,"M","M","?","?","M","R","E","R","T","E","M","R","E","M","R","B",null],"character_chosen":"DEFECT","items_purchased":["Mummified Hand"],"campfire_rested":7,"item_purchase_floors":[22],"current_hp_per_floor":[68,68,67,64,64,53,53,41,41,41,41,29,51,51,51,35,65,59,46,46,33,33,33,13,35,35,57,56,55,55,51,76,32,72,68,70,70,54,56,81,57,82,82,60,56,81,76,78,78,51],"gold":473,"neow_bonus":"ONE_RARE_RELIC","is_daily":false,"chose_seed":false,"campfire_upgraded":5,"win_rate":0.0,"timestamp":1614318163,"path_taken":["M","M","M","M","?","E","R","E","T","E","R","E","R","?","R","BOSS","M","M","?","M","$","R","E","R","T","R","E","M","E","?","R","BOSS","M","M","?","?","M","R","E","R","T","E","M","R","E","M","R","BOSS"],"items_purchased_type":["Relic"],"build_version":"2020-12-22","purchased_purges":1,"victory":true,"max_hp_per_floor":[75,75,75,75,75,75,75,75,75,75,75,75,75,75,75,75,75,75,75,75,75,75,75,75,75,75,75,85,85,85,85,85,85,85,85,85,85,85,85,85,85,85,85,85,85,85,85,85,85,85],"card_choices":[{"not_picked":["Beam Cell","Melter"],"picked":"Coolheaded","floor":1.0},{"not_picked":["Conserve Battery","Steam"],"picked":"Leap","floor":2.0},{"not_picked":["Scrape","Hologram"],"picked":"Ball Lightning","floor":3.0},{"not_picked":["Rebound","Redo"],"picked":"Seek","floor":4.0},{"not_picked":["Leap","Recycle"],"picked":"Go for the Eyes","floor":6.0},{"not_picked":["Barrage","Force Field"],"picked":"Cold Snap","floor":8.0},{"not_picked":["Cold Snap","Scrape"],"picked":"Defragment","floor":10.0},{"not_picked":["Ball Lightning","Rebound","Streamline"],"picked":"SKIP","floor":12.0},{"not_picked":["Biased Cognition+1","Core Surge"],"picked":"Fission","floor":16.0},{"not_picked":["Redo","Compile Driver"],"picked":"Loop+1","floor":18.0},{"not_picked":["Go for the Eyes","Genetic Algorithm+1"],"picked":"Static Discharge+1","floor":19.0},{"not_picked":["Leap","Compile Driver","Reinforced Body"],"picked":"SKIP","floor":21.0},{"not_picked":["Compile Driver","Biased Cognition+1","Meteor Strike"],"picked":"SKIP","floor":24.0},{"not_picked":["Barrage","FTL","Skim"],"picked":"SKIP","floor":28.0},{"not_picked":["Undo+1","Rebound"],"picked":"Coolheaded+1","floor":29.0},{"not_picked":["Leap","Fusion","Barrage"],"picked":"SKIP","floor":30.0},{"not_picked":["Auto Shields","Hologram+1","Rebound"],"picked":"SKIP","floor":31.0},{"not_picked":["Reboot","Rainbow"],"picked":"Machine Learning+1","floor":33.0},{"not_picked":["Doom and Gloom","Conserve Battery","Leap"],"picked":"SKIP","floor":35.0},{"not_picked":["Conserve Battery","Reinforced Body+1"],"picked":"Storm+1","floor":36.0},{"not_picked":["Sweeping Beam+1","Streamline","Rebound+1"],"picked":"SKIP","floor":39.0},{"not_picked":["Darkness","BootSequence","Blizzard"],"picked":"SKIP","floor":41},{"not_picked":["Hologram","Conserve Battery+1"],"picked":"Consume+1","floor":44},{"not_picked":["Skim","Streamline+1"],"picked":"Amplify","floor":45},{"not_picked":["Barrage+1","Steam+1","Hologram"],"picked":"SKIP","floor":47},{"not_picked":["All For One","Rebound+1"],"picked":"Loop+1","floor":48}],"player_experience":469203,"relics_obtained":[{"floor":6.0,"key":"Ornamental Fan"},{"floor":8.0,"key":"Cables"},{"floor":9.0,"key":"Girya"},{"floor":10.0,"key":"TungstenRod"},{"floor":12.0,"key":"Frozen Egg 2"},{"floor":24.0,"key":"Matryoshka"},{"floor":24.0,"key":"Kunai"},{"floor":26.0,"key":"Bronze Scales"},{"floor":26.0,"key":"Bag of Preparation"},{"floor":28.0,"key":"Happy Flower"},{"floor":28.0,"key":"Pear"},{"floor":30.0,"key":"Smiling Mask"},{"floor":30.0,"key":"Blood Vial"},{"floor":34.0,"key":"Lantern"},{"floor":34.0,"key":"Pantograph"},{"floor":34.0,"key":"Dead Branch"},{"floor":38.0,"key":"Ginger"},{"floor":41,"key":"Lizard Tail"},{"floor":41,"key":"Ice Cream"},{"floor":43,"key":"Symbiotic Virus"},{"floor":43,"key":"Akabeko"},{"floor":44,"key":"Meat on the Bone"},{"floor":44,"key":"Bottled Lightning"},{"floor":47,"key":"Torii"},{"floor":47,"key":"Turnip"}],"event_choices":[{"damage_healed":0.0,"max_hp_gain":0.0,"max_hp_loss":0.0,"gold_gain":0.0,"event_name":"Liars Game","player_choice":"Ignored","floor":5.0,"gold_loss":0.0,"damage_taken":0.0},{"damage_healed":0.0,"max_hp_gain":0.0,"max_hp_loss":0.0,"gold_gain":0.0,"event_name":"Living Wall","player_choice":"Grow","floor":14.0,"gold_loss":0.0,"damage_taken":0.0,"cards_upgraded":["Seek"]},{"damage_healed":0.0,"max_hp_gain":0.0,"max_hp_loss":0.0,"gold_gain":0.0,"event_name":"Duplicator","player_choice":"Copied","floor":20.0,"gold_loss":0.0,"damage_taken":0.0,"cards_obtained":["Seek"]},{"damage_healed":0.0,"max_hp_gain":0.0,"max_hp_loss":0.0,"gold_gain":0.0,"event_name":"Tomb of Lord Red Mask","player_choice":"Ignored","floor":37.0,"gold_loss":0.0,"damage_taken":0.0},{"damage_healed":0.0,"max_hp_gain":0.0,"max_hp_loss":0.0,"gold_gain":0.0,"event_name":"Mysterious Sphere","player_choice":"Fight","floor":38.0,"gold_loss":0.0,"damage_taken":0.0}],"is_beta":false,"boss_relics":[{"not_picked":["Sozu","Runic Dome"],"picked":"Black Star"},{"not_picked":["Velvet Choker","Astrolabe"],"picked":"Calling Bell"}],"items_purged_floors":[22],"is_endless":false,"potions_floor_spawned":[2,6,8,10,18,29,31,33,39,41,44,48],"ascension_level":6}}