{"host":"n9djqtt305zq066c","time":1614339617,"event":{"mods":["Act Like it!","BaseMod","Colored Map","Library of Ruina","Library of Ruina Extra","Minty Spire (QoL Compilation)","Rare Cards Sparkle","StSLib"],"gold_per_floor":[119,136,154,154,154,182,182,201,282,308,308,322,340,374,374,476,476,488,587,587,605,605,615,632,651,651,668,695,695,725,740,740,843,843,858,858,868,564,582,582,610,610,610,637,230,140,166,193,193,193,193,193,193,93,122,122],"floor_reached":57,"language":"ZHS","playtime":3075,"items_purged":["LightAttack","LightDefense"],"score":1610,"play_id":"9b7444ce-662a-423a-b113-4f205032e645","local_time":"20210226194017","is_ascension_mode":true,"campfire_choices":[{"data":"TheRedNotes","floor":7.0,"key":"SMITH"},{"data":"FrontalAssault","floor":11.0,"key":"SMITH"},{"data":"AutomatedMovement","floor":15.0,"key":"SMITH"},{"data":"TendonChords","floor":29,"key":"SMITH"},{"data":"Reload","floor":32,"key":"SMITH"},{"floor":40,"key":"RECALL"},{"data":"WillOfThePrescript","floor":49,"key":"SMITH"},{"data":"ShrineToMusic","floor":53,"key":"SMITH"}],"circlet_count":0,"master_deck":["Dodge","LightDefense","ChargeAndCover","FocusedStrikes","BiAn","TheRedNotes+1","SwordOfVolition+1","TendonChords+1","SharpNails","SweepTheBackstreets","WillOfThePrescript+1","FrontalAssault+1","AutomatedMovement+1","StrikeDown","TieShanKao","Commandeering","Outburst","StayCalm+1","Unlock1+1","SturdyDefense+1","ToWhereThePrescriptPoints","Reload+1","Disposal","Concentration+1","Clone+1","GatherIntel","Brawl","BulkyImpact+1","ShrineToMusic+1","TheWillOfTheCity+1","Leap_lor+1","SilentMist"],"relics":["PageOfLibrarian","WingedGreaves","PageOfSingingMachine","PageOfForsakenMurderer","StrikeDummy","PageOfRedShoes","Sozu","Oddly Smooth Stone","PageOfPorccubus","Empty Cage","Bag of Marbles","Orrery","Vajra","Akabeko","Potion Belt","PageOfScorchedGirl","Toy Ornithopter","PageOfPinocchio","Orichalcum"],"acts_visited":["Exordium","TheCity","TheBeyond","TheEnding"],"potions_floor_usage":[28,56,56],"damage_taken":[{"damage":0.0,"enemies":"2 Louse","floor":1.0,"turns":3.0},{"damage":0.0,"enemies":"Jaw Worm","floor":2.0,"turns":3.0},{"damage":0.0,"enemies":"Small Slimes","floor":3.0,"turns":3.0},{"damage":13.0,"enemies":"Gremlin Nob","floor":6.0,"turns":3.0},{"damage":0.0,"enemies":"Looter","floor":8.0,"turns":1.0},{"damage":15.0,"enemies":"3 Sentries","floor":10.0,"turns":7.0},{"damage":0.0,"enemies":"2 Fungi Beasts","floor":12.0,"turns":1.0},{"damage":6.0,"enemies":"Red Slaver","floor":13.0,"turns":4.0},{"damage":20.0,"enemies":"Lagavulin","floor":14.0,"turns":5.0},{"damage":0.0,"enemies":"Slime Boss","floor":16.0,"turns":4.0},{"damage":0.0,"enemies":"Chosen","floor":18.0,"turns":2.0},{"damage":4.0,"enemies":"Shell Parasite","floor":21.0,"turns":3.0},{"damage":0,"enemies":"Centurion and Healer","floor":23,"turns":4},{"damage":0,"enemies":"Cultist and Chosen","floor":24,"turns":4},{"damage":0,"enemies":"Snecko","floor":25,"turns":2},{"damage":2,"enemies":"Chosen and Byrds","floor":27,"turns":3},{"damage":0,"enemies":"Slavers","floor":28,"turns":2},{"damage":27,"enemies":"Gremlin Leader","floor":30,"turns":2},{"damage":0,"enemies":"Snake Plant","floor":31,"turns":2},{"damage":1,"enemies":"KingOfGreed","floor":33,"turns":6},{"damage":0,"enemies":"3 Shapes","floor":35,"turns":2},{"damage":0,"enemies":"Orb Walker","floor":37,"turns":2},{"damage":0,"enemies":"Sphere and 2 Shapes","floor":39,"turns":3},{"damage":0,"enemies":"Reptomancer","floor":41,"turns":3},{"damage":0,"enemies":"Giant Head","floor":47,"turns":7},{"damage":0,"enemies":"Reptomancer","floor":48,"turns":2},{"damage":5,"enemies":"Awakened One","floor":50,"turns":6},{"damage":0,"enemies":"Awakened One","floor":51,"turns":3},{"damage":21,"enemies":"Shield and Spear","floor":55,"turns":2},{"damage":97,"enemies":"The Heart","floor":56,"turns":6}],"seed_played":"433436332291959390","potions_obtained":[{"floor":2.0,"key":"FearPotion"},{"floor":6.0,"key":"FearPotion"},{"floor":10.0,"key":"PowerPotion"}],"is_trial":false,"path_per_floor":["M","M","M","?","?","E","R","M","T","E","R","M","M","E","R","B",null,"M","?","?","M","?","M","M","M","T","M","E","R","E","M","R","B",null,"M","?","M","$","M","R","E","?","T","T","$","?","E","E","R","B",null,null,"R","$","E","B",null],"character_chosen":"Librarian","items_purchased":["Bag of Marbles","Orrery","PageOfScorchedGirl","ShrineToMusic"],"campfire_rested":0,"item_purchase_floors":[38,38,45,45],"current_hp_per_floor":[60,60,60,60,53,45,45,45,45,44,44,44,49,35,35,43,84,84,84,84,80,80,84,84,84,84,84,84,84,60,60,60,73,86,86,86,86,86,86,86,86,86,86,86,86,86,86,86,86,81,84,86,86,86,69,3],"gold":122,"neow_bonus":"THREE_CARDS","is_daily":false,"chose_seed":false,"campfire_upgraded":7,"win_rate":0.0,"timestamp":1614339617,"path_taken":["M","M","M","?","?","E","R","M","T","E","R","M","M","E","R","BOSS","M","?","?","M","?","M","M","?","T","M","E","R","E","M","R","BOSS","M","?","M","$","M","R","E","?","T","?","$","?","E","E","R","BOSS","R","$","E","BOSS"],"items_purchased_type":["Relic","Relic","Relic","Card"],"build_version":"2020-12-22","purchased_purges":2,"victory":true,"max_hp_per_floor":[70,70,78,78,78,78,78,78,78,78,78,78,78,84,84,84,84,84,84,84,84,84,84,84,84,84,84,84,84,84,84,84,86,86,86,86,86,86,86,86,86,86,86,86,86,86,86,86,86,86,86,86,86,86,86,86],"card_choices":[{"not_picked":["Gigigig","Standoff"],"picked":"BiAn","floor":0.0},{"not_picked":["CircusKnives","SparkingSpear","MultiHit","Faith","FocusFire","BackstreetsDash","GrazeTheGrass","EndlessBattle"],"picked":"TheRedNotes","floor":1.0},{"not_picked":["CombatPreparation","Standoff","FlowOfTheSword","KeepItFresh","FleetEdge","Parry2","Gigigig","BiAn"],"picked":"SwordOfVolition","floor":2.0},{"not_picked":["DarkCloud","Lock","Leap_lor","RushDown","EnergyCycle","Parry2","GrazeTheGrass","BiAn"],"picked":"TendonChords","floor":3.0},{"not_picked":["ForTheFamily","Mutilate","QuickSuppression","Rewind","NightInTheBackstreets","StartinOutLightly","DarkCloud","SmokingPipe"],"picked":"SweepTheBackstreets","floor":6.0},{"not_picked":["QuickAttack","SharpSwipe","ClassAndRespect","DaringDecision","Diversion","SharpNails","EnergyShield","AutonomousRush"],"picked":"WillOfThePrescript","floor":8.0},{"not_picked":["DimensionalRift","GuardingStance","AsThePrescriptOrders","SuppressingShot","GreatSerpentsImpact","ToOvercomeCrisis","StructuralAnalysis","Standoff"],"picked":"FrontalAssault","floor":10.0},{"not_picked":["DarkCloud","ICanCookAnything","BlazingStrike","SuppressingShot","AsThePrescriptOrders","BiAn","FleetEdge","UnavoidableGaze"],"picked":"AutomatedMovement","floor":12.0},{"not_picked":["GuidanceOfTheGears","Deflect_lor","BackAttack","TraceOfFumes","StructuralAnalysis","MultiHit","IllEndYou","FleetEdge"],"picked":"StrikeDown","floor":13.0},{"not_picked":["RatsGuideToSurvival","AutomatedMovement","GuardingStance","MultiHit","SweepTheBackstreets","AsThePrescriptOrders","GrazeTheGrass","Quickness"],"picked":"TieShanKao","floor":14.0},{"not_picked":["DistortedBlade","Eradication"],"picked":"Commandeering","floor":16.0},{"not_picked":["QuickAttack+1","SinglePointStab","EnergyConversion+1","TrimTheIngredients","Eject","WillOfThePrescript","CoordinatedAssault","Mutilate"],"picked":"Outburst","floor":18.0},{"not_picked":["Transpierce","ConcentratedFire","GreatSerpentsImpact","PreparedMind+1","Parry2","QuickSuppression","Parry","FierceOnslaught","BackAttack"],"picked":"SKIP","floor":21.0},{"not_picked":["LawAndOrder+1","Reload","BackAttack","Concentration","Standoff+1","SweepTheBackstreets","Gigigig","StrikeDown"],"picked":"StayCalm+1","floor":23},{"not_picked":["RatsGuideToSurvival+1","TendonChords","Gamble","TimeForALittleTest","PreemptiveStrike","Leap_lor","InnerArdor+1","SharpSwipe+1"],"picked":"Unlock1+1","floor":24},{"not_picked":["Thrust","ExtremeEdge+1","WillBeTasty","Collision","StructuralAnalysis","BiAn","BladeWhirl","TimeForALittleTest+1"],"picked":"SturdyDefense+1","floor":25},{"not_picked":["Quickness+1","Pound","GuardingStance","Outburst","FleetEdge+1","GutHarvesting","KeepItFresh","StrikeDown","PinpointShot"],"picked":"SKIP","floor":27},{"not_picked":["StrongStrike","ProselytesBlade","Slice_lor","RagingStormLove","GrazeTheGrass","ScatteringSlash","DimensionalRift+1","FeelinGood"],"picked":"ToWhereThePrescriptPoints","floor":28},{"not_picked":["Gamble","WillOfThePrescript","Tailoring","Lock","Wallop_lor","CoordinatedAssault","ViolentFlame+1","AGoldenOpportunity","ElectricShock"],"picked":"SKIP","floor":30},{"not_picked":["AutonomousRush","Wallop_lor","Faith","Commandeering","AGoldenOpportunity","SetFire","SummaryJudgment","Riposte+1"],"picked":"Reload","floor":31},{"not_picked":["FormingStorm","EmotionalTurbulence"],"picked":"Disposal","floor":33},{"not_picked":["UnavoidableGaze","MultiHit","FlowOfTheSword+1","Unlock1","Riposte","Thrust+1","NightInTheBackstreets+1","TheWillOfTheCity+1"],"picked":"Concentration+1","floor":35},{"not_picked":["StructuralAnalysis","UpbeatPerformance","TrimTheIngredients+1","SerpentSwordTechnique","BiAn","UnavoidableGaze+1","Zzzzzap","SilentNight","FrontalAssault+1"],"picked":"SKIP","floor":37},{"not_picked":["YoureTooSlow","JiaoTu","GuardingStance+1","BizarreAttack+1","Deflect_lor","SerpentSwordTechnique+1","SinglePointStab+1","HardRehearsal"],"picked":"Clone+1","floor":38},{"not_picked":["FlyingSword","Parry","EnergyStrike+1","HandlingWork+1","Parry2","GroundSmash","Thrust+1","SinglePointStab"],"picked":"GatherIntel","floor":38},{"not_picked":["FierceCharge","Thrust","StructuralAnalysis+1","FlashingStrike+1","BlindFaith+1","FormingStorm","ProselytesBlade+1","Pound"],"picked":"Brawl","floor":38},{"not_picked":["BladeWhirl","BiAn+1","FlashOfSunup+1","QuickAttack","HiddenBlade","PreemptiveStrike","ForTheFamily","AsThePrescriptOrders+1"],"picked":"BulkyImpact+1","floor":38},{"not_picked":["CircusKnives+1","ChargeUp","CoordinatedAssault","QuickAttack","Wallop_lor","Unlock1","MultiBlock+1","IngredientHunt+1","CookingPrep"],"picked":"SKIP","floor":39},{"not_picked":["FleetFootsteps","Parry","FeelinGood","Outburst+1","HandlingWork+1","Cruelty","FrontalAssault+1","Standoff+1","StrikeDown+1"],"picked":"SKIP","floor":41},{"not_picked":["FleetFootsteps","Parry","FeelinGood","Outburst+1","HandlingWork+1","Cruelty","FrontalAssault+1","Standoff+1","StrikeDown+1"],"picked":"SKIP","floor":41},{"not_picked":["QuickSuppression","PuppetBlockade","TendonChords+1","CumulusWall+1","IdentifyWeakpoint","EnergyShield+1","GutHarvesting","FleetEdge"],"picked":"TheWillOfTheCity+1","floor":47},{"not_picked":["Punishment","UndertakePrescript+1","SwordOfVolition","BiAn","MindPrepared+1","Outburst+1","Parry2","TendonChords"],"picked":"Leap_lor+1","floor":48},{"not_picked":["CircusKnives+1","FlamingDragonFist","Parry2+1","Struggle+1","Marionette","GrazeTheGrass","YouOnlyLiveOnce+1","IronWall+1"],"picked":"SilentMist","floor":55}],"player_experience":230903,"relics_obtained":[{"floor":6.0,"key":"PageOfSingingMachine"},{"floor":9.0,"key":"PageOfForsakenMurderer"},{"floor":10.0,"key":"StrikeDummy"},{"floor":14.0,"key":"PageOfRedShoes"},{"floor":28,"key":"Oddly Smooth Stone"},{"floor":30,"key":"PageOfPorccubus"},{"floor":41,"key":"Vajra"},{"floor":43,"key":"Akabeko"},{"floor":44,"key":"Potion Belt"},{"floor":47,"key":"Toy Ornithopter"},{"floor":48,"key":"PageOfPinocchio"},{"floor":55,"key":"Orichalcum"}],"event_choices":[{"damage_healed":0.0,"max_hp_gain":0.0,"max_hp_loss":0.0,"gold_gain":0.0,"cards_transformed":["LightAttack"],"event_name":"Living Wall","player_choice":"Change","floor":4.0,"gold_loss":0.0,"damage_taken":0.0,"cards_obtained":["SharpNails"]},{"damage_healed":0.0,"max_hp_gain":0.0,"max_hp_loss":0.0,"gold_gain":0.0,"event_name":"Scrap Ooze","player_choice":"Success","floor":5.0,"gold_loss":0.0,"damage_taken":7.0,"relics_obtained":["WingedGreaves"]},{"damage_healed":0.0,"max_hp_gain":0.0,"max_hp_loss":0.0,"gold_gain":99.0,"event_name":"Nest","player_choice":"Stole From Cult","floor":19.0,"gold_loss":0.0,"damage_taken":0.0},{"damage_healed":0.0,"max_hp_gain":0.0,"max_hp_loss":0.0,"gold_gain":0.0,"event_name":"Ghosts","player_choice":"Ignored","floor":20.0,"gold_loss":0.0,"damage_taken":0.0},{"damage_healed":0,"gold_gain":0,"player_choice":"Ignored","damage_taken":0,"max_hp_gain":0,"max_hp_loss":0,"event_name":"Duplicator","floor":22,"gold_loss":0},{"damage_healed":0,"gold_gain":0,"player_choice":"Memory 1","damage_taken":0,"max_hp_gain":0,"max_hp_loss":0,"event_name":"SensoryStone","floor":36,"gold_loss":0},{"damage_healed":0,"gold_gain":0,"player_choice":"Ignored","damage_taken":0,"max_hp_gain":0,"max_hp_loss":0,"event_name":"Tomb of Lord Red Mask","floor":42,"gold_loss":0},{"cards_removed":["LightAttack"],"damage_healed":0,"gold_gain":0,"player_choice":"Upgrade and Remove","damage_taken":0,"max_hp_gain":0,"max_hp_loss":0,"event_name":"Designer","floor":46,"gold_loss":90,"cards_upgraded":["SwordOfVolition"]}],"is_beta":false,"boss_relics":[{"not_picked":["Calling Bell","Velvet Choker"],"picked":"Sozu"},{"not_picked":["Runic Pyramid","Black Star"],"picked":"Empty Cage"}],"items_purged_floors":[45,54],"is_endless":false,"potions_floor_spawned":[2,6,10,12,16,23,24,28,30,33,35,37,47],"ascension_level":1}}