{"host":"liu","time":1614341915,"event":{"mods":["100% Spire Juice","ATMod(°¢èªMod)","Act Like it!","Arknights","BaseMod","KinomotoSakuraMod(Ä¾Ö®±¾Ó£)","Lobotomy","Marisa£¨ìFÓê¡¡Ä§ÀíÉ³£©","Minty Spire (QoL Compilation)","Reimu£¨²©ÀöÁéÃÎ£©","Remilia£¨ÀÙÃ×ÀòÑÇ£©","StSLib","TestMod","The Construct","The Senshi","Youmu£¨»êÆÇÑýÃÎ£©","¡¾ÒÅÎï¿¨ÅÆ¡¿REMEMod"],"gold_per_floor":[112,62,137,147,159,159,187,187,237,270,348,11,30,58,58,156,156,168,180,199,124,134,159,159,175,175,200,214,244,258,271,271,372,372,389,389,399,399,415,448,448,485,485,485,549,583,612,430,430,440,440,440,11,52,82],"floor_reached":56,"language":"ZHS","playtime":2401,"items_purged":["Strike_R","Strike_R","Defend_R"],"score":1906,"play_id":"c67aae6f-eb88-4ae3-b21a-2a7b4dedcb07","local_time":"20210226201835","is_ascension_mode":true,"campfire_choices":[{"data":"construct:HyperBeam","floor":6.0,"key":"SMITH"},{"data":"REME_ACTH","floor":8.0,"key":"SMITH"},{"data":"1","floor":15.0,"key":"LIFT"},{"data":"AT_CaressingTears","floor":24,"key":"SMITH"},{"data":"Barricade","floor":32,"key":"SMITH"},{"data":"AT_ShrugMaster","floor":41,"key":"SMITH"},{"data":"2","floor":44,"key":"LIFT"},{"floor":49,"key":"RECALL"},{"data":"3","floor":52,"key":"LIFT"}],"circlet_count":0,"master_deck":["Strike_R","Defend_R","Defend_R","Defend_R","Bash","construct:HyperBeam+1","AT_ChampionStep","Pommel Strike","REME_Scribble","REME_ACTH+1","Shrug It Off","Evolve","AT_CaressingTears+1","Power Through","Battle Trance","Feel No Pain","Bloodletting","Offering","Barricade+1","REME_Cut","Pummel+1","REME_Scribble","Bloodletting+1","AT_ShrugMaster+1","AT_DiedThrough+1","Rupture+1","REME_SingleHolding","REME_Cut","AT_IchimonjiDouble+1","Demon Form"],"relics":["Burning Blood","AT_ATBox","testmod-TestBox","REME_ComplimentaryCards","testmod-Recursion","Bag of Marbles","AT_SeraphEmbrace","Girya","Pantograph","testmod-D¨¦j¨¤vu","AT_BellDemon","testmod-Maize","testmod-NegativeEmotionEnhancer","Centennial Puzzle","AT_RedNoBalance","Molten Egg 2","Bronze Scales","Nunchaku","Prayer Wheel","testmod-Justice","testmod-RealStoneCalender","Sundial","Blue Candle","testmod-OneHitWonder","StoneCalendar","Mummified Hand","Ice Cream","construct:ClawGrip","testmod-Acrobat","White Beast Statue","MealTicket","PureWhite:ReiMu","Charon\u0027s Ashes","Darkstone Periapt","AT_RedTearstoneRing","AT_BellowingDragoncrestRing","testmod-RainbowHikingShoes","AT_ChloranthyRing"],"acts_visited":["Exordium","TheCity","TheBeyond","TheEnding"],"potions_floor_usage":[23,23,46],"damage_taken":[{"damage":0.0,"enemies":"ats:Genji","floor":1.0,"turns":1.0},{"damage":0.0,"enemies":"2 Louse","floor":4.0,"turns":2.0},{"damage":2.0,"enemies":"Jaw Worm","floor":5.0,"turns":1.0},{"damage":7.0,"enemies":"3 Sentries","floor":7.0,"turns":4.0},{"damage":2.0,"enemies":"Gremlin Nob","floor":10.0,"turns":2.0},{"damage":8.0,"enemies":"Lots of Slimes","floor":13.0,"turns":2.0},{"damage":20.0,"enemies":"Lagavulin","floor":14.0,"turns":3.0},{"damage":60.0,"enemies":"The Guardian","floor":16.0,"turns":5.0},{"damage":16.0,"enemies":"2 Thieves","floor":18.0,"turns":3.0},{"damage":33.0,"enemies":"3 Byrds","floor":19.0,"turns":4.0},{"damage":14.0,"enemies":"Cultist and Chosen","floor":20.0,"turns":4.0},{"damage":0.0,"enemies":"Snecko","floor":22.0,"turns":2.0},{"damage":0,"enemies":"REME_1_Revenger","floor":23,"turns":2},{"damage":8,"enemies":"3 Cultists","floor":25,"turns":4},{"damage":46,"enemies":"Gremlin Leader","floor":27,"turns":2},{"damage":10,"enemies":"Chosen and Byrds","floor":28,"turns":2},{"damage":34,"enemies":"REME_1_Revenger","floor":29,"turns":3},{"damage":0,"enemies":"Centurion and Healer","floor":30,"turns":2},{"damage":6,"enemies":"Shelled Parasite and Fungi","floor":31,"turns":1},{"damage":29,"enemies":"Champ","floor":33,"turns":2},{"damage":3,"enemies":"3 Shapes","floor":35,"turns":1},{"damage":11,"enemies":"3 Darklings","floor":37,"turns":1},{"damage":6,"enemies":"Maw","floor":39,"turns":1},{"damage":20,"enemies":"Giant Head","floor":40,"turns":2},{"damage":6,"enemies":"Reptomancer","floor":42,"turns":1},{"damage":8,"enemies":"2 Orb Walkers","floor":45,"turns":1},{"damage":18,"enemies":"Transient","floor":46,"turns":2},{"damage":7,"enemies":"Sphere and 2 Shapes","floor":47,"turns":1},{"damage":93,"enemies":"Time Eater","floor":50,"turns":4},{"damage":10,"enemies":"Shield and Spear","floor":54,"turns":1},{"damage":28,"enemies":"The Heart","floor":55,"turns":3}],"seed_played":"-7154931403709928473","potions_obtained":[{"floor":4.0,"key":"Explosive Potion"},{"floor":7.0,"key":"testmod-TestPotion"},{"floor":16.0,"key":"Swift Potion"},{"floor":23,"key":"Fire Potion"},{"floor":25,"key":"Dexterity Potion"},{"floor":31,"key":"Strength Potion"},{"floor":35,"key":"HeartOfIron"},{"floor":46,"key":"testmod-SpacePotion"},{"floor":47,"key":"ColorlessPotion"},{"floor":54,"key":"Fire Potion"}],"is_trial":false,"path_per_floor":["M","?","?","M","M","R","E","R","T","E","T","$","M","E","R","B",null,"M","M","M","$","M","E","R","M","T","E","M","E","M","M","R","B",null,"M","?","M","?","M","E","R","E","T","R","?","M","M","$","R","B",null,"R","$","E","B",null],"character_chosen":"IRONCLAD","items_purchased":["testmod-D¨¦j¨¤vu","Shrug It Off","REME_Cut","AT_BellowingDragoncrestRing","AT_IchimonjiDouble+1"],"campfire_rested":0,"item_purchase_floors":[12,12,48,53,53],"current_hp_per_floor":[78,78,67,73,79,79,80,80,80,86,86,86,86,72,72,36,77,72,55,47,47,59,58,58,58,58,14,61,40,63,62,62,71,105,117,117,120,120,121,123,123,131,131,131,136,141,146,146,146,73,132,132,147,150,144],"gold":82,"neow_bonus":"REMOVE_CARD","is_daily":false,"chose_seed":false,"campfire_upgraded":5,"win_rate":0.0,"timestamp":1614341915,"path_taken":["M","?","?","M","M","R","E","R","T","E","?","$","?","E","R","BOSS","M","M","M","$","?","E","R","M","T","E","M","E","M","M","R","BOSS","M","?","M","?","M","E","R","E","T","R","?","M","M","$","R","BOSS","R","$","E","BOSS"],"items_purchased_type":["Relic","Card","Card","Relic","Card"],"build_version":"2020-12-18","purchased_purges":3,"victory":true,"max_hp_per_floor":[80,80,80,80,82,82,84,84,84,86,86,86,88,88,88,90,90,93,96,99,99,100,101,101,104,104,105,108,109,110,111,111,116,116,117,117,120,120,121,126,126,131,131,131,136,141,146,146,146,151,151,151,151,152,157],"card_choices":[{"not_picked":["Sever Soul","Thunderclap"],"picked":"Pommel Strike","floor":1.0},{"not_picked":["Ghostly Armor","Headbutt"],"picked":"REME_Scribble","floor":4.0},{"not_picked":["Clash","AT_BodySlamDance"],"picked":"REME_ACTH","floor":5.0},{"not_picked":["Perfected Strike","Warcry","Inflame"],"picked":"SKIP","floor":7.0},{"not_picked":["Combust","Thunderclap","Corruption"],"picked":"SKIP","floor":10.0},{"not_picked":["Searing Blow","Havoc"],"picked":"Evolve","floor":13.0},{"not_picked":["Pommel Strike","Body Slam","Armaments"],"picked":"SKIP","floor":14.0},{"not_picked":["Perfected Strike","AT_BodySlamDance"],"picked":"AT_CaressingTears","floor":18.0},{"not_picked":["Iron Wave","Flex"],"picked":"Power Through","floor":19.0},{"not_picked":["Body Slam+1","REME_Cut+1"],"picked":"Battle Trance","floor":20.0},{"not_picked":["AT_BodySlamDance","Flex"],"picked":"Feel No Pain","floor":22.0},{"not_picked":["Rampage+1","Sever Soul+1","AT_Dispersion"],"picked":"SKIP","floor":23},{"not_picked":["Rupture+1","Shockwave+1"],"picked":"Bloodletting","floor":25},{"not_picked":["Clothesline+1","AT_BodySlamDance","Havoc"],"picked":"SKIP","floor":25},{"not_picked":["AT_DiedThrough","Wild Strike+1"],"picked":"Offering","floor":27},{"not_picked":["Warcry","Twin Strike+1"],"picked":"Barricade","floor":28},{"not_picked":["Clash+1","Flex","Spot Weakness"],"picked":"SKIP","floor":28},{"not_picked":["True Grit","AT_GerminateFire","Evolve"],"picked":"SKIP","floor":29},{"not_picked":["Carnage+1","Clothesline+1"],"picked":"REME_Cut","floor":30},{"not_picked":["Clash+1","Cleave+1"],"picked":"Pummel+1","floor":30},{"not_picked":["Sword Boomerang+1","Heavy Blade+1"],"picked":"REME_Scribble","floor":31},{"not_picked":["AT_BodySlamDance","Perfected Strike+1","AT_GerminateFire"],"picked":"SKIP","floor":31},{"not_picked":["Anger+1","Body Slam+1","Hemokinesis+1"],"picked":"SKIP","floor":35},{"not_picked":["Ghostly Armor","Flex+1","Intimidate"],"picked":"SKIP","floor":35},{"not_picked":["Warcry","Havoc"],"picked":"Bloodletting+1","floor":37},{"not_picked":["Headbutt+1","AT_IchimonjiDouble+1"],"picked":"AT_ShrugMaster","floor":37},{"not_picked":["Feel No Pain+1","AT_BodySlamDance"],"picked":"AT_DiedThrough+1","floor":39},{"not_picked":["Clash+1","Dual Wield+1","AT_BodySlamDance"],"picked":"SKIP","floor":39},{"not_picked":["Clash+1","Dual Wield+1","AT_BodySlamDance"],"picked":"SKIP","floor":39},{"not_picked":["Anger+1","AT_Dispersion"],"picked":"Rupture+1","floor":40},{"not_picked":["Hemokinesis+1","Iron Wave+1","Entrench"],"picked":"SKIP","floor":42},{"not_picked":["Infernal Blade+1","Sword Boomerang+1"],"picked":"REME_SingleHolding","floor":46},{"not_picked":["Flex","AT_BodySlamDance","Iron Wave+1"],"picked":"SKIP","floor":46},{"not_picked":["Clash+1","Iron Wave+1","Metallicize"],"picked":"SKIP","floor":47},{"not_picked":["Bludgeon+1","Havoc","Second Wind"],"picked":"SKIP","floor":47},{"not_picked":["Ghostly Armor","Fire Breathing+1"],"picked":"Demon Form","floor":54}],"player_experience":412349,"relics_obtained":[{"floor":7.0,"key":"Bag of Marbles"},{"floor":9.0,"key":"AT_ArchangelStaff"},{"floor":10.0,"key":"Girya"},{"floor":11.0,"key":"Pantograph"},{"floor":14.0,"key":"AT_BellDemon"},{"floor":16.0,"key":"testmod-Maize"},{"floor":18.0,"key":"Centennial Puzzle"},{"floor":19.0,"key":"AT_SilverBalance"},{"floor":20.0,"key":"Molten Egg 2"},{"floor":22.0,"key":"Bronze Scales"},{"floor":23,"key":"Nunchaku"},{"floor":23,"key":"Prayer Wheel"},{"floor":25,"key":"testmod-Justice"},{"floor":27,"key":"testmod-RealStoneCalender"},{"floor":27,"key":"Sundial"},{"floor":28,"key":"Blue Candle"},{"floor":29,"key":"testmod-OneHitWonder"},{"floor":29,"key":"StoneCalendar"},{"floor":30,"key":"Mummified Hand"},{"floor":31,"key":"Ice Cream"},{"floor":40,"key":"testmod-Acrobat"},{"floor":42,"key":"White Beast Statue"},{"floor":43,"key":"MealTicket"},{"floor":45,"key":"PureWhite:ReiMu"},{"floor":45,"key":"Charon\u0027s Ashes"},{"floor":46,"key":"Darkstone Periapt"},{"floor":47,"key":"AT_RedTearstoneRing"},{"floor":54,"key":"testmod-RainbowHikingShoes"},{"floor":54,"key":"AT_ChloranthyRing"}],"event_choices":[{"cards_removed":["Strike_R"],"damage_healed":0.0,"max_hp_gain":0.0,"max_hp_loss":0.0,"gold_gain":0.0,"event_name":"The Cleric","player_choice":"Card Removal","floor":2.0,"gold_loss":50.0,"damage_taken":0.0},{"damage_healed":0.0,"max_hp_gain":0.0,"max_hp_loss":0.0,"gold_gain":75.0,"event_name":"World of Goop","player_choice":"Gather Gold","floor":3.0,"gold_loss":0.0,"damage_taken":11.0},{"damage_healed":0,"gold_gain":0,"player_choice":"Ignored","damage_taken":0,"max_hp_gain":0,"max_hp_loss":0,"event_name":"¸ø×Ô¼ºµÄºÐ×Ó","floor":36,"gold_loss":0},{"damage_healed":0,"gold_gain":0,"player_choice":"Memory 1","damage_taken":0,"max_hp_gain":0,"max_hp_loss":0,"event_name":"SensoryStone","floor":38,"gold_loss":0},{"damage_healed":0,"gold_gain":0,"player_choice":"Fight","damage_taken":0,"max_hp_gain":0,"max_hp_loss":0,"event_name":"Mysterious Sphere","floor":45,"gold_loss":0}],"is_beta":true,"boss_relics":[{"not_picked":["SlaversCollar","testmod-CardMagician"],"picked":"testmod-NegativeEmotionEnhancer"},{"not_picked":["Velvet Choker","Runic Cube"],"picked":"construct:ClawGrip"}],"items_purged_floors":[21,48,53],"is_endless":false,"potions_floor_spawned":[4,7,16,19,23,25,28,31,35,40,42,45,46,47,54],"ascension_level":6}}