{"host":"u2zgzag0koeblr9v","time":1614381302,"event":{"mods":["AchievementEnabler","BaseMod","Colored Map","Key Reminder","Minty Spire (QoL Compilation)"],"gold_per_floor":[116,116,116,116,136,136,167,167,167,197,197,197,230,247,247,247,247],"floor_reached":16,"language":"ENG","playtime":484,"items_purged":[],"score":186,"play_id":"684afc91-a6b8-4ffa-b7c3-04e2428f81ac","local_time":"20210226181502","is_ascension_mode":true,"campfire_choices":[{"data":"Eruption","floor":6,"key":"SMITH"},{"data":"JustLucky","floor":8,"key":"SMITH"},{"data":"Defend_P","floor":11,"key":"SMITH"},{"data":"FlyingSleeves","floor":15,"key":"SMITH"}],"circlet_count":0,"master_deck":["AscendersBane","Strike_P","Strike_P","Strike_P","Strike_P","Defend_P","Defend_P+1","Eruption+1","Vigilance+1","Halt+1","JustLucky+1","FlyingSleeves+1"],"relics":["Busted Crown","Gremlin Horn","Kunai","HornCleat","keyreminder:keyreminder","Singing Bowl"],"acts_visited":["Exordium"],"potions_floor_usage":[],"damage_taken":[{"damage":0,"enemies":"Cultist","floor":1,"turns":4},{"damage":0,"enemies":"Jaw Worm","floor":5,"turns":4},{"damage":16,"enemies":"Lagavulin","floor":7,"turns":7},{"damage":13,"enemies":"Gremlin Nob","floor":10,"turns":3},{"damage":7,"enemies":"Lagavulin","floor":13,"turns":6},{"damage":0,"enemies":"2 Louse","floor":14,"turns":1},{"damage":20,"enemies":"Hexaghost","floor":16,"turns":10}],"seed_played":"-6224344848659013694","potions_obtained":[{"floor":1,"key":"SpeedPotion"}],"is_trial":false,"path_per_floor":["M","?","?","?","M","R","E","R","T","E","R","?","E","M","R","B"],"character_chosen":"WATCHER","items_purchased":[],"campfire_rested":0,"item_purchase_floors":[],"current_hp_per_floor":[65,65,65,51,51,51,35,35,35,22,22,22,17,19,19,0,0],"gold":247,"neow_bonus":"BOSS_RELIC","is_daily":false,"chose_seed":false,"campfire_upgraded":4,"win_rate":0.0,"timestamp":1614381302,"path_taken":["M","?","?","?","?","R","E","R","T","E","R","?","E","M","R","BOSS"],"items_purchased_type":[],"build_version":"2020-12-22","purchased_purges":0,"victory":false,"max_hp_per_floor":[72,72,72,72,72,72,72,72,72,72,72,72,74,76,76,76,76],"card_choices":[{"not_picked":["Meditate"],"picked":"SKIP","floor":1},{"not_picked":[],"picked":"JustLucky","floor":5},{"not_picked":["EmptyBody"],"picked":"SKIP","floor":7},{"not_picked":["Nirvana"],"picked":"SKIP","floor":10},{"not_picked":["ClearTheMind"],"picked":"Singing Bowl","floor":13},{"not_picked":["Indignation"],"picked":"Singing Bowl","floor":14}],"player_experience":391557,"relics_obtained":[{"floor":7,"key":"Gremlin Horn"},{"floor":9,"key":"Kunai"},{"floor":10,"key":"HornCleat"},{"floor":13,"key":"Singing Bowl"}],"event_choices":[{"damage_healed":0,"gold_gain":0,"player_choice":"Ignored","damage_taken":0,"max_hp_gain":0,"max_hp_loss":0,"event_name":"Liars Game","floor":2,"gold_loss":0},{"damage_healed":0,"gold_gain":0,"cards_transformed":["Defend_P"],"player_choice":"Change","damage_taken":0,"max_hp_gain":0,"max_hp_loss":0,"event_name":"Living Wall","floor":3,"gold_loss":0,"cards_obtained":["Halt"]},{"damage_healed":0,"gold_gain":0,"player_choice":"Entered Light","damage_taken":14,"max_hp_gain":0,"max_hp_loss":0,"event_name":"Shining Light","floor":4,"gold_loss":0,"cards_upgraded":["Vigilance","Halt"]},{"damage_healed":0,"gold_gain":0,"cards_transformed":["Defend_P"],"player_choice":"Transformed","damage_taken":0,"max_hp_gain":0,"max_hp_loss":0,"event_name":"Transmorgrifier","floor":12,"gold_loss":0,"cards_obtained":["FlyingSleeves"]}],"is_beta":false,"boss_relics":[],"items_purged_floors":[],"is_endless":false,"potions_floor_spawned":[1],"killed_by":"Hexaghost","ascension_level":12}}