{"host":"8piv3t5bmy3h6dgk","time":1614305902,"event":{"mods":["AchievementEnabler","Astrologer","Bard","BaseMod","Better Altar","Better Match","BetterRewards","Colored Map","Colored Powertips","Faster Ascension Climbing","Gold Saver","Hermit","Minty Spire (QoL Compilation)","Remove Card Discount Mod","StSLib","The Disciple","The Hierophant","The Marked","The Necromancer","The Problem Sleuth","The Valiant","The Wild Card"],"gold_per_floor":[969,665,678,697,716,716,741,741,741,272,282,282,300,300,300,401,401,419,694,709,725,445,445,473,473,497,38,50,61,21,21,21,119,119,132,78,78,78,78,78,89,89,89,102,112,112,145,4,4,4,4],"floor_reached":50,"language":"ENG","playtime":1435,"items_purged":["Defend_R","Defend_R","Defend_R","Defend_R","Regret"],"score":665,"play_id":"dd38ca7b-133a-435c-b472-cc64b6ec592d","local_time":"20210225211822","is_ascension_mode":false,"campfire_choices":[{"data":"Inflame","floor":6,"key":"SMITH"},{"floor":8,"key":"REST"},{"data":"Clash","floor":15,"key":"SMITH"},{"data":"Limit Break","floor":23,"key":"SMITH"},{"data":"Flex","floor":25,"key":"SMITH"},{"data":"1","floor":32,"key":"LIFT"},{"data":"2","floor":40,"key":"LIFT"},{"data":"3","floor":42,"key":"LIFT"},{"data":"Limit Break","floor":46,"key":"SMITH"},{"data":"Offering","floor":49,"key":"SMITH"}],"circlet_count":0,"master_deck":["Strike_R","Strike_R","Strike_R+1","Strike_R","Strike_R","Bash","Flex","Flex","Inflame+1","Clash+1","Flex","Inflame+1","Cleave+1","Cleave","Limit Break+1","Flex","Heavy Blade","Flex+1","Limit Break+1","Clash","Thunderclap+1","Inflame","Feed","Offering+1"],"relics":["Black Blood","Chemical X","Mummified Hand","Pen Nib","Nunchaku","Regal Pillow","Matryoshka","Archangels Feather","Bottled Tornado","Shovel","Ancient Tea Set","Whetstone","Girya","Sozu","Kunai","MealTicket"],"acts_visited":["Exordium","TheCity","TheBeyond"],"potions_floor_usage":[7,16,33,50],"damage_taken":[{"damage":6,"enemies":"Cultist","floor":1,"turns":3},{"damage":11,"enemies":"Jaw Worm","floor":3,"turns":2},{"damage":0,"enemies":"Small Slimes","floor":4,"turns":3},{"damage":38,"enemies":"Exordium Thugs","floor":5,"turns":4},{"damage":33,"enemies":"3 Sentries","floor":7,"turns":4},{"damage":0,"enemies":"Exordium Wildlife","floor":11,"turns":2},{"damage":0,"enemies":"2 Fungi Beasts","floor":13,"turns":2},{"damage":48,"enemies":"Hexaghost","floor":16,"turns":4},{"damage":20,"enemies":"3 Byrds","floor":18,"turns":3},{"damage":10,"enemies":"Chosen","floor":20,"turns":2},{"damage":15,"enemies":"Snecko","floor":21,"turns":3},{"damage":52,"enemies":"Slavers","floor":24,"turns":3},{"damage":21,"enemies":"Snake Plant","floor":28,"turns":2},{"damage":20,"enemies":"Chosen and Byrds","floor":29,"turns":3},{"damage":40,"enemies":"Champ","floor":33,"turns":5},{"damage":10,"enemies":"Orb Walker","floor":35,"turns":2},{"damage":24,"enemies":"3 Darklings","floor":41,"turns":3},{"damage":25,"enemies":"Maw","floor":44,"turns":4},{"damage":0,"enemies":"Transient","floor":45,"turns":5},{"damage":65,"enemies":"Reptomancer","floor":47,"turns":4},{"damage":94,"enemies":"Donu and Deca","floor":50,"turns":4}],"seed_played":"-2513390770367380654","potions_obtained":[{"floor":3,"key":"GamblersBrew"},{"floor":5,"key":"AttackPotion"},{"floor":13,"key":"FairyPotion"},{"floor":21,"key":"Dexterity Potion"},{"floor":29,"key":"Weak Potion"}],"is_trial":false,"path_per_floor":["M","$","M","M","M","R","E","R","T","$","M","?","M","$","R","B",null,"M","?","M","M","$","R","E","R","T","$","M","M","$","?","R","B",null,"M","$","?","$","?","R","M","R","T","M","M","R","E","$","R","B"],"character_chosen":"IRONCLAD","items_purchased":["Chemical X","Mummified Hand","Pen Nib","Nunchaku","Flex","Inflame","Cleave","Archangels Feather","Heavy Blade","Bottled Tornado","Girya","Limit Break","Inflame","Flex","Offering"],"campfire_rested":1,"item_purchase_floors":[0,0,2,2,10,10,10,10,22,22,27,27,30,36,48],"current_hp_per_floor":[80,80,75,80,48,48,21,60,60,60,76,76,80,80,80,38,80,72,72,80,77,77,77,40,40,40,40,39,41,41,41,41,23,80,80,80,80,80,80,80,68,68,68,65,80,80,27,42,42,0,0],"gold":4,"neow_bonus":"","is_daily":false,"chose_seed":false,"campfire_upgraded":6,"win_rate":0.0,"timestamp":1614305902,"path_taken":["M","$","M","M","M","R","E","R","T","?","M","?","M","$","R","BOSS","M","?","M","M","$","R","E","R","T","?","M","M","?","?","R","BOSS","M","$","?","?","?","R","?","R","T","M","M","R","E","$","R","BOSS"],"items_purchased_type":["Relic","Relic","Relic","Relic","Card","Card","Card","Relic","Card","Relic","Relic","Card","Card","Card","Card"],"build_version":"2020-12-22","purchased_purges":5,"victory":false,"max_hp_per_floor":[80,80,80,80,80,80,80,80,80,80,80,80,80,80,80,80,80,80,80,80,80,80,80,80,80,80,80,80,80,80,80,80,80,80,80,80,80,80,80,80,80,80,80,80,80,80,80,80,80,80,80],"card_choices":[{"not_picked":["Warcry","True Grit","Anger"],"picked":"SKIP","floor":1},{"not_picked":["Shrug It Off","Twin Strike"],"picked":"Flex","floor":3},{"not_picked":["Thunderclap","True Grit"],"picked":"Flex","floor":4},{"not_picked":["Flex","Carnage"],"picked":"Inflame","floor":5},{"not_picked":["Cleave","Double Tap"],"picked":"Clash","floor":7},{"not_picked":["Combust","Sword Boomerang","Uppercut"],"picked":"SKIP","floor":11},{"not_picked":["Disarm","Burning Pact"],"picked":"Cleave","floor":13},{"not_picked":["Exhume","Corruption"],"picked":"Limit Break","floor":16},{"not_picked":["Armaments+1","Shockwave","Carnage+1"],"picked":"SKIP","floor":18},{"not_picked":["Shockwave","Searing Blow+1","Perfected Strike"],"picked":"SKIP","floor":20},{"not_picked":["Twin Strike","Thunderclap"],"picked":"Flex","floor":21},{"not_picked":["Havoc","Twin Strike"],"picked":"Flex","floor":24},{"not_picked":["Headbutt","Bludgeon"],"picked":"Clash","floor":28},{"not_picked":["Twin Strike","Feel No Pain+1"],"picked":"Thunderclap+1","floor":29},{"not_picked":["Impervious","Double Tap"],"picked":"Feed","floor":33},{"not_picked":["Iron Wave+1","Sword Boomerang+1","Armaments+1"],"picked":"SKIP","floor":35},{"not_picked":["Sever Soul","Perfected Strike+1","Shrug It Off"],"picked":"SKIP","floor":41},{"not_picked":["Shockwave+1","Reckless Charge+1","Battle Trance"],"picked":"SKIP","floor":44},{"not_picked":["Body Slam","Armaments","Shrug It Off+1"],"picked":"SKIP","floor":45},{"not_picked":["Reaper","Cleave+1","Seeing Red+1"],"picked":"SKIP","floor":47}],"player_experience":168307,"relics_obtained":[{"floor":7,"key":"Regal Pillow"},{"floor":9,"key":"Matryoshka"},{"floor":24,"key":"Shovel"},{"floor":26,"key":"Ancient Tea Set"},{"floor":26,"key":"Whetstone"},{"floor":43,"key":"Kunai"},{"floor":47,"key":"MealTicket"}],"event_choices":[{"damage_healed":0,"gold_gain":0,"player_choice":"Grow","damage_taken":0,"max_hp_gain":0,"max_hp_loss":0,"event_name":"Living Wall","floor":12,"gold_loss":0,"cards_upgraded":["Inflame"]},{"damage_healed":0,"gold_gain":275,"player_choice":"Desecrate","damage_taken":0,"max_hp_gain":0,"max_hp_loss":0,"event_name":"Golden Shrine","floor":19,"gold_loss":0,"cards_obtained":["Regret"]},{"damage_healed":0,"gold_gain":0,"player_choice":"Ignored","damage_taken":0,"max_hp_gain":0,"max_hp_loss":0,"event_name":"Cursed Tome","floor":31,"gold_loss":0},{"damage_healed":0,"gold_gain":0,"player_choice":"Ignored","damage_taken":0,"max_hp_gain":0,"max_hp_loss":0,"event_name":"SecretPortal","floor":37,"gold_loss":0},{"cards_removed":["Flex"],"damage_healed":5,"gold_gain":0,"player_choice":"Offered Common","damage_taken":0,"max_hp_gain":0,"max_hp_loss":0,"event_name":"Bonfire Elementals","floor":39,"gold_loss":0},{"cards_removed":["Flex"],"damage_healed":5,"gold_gain":0,"player_choice":"Offered Special","damage_taken":0,"max_hp_gain":0,"max_hp_loss":0,"event_name":"Bonfire Elementals","floor":39,"gold_loss":0}],"is_beta":false,"boss_relics":[{"not_picked":["SacredBark","Astrolabe"],"picked":"Black Blood"},{"not_picked":["Runic Dome","Cursed Key"],"picked":"Sozu"}],"items_purged_floors":[2,2,2,2,22],"is_endless":false,"potions_floor_spawned":[3,5,13,21,29,33,41,45],"killed_by":"Donu and Deca","ascension_level":0}}