{"host":"nn0usk9aafse27ii","time":1614369013,"event":{"mods":["BaseMod","Colored Map","Downfall","Highlight Path","Minty Spire (QoL Compilation)","Shop Mod","StSLib"],"gold_per_floor":[99,99,99,99,199,99,153,153,179,191,221,251,163,190,214,322,334,346,378,390,387,412,444,510,133,147,157,57,57,57,74,86,182,182,182,195,215,227,275,35,58,104,119,148,166,178,178,178,196,196,196,223,3,3,3,3,3,3],"floor_reached":56,"language":"ENG","playtime":7032,"items_purged":["downfall:Malfunctioning"],"score":781,"play_id":"2de27220-d7a3-4cec-87e1-f33af2668452","local_time":"20210226115013","is_ascension_mode":false,"campfire_choices":[{"floor":1.0,"key":"RECALL"},{"floor":6.0,"key":"REST"},{"data":"Guardian:Suspension","floor":28.0,"key":"SMITH"},{"floor":30.0,"key":"REST"},{"data":"Guardian:Clone","floor":35.0,"key":"SMITH"},{"data":"Guardian:GemFire","floor":47.0,"key":"SMITH"},{"floor":54.0,"key":"REST"}],"circlet_count":0,"master_deck":["Guardian:Strike_Guardian+1","Guardian:Defend_Guardian","Guardian:Defend_Guardian+1","Guardian:Defend_Guardian","Guardian:Defend_Guardian","Guardian:CurlUp","Guardian:TwinSlam","Guardian:Reroute","Guardian:Clone+1","Guardian:BronzeOrb+1","Guardian:WalkerClaw","Guardian:ShieldCharger","Guardian:BronzeArmor","Guardian:ConstructionForm","Guardian:PrismaticBeam","Guardian:Incinerate","Guardian:EvasiveProtocol","Guardian:BronzeOrb","Guardian:GatlingBeam","Guardian:Suspension+1","RitualDagger","Guardian:PolyBeam","Guardian:Preprogram","Guardian:GemFinder","Guardian:FastForward+1","Guardian:BronzeOrb+1","Guardian:VentSteam","Guardian:ExploitGems","Guardian:BodySlam+1","Guardian:Suspension","Guardian:PrimingBeam","Guardian:GemFire+1","Parasite","Guardian:TemporalStrike+1","Guardian:SpikerProtocol+1","downfall:Aged","Guardian:TemporalStrike+1","Guardian:TimeCapacitor","Guardian:TimeCapacitor","Guardian:BodySlam+1","Guardian:StasisEngine","Guardian:TemporalStrike+1","Guardian:Incinerate","Guardian:Gem_Red"],"relics":["Guardian:ModeShifter","downfall:HeartsMalice","sneckomod:BlankCard","downfall:HeartBlessingRed","Guardian:PickAxe","MawBank","downfall:HeartBlessingGreen","sneckomod:SneckoTalon","Pen Nib","downfall:HeartBlessingBlue","Astrolabe","WingedGreaves","Calipers","ClockworkSouvenir","Dream Catcher","Nunchaku","Akabeko","Guardian:StasisEgg","Happy Flower","Orrery"],"acts_visited":["Exordium","TheCity","TheBeyond","TheEnding"],"potions_floor_usage":[56],"damage_taken":[{"damage":0.0,"enemies":"Small Slimes","floor":3.0,"turns":1.0},{"damage":0.0,"enemies":"Jaw Worm","floor":4.0,"turns":1.0},{"damage":0.0,"enemies":"Cultist","floor":8.0,"turns":1.0},{"damage":24.0,"enemies":"3 Sentries","floor":9.0,"turns":7.0},{"damage":0.0,"enemies":"Blue Slaver","floor":11.0,"turns":3.0},{"damage":9.0,"enemies":"2 Fungi Beasts","floor":12.0,"turns":3.0},{"damage":3.0,"enemies":"Exordium Thugs","floor":14.0,"turns":3.0},{"damage":0.0,"enemies":"3 Louse","floor":15.0,"turns":3.0},{"damage":21.0,"enemies":"DF_ARCHETYPE_STREAMLINE","floor":16.0,"turns":12.0},{"damage":11.0,"enemies":"Shell Parasite","floor":19.0,"turns":5.0},{"damage":0.0,"enemies":"downfall:FleeingMerchant","floor":21.0,"turns":4.0},{"damage":0.0,"enemies":"Cultist and Chosen","floor":22.0,"turns":7.0},{"damage":0.0,"enemies":"Sentry and Sphere","floor":23.0,"turns":5.0},{"damage":0.0,"enemies":"downfall:FleeingMerchant","floor":25.0,"turns":4.0},{"damage":24.0,"enemies":"Snake Plant","floor":26.0,"turns":6.0},{"damage":0.0,"enemies":"Snecko","floor":27.0,"turns":4.0},{"damage":0.0,"enemies":"Centurion and Healer","floor":31.0,"turns":4.0},{"damage":0.0,"enemies":"Cultist and Chosen","floor":32.0,"turns":3.0},{"damage":6.0,"enemies":"WA_ARCHETYPE_CALM","floor":33.0,"turns":7.0},{"damage":0.0,"enemies":"3 Shapes","floor":36.0,"turns":3.0},{"damage":9.0,"enemies":"3 Darklings","floor":37.0,"turns":7.0},{"damage":0.0,"enemies":"Spire Growth","floor":38.0,"turns":4.0},{"damage":23.0,"enemies":"2 Orb Walkers","floor":39.0,"turns":7.0},{"damage":0.0,"enemies":"downfall:FleeingMerchant","floor":40.0,"turns":4.0},{"damage":1.0,"enemies":"Transient","floor":43.0,"turns":5.0},{"damage":0.0,"enemies":"Giant Head","floor":44.0,"turns":8.0},{"damage":0.0,"enemies":"Writhing Mass","floor":45.0,"turns":2.0},{"damage":6.0,"enemies":"Jaw Worm Horde","floor":46.0,"turns":3.0},{"damage":10.0,"enemies":"Maw","floor":49.0,"turns":4.0},{"damage":41.0,"enemies":"IC_BLOCK_ARCHETYPE","floor":50.0,"turns":3.0},{"damage":31.0,"enemies":"downfall:CharBossMerchant","floor":52.0,"turns":6.0},{"damage":14.0,"enemies":"downfall:NeowBoss","floor":55.0,"turns":12.0},{"damage":104,"enemies":"downfall:NeowBossFinal","floor":56,"turns":8}],"seed_played":"1059253332393437856","potions_obtained":[{"floor":11.0,"key":"ColorlessPotion"},{"floor":15.0,"key":"FearPotion"},{"floor":16.0,"key":"Swift Potion"},{"floor":19.0,"key":"Weak Potion"},{"floor":20.0,"key":"downfall:CursedFountainPotion"},{"floor":22.0,"key":"ColorlessPotion"},{"floor":26.0,"key":"Dexterity Potion"},{"floor":31.0,"key":"ColorlessPotion"},{"floor":32.0,"key":"AttackPotion"},{"floor":33.0,"key":"Fruit Juice"},{"floor":36.0,"key":"Fruit Juice"},{"floor":39.0,"key":"SteroidPotion"},{"floor":43.0,"key":"Strength Potion"},{"floor":44.0,"key":"AttackPotion"},{"floor":49.0,"key":"champ:CounterPotion"}],"is_trial":false,"path_per_floor":["R","?","M","M","?","R","T","M","E","?","M","M","R","M","M","B",null,"R","M","?","$","M","M","T","$","M","M","R","?","R","M","M","B",null,"R","M","M","M","?","$","T","T","M","E","M","M","R","?","M","B",null,"E","$","R","B","B"],"character_chosen":"GUARDIAN","items_purchased":["Pen Nib","Guardian:BronzeOrb","Guardian:GatlingBeam","Calipers","Regen Potion","ClockworkSouvenir","Guardian:Suspension","Guardian:TimeCapacitor","Orrery"],"campfire_rested":3,"item_purchase_floors":[25,25,25,40,40,40,40,53,53],"current_hp_per_floor":[80,62,62,62,62,80,80,80,56,56,56,47,47,44,44,23,80,80,69,69,69,69,69,69,69,45,45,55,49,76,76,76,75,95,95,100,91,91,68,68,68,68,82,82,82,76,76,76,66,25,100,69,69,99,85,0,0,0],"gold":3,"neow_bonus":"THREE_ENEMY_KILL","is_daily":false,"chose_seed":false,"campfire_upgraded":3,"win_rate":0.0,"timestamp":1614369013,"path_taken":["R","?","M","M","?","R","T","M","E","?","M","M","R","M","M","BOSS","R","M","?","$","M","?","T","$","M","M","R","?","R","M","M","BOSS","R","M","M","M","?","$","T","?","M","E","M","M","R","?","M","BOSS","E","$","R","BOSS","BOSS"],"items_purchased_type":["Relic","Card","Card","Relic","Potion","Relic","Card","Card","Relic"],"build_version":"2020-12-22","purchased_purges":1,"victory":false,"max_hp_per_floor":[80,80,80,80,80,80,80,80,80,80,80,80,80,80,80,80,80,80,80,80,80,80,80,80,80,80,80,90,90,90,90,90,95,95,95,100,100,100,100,100,100,100,100,100,100,100,100,100,100,100,100,100,100,100,100,100,100,100],"card_choices":[{"not_picked":["Guardian:RollAttack","Guardian:MultiBeam"],"picked":"Guardian:Gem_Fragmented","floor":3.0},{"not_picked":["Guardian:Gem_Red","Guardian:WalkerClaw"],"picked":"Guardian:Reroute","floor":4.0},{"not_picked":["Guardian:RefractedBeam","Guardian:Repulse"],"picked":"Guardian:Clone","floor":8.0},{"not_picked":["Guardian:PrimingBeam","Guardian:Repulse"],"picked":"Guardian:BronzeOrb","floor":9.0},{"not_picked":["Guardian:ChargeCore","Guardian:Suspension"],"picked":"Guardian:WalkerClaw","floor":11.0},{"not_picked":["Guardian:PrimingBeam","Guardian:WalkerClaw"],"picked":"Guardian:ShieldCharger","floor":12.0},{"not_picked":["Guardian:Harden","Guardian:VentSteam"],"picked":"Guardian:Gem_Cyan","floor":14.0},{"not_picked":["Guardian:Repulse","Guardian:PrismaticBarrier"],"picked":"Guardian:BronzeArmor","floor":15.0},{"not_picked":["Guardian:FierceBash","Guardian:Gem_Synthetic"],"picked":"Guardian:ConstructionForm","floor":16.0},{"not_picked":["Guardian:WalkerClaw+1","Guardian:Suspension"],"picked":"Guardian:PrismaticBeam","floor":19.0},{"not_picked":["Guardian:Gem_Crimson","Guardian:PrismaticBarrier"],"picked":"Guardian:Incinerate","floor":21.0},{"not_picked":["Guardian:TemporalShield+1","Guardian:PiercingHide"],"picked":"Guardian:Gem_Red","floor":22.0},{"not_picked":["Guardian:Repulse","Guardian:Suspension+1"],"picked":"Guardian:EvasiveProtocol","floor":23.0},{"not_picked":["Guardian:Gem_Lightblue","Guardian:Reroute"],"picked":"Guardian:Gem_Purple","floor":25.0},{"not_picked":["Guardian:Suspension+1","Guardian:Reroute"],"picked":"Guardian:Gem_Cyan","floor":26.0},{"not_picked":["Guardian:Gem_Green","Guardian:WalkerClaw"],"picked":"Guardian:Suspension","floor":27.0},{"not_picked":["Guardian:ShieldCharger","Guardian:HyperBeam_Guardian"],"picked":"Guardian:PolyBeam","floor":31.0},{"not_picked":["Guardian:WalkerClaw","Guardian:Planning+1"],"picked":"Guardian:Preprogram","floor":32.0},{"not_picked":["Guardian:ExploitGems","Guardian:BaubleBeam"],"picked":"Guardian:GemFinder","floor":33.0},{"not_picked":["Guardian:Gem_Cyan","Guardian:ShieldCharger+1"],"picked":"Guardian:BronzeOrb+1","floor":36.0},{"not_picked":["Guardian:Gem_Lightblue","Guardian:Gem_Green"],"picked":"Guardian:Gem_Red","floor":37.0},{"not_picked":["Guardian:ArmoredProtocol+1","Guardian:GuardianWhirl"],"picked":"Guardian:Gem_Fragmented","floor":37.0},{"not_picked":["Guardian:Gem_Cyan","Guardian:Gem_Green"],"picked":"Guardian:Gem_Red","floor":38.0},{"not_picked":["Guardian:WalkerClaw","Guardian:TimeBomb+1"],"picked":"Guardian:VentSteam","floor":38.0},{"not_picked":["Guardian:Gem_Cyan","Guardian:Gem_Lightblue"],"picked":"Guardian:Gem_Red","floor":39.0},{"not_picked":["Guardian:Gem_Purple","Guardian:DonusPower"],"picked":"Guardian:ExploitGems","floor":39.0},{"not_picked":["Guardian:PrimingBeam","Guardian:CrystalBeam"],"picked":"Guardian:BodySlam+1","floor":40.0},{"not_picked":["Guardian:Gem_Lightblue","Guardian:Gem_Green"],"picked":"Guardian:Gem_Cyan","floor":43.0},{"not_picked":["Guardian:PolyBeam","Guardian:TemporalShield"],"picked":"Guardian:PrimingBeam","floor":43.0},{"not_picked":["Guardian:Gem_Lightblue","Guardian:Gem_Green"],"picked":"Guardian:Gem_Cyan","floor":44.0},{"not_picked":["Guardian:Gem_Green","Guardian:Gem_Cyan"],"picked":"Guardian:Gem_Red","floor":44.0},{"not_picked":["Guardian:FloatingOrbs+1","Guardian:WalkerClaw"],"picked":"Guardian:GemFire","floor":44.0},{"not_picked":["Guardian:Reroute","Guardian:PiercingHide+1"],"picked":"Guardian:TemporalStrike+1","floor":45.0},{"not_picked":["Guardian:Repulse+1","Guardian:ChargeCore"],"picked":"Guardian:SpikerProtocol+1","floor":46.0},{"not_picked":["Guardian:GuardianWhirl","Guardian:DecasProtection+1"],"picked":"Guardian:TemporalStrike+1","floor":49.0},{"not_picked":["Guardian:Gem_Red","Guardian:Gem_Lightblue"],"picked":"Guardian:Gem_Cyan","floor":52.0},{"not_picked":["Guardian:WalkerClaw","Guardian:Reroute+1"],"picked":"Guardian:TimeCapacitor","floor":52.0},{"not_picked":["Guardian:Suspension+1","Guardian:PrimingBeam"],"picked":"Guardian:Gem_Crimson","floor":53.0},{"not_picked":["Guardian:Suspension","Guardian:EvasiveProtocol"],"picked":"Guardian:BodySlam+1","floor":53.0},{"not_picked":["Guardian:RefractedBeam","Guardian:Gem_Crimson"],"picked":"Guardian:StasisEngine","floor":53.0},{"not_picked":["Guardian:ChargeCore+1","Guardian:VentSteam+1"],"picked":"Guardian:TemporalStrike+1","floor":53.0},{"not_picked":["Guardian:RollAttack","Guardian:Orbwalk"],"picked":"Guardian:Incinerate","floor":53.0},{"not_picked":["Guardian:VentSteam","Guardian:PiercingHide+1"],"picked":"Guardian:Gem_Red","floor":54.0}],"player_experience":838842,"relics_obtained":[{"floor":7.0,"key":"Guardian:PickAxe"},{"floor":9.0,"key":"MawBank"},{"floor":39.0,"key":"WingedGreaves"},{"floor":41.0,"key":"Dream Catcher"},{"floor":42.0,"key":"Nunchaku"},{"floor":44.0,"key":"Akabeko"},{"floor":52.0,"key":"Happy Flower"}],"event_choices":[{"damage_healed":0.0,"max_hp_gain":0.0,"max_hp_loss":0.0,"gold_gain":0.0,"event_name":"Scrap Ooze","player_choice":"Success","floor":2.0,"gold_loss":0.0,"damage_taken":18.0,"relics_obtained":["sneckomod:BlankCard"]},{"damage_healed":0.0,"max_hp_gain":0.0,"max_hp_loss":0.0,"gold_gain":0.0,"event_name":"Mysterious Sphere","player_choice":"Fight","floor":39.0,"gold_loss":0.0,"damage_taken":0.0}],"is_beta":false,"boss_relics":[{"not_picked":["bronze:MakeshiftBattery","SlaversCollar"],"picked":"sneckomod:SneckoTalon"},{"not_picked":["Fusion Hammer","Black Star"],"picked":"Astrolabe"}],"items_purged_floors":[25],"is_endless":false,"potions_floor_spawned":[11,15,16,19,22,26,31,32,33,36,39,43,44,49],"killed_by":"downfall:NeowBossFinal","ascension_level":0}}