{"host":"IMPacifista","time":1614325654,"event":{"mods":["BaseMod","Minty Spire (QoL Compilation)"],"gold_per_floor":[119,132,151,151,151,185,199,240,240,256,290,290,308,308,308,431,431,446,466,565,583,498,498,478,511,511,550,550,175,193,214,214,345,345,364,387,313,646,126,126,126,151,175,0,0,25,38,68,68,68],"floor_reached":51,"language":"ENG","playtime":3557,"items_purged":["Shame"],"score":1337,"play_id":"a1fe0408-4b68-4021-8dbe-7a68874a0b5d","local_time":"20210225234734","is_ascension_mode":true,"campfire_choices":[{"floor":12,"key":"REST"},{"data":"Mayhem","floor":15,"key":"SMITH"},{"floor":23,"key":"REST"},{"floor":28,"key":"REST"},{"data":"Barricade","floor":32,"key":"SMITH"},{"data":"Metallicize","floor":40,"key":"SMITH"},{"data":"Demon Form","floor":49,"key":"SMITH"}],"circlet_count":0,"master_deck":["Strike_R","Strike_R","Strike_R+1","Strike_R","Strike_R","Defend_R","Defend_R+1","Defend_R","Defend_R","Bash","Mayhem+1","Shockwave+1","Metallicize+1","Uppercut","Metallicize","Barricade+1","Body Slam","Clothesline+1","Pommel Strike","Demon Form+1","Sword Boomerang+1","Thunderclap","Infernal Blade+1","Ghostly Armor+1","Power Through","Ghostly Armor","Disarm","Reaper+1","Entrench+1","Disarm","Mayhem","Regret","Shrug It Off","Shrug It Off+1"],"relics":["Burning Blood","Anchor","War Paint","Mercury Hourglass","Paper Frog","Cursed Key","Molten Egg 2","Pocketwatch","HornCleat","Oddly Smooth Stone","Pantograph","Black Star","Strawberry","Gremlin Horn","Pear","Whetstone","Potion Belt","Red Mask","Eternal Feather","Bag of Preparation","Boot","Dead Branch"],"acts_visited":["Exordium","TheCity","TheBeyond"],"potions_floor_usage":[6,8,11,14,16,18,19,25,27,33,36,45,46,50],"damage_taken":[{"damage":19,"enemies":"Cultist","floor":1,"turns":6},{"damage":5,"enemies":"2 Louse","floor":2,"turns":4},{"damage":7,"enemies":"Small Slimes","floor":3,"turns":4},{"damage":29,"enemies":"3 Sentries","floor":6,"turns":16},{"damage":1,"enemies":"2 Fungi Beasts","floor":7,"turns":5},{"damage":19,"enemies":"Lagavulin","floor":8,"turns":9},{"damage":0,"enemies":"3 Louse","floor":10,"turns":4},{"damage":18,"enemies":"Gremlin Nob","floor":11,"turns":5},{"damage":2,"enemies":"Large Slime","floor":13,"turns":6},{"damage":30,"enemies":"The Guardian","floor":16,"turns":10},{"damage":8,"enemies":"2 Thieves","floor":18,"turns":4},{"damage":17,"enemies":"3 Byrds","floor":19,"turns":4},{"damage":25,"enemies":"Sentry and Sphere","floor":21,"turns":5},{"damage":33,"enemies":"Gremlin Leader","floor":25,"turns":6},{"damage":17,"enemies":"Book of Stabbing","floor":27,"turns":6},{"damage":2,"enemies":"Snake Plant","floor":30,"turns":6},{"damage":0,"enemies":"Shelled Parasite and Fungi","floor":31,"turns":7},{"damage":10,"enemies":"Champ","floor":33,"turns":12},{"damage":2,"enemies":"Orb Walker","floor":35,"turns":4},{"damage":10,"enemies":"3 Shapes","floor":36,"turns":6},{"damage":1,"enemies":"Nemesis","floor":42,"turns":9},{"damage":0,"enemies":"Jaw Worm Horde","floor":45,"turns":1},{"damage":8,"enemies":"Reptomancer","floor":46,"turns":9},{"damage":2,"enemies":"Maw","floor":47,"turns":7},{"damage":7,"enemies":"Giant Head","floor":48,"turns":7},{"damage":3,"enemies":"Time Eater","floor":50,"turns":7}],"seed_played":"4084364233591664777","potions_obtained":[{"floor":1,"key":"SkillPotion"},{"floor":3,"key":"BloodPotion"},{"floor":8,"key":"Explosive Potion"},{"floor":11,"key":"SpeedPotion"},{"floor":13,"key":"BloodPotion"},{"floor":14,"key":"ColorlessPotion"},{"floor":14,"key":"PowerPotion"},{"floor":18,"key":"Fruit Juice"},{"floor":19,"key":"SmokeBomb"},{"floor":24,"key":"Explosive Potion"},{"floor":31,"key":"Strength Potion"},{"floor":33,"key":"Explosive Potion"},{"floor":46,"key":"DistilledChaos"}],"is_trial":false,"path_per_floor":["M","M","M","?","?","E","M","E","T","M","E","R","M","?","R","B",null,"M","M","?","M","?","R","?","E","T","E","R","$","M","M","R","B",null,"M","M","$","?","$","R","?","E","T","?","M","E","M","E","R","B",null],"character_chosen":"IRONCLAD","items_purchased":["Pantograph","Power Through","Disarm","Strawberry","Gremlin Horn","LiquidMemories","BloodPotion"],"campfire_rested":3,"item_purchase_floors":[29,29,37,39,39,39,39],"current_hp_per_floor":[38,39,38,38,43,20,25,26,26,32,20,42,46,60,60,36,65,68,57,57,38,38,61,61,34,34,23,46,46,50,56,56,75,78,79,79,79,79,86,86,86,96,96,96,96,94,96,96,96,96],"gold":68,"neow_bonus":"RANDOM_COLORLESS_2","is_daily":false,"chose_seed":false,"campfire_upgraded":4,"win_rate":0.0,"timestamp":1614325654,"path_taken":["M","M","M","?","?","E","M","E","T","M","E","R","?","?","R","BOSS","M","M","?","M","?","R","?","E","T","E","R","$","M","M","R","BOSS","M","M","?","?","$","R","?","E","T","?","M","E","M","E","R","BOSS"],"items_purchased_type":["Relic","Card","Card","Relic","Relic","Potion","Potion"],"build_version":"2020-12-18","purchased_purges":1,"victory":true,"max_hp_per_floor":[80,80,80,74,74,74,74,74,74,74,74,74,74,74,74,74,74,79,79,79,79,79,79,79,79,79,79,79,79,79,79,79,79,79,79,79,79,79,86,86,86,96,96,96,96,96,96,96,96,96],"card_choices":[{"not_picked":["Metamorphosis","Sadistic Nature"],"picked":"Mayhem","floor":0},{"not_picked":["Blood for Blood","Sword Boomerang"],"picked":"Shockwave","floor":1},{"not_picked":["Dual Wield","Second Wind"],"picked":"Pommel Strike","floor":2},{"not_picked":["Bloodletting","Pommel Strike"],"picked":"Metallicize","floor":3},{"not_picked":["Battle Trance","Entrench"],"picked":"Uppercut","floor":6},{"not_picked":["Headbutt","Clothesline"],"picked":"Metallicize","floor":7},{"not_picked":["Warcry","Cleave"],"picked":"Barricade","floor":8},{"not_picked":["Wild Strike","Dropkick"],"picked":"Body Slam","floor":10},{"not_picked":["True Grit","Double Tap"],"picked":"Clothesline","floor":11},{"not_picked":["Burning Pact","True Grit"],"picked":"Pommel Strike","floor":13},{"not_picked":["Offering","Fiend Fire"],"picked":"Demon Form","floor":16},{"not_picked":["Havoc","Rage"],"picked":"Sword Boomerang+1","floor":18},{"not_picked":["Heavy Blade","Sever Soul","Flex+1"],"picked":"SKIP","floor":19},{"not_picked":["Perfected Strike","Anger"],"picked":"Thunderclap","floor":21},{"not_picked":["Twin Strike+1","Iron Wave+1"],"picked":"Infernal Blade+1","floor":25},{"not_picked":["Thunderclap+1","Pommel Strike+1"],"picked":"Ghostly Armor+1","floor":27},{"not_picked":["Body Slam+1","Fiend Fire+1"],"picked":"Ghostly Armor","floor":30},{"not_picked":["Searing Blow+1","Rage"],"picked":"Disarm","floor":31},{"not_picked":["Offering","Barricade"],"picked":"Reaper+1","floor":33},{"not_picked":["Flex+1","Dark Embrace","Wild Strike+1"],"picked":"SKIP","floor":35},{"not_picked":["Dropkick+1","Reckless Charge+1"],"picked":"Entrench+1","floor":36},{"not_picked":["Panacea","Deep Breath"],"picked":"Mayhem","floor":41},{"not_picked":["Twin Strike+1","Rage+1","Evolve+1"],"picked":"SKIP","floor":42},{"not_picked":["Disarm","Sword Boomerang+1"],"picked":"Shrug It Off","floor":46},{"not_picked":["Warcry+1","Twin Strike+1"],"picked":"Shrug It Off+1","floor":47},{"not_picked":["Perfected Strike+1","Havoc","Thunderclap+1"],"picked":"SKIP","floor":48}],"player_experience":353103,"relics_obtained":[{"floor":6,"key":"Anchor"},{"floor":8,"key":"War Paint"},{"floor":9,"key":"Mercury Hourglass"},{"floor":11,"key":"Paper Frog"},{"floor":25,"key":"Pocketwatch"},{"floor":26,"key":"HornCleat"},{"floor":27,"key":"Oddly Smooth Stone"},{"floor":42,"key":"Pear"},{"floor":42,"key":"Whetstone"},{"floor":43,"key":"Potion Belt"},{"floor":46,"key":"Eternal Feather"},{"floor":46,"key":"Bag of Preparation"},{"floor":48,"key":"Boot"},{"floor":48,"key":"Dead Branch"}],"event_choices":[{"damage_healed":0,"gold_gain":0,"player_choice":"Lose Max HP","damage_taken":0,"relics_obtained":["Golden Idol"],"max_hp_gain":0,"max_hp_loss":6,"event_name":"Golden Idol","floor":4,"gold_loss":0},{"cards_removed":["Pommel Strike"],"damage_healed":5,"gold_gain":0,"player_choice":"Offered Common","damage_taken":0,"max_hp_gain":0,"max_hp_loss":0,"event_name":"Bonfire Elementals","floor":5,"gold_loss":0},{"cards_removed":["Pommel Strike"],"damage_healed":5,"gold_gain":0,"player_choice":"Offered Special","damage_taken":0,"max_hp_gain":0,"max_hp_loss":0,"event_name":"Bonfire Elementals","floor":5,"gold_loss":0},{"damage_healed":0,"gold_gain":0,"player_choice":"Got Potions","damage_taken":0,"max_hp_gain":0,"max_hp_loss":0,"event_name":"Lab","floor":14,"gold_loss":0},{"damage_healed":0,"gold_gain":99,"player_choice":"Stole From Cult","damage_taken":0,"max_hp_gain":0,"max_hp_loss":0,"event_name":"Nest","floor":20,"gold_loss":0},{"damage_healed":0,"gold_gain":0,"player_choice":"Obtained Relic","damage_taken":0,"relics_obtained":["Molten Egg 2"],"max_hp_gain":0,"max_hp_loss":0,"event_name":"Addict","floor":22,"gold_loss":85},{"damage_healed":0,"gold_gain":0,"player_choice":"Bought 1 Potion","damage_taken":0,"max_hp_gain":0,"max_hp_loss":0,"event_name":"The Woman in Blue","floor":24,"gold_loss":0},{"damage_healed":0,"gold_gain":333,"player_choice":"Gave Idol","damage_taken":0,"max_hp_gain":0,"max_hp_loss":0,"event_name":"The Moai Head","floor":38,"relics_lost":["Golden Idol"],"gold_loss":0},{"damage_healed":0,"gold_gain":0,"player_choice":"Memory 1","damage_taken":0,"max_hp_gain":0,"max_hp_loss":0,"event_name":"SensoryStone","floor":41,"gold_loss":0},{"damage_healed":0,"gold_gain":0,"player_choice":"Paid","damage_taken":0,"relics_obtained":["Red Mask"],"max_hp_gain":0,"max_hp_loss":0,"event_name":"Tomb of Lord Red Mask","floor":44,"gold_loss":175}],"is_beta":true,"boss_relics":[{"not_picked":["Sozu","Tiny House"],"picked":"Cursed Key"},{"not_picked":["Runic Cube","Runic Dome"],"picked":"Black Star"}],"items_purged_floors":[29],"is_endless":false,"potions_floor_spawned":[1,3,8,11,13,18,19,31,33,42,45,46],"ascension_level":9}}