{"host":"8piv3t5bmy3h6dgk","time":1614302025,"event":{"mods":["AchievementEnabler","Astrologer","Bard","BaseMod","Better Altar","Better Match","BetterRewards","Colored Map","Colored Powertips","Faster Ascension Climbing","Gold Saver","Hermit","Minty Spire (QoL Compilation)","Remove Card Discount Mod","StSLib","The Disciple","The Hierophant","The Marked","The Necromancer","The Problem Sleuth","The Valiant","The Wild Card"],"gold_per_floor":[742,285,297,371,382,382,394,394,417,427,439,469,485,162,162,264,264,281,293,246,246,256,283,154,187,211,222,321,335,289,389,389,493,493,510,253,270,270,316,316,316],"floor_reached":40,"language":"ENG","playtime":1220,"items_purged":["Defend_R","Defend_R","Defend_R","Defend_R","Sever Soul"],"score":678,"play_id":"ad81b339-3e47-4c32-9dd0-7655d33978d6","local_time":"20210225201345","is_ascension_mode":false,"campfire_choices":[{"data":"Flex","floor":6,"key":"SMITH"},{"data":"Inflame","floor":15,"key":"SMITH"},{"data":"Limit Break","floor":32,"key":"SMITH"}],"circlet_count":0,"master_deck":["Strike_R","Strike_R","Strike_R","Bash","Flex","Heavy Blade","Whirlwind","Flex+1","Clash","Flex+1","Offering","Inflame+1","Limit Break+1","Cleave+1","Clash","Flex","Thunderclap+1","Feed","Flex","Clash","Flex","Demon Form","Inflame","Apotheosis","Feed"],"relics":["Burning Blood","Brimstone","Anchor","Chemical X","Lee\u0027s Waffle","Question Card","Lantern","Mummified Hand","Empty Cage","MawBank","Toy Ornithopter","MealTicket","Ice Cream","Bottled Flame","Champion Belt"],"acts_visited":["Exordium","TheCity","TheBeyond"],"potions_floor_usage":[16,39,39,40],"damage_taken":[{"damage":0,"enemies":"Small Slimes","floor":1,"turns":2},{"damage":0,"enemies":"2 Louse","floor":3,"turns":1},{"damage":0,"enemies":"Cultist","floor":5,"turns":2},{"damage":6,"enemies":"3 Louse","floor":7,"turns":2},{"damage":0,"enemies":"Looter","floor":10,"turns":1},{"damage":6,"enemies":"Exordium Thugs","floor":11,"turns":2},{"damage":0,"enemies":"Lagavulin","floor":12,"turns":2},{"damage":4,"enemies":"Red Slaver","floor":13,"turns":2},{"damage":60,"enemies":"Hexaghost","floor":16,"turns":3},{"damage":7,"enemies":"Shell Parasite","floor":18,"turns":2},{"damage":6,"enemies":"3 Byrds","floor":19,"turns":2},{"damage":8,"enemies":"Cultist and Chosen","floor":22,"turns":2},{"damage":6,"enemies":"Gremlin Leader","floor":23,"turns":2},{"damage":10,"enemies":"Book of Stabbing","floor":25,"turns":2},{"damage":6,"enemies":"Snake Plant","floor":27,"turns":1},{"damage":6,"enemies":"Snecko","floor":29,"turns":2},{"damage":4,"enemies":"Colosseum Slavers","floor":31,"turns":2},{"damage":6,"enemies":"Colosseum Nobs","floor":31,"turns":2},{"damage":26,"enemies":"Collector","floor":33,"turns":3},{"damage":6,"enemies":"3 Darklings","floor":35,"turns":2},{"damage":7,"enemies":"Orb Walker","floor":37,"turns":2},{"damage":0,"enemies":"2 Orb Walkers","floor":39,"turns":1},{"damage":111,"enemies":"Nemesis","floor":40,"turns":4}],"seed_played":"-6732669304232799297","potions_obtained":[{"floor":5,"key":"DistilledChaos"},{"floor":7,"key":"DistilledChaos"},{"floor":11,"key":"Energy Potion"},{"floor":22,"key":"Block Potion"},{"floor":23,"key":"SteroidPotion"},{"floor":39,"key":"SkillPotion"}],"is_trial":false,"path_per_floor":["M","$","M","?","M","R","M","?","T","M","M","E","M","$","R","B",null,"M","M","$","?","M","E","$","E","T","M","?","M","$","?","R","B",null,"M","$","M","$","?","E"],"character_chosen":"IRONCLAD","items_purchased":["Brimstone","Anchor","Flex","Heavy Blade","Chemical X","Whirlwind","Clash","Lee\u0027s Waffle","Question Card","Inflame","Mummified Hand","Flex","Feed","Clash","Inflame","Apotheosis"],"campfire_rested":0,"item_purchase_floors":[0,0,0,0,0,0,2,2,2,14,14,20,24,30,36,36],"current_hp_per_floor":[80,87,87,87,87,87,87,87,87,87,87,87,87,87,87,33,87,86,86,86,86,84,84,84,80,80,80,80,80,87,87,87,67,87,90,90,89,90,93,0,0],"gold":316,"neow_bonus":"","is_daily":false,"chose_seed":false,"campfire_upgraded":3,"win_rate":0.0,"timestamp":1614302025,"path_taken":["M","$","M","?","M","R","M","?","T","M","M","E","?","$","R","BOSS","M","M","$","?","M","E","$","E","T","M","?","?","?","?","R","BOSS","M","$","M","$","?","E"],"items_purchased_type":["Relic","Relic","Card","Card","Relic","Card","Card","Relic","Relic","Card","Relic","Card","Card","Card","Card","Card"],"build_version":"2020-12-22","purchased_purges":5,"victory":false,"max_hp_per_floor":[80,87,87,87,87,87,87,87,87,87,87,87,87,87,87,87,87,87,87,87,87,87,87,87,87,87,87,87,87,87,87,87,87,87,90,90,90,90,93,93,93],"card_choices":[{"not_picked":["Burning Pact","Pommel Strike"],"picked":"Flex","floor":1},{"not_picked":["Perfected Strike","Thunderclap","Spot Weakness"],"picked":"Flex","floor":3},{"not_picked":["Feel No Pain","Heavy Blade","Clothesline"],"picked":"Offering","floor":5},{"not_picked":["Ghostly Armor","Pommel Strike","Fire Breathing","Hemokinesis"],"picked":"SKIP","floor":7},{"not_picked":["True Grit","Armaments","Iron Wave","Anger"],"picked":"SKIP","floor":10},{"not_picked":["Armaments","Shrug It Off","Fire Breathing","Blood for Blood"],"picked":"SKIP","floor":11},{"not_picked":["Iron Wave","Sever Soul","Berserk","Twin Strike"],"picked":"SKIP","floor":12},{"not_picked":["Entrench","Clothesline","Inflame"],"picked":"Sever Soul","floor":13},{"not_picked":["Berserk","Impervious","Juggernaut"],"picked":"Limit Break","floor":16},{"not_picked":["Clothesline+1","Heavy Blade","Blood for Blood"],"picked":"Cleave+1","floor":18},{"not_picked":["Perfected Strike","Pommel Strike+1","Iron Wave+1"],"picked":"Clash","floor":19},{"not_picked":["Metallicize","True Grit","Fire Breathing","Entrench"],"picked":"SKIP","floor":22},{"not_picked":["Shockwave","Seeing Red","Second Wind"],"picked":"Thunderclap+1","floor":23},{"not_picked":["Thunderclap","Bloodletting+1","Disarm","Blood for Blood+1"],"picked":"SKIP","floor":25},{"not_picked":["Armaments","Sentinel+1","Pommel Strike"],"picked":"Flex","floor":27},{"not_picked":["Flame Barrier+1","Havoc","Iron Wave","Battle Trance"],"picked":"SKIP","floor":29},{"not_picked":["Pommel Strike","Exhume","Headbutt"],"picked":"Flex","floor":31},{"not_picked":["Reaper","Impervious","Limit Break"],"picked":"Demon Form","floor":33},{"not_picked":["Wild Strike","Twin Strike+1","Iron Wave+1","Pommel Strike+1"],"picked":"SKIP","floor":35},{"not_picked":["Twin Strike","Rampage+1","Fire Breathing","Cleave"],"picked":"SKIP","floor":37},{"not_picked":["Fire Breathing+1","Headbutt","Clothesline+1"],"picked":"Feed","floor":39}],"player_experience":164969,"relics_obtained":[{"floor":12,"key":"Lantern"},{"floor":23,"key":"MawBank"},{"floor":25,"key":"Toy Ornithopter"},{"floor":26,"key":"MealTicket"},{"floor":31,"key":"Ice Cream"},{"floor":31,"key":"Bottled Flame"},{"floor":39,"key":"Champion Belt"}],"event_choices":[{"damage_healed":0,"gold_gain":74,"player_choice":"Gained Gold","damage_taken":0,"max_hp_gain":0,"max_hp_loss":0,"event_name":"Golden Wing","floor":4,"gold_loss":0},{"damage_healed":0,"gold_gain":0,"player_choice":"Upgraded","damage_taken":0,"max_hp_gain":0,"max_hp_loss":0,"event_name":"Upgrade Shrine","floor":8,"gold_loss":0,"cards_upgraded":["Flex"]},{"damage_healed":0,"gold_gain":99,"player_choice":"Stole From Cult","damage_taken":0,"max_hp_gain":0,"max_hp_loss":0,"event_name":"Nest","floor":28,"gold_loss":0},{"damage_healed":0,"gold_gain":0,"player_choice":"Fight","damage_taken":0,"max_hp_gain":0,"max_hp_loss":0,"event_name":"Colosseum","floor":31,"gold_loss":0},{"damage_healed":0,"gold_gain":0,"player_choice":"Fought Nobs","damage_taken":0,"max_hp_gain":0,"max_hp_loss":0,"event_name":"Colosseum","floor":31,"gold_loss":0},{"damage_healed":0,"gold_gain":0,"player_choice":"Fight","damage_taken":0,"max_hp_gain":0,"max_hp_loss":0,"event_name":"Mysterious Sphere","floor":39,"gold_loss":0}],"is_beta":false,"boss_relics":[{"not_picked":["Runic Cube","Runic Pyramid"],"picked":"Empty Cage"},{"not_picked":["Coffee Dripper","Runic Dome","Astrolabe"]}],"items_purged_floors":[2,2,2,2,14],"is_endless":false,"potions_floor_spawned":[5,7,11,12,22,23,25,27,31,35,39],"killed_by":"Nemesis","ascension_level":0}}