{"host":"og21o26alpnbwmz8","time":1614355291,"event":{"mods":["2.2 Compatiblity","Act Like it!","Aspiration","BaseMod","Conspire","Downfall","Gensokyo","Halation","Hallownest","Hermit","Hubris","Jedi Mod","Mimic Mod","Minty Spire (QoL Compilation)","Pale of the Ancients","Reliquary","Replay The Spire","Shop Mod","Spikes Relics","StSLib","The Alterego","The Animator","The Blue Laboratory","The Bug Knight","The Elementalist","Waifu the Spire","Yuri Mod"],"gold_per_floor":[119,44,44,63,79,109,109,128,154,154,174,174,192,122,122,227,227,239,252,252,321,341,341,367,367,417,417,417,417,31,57,57,159,159,195,195,195,15,15,15,58,58,58,58,111,43,55,72,72,147,147,147,147,178,253,253],"floor_reached":55,"language":"ENG","playtime":2504,"items_purged":[],"score":831,"play_id":"c470e549-ffb7-4319-baf2-035822fda3f5","local_time":"20210226110131","is_ascension_mode":false,"campfire_choices":[{"data":"elementalist:Monument","floor":10,"key":"SMITH"},{"data":"elementalist:Magma_Shot","floor":23,"key":"SMITH"},{"data":"elementalist:Monument","floor":25,"key":"SMITH"},{"floor":29,"key":"RECALL"},{"data":"elementalist:Earthstrike","floor":32,"key":"SMITH"},{"data":"elementalist:Ferruchemy","floor":40,"key":"SMITH"},{"data":"elementalist:Defend_Elemblue","floor":42,"key":"SMITH"},{"data":"elementalist:Defend_Elemblue","floor":44,"key":"SMITH"},{"data":"elementalist:Quadmire","floor":49,"key":"SMITH"},{"data":"elementalist:Magma_Shot","floor":52,"key":"SMITH"}],"circlet_count":0,"master_deck":["elementalist:Earth_Emblem","elementalist:Earth_Emblem+1","elementalist:Earth_Emblem+1","elementalist:Earth_Emblem+1","elementalist:Defend_Elemblue+1","elementalist:Defend_Elemblue+1","elementalist:Defend_Elemblue+1","elementalist:Defend_Elemblue+1","elementalist:Defend_Elemblue","elementalist:Firestrike","elementalist:Earthstrike+1","Hallownest:skillGreenpathMap","elementalist:Monument+1","elementalist:Gaian_Form","elementalist:Monument+1","elementalist:Magma_Shot+1","elementalist:Caution+1","elementalist:Gaian_Form+1","elementalist:Ferruchemy+1","Finisher","Eviscerate","Finisher","elementalist:Magma_Shot+1","elementalist:Magma_Shot+1","elementalist:Quadmire+1","elementalist:Aegis+1"],"relics":["elementalistmod:MagusStaff","elementalistmod:YellowCirclet","NeowsBlessing","halation:LettersToHer","Coffee Dripper","halation:KoshaPiece","CrustySpines","ReplayTheSpireMod:TigerMarble","aspiration:SeaSaltIceCream","Mango","Eternal Feather","champ:Barbells","reliquary:RedPaperclip","halation:PinkSoulGem","Hallownest:StagBellStandRelic","reliquary:ExpiredCoupon","Bag of Preparation"],"acts_visited":["Exordium","Hallownest:Greenpath","Hallownest:CityofTears","TheEnding"],"potions_floor_usage":[6,21,47,54,55,55],"damage_taken":[{"damage":0,"enemies":"Hallownest:2_Tiktiks_and_1_Crawlid","floor":1,"turns":2},{"damage":0,"enemies":"Hallownest:2_Baldur","floor":4,"turns":1},{"damage":0,"enemies":"Hallownest:monsterHuskGuard","floor":5,"turns":2},{"damage":28,"enemies":"Hallownest:eliteMossKnight","floor":6,"turns":21},{"damage":11,"enemies":"Hallownest:MossCreep_and_Mosskin","floor":8,"turns":11},{"damage":0,"enemies":"Hallownest:monsterAspidMother","floor":11,"turns":5},{"damage":0,"enemies":"Hallownest:2_Tiktiks_1_Baldur_1_Crawlid","floor":13,"turns":5},{"damage":16,"enemies":"Hallownest:BossFalseKnight","floor":16,"turns":8},{"damage":2,"enemies":"Hallownest:Guard_and_Sentry","floor":18,"turns":6},{"damage":5,"enemies":"Hallownest:Flukemon_and_Top","floor":19,"turns":4},{"damage":0,"enemies":"Hallownest:Master_and_Novice","floor":22,"turns":3},{"damage":6,"enemies":"Hallownest:eliteSoulWarrior","floor":24,"turns":5},{"damage":0,"enemies":"Hallownest:Nosk","floor":31,"turns":6},{"damage":14,"enemies":"Hallownest:BossSoulMaster","floor":33,"turns":7},{"damage":0,"enemies":"Hallownest:Shield_Heavy","floor":35,"turns":5},{"damage":2,"enemies":"Hallownest:2_Littles","floor":41,"turns":4},{"damage":0,"enemies":"Hallownest:eliteCollector","floor":45,"turns":4},{"damage":0,"enemies":"Hallownest:2_Wandering_and_1_Horned","floor":47,"turns":4},{"damage":0,"enemies":"Hallownest:monsterPrimalAspid","floor":48,"turns":3},{"damage":0,"enemies":"Hallownest:BossHollowKnight","floor":50,"turns":10},{"damage":8,"enemies":"Shield and Spear","floor":54,"turns":3},{"damage":108,"enemies":"The Heart","floor":55,"turns":6}],"seed_played":"-6173018637398018029","potions_obtained":[{"floor":4,"key":"blueLaboratory:SavagePotion"},{"floor":13,"key":"blueLaboratory:TrueEctoplasm"},{"floor":16,"key":"Regen Potion"},{"floor":21,"key":"Fruit Juice"},{"floor":21,"key":"blueLaboratory:BottledHope"},{"floor":24,"key":"Swift Potion"},{"floor":48,"key":"blueLaboratory:AbyssPotion"}],"is_trial":false,"path_per_floor":["M","?","$","M","M","E","R","M","T","R","M","?","M","?","R","B",null,"M","M","?","?","M","R","E","R","T","?","T","R","$","E","R","B",null,"M","?","$","?","?","R","M","R","T","R","E","$","M","M","R","B",null,"R","$","E","B"],"character_chosen":"THE_ELEMENTALIST","items_purchased":["Eternal Feather","champ:Barbells","elementalist:Magma_Shot"],"campfire_rested":0,"item_purchase_floors":[30,30,46],"current_hp_per_floor":[70,70,70,70,70,42,42,31,31,31,31,22,22,22,43,27,70,68,63,70,47,47,47,41,41,41,41,55,55,55,55,67,53,89,90,90,90,90,90,90,88,90,90,90,90,90,90,90,90,91,91,91,91,83,0,0],"gold":253,"neow_bonus":"THREE_ENEMY_KILL","is_daily":false,"chose_seed":false,"campfire_upgraded":9,"win_rate":0.0,"timestamp":1614355291,"path_taken":["M","?","?","M","M","E","R","M","T","R","M","?","?","?","R","BOSS","M","M","?","?","M","R","E","R","T","?","?","R","$","E","R","BOSS","M","?","$","?","?","R","?","R","T","R","E","$","M","M","R","BOSS","R","$","E","BOSS"],"items_purchased_type":["Relic","Relic","Card"],"build_version":"2020-12-22","purchased_purges":0,"victory":false,"max_hp_per_floor":[70,70,70,70,70,70,70,70,70,70,70,70,70,70,70,70,70,70,70,70,75,75,75,75,75,75,75,89,89,89,89,89,89,89,90,90,90,90,90,90,90,90,90,90,90,90,90,90,90,91,91,91,91,91,93,93],"card_choices":[{"not_picked":["elementalist:Overheat","elementalist:Geomancy","elementalist:Wards"],"picked":"SKIP","floor":1},{"not_picked":["elementalist:Wards","elementalist:Prepared_Sand"],"picked":"elementalist:Monument","floor":4},{"not_picked":["elementalist:Mist","elementalist:Rising_Tides"],"picked":"elementalist:Gaian_Form","floor":5},{"not_picked":["elementalist:Impact","elementalist:Prepared_Sand"],"picked":"elementalist:Monument","floor":6},{"not_picked":["elementalist:Cyclone","elementalist:Momentum","elementalist:Spark"],"picked":"SKIP","floor":8},{"not_picked":["elementalist:Concentricity","elementalist:Spout"],"picked":"elementalist:Magma_Shot","floor":11},{"not_picked":["elementalist:Blaze","elementalist:Concentricity","elementalist:Prepared_Sand"],"picked":"SKIP","floor":13},{"not_picked":["elementalist:Monument","elementalist:Stone_to_Mud"],"picked":"elementalist:Caution+1","floor":18},{"not_picked":["elementalist:Spout","elementalist:Wards","elementalist:Momentum+1"],"picked":"SKIP","floor":19},{"not_picked":["elementalist:Stone_to_Mud","elementalist:Widdershins_Conversion"],"picked":"elementalist:Gaian_Form","floor":21},{"not_picked":["elementalist:Monument+1","elementalist:Spout","elementalist:Gaian_Form"],"picked":"SKIP","floor":22},{"not_picked":["elementalist:Aegis+1","elementalist:Blaze","elementalist:Stone_to_Mud"],"picked":"SKIP","floor":24},{"not_picked":["elementalist:Ignition","elementalist:Spout","elementalist:Rising_Tides"],"picked":"SKIP","floor":31},{"not_picked":["elementalist:Kiln","elementalist:Wirbelwight"],"picked":"elementalist:Ferruchemy","floor":33},{"not_picked":["elementalist:Lunar_Form+1","elementalist:Overheat+1","elementalist:Low_Tides+1"],"picked":"SKIP","floor":35},{"not_picked":["elementalist:Ignition","elementalist:Etherstrike","elementalist:Cyclone"],"picked":"SKIP","floor":41},{"not_picked":["elementalist:Impact","elementalist:Geomancy","elementalist:Stone_to_Mud+1"],"picked":"SKIP","floor":45},{"not_picked":["elementalist:Geomancy+1","elementalist:Spark+1","elementalist:Monument+1"],"picked":"SKIP","floor":47},{"not_picked":["elementalist:Gaian_Form","elementalist:Aegis","elementalist:Prepared_Sand+1"],"picked":"SKIP","floor":48},{"not_picked":["elementalist:Low_Tides","elementalist:Blaze"],"picked":"elementalist:Aegis+1","floor":54}],"player_experience":444040,"relics_obtained":[{"floor":6,"key":"halation:LettersToHer"},{"floor":9,"key":"halation:LettersToHer"},{"floor":9,"key":"RollingBoulder"},{"floor":21,"key":"halation:KoshaPiece"},{"floor":24,"key":"CrustySpines"},{"floor":26,"key":"halation:LettersToHer"},{"floor":26,"key":"ReplayTheSpireMod:TigerMarble"},{"floor":28,"key":"halation:LettersToHer"},{"floor":28,"key":"aspiration:SeaSaltIceCream"},{"floor":31,"key":"Frozen Egg 2"},{"floor":43,"key":"halation:LettersToHer"},{"floor":45,"key":"reliquary:ExpiredCoupon"},{"floor":54,"key":"Bag of Preparation"}],"event_choices":[],"is_beta":false,"boss_relics":[{"not_picked":["hubris:GrandSneckoEye","Philosopher\u0027s Stone"],"picked":"Coffee Dripper"},{"not_picked":["conspire:RoyalGoblet","aspiration:FutureDiary"],"picked":"reliquary:RedPaperclip"}],"items_purged_floors":[],"is_endless":false,"potions_floor_spawned":[4,13,16,22,24,31,33,41,48],"killed_by":"The Heart","ascension_level":0}}