{"host":"dd2mx3pm3ovi0t1n","time":1614344955,"event":{"mods":["2.2 Compatiblity","AchievementEnabler","AlwaysNeverKeys","Aspiration","BaseMod","Beaked The Cultist","Better Altar","Better Match","Better Note","Better Sensory Stone","Better Skull","Better Third Choice","BetterRewards","Colored Map","Colored Powertips","Conspire","Defuse TimeMaze Blight","Displayed Cursed Tome","Downfall","Energized Spire","Friendly Minions","GifTheSpireLib","Gold Saver","Halation","Hermit","Highlight Path","Hubris","Infinite Spire","Jedi Mod","Marked Mod","Minty Spire (QoL Compilation)","Permanent Neow","Poor People Problems","Quick Restart","Reliquary","Replay The Spire","Shop Mod","Spicy Shops","Spikes Relics","StSLib","Stuff the Spire","TestMod","The Construct","Trackpad","Uncapped","Wandering Minibosses","????"],"gold_per_floor":[113,126,139,139,139,167,167],"floor_reached":6,"language":"ENG","playtime":191,"items_purged":[],"score":48,"play_id":"0188a432-127c-46d1-8b28-5d49baf6ee7a","local_time":"20210226050915","is_ascension_mode":true,"campfire_choices":[],"circlet_count":0,"master_deck":["Strike_B","Strike_B","Strike_B","Defend_B","Defend_B","Defend_B","Defend_B","Zap","Dualcast","Rebound","Gash","StuffTheSpire:CuriosityCurse","Loop"],"relics":["Cracked Core","testmod-TestBox","testmod-Register","MerchantsRug","infinitespire:EmpoweringShard","halation:IllGainedPizza"],"acts_visited":["Exordium"],"potions_floor_usage":[6],"damage_taken":[{"damage":1,"enemies":"Jaw Worm","floor":1,"turns":3},{"damage":4,"enemies":"conspire:RoseBush","floor":2,"turns":2},{"damage":7,"enemies":"2 Louse","floor":3,"turns":3},{"damage":38,"enemies":"Gremlin Nob","floor":6,"turns":4}],"seed_played":"-2906558681261119887","potions_obtained":[{"floor":3,"key":"PowerPotion"},{"floor":6,"key":"Ancient Potion"}],"is_trial":false,"path_per_floor":["M","M","M","?","?","E"],"character_chosen":"DEFECT","items_purchased":["MerchantsRug"],"campfire_rested":0,"item_purchase_floors":[0],"current_hp_per_floor":[74,70,63,56,56,18,18],"gold":167,"neow_bonus":"","is_daily":false,"chose_seed":false,"campfire_upgraded":0,"win_rate":0.0,"timestamp":1614344955,"path_taken":["M","M","M","?","?","E"],"items_purchased_type":["Relic"],"build_version":"2020-12-22","purchased_purges":0,"victory":false,"max_hp_per_floor":[75,75,75,75,75,75,75],"card_choices":[{"not_picked":["jedi:BurstLightning","Steam"],"picked":"Rebound","floor":1},{"not_picked":["BasicCrystalCard","jedi:gatheringstorm","Steam"],"picked":"SKIP","floor":2},{"not_picked":["Steam","Consume"],"picked":"Gash","floor":3},{"not_picked":["Crystallizer","Machine Learning"],"picked":"Loop","floor":6}],"player_experience":472645,"relics_obtained":[{"floor":6,"key":"halation:IllGainedPizza"}],"event_choices":[{"cards_removed":["Strike_B"],"damage_healed":0,"gold_gain":0,"player_choice":"Card Removal","damage_taken":7,"max_hp_gain":0,"max_hp_loss":0,"event_name":"Golden Wing","floor":4,"gold_loss":0}],"is_beta":false,"boss_relics":[],"items_purged_floors":[],"is_endless":false,"potions_floor_spawned":[3,6],"killed_by":"Gremlin Nob","ascension_level":1}}