{"host":"vdpaduzlq0qlaikq","time":1614361457,"event":{"mods":["AchievementEnabler","BaseMod","Better Third Choice","BetterRewards","Colored Map","Downfall","Gold Saver","Hermit","Jorbs\u0027s Wanderer Trilogy","Minty Spire (QoL Compilation)","Relic Filter","Spicy Shops","StSLib","The Necromancer"],"gold_per_floor":[701,713,317,337,355,381,399,399,425,459,459,487,487,452,452,523,523,533,553,51,67,85,119,119,134,134,144,144,144,175,93,93,165,165,176,176,176,109,109,109,137,149,231,258,129,146,178,178,178,178,178,178,43,78,78],"floor_reached":56,"language":"ENG","playtime":2226,"items_purged":["Strike_G"],"score":2817,"play_id":"7ed265dc-2dc2-4670-b9f8-0b41b2768a93","local_time":"20210226144417","is_ascension_mode":true,"campfire_choices":[{"data":"Bouncing Flask","floor":8.0,"key":"SMITH"},{"data":"Noxious Fumes","floor":15.0,"key":"SMITH"},{"floor":24.0,"key":"REST"},{"floor":28.0,"key":"RECALL"},{"data":"Noxious Fumes","floor":32.0,"key":"SMITH"},{"data":"Malaise","floor":40.0,"key":"SMITH"},{"data":"Catalyst","floor":49.0,"key":"SMITH"},{"data":"Wraith Form v2","floor":52.0,"key":"SMITH"}],"circlet_count":0,"master_deck":["AscendersBane","Strike_G","Strike_G+1","Strike_G","Strike_G+1","Defend_G","Defend_G","Defend_G","Defend_G","Defend_G","Survivor+1","Neutralize+1","Poisoned Stab+1","Corpse Explosion+1","Bouncing Flask+1","Backstab","Deadly Poison","Crippling Poison+1","Noxious Fumes+1","Malaise+1","Blind","Wraith Form v2+1","Footwork","Catalyst+1","Catalyst+1"],"relics":["Ring of the Snake","Sling","Juzu Bracelet","Incense Burner","Bronze Scales","Tiny Chest","Whetstone","Singing Bowl","Ninja Scroll","Ancient Tea Set","Omamori","The Courier","Paper Crane","expansioncontent:StudyCardRelic","Mango","War Paint","Lantern","Blood Vial","Art of War","Snake Skull","Meat on the Bone","Darkstone Periapt","Oddly Smooth Stone","WristBlade","Chemical X","Sundial","Bottled Lightning","Shuriken","Anchor","Regal Pillow","DollysMirror","Bottled Flame"],"acts_visited":["Exordium","TheCity","TheBeyond","TheEnding"],"potions_floor_usage":[],"damage_taken":[{"damage":1.0,"enemies":"Jaw Worm","floor":1.0,"turns":4.0},{"damage":0.0,"enemies":"Cultist","floor":2.0,"turns":3.0},{"damage":2.0,"enemies":"2 Louse","floor":4.0,"turns":2.0},{"damage":0.0,"enemies":"Exordium Wildlife","floor":5.0,"turns":2.0},{"damage":1.0,"enemies":"3 Sentries","floor":6.0,"turns":2.0},{"damage":5.0,"enemies":"Large Slime","floor":7.0,"turns":4.0},{"damage":0.0,"enemies":"Gremlin Nob","floor":10.0,"turns":2.0},{"damage":0.0,"enemies":"3 Sentries","floor":12.0,"turns":2.0},{"damage":33.0,"enemies":"Hexaghost","floor":16.0,"turns":6.0},{"damage":12.0,"enemies":"Chosen","floor":18.0,"turns":2.0},{"damage":1.0,"enemies":"3 Byrds","floor":19.0,"turns":2.0},{"damage":10.0,"enemies":"Cultist and Chosen","floor":21.0,"turns":5.0},{"damage":13.0,"enemies":"Centurion and Healer","floor":22.0,"turns":3.0},{"damage":10.0,"enemies":"Slavers","floor":23.0,"turns":5.0},{"damage":0.0,"enemies":"Snake Plant","floor":25.0,"turns":3.0},{"damage":10.0,"enemies":"Snecko","floor":27.0,"turns":3.0},{"damage":21.0,"enemies":"Book of Stabbing","floor":30.0,"turns":3.0},{"damage":17.0,"enemies":"Automaton","floor":33.0,"turns":6.0},{"damage":3.0,"enemies":"Orb Walker","floor":35.0,"turns":2.0},{"damage":0.0,"enemies":"Nemesis","floor":41.0,"turns":5.0},{"damage":0.0,"enemies":"3 Darklings","floor":42.0,"turns":1.0},{"damage":40.0,"enemies":"Reptomancer","floor":44.0,"turns":5.0},{"damage":17.0,"enemies":"Writhing Mass","floor":46.0,"turns":4.0},{"damage":10.0,"enemies":"Giant Head","floor":47.0,"turns":7.0},{"damage":46.0,"enemies":"Donu and Deca","floor":50.0,"turns":7.0},{"damage":0.0,"enemies":"Shield and Spear","floor":54.0,"turns":2.0},{"damage":67,"enemies":"The Heart","floor":55,"turns":8}],"seed_played":"2166243329389682098","potions_obtained":[{"floor":4.0,"key":"FearPotion"},{"floor":6.0,"key":"Weak Potion"},{"floor":10.0,"key":"GhostInAJar"},{"floor":35.0,"key":"Block Potion"},{"floor":42.0,"key":"Energy Potion"},{"floor":54.0,"key":"SmokeBomb"}],"is_trial":false,"path_per_floor":["M","M","$","M","M","E","M","R","T","E","?","E","?","?","R","B",null,"M","M","$","M","M","E","R","M","T","M","R","T","E","$","R","B",null,"M","?","?","$","T","R","E","M","T","E","$","M","E","?","R","B",null,"R","$","E","B",null],"character_chosen":"THE_SILENT","items_purchased":["Sling","Poisoned Stab","Juzu Bracelet","Corpse Explosion","Incense Burner","Bronze Scales","Tiny Chest","Whetstone","Singing Bowl","Ninja Scroll","Mango","War Paint","Lantern","Blood Vial","Oddly Smooth Stone","Noxious Fumes","Chemical X","Anchor","DollysMirror"],"campfire_rested":1,"item_purchase_floors":[0,0,0,0,0,0,0,0,3,3,20,20,20,20,31,31,38,45,53],"current_hp_per_floor":[58,58,58,58,60,59,56,56,56,58,36,36,36,54,54,23,63,51,52,66,58,49,43,71,75,75,69,69,69,64,64,64,61,92,93,93,93,93,93,93,97,101,101,63,63,60,64,64,64,32,89,89,89,93,40],"gold":78,"neow_bonus":"","is_daily":false,"chose_seed":false,"campfire_upgraded":6,"win_rate":0.0,"timestamp":1614361457,"path_taken":["M","M","$","M","M","E","M","R","T","E","?","E","?","?","R","BOSS","M","M","$","M","M","E","R","M","T","M","R","?","E","$","R","BOSS","M","?","?","?","?","R","E","M","T","E","$","M","E","?","R","BOSS","R","$","E","BOSS"],"items_purchased_type":["Relic","Card","Relic","Card","Relic","Relic","Relic","Relic","Relic","Relic","Relic","Relic","Relic","Relic","Relic","Card","Relic","Relic","Relic"],"build_version":"2020-12-22","purchased_purges":1,"victory":true,"max_hp_per_floor":[66,66,66,68,70,70,72,72,72,74,74,74,74,74,74,76,76,76,78,92,92,94,96,96,98,98,100,100,100,102,102,102,102,102,104,104,104,104,104,104,106,108,108,108,108,108,108,108,108,108,108,108,108,110,110],"card_choices":[{"not_picked":["Bane","Prepared"],"picked":"Bouncing Flask","floor":1.0},{"not_picked":["Backflip","Dodge and Roll","Concentrate"],"picked":"SKIP","floor":2.0},{"not_picked":["Prepared","Dagger Throw","Finisher"],"picked":"Singing Bowl","floor":4.0},{"not_picked":["Terror","Backflip","Expertise"],"picked":"Singing Bowl","floor":5.0},{"not_picked":["Poisoned Stab","Acrobatics"],"picked":"Backstab","floor":6.0},{"not_picked":["Caltrops","Poisoned Stab","Dodge and Roll"],"picked":"Singing Bowl","floor":7.0},{"not_picked":["Grand Finale","Concentrate","Deflect"],"picked":"Singing Bowl","floor":10.0},{"not_picked":["Finisher","Backflip"],"picked":"Noxious Fumes","floor":12.0},{"not_picked":["Phantasmal Killer","Unload","Bullet Time"],"picked":"Singing Bowl","floor":16.0},{"not_picked":["Endless Agony","Dagger Throw"],"picked":"Deadly Poison","floor":18.0},{"not_picked":["Cloak And Dagger","Infinite Blades","Bane"],"picked":"Singing Bowl","floor":19.0},{"not_picked":["Eviscerate+1","Calculated Gamble+1"],"picked":"Crippling Poison+1","floor":21.0},{"not_picked":["Prepared","Underhanded Strike","Dagger Spray"],"picked":"Singing Bowl","floor":22.0},{"not_picked":["Well Laid Plans","Endless Agony","Night Terror"],"picked":"Singing Bowl","floor":23.0},{"not_picked":["Outmaneuver","Flying Knee","Dagger Spray"],"picked":"Singing Bowl","floor":25.0},{"not_picked":["Blur","PiercingWail","Quick Slash+1"],"picked":"Singing Bowl","floor":27.0},{"not_picked":["Blade Dance","Flechettes","Dagger Spray"],"picked":"Singing Bowl","floor":30.0},{"not_picked":["A Thousand Cuts","Doppelganger"],"picked":"Malaise","floor":33.0},{"not_picked":["Skewer","Deadly Poison","Deflect"],"picked":"Singing Bowl","floor":35.0},{"not_picked":["Good Instincts","Discovery"],"picked":"Blind","floor":36.0},{"not_picked":["Dash","Bane","Accuracy"],"picked":"Singing Bowl","floor":41.0},{"not_picked":["Poisoned Stab","Flying Knee","Riddle With Holes"],"picked":"Singing Bowl","floor":42.0},{"not_picked":["Eviscerate+1","Poisoned Stab"],"picked":"Wraith Form v2","floor":44.0},{"not_picked":["Blur","Acrobatics"],"picked":"Footwork","floor":46.0},{"not_picked":["Sucker Punch","Heel Hook+1"],"picked":"Catalyst","floor":47.0},{"not_picked":["Distraction","Prepared","Flechettes"],"picked":"Singing Bowl","floor":54.0}],"player_experience":768374,"relics_obtained":[{"floor":6.0,"key":"Ancient Tea Set"},{"floor":9.0,"key":"Omamori"},{"floor":10.0,"key":"The Courier"},{"floor":12.0,"key":"Paper Crane"},{"floor":23.0,"key":"Art of War"},{"floor":26.0,"key":"Snake Skull"},{"floor":29.0,"key":"Meat on the Bone"},{"floor":30.0,"key":"Darkstone Periapt"},{"floor":41.0,"key":"Sundial"},{"floor":43.0,"key":"Bottled Lightning"},{"floor":44.0,"key":"Shuriken"},{"floor":47.0,"key":"Regal Pillow"},{"floor":54.0,"key":"Bottled Flame"}],"event_choices":[{"damage_healed":58.0,"max_hp_gain":0.0,"max_hp_loss":74.0,"gold_gain":0.0,"event_name":"betterThird:BetterShining","player_choice":"Upgrade","floor":11.0,"gold_loss":0.0,"damage_taken":22.0,"cards_upgraded":["Strike_G","Poisoned Stab"]},{"damage_healed":0.0,"max_hp_gain":0.0,"max_hp_loss":0.0,"gold_gain":0.0,"event_name":"Lab","player_choice":"Got Potions","floor":13.0,"gold_loss":0.0,"damage_taken":0.0},{"damage_healed":18.0,"max_hp_gain":0.0,"max_hp_loss":0.0,"gold_gain":0.0,"event_name":"The Cleric","player_choice":"Healed","floor":14.0,"gold_loss":35.0,"damage_taken":0.0},{"damage_healed":0.0,"max_hp_gain":0.0,"max_hp_loss":0.0,"gold_gain":0.0,"event_name":"SensoryStone","player_choice":"Memory 1","floor":36.0,"gold_loss":0.0,"damage_taken":0.0},{"damage_healed":0.0,"max_hp_gain":0.0,"max_hp_loss":0.0,"gold_gain":0.0,"event_name":"Tomb of Lord Red Mask","player_choice":"Ignored","floor":37.0,"gold_loss":0.0,"damage_taken":0.0},{"cards_removed":["Noxious Fumes"],"damage_healed":0.0,"max_hp_gain":0.0,"max_hp_loss":0.0,"gold_gain":0.0,"event_name":"Falling","player_choice":"Removed Power","floor":48.0,"gold_loss":0.0,"damage_taken":0.0}],"is_beta":false,"boss_relics":[{"not_picked":["SlaversCollar","Sozu"],"picked":"expansioncontent:StudyCardRelic"},{"not_picked":["Snecko Eye","Cursed Key"],"picked":"WristBlade"}],"items_purged_floors":[0],"is_endless":false,"potions_floor_spawned":[4,6,7,10,19,22,35,42,44,54],"ascension_level":16}}