{"host":"s0nrlal5fls38heo","time":1614345766,"event":{"mods":["AchievementEnabler","BaseMod","Better Vampires","Colored Powertips","Dark Map","Displayed Cursed Tome","Downfall","Faster Ascension Climbing","GifTheSpireLib","Minty Spire (QoL Compilation)","Permanent Neow","Rare Cards Sparkle","Relic Filter Mod","Relic Stats","StSLib"],"gold_per_floor":[99,109,109,125,125,154,193,219,231,273,304,650,662,708,734,746,746,746],"floor_reached":16,"language":"ENG","playtime":589,"items_purged":[],"score":221,"play_id":"9d01a0b9-908b-4807-9efa-175bacadd935","local_time":"20210226142246","is_ascension_mode":true,"campfire_choices":[{"data":"Guardian:TwinSlam","floor":1.0,"key":"SMITH"},{"floor":9.0,"key":"REST"},{"floor":13,"key":"REST"}],"circlet_count":0,"master_deck":["AscendersBane","Guardian:Strike_Guardian","Guardian:Strike_Guardian","Guardian:Strike_Guardian","Guardian:Defend_Guardian","Guardian:Defend_Guardian","Guardian:Defend_Guardian","Guardian:Defend_Guardian","Guardian:CurlUp","Guardian:TwinSlam+1","Guardian:TimeCapacitor","Guardian:PiercingHide","Guardian:EvasiveProtocol","Guardian:ExploitGems","Guardian:PolyBeam","Guardian:Planning"],"relics":["Guardian:ModeShifter","downfall:ShatteredFragment","MawBank","Happy Flower","PreservedInsect","Old Coin","Bird Faced Urn"],"acts_visited":["Exordium"],"potions_floor_usage":[],"damage_taken":[{"damage":5.0,"enemies":"2 Louse","floor":2.0,"turns":3.0},{"damage":0.0,"enemies":"Jaw Worm","floor":4.0,"turns":3.0},{"damage":8.0,"enemies":"Gremlin Nob","floor":6.0,"turns":4.0},{"damage":0.0,"enemies":"Cultist","floor":8.0,"turns":3.0},{"damage":17.0,"enemies":"Lagavulin","floor":10.0,"turns":8.0},{"damage":2.0,"enemies":"3 Louse","floor":11.0,"turns":3.0},{"damage":5.0,"enemies":"3 Sentries","floor":12.0,"turns":5.0},{"damage":3,"enemies":"Lagavulin","floor":14,"turns":7},{"damage":0,"enemies":"Gremlin Gang","floor":15,"turns":6},{"damage":48,"enemies":"WA_ARCHETYPE_RETAIN","floor":16,"turns":7}],"seed_played":"5335150226631212211","potions_obtained":[{"floor":2.0,"key":"BlessingOfTheForge"},{"floor":4.0,"key":"SpeedPotion"},{"floor":10.0,"key":"SteroidPotion"},{"floor":15,"key":"Dexterity Potion"}],"is_trial":false,"path_per_floor":["R","M","?","M","?","E","T","M","R","E","M","E","R","E","M","B"],"character_chosen":"GUARDIAN","items_purchased":[],"campfire_rested":2,"item_purchase_floors":[],"current_hp_per_floor":[47,42,18,18,18,10,10,10,31,14,12,7,28,25,29,0,0,0],"gold":746,"neow_bonus":"THREE_RARE_CARDS","is_daily":false,"chose_seed":false,"campfire_upgraded":1,"win_rate":0.0,"timestamp":1614345766,"path_taken":["R","M","?","M","?","E","T","M","R","E","M","E","R","E","M","BOSS"],"items_purchased_type":[],"build_version":"2020-12-22","purchased_purges":0,"victory":false,"max_hp_per_floor":[72,72,72,72,72,72,72,72,72,72,72,72,72,72,72,72,72,72],"relic_stats":{"Happy Flower":[13],"counters":[10,49],"Bird Faced Urn":[8],"PreservedInsect":62,"MawBank":120,"obtain_stats":[{"downfall:ShatteredFragment":3,"Happy Flower":7,"Bird Faced Urn":14,"Guardian:ModeShifter":0,"PreservedInsect":10,"MawBank":6,"Old Coin":12},{"downfall:ShatteredFragment":1,"Happy Flower":3,"Bird Faced Urn":8,"Guardian:ModeShifter":0,"PreservedInsect":5,"MawBank":3,"Old Coin":7},{"downfall:ShatteredFragment":3,"Happy Flower":10,"Bird Faced Urn":36,"Guardian:ModeShifter":0,"PreservedInsect":21,"MawBank":10,"Old Coin":29}]},"card_choices":[{"not_picked":["Guardian:TimeSifter","Guardian:GemFire"],"picked":"Guardian:Gem_Orange","floor":0.0},{"not_picked":["Guardian:Gem_Purple","Guardian:Emergency"],"picked":"Guardian:Gem_White","floor":2.0},{"not_picked":["Guardian:BodySlam","Guardian:Harden"],"picked":"Guardian:TimeCapacitor","floor":4.0},{"not_picked":["Guardian:Gem_Lightblue","Guardian:Suspension","Guardian:Gem_Red"],"picked":"SKIP","floor":6.0},{"not_picked":["Guardian:RollAttack","Guardian:CrystalBeam"],"picked":"Guardian:Gem_Crimson","floor":8.0},{"not_picked":["Guardian:Incinerate","Guardian:WalkerClaw"],"picked":"Guardian:PiercingHide","floor":10.0},{"not_picked":["Guardian:VentSteam","Guardian:BodySlam"],"picked":"Guardian:EvasiveProtocol","floor":11.0},{"not_picked":["Guardian:PrimingBeam","Guardian:Gem_Red"],"picked":"Guardian:ExploitGems","floor":12.0},{"not_picked":["Guardian:ChargeCore","Guardian:Gem_Cyan"],"picked":"Guardian:PolyBeam","floor":14},{"not_picked":["Guardian:CrystalBeam","Guardian:PrimingBeam"],"picked":"Guardian:Planning","floor":15}],"player_experience":91058,"relics_obtained":[{"floor":6.0,"key":"MawBank"},{"floor":7.0,"key":"Happy Flower"},{"floor":10.0,"key":"PreservedInsect"},{"floor":12.0,"key":"Old Coin"},{"floor":14,"key":"Bird Faced Urn"}],"event_choices":[],"is_beta":false,"boss_relics":[],"items_purged_floors":[],"is_endless":false,"potions_floor_spawned":[2,4,10,15],"killed_by":"WA_ARCHETYPE_RETAIN","ascension_level":14}}