{"host":"nsc6ozq3atyrdr3m","time":1614376947,"event":{"mods":["BaseMod","Colored Map","Minty Spire (QoL Compilation)"],"gold_per_floor":[111,111,125,125,140,140,154,154,154,180,199,374,374,108,108,209,209,223,237,10,10,21,55,55,55,55],"floor_reached":25,"language":"FRA","playtime":531,"items_purged":["Doubt"],"score":309,"play_id":"26f60c7f-1be2-4bb1-b647-db460b232715","local_time":"20210226230227","is_ascension_mode":true,"campfire_choices":[{"data":"Streamline","floor":6.0,"key":"SMITH"},{"data":"Beam Cell","floor":8.0,"key":"SMITH"},{"floor":15,"key":"REST"}],"circlet_count":0,"master_deck":["Strike_B+1","Strike_B+1","Strike_B+1","Strike_B+1","Defend_B+1","Defend_B+1","Defend_B+1","Defend_B+1","Zap","Dualcast","Flash of Steel","Streamline+1","Steam","Beam Cell+1","Steam Power","Turbo","Steam","Core Surge+1","Rip and Tear+1","Go for the Eyes+1","Gash+1","Rebound+1","Sweeping Beam+1","Gash+1","FTL+1"],"relics":["Cracked Core","Dream Catcher","InkBottle","Molten Egg 2","Philosopher\u0027s Stone","Bag of Marbles","Frozen Egg 2"],"acts_visited":["Exordium","TheCity"],"potions_floor_usage":[16,16,23,23,25,25],"damage_taken":[{"damage":7.0,"enemies":"Jaw Worm","floor":1.0,"turns":3.0},{"damage":1.0,"enemies":"Cultist","floor":3.0,"turns":3.0},{"damage":0.0,"enemies":"Small Slimes","floor":5.0,"turns":2.0},{"damage":8.0,"enemies":"Blue Slaver","floor":7.0,"turns":3.0},{"damage":19.0,"enemies":"Lagavulin","floor":10.0,"turns":4.0},{"damage":4.0,"enemies":"2 Fungi Beasts","floor":11.0,"turns":3.0},{"damage":23,"enemies":"The Guardian","floor":16,"turns":8},{"damage":0,"enemies":"Chosen","floor":18,"turns":3},{"damage":2,"enemies":"Spheric Guardian","floor":19,"turns":3},{"damage":34,"enemies":"Centurion and Healer","floor":22,"turns":4},{"damage":4,"enemies":"Slavers","floor":23,"turns":4},{"damage":21,"enemies":"Book of Stabbing","floor":25,"turns":3}],"seed_played":"-8757852774516237830","potions_obtained":[{"floor":1.0,"key":"ColorlessPotion"},{"floor":7.0,"key":"ColorlessPotion"},{"floor":11,"key":"FearPotion"},{"floor":16,"key":"Block Potion"},{"floor":19,"key":"FocusPotion"},{"floor":23,"key":"Fire Potion"}],"is_trial":false,"path_per_floor":["M","?","M","$","M","R","M","R","T","E","M","?","?","$","R","B",null,"M","M","$","?","M","E","?","E"],"character_chosen":"DEFECT","items_purchased":["Core Surge+1","PowerPotion","Rebound+1","Sweeping Beam+1","Bag of Marbles"],"campfire_rested":1,"item_purchase_floors":[14,14,20,20,20],"current_hp_per_floor":[61,61,60,60,60,60,52,52,52,33,29,29,11,11,33,10,59,59,57,57,57,23,19,19,0,0],"gold":55,"neow_bonus":"RANDOM_COLORLESS","is_daily":false,"chose_seed":false,"campfire_upgraded":2,"win_rate":0.0,"timestamp":1614376947,"path_taken":["M","?","?","$","M","R","M","R","T","E","M","?","?","$","R","BOSS","M","M","$","?","M","E","?","E"],"items_purchased_type":["Card","Potion","Card","Card","Relic"],"build_version":"2020-12-22","purchased_purges":1,"victory":false,"max_hp_per_floor":[75,75,75,75,75,75,75,75,75,75,75,75,75,75,75,75,75,75,75,75,75,75,75,75,75,75],"card_choices":[{"not_picked":["Blind","Finesse"],"picked":"Flash of Steel","floor":0.0},{"not_picked":["Turbo","Stack"],"picked":"Streamline","floor":1.0},{"not_picked":["Coolheaded","Force Field"],"picked":"Steam","floor":3.0},{"not_picked":["FTL","Loop"],"picked":"Beam Cell","floor":5.0},{"not_picked":["Heatsinks","Genetic Algorithm"],"picked":"Steam Power","floor":7.0},{"not_picked":["Blizzard","Chill"],"picked":"Turbo","floor":10.0},{"not_picked":["Barrage","Defragment"],"picked":"Steam","floor":11},{"not_picked":["FTL+1","Hologram"],"picked":"Rip and Tear+1","floor":15},{"not_picked":["Barrage+1","Stack"],"picked":"Go for the Eyes+1","floor":18},{"not_picked":["Conserve Battery+1","Aggregate"],"picked":"Gash+1","floor":19},{"not_picked":["Coolheaded+1","Scrape+1"],"picked":"Gash+1","floor":22},{"not_picked":["Hologram","Creative AI+1"],"picked":"FTL+1","floor":23}],"player_experience":447736,"relics_obtained":[{"floor":9.0,"key":"Dream Catcher"},{"floor":10.0,"key":"InkBottle"},{"floor":23,"key":"Frozen Egg 2"}],"event_choices":[{"damage_healed":0.0,"max_hp_gain":0.0,"max_hp_loss":0.0,"gold_gain":0.0,"event_name":"Match and Keep!","player_choice":"0 cards matched","floor":2.0,"gold_loss":0.0,"damage_taken":0.0,"cards_obtained":[]},{"damage_healed":0,"gold_gain":175,"player_choice":"AGREE","damage_taken":0,"max_hp_gain":0,"max_hp_loss":0,"event_name":"Liars Game","floor":12,"gold_loss":0,"cards_obtained":["Doubt"]},{"damage_healed":0,"gold_gain":0,"player_choice":"Success","damage_taken":18,"relics_obtained":["Molten Egg 2"],"max_hp_gain":0,"max_hp_loss":0,"event_name":"Scrap Ooze","floor":13,"gold_loss":0},{"damage_healed":0,"gold_gain":0,"player_choice":"Simplicity","damage_taken":0,"max_hp_gain":0,"max_hp_loss":0,"event_name":"Back to Basics","floor":21,"gold_loss":0,"cards_upgraded":["Strike_B","Strike_B","Strike_B","Strike_B","Defend_B","Defend_B","Defend_B","Defend_B"]},{"damage_healed":0,"gold_gain":0,"player_choice":"Ignored","damage_taken":0,"max_hp_gain":0,"max_hp_loss":0,"event_name":"The Mausoleum","floor":24,"gold_loss":0}],"is_beta":false,"boss_relics":[{"not_picked":["Pandora\u0027s Box","Runic Pyramid"],"picked":"Philosopher\u0027s Stone"}],"items_purged_floors":[14],"is_endless":false,"potions_floor_spawned":[1,7,11,16,19,23],"killed_by":"Book of Stabbing","ascension_level":8}}