{"host":"gfmcepcjap0l8d24","time":1614320383,"event":{"mods":["AchievementEnabler","Act Like it!","BaseMod","BetterRewards","Card Filter","Card Forge","Colored Map","Colored Powertips","Custom Start","DeckTracker","Defuse TimeMaze Blight","Gold Saver","Key Reminder","Minty Spire (QoL Compilation)","Permanent Neow","Practice Mode","Quick Restart","Relic Filter","Shop Mod","StSLib","SuperFastMode"],"gold_per_floor":[118,293,293,305,205,205,222,252,279,305,305,305,325,354,354,450,450,435,435,435,435,435,435,435,435,435,310,310,310,310,83,83,83,83,83,83,83,83,83,83,47,47,47,47,47,47,47,47,47,47,47,47,47,47,47],"floor_reached":56,"language":"JPN","playtime":4921,"items_purged":["Strike_P","Defend_P","Strike_P"],"score":1615,"play_id":"e01c3db2-547c-4adb-bb94-533ea69003c5","local_time":"20210226151943","is_ascension_mode":false,"campfire_choices":[{"data":"Eruption","floor":6,"key":"SMITH"},{"floor":12,"key":"RECALL"},{"data":"Scrawl","floor":15,"key":"SMITH"},{"data":"EmptyFist","floor":23,"key":"SMITH"},{"floor":25,"key":"DIG"},{"floor":32,"key":"DIG"},{"floor":45,"key":"REST"},{"floor":49,"key":"REST"},{"floor":52,"key":"DIG"}],"circlet_count":0,"master_deck":["Strike_P","Eruption+1","Vigilance","DeceiveReality","MentalFortress+1","FearNoEvil","FlurryOfBlows+1","Adaptation+1","FlurryOfBlows+1","Sanctity","Vault+1","CutThroughFate+1","EmptyFist+1","Tantrum","DeusExMachina","Brilliance","EmptyBody","Scrawl+1","FearNoEvil","Wish","Evaluate","ThirdEye+1","Study+1","FlurryOfBlows+1","EmptyFist+1","TalkToTheHand+1","InnerPeace","Turbo+1","TalkToTheHand+1","Master of Strategy","Escape Plan","Parasite","Vault"],"relics":["PureWater","Hammer of Thor","Seething Fire","Anvil of the Gods","Pocketwatch","Calipers","CultistMask","CaptainsWheel","WingedGreaves","TeardropLocket","Ectoplasm","Gremlin Horn","Vajra","Shovel","Molten Egg 2","Lantern","Ancient Tea Set","PrismaticShard","Pear","Cursed Key","Dead Branch","Unceasing Top","FossilizedHelix","Mummified Hand","Bronze Scales"],"acts_visited":["Exordium","TheCity","TheBeyond","TheEnding"],"potions_floor_usage":[14],"damage_taken":[{"damage":0,"enemies":"Small Slimes","floor":1,"turns":3},{"damage":1,"enemies":"Jaw Worm","floor":4,"turns":5},{"damage":0,"enemies":"Cultist","floor":7,"turns":4},{"damage":4,"enemies":"Gremlin Nob","floor":8,"turns":4},{"damage":8,"enemies":"3 Sentries","floor":10,"turns":6},{"damage":0,"enemies":"2 Fungi Beasts","floor":13,"turns":2},{"damage":0,"enemies":"Gremlin Nob","floor":14,"turns":3},{"damage":7,"enemies":"Hexaghost","floor":16,"turns":6},{"damage":14,"enemies":"2 Thieves","floor":18,"turns":3},{"damage":0,"enemies":"3 Byrds","floor":20,"turns":3},{"damage":0,"enemies":"Sentry and Sphere","floor":22,"turns":2},{"damage":11,"enemies":"Slavers","floor":24,"turns":3},{"damage":0,"enemies":"Chosen and Byrds","floor":28,"turns":2},{"damage":12,"enemies":"Gremlin Leader","floor":29,"turns":4},{"damage":7,"enemies":"Champ","floor":33,"turns":5},{"damage":0,"enemies":"Orb Walker","floor":35,"turns":2},{"damage":0,"enemies":"2 Orb Walkers","floor":36,"turns":3},{"damage":11,"enemies":"3 Darklings","floor":37,"turns":3},{"damage":7,"enemies":"Jaw Worm Horde","floor":38,"turns":3},{"damage":0,"enemies":"Writhing Mass","floor":39,"turns":4},{"damage":3,"enemies":"Giant Head","floor":40,"turns":2},{"damage":51,"enemies":"Nemesis","floor":42,"turns":4},{"damage":0,"enemies":"3 Darklings","floor":46,"turns":2},{"damage":0,"enemies":"Jaw Worm Horde","floor":47,"turns":2},{"damage":0,"enemies":"Writhing Mass","floor":48,"turns":4},{"damage":0,"enemies":"Donu and Deca","floor":50,"turns":5},{"damage":0,"enemies":"Shield and Spear","floor":54,"turns":2},{"damage":27,"enemies":"The Heart","floor":55,"turns":8}],"seed_played":"-2454595141379290008","potions_obtained":[{"floor":8,"key":"Block Potion"},{"floor":10,"key":"Energy Potion"},{"floor":14,"key":"Energy Potion"},{"floor":22,"key":"Explosive Potion"},{"floor":28,"key":"LiquidMemories"},{"floor":29,"key":"Strength Potion"},{"floor":54,"key":"Dexterity Potion"}],"is_trial":false,"path_per_floor":["M","?","?","M","$","R","M","E","T","E","?","R","M","E","R","B",null,"M","T","M","?","M","R","E","R","T","$","M","E","?","$","R","B",null,"M","?","M","M","M","E","$","E","T","?","R","M","M","M","R","B",null,"R","$","E","B",null],"character_chosen":"WATCHER","items_purchased":["DeceiveReality","MentalFortress","FearNoEvil","FlurryOfBlows","Adaptation","Calipers","TalkToTheHand+1","PrismaticShard","TalkToTheHand+1"],"campfire_rested":2,"item_purchase_floors":[0,0,0,0,0,0,31,31,41],"current_hp_per_floor":[72,72,72,71,71,71,71,67,67,59,59,59,59,59,59,52,72,58,58,58,58,58,58,47,47,47,47,47,35,35,35,45,38,82,82,82,71,64,64,61,61,10,10,10,33,33,33,33,56,56,78,78,78,78,51],"gold":47,"neow_bonus":"","is_daily":false,"chose_seed":false,"campfire_upgraded":3,"win_rate":0.0,"timestamp":1614320383,"path_taken":["M","?","?","?","$","R","M","E","T","E","?","R","M","E","R","BOSS","M","?","?","?","M","R","E","R","T","?","?","E","?","?","R","BOSS","M","?","M","M","M","E","$","E","T","?","R","M","M","?","R","BOSS","R","$","E","BOSS"],"items_purchased_type":["Card","Card","Card","Card","Card","Relic","Card","Relic","Card"],"build_version":"2020-12-22","purchased_purges":3,"victory":true,"max_hp_per_floor":[72,72,72,72,72,72,72,72,72,72,72,72,72,72,72,72,72,72,72,72,72,72,72,72,72,72,72,72,72,72,72,82,82,82,82,82,82,82,82,82,82,82,82,78,78,78,78,78,78,78,78,78,78,78,78],"card_choices":[{"not_picked":["FlyingSleeves","Prostrate"],"picked":"FlurryOfBlows","floor":1},{"not_picked":["Protect","CrushJoints"],"picked":"Sanctity","floor":4},{"not_picked":["PathToVictory","FlyingSleeves"],"picked":"CutThroughFate","floor":7},{"not_picked":["FlurryOfBlows","LikeWater"],"picked":"EmptyFist","floor":8},{"not_picked":["Adaptation","Collect"],"picked":"DeusExMachina","floor":10},{"not_picked":["EmptyFist","DeceiveReality"],"picked":"EmptyBody","floor":13},{"not_picked":["CrushJoints","ForeignInfluence"],"picked":"Scrawl","floor":14},{"not_picked":["LessonLearned","MasterReality"],"picked":"Wish","floor":16},{"not_picked":["InnerPeace","Crescendo"],"picked":"Evaluate","floor":18},{"not_picked":["Protect","Pray"],"picked":"ThirdEye+1","floor":20},{"not_picked":["Fasting2+1","Crescendo"],"picked":"Study+1","floor":22},{"not_picked":["Collect","Crescendo","ReachHeaven"],"picked":"SKIP","floor":24},{"not_picked":["ReachHeaven+1","Wireheading"],"picked":"FlurryOfBlows+1","floor":28},{"not_picked":["Protect","ThirdEye"],"picked":"EmptyFist+1","floor":29},{"not_picked":["Grand Finale+1","HandOfGreed+1"],"picked":"Devotion","floor":33},{"not_picked":["Good Instincts","Halt+1"],"picked":"InnerPeace","floor":35},{"not_picked":["Steam","Clothesline+1"],"picked":"Turbo+1","floor":36},{"not_picked":["InnerPeace","FlurryOfBlows+1"],"picked":"Headbutt+1","floor":37},{"not_picked":["PathToVictory","Riddle With Holes+1","Fasting2+1"],"picked":"SKIP","floor":38},{"not_picked":["Sunder+1","Underhanded Strike+1","SashWhip+1"],"picked":"SKIP","floor":39},{"not_picked":["Shockwave","BowlingBash+1","Disarm+1"],"picked":"SKIP","floor":40},{"not_picked":["Underhanded Strike+1","Blade Dance+1"],"picked":"Master of Strategy","floor":42},{"not_picked":["Dual Wield","Evaluate+1","Perfected Strike+1"],"picked":"SKIP","floor":46},{"not_picked":["Dodge and Roll","Cleave+1"],"picked":"Escape Plan","floor":47},{"not_picked":["Gash+1","Sweeping Beam+1","Dark Shackles+1"],"picked":"SKIP","floor":48},{"not_picked":["Tempest","Gash+1"],"picked":"Vault","floor":54}],"player_experience":232519,"relics_obtained":[{"floor":8,"key":"CaptainsWheel"},{"floor":10,"key":"WingedGreaves"},{"floor":14,"key":"TeardropLocket"},{"floor":19,"key":"Gremlin Horn"},{"floor":24,"key":"Shovel"},{"floor":25,"key":"Molten Egg 2"},{"floor":26,"key":"Lantern"},{"floor":29,"key":"Ancient Tea Set"},{"floor":32,"key":"Pear"},{"floor":36,"key":"Dead Branch"},{"floor":40,"key":"Unceasing Top"},{"floor":42,"key":"FossilizedHelix"},{"floor":52,"key":"Mummified Hand"},{"floor":54,"key":"Bronze Scales"}],"event_choices":[{"damage_healed":0,"gold_gain":175,"player_choice":"AGREE","damage_taken":0,"max_hp_gain":0,"max_hp_loss":0,"event_name":"Liars Game","floor":2,"gold_loss":0,"cards_obtained":["Doubt"]},{"damage_healed":0,"gold_gain":0,"player_choice":"Trade","damage_taken":0,"relics_obtained":["CultistMask"],"max_hp_gain":0,"max_hp_loss":0,"event_name":"FaceTrader","floor":3,"gold_loss":0},{"damage_healed":0,"gold_gain":0,"cards_transformed":["Defend_P"],"player_choice":"Transformed","damage_taken":0,"max_hp_gain":0,"max_hp_loss":0,"event_name":"Transmorgrifier","floor":11,"gold_loss":0,"cards_obtained":["Brilliance"]},{"damage_healed":0,"gold_gain":0,"player_choice":"Gave Potion","damage_taken":0,"relics_obtained":["Vajra"],"max_hp_gain":0,"max_hp_loss":0,"event_name":"WeMeetAgain","floor":21,"gold_loss":0},{"cards_removed":["Defend_P"],"damage_healed":0,"gold_gain":0,"player_choice":"Purged","damage_taken":0,"max_hp_gain":0,"max_hp_loss":0,"event_name":"Purifier","floor":30,"gold_loss":0},{"damage_healed":0,"gold_gain":0,"player_choice":"Fight","damage_taken":0,"max_hp_gain":0,"max_hp_loss":0,"event_name":"Mysterious Sphere","floor":36,"gold_loss":0},{"damage_healed":0,"gold_gain":0,"player_choice":"Max HP","damage_taken":0,"max_hp_gain":0,"max_hp_loss":4,"event_name":"Winding Halls","floor":44,"gold_loss":0}],"is_beta":false,"boss_relics":[{"not_picked":["SlaversCollar","Velvet Choker"],"picked":"Ectoplasm"},{"not_picked":["Black Star","Empty Cage"],"picked":"Cursed Key"}],"items_purged_floors":[0,5,27],"is_endless":false,"potions_floor_spawned":[8,10,14,22,28,29,33,35,37,40,42,47,48,54],"ascension_level":0}}