{"host":"xe1sv7zyi61gw20j","time":1614350272,"event":{"mods":["A Magickal Journey","Aspiration","Astrologer","Bartender","BaseMod","BetterRewards","CatGirl Mod","Clockwork Mod","Colored Map","Conspire","Custom Start","DeckTracker","Duelist Mod","Energized Spire","Fiend Mod","Friendly Minions","FutureSeer","Hubris","Hunter ??","Infinite Spire","Mad Scientist","Marisa????????","Mathematician","Minty Spire (QoL Compilation)","Onozuka Komachi Mod","Prisma Mod","Replay The Spire","SIMod","StSLib","The Administrix","The Animator","The Blackbeard","The Bug Knight","The Construct","The Cursed","The Elementalist","The Exalted","The Florist","The Forsaken","The Gatherer","The Judge","The Jungle","The Mystic","The Necromancer","The Poker Player","The Problem Sleuth","The Runesmith","The Sage","The Saiyan","The Senshi","The Servant 0.9.4","The Spell Scribe","The Valiant","The Vixen","The Wild Card","TheFirefly","Yuri Mod"],"gold_per_floor":[112,12,12,25,25,56,71,99,137,169,192,204,216,64,81,107,107,107,107],"floor_reached":18,"language":"ENG","playtime":1142,"items_purged":["Pain"],"score":147,"play_id":"cb76cb2f-722a-450f-9cb9-e3aea3102538","local_time":"20210226143752","is_ascension_mode":false,"campfire_choices":[{"floor":17,"key":"RECALL"}],"circlet_count":0,"master_deck":["theWildCard:BasicStrike","theWildCard:BasicStrike","theWildCard:BasicStrike","theWildCard:BasicStrike","theWildCard:BasicDefend","theWildCard:BasicDefend","theWildCard:BasicDefend","theWildCard:BasicDefend","theWildCard:CallToAdventure","theWildCard:Arsene","theWildCard:Abstinence","theWildCard:Abstinence","theWildCard:UnendingRitual","theWildCard:SeveringSlash","theWildCard:Loki","theWildCard:Providence","Trip","theWildCard:Michael","Ghostly","theWildCard:BladeOfGenerations","theWildCard:SeveringSlash","theWildCard:PowerOfTheArcana","theWildCard:StingingStrike","theWildCard:MasterPlan","theWildCard:FinalHour","Specialist","theWildCard:StingingStrike"],"relics":["theWildCard:VelvetContract","Replay:WaspNest","Turnip","WarpedTongs","conspire:Dentures","MawBank","Anchor"],"acts_visited":["Exordium"],"potions_floor_usage":[],"damage_taken":[{"damage":0,"enemies":"conspire:RoseBush","floor":1,"turns":2},{"damage":5,"enemies":"Cultist","floor":4,"turns":3},{"damage":4,"enemies":"3 Sentries","floor":6,"turns":7},{"damage":9,"enemies":"Jaw Worm","floor":7,"turns":2},{"damage":12,"enemies":"HollowMod:MossKnight","floor":8,"turns":9},{"damage":4,"enemies":"Exordium Wildlife","floor":10,"turns":6},{"damage":1,"enemies":"Large Slime","floor":11,"turns":5},{"damage":0,"enemies":"Looter","floor":15,"turns":4},{"damage":10,"enemies":"The Guardian","floor":18,"turns":2}],"seed_played":"-4402929441816457742","potions_obtained":[{"floor":1,"key":"SpeedPotion"},{"floor":4,"key":"Explosive Potion"},{"floor":11,"key":"BlessingOfTheForge"},{"floor":15,"key":"Energy Potion"}],"is_trial":false,"path_per_floor":["M","?","?","M","$","E","M","E","T","M","M","PTL","PTL","$","M","T","R","B"],"character_chosen":"THE_WILD_CARD","items_purchased":["Replay:WaspNest","Turnip","theWildCard:Abstinence","theWildCard:UnendingRitual","theWildCard:SeveringSlash","theWildCard:Loki","theWildCard:Providence","Specialist"],"campfire_rested":0,"item_purchase_floors":[0,0,0,0,0,0,0,14],"current_hp_per_floor":[34,34,34,30,30,29,20,9,9,6,7,7,7,7,7,7,7,0,0],"gold":107,"neow_bonus":"","is_daily":false,"chose_seed":false,"campfire_upgraded":0,"win_rate":0.0,"timestamp":1614350272,"path_taken":["M","?","?","M","$","E","M","E","T","M","?","PTL","PTL","?","M","?","R","BOSS"],"items_purchased_type":["Relic","Relic","Card","Card","Card","Card","Card","Card"],"build_version":"2020-12-22","purchased_purges":1,"victory":false,"max_hp_per_floor":[60,60,60,60,60,60,60,60,60,60,60,60,60,60,60,60,60,60,60],"card_choices":[{"not_picked":["theWildCard:Unburden","theWildCard:ShieldOfMany"],"picked":"theWildCard:Michael","floor":1},{"not_picked":["theWildCard:MagicMettle","theWildCard:Michael"],"picked":"theWildCard:BladeOfGenerations","floor":4},{"not_picked":["theWildCard:SacrificialStroke","theWildCard:ShieldOfMany"],"picked":"theWildCard:SeveringSlash","floor":6},{"not_picked":["theWildCard:Sakuya","theWildCard:LadyLuck"],"picked":"theWildCard:PowerOfTheArcana","floor":7},{"not_picked":["theWildCard:ShieldOfMany","theWildCard:BladeOfGenerations"],"picked":"theWildCard:StingingStrike","floor":8},{"not_picked":["theWildCard:BladeOfGenerations","theWildCard:SeveringSlash"],"picked":"theWildCard:MasterPlan","floor":10},{"not_picked":["theWildCard:EnergizedStroke","theWildCard:ArcaneArts"],"picked":"theWildCard:FinalHour","floor":11},{"not_picked":["theWildCard:ArcaneArts","theWildCard:MagicalMight"],"picked":"theWildCard:StingingStrike","floor":15}],"player_experience":251474,"relics_obtained":[{"floor":6,"key":"conspire:Dentures"},{"floor":8,"key":"MawBank"},{"floor":16,"key":"Anchor"}],"event_choices":[{"damage_healed":0,"gold_gain":0,"player_choice":"Argue","damage_taken":0,"max_hp_gain":0,"max_hp_loss":0,"event_name":"conspire:LoneGhost","floor":2,"gold_loss":0},{"damage_healed":0,"gold_gain":0,"player_choice":"Rummage","damage_taken":0,"relics_obtained":["WarpedTongs"],"max_hp_gain":0,"max_hp_loss":0,"event_name":"Accursed Blacksmith","floor":3,"gold_loss":0,"cards_obtained":["Pain"]}],"is_beta":false,"boss_relics":[],"items_purged_floors":[14],"is_endless":false,"potions_floor_spawned":[1,4,11,15],"killed_by":"The Guardian","ascension_level":0}}