{"host":"mdh0aa8azzkosxpv","time":1614303965,"event":{"mods":["Act Like it!","BaseMod","Minty Spire (QoL Compilation)","MostiFishMod","StSLib","¡¾ÒÅÎï¿¨ÅÆ¡¿REMEMod"],"gold_per_floor":[111,111,111,111,126,126,160,160,160,160,191,141,185,185,185,288,315,326,335,379,379,379,420,420,420,473,491,510,537,537,537,537,636,636,654,754,754,754,754,791,791,827,827,827,827,836,850,864,864,864,864,864,864,898,898],"floor_reached":56,"language":"ZHS","playtime":1829,"items_purged":["Defend_P","Strike_P","Strike_P","WindmillStrike+1","Establishment+1","Consecrate","CutThroughFate","Worship","Prostrate+1"],"score":2459,"play_id":"cd27b42b-b0a8-47b5-bc67-ea1d823aca7d","local_time":"20210226094605","is_ascension_mode":true,"campfire_choices":[{"data":"Eruption","floor":6.0,"key":"SMITH"},{"data":"MostiFishMod:ButterFly","floor":8.0,"key":"SMITH"},{"data":"Conclude","floor":15.0,"key":"SMITH"},{"data":"Vault","floor":30.0,"key":"SMITH"},{"data":"BowlingBash","floor":32.0,"key":"SMITH"},{"floor":44,"key":"RECALL"},{"data":"Wallop","floor":49,"key":"SMITH"},{"data":"Vigilance","floor":52,"key":"SMITH"}],"circlet_count":0,"master_deck":["AscendersBane","Eruption+1","Vigilance+1","MostiFishMod:ButterFly+1","Conclude+1","DeusExMachina+1","Master of Strategy+1","BowlingBash+1","Crescendo+1","Vault+1","Fasting2+1","Indignation+1","TalkToTheHand+1","Scrawl+1","Wallop+1"],"relics":["PureWater","DaveBox","REME_ComplimentaryCards","NeowsBlessing","DiscerningMonocle","Centennial Puzzle","Damaru","Frozen Eye","Tiny Chest","ThornShield","Medical Kit","Potion Belt","Juzu Bracelet","CeramicFish","WingedGreaves","Dodecahedron","Singing Bowl","Gambling Chip","Astrolabe","PreservedInsect","MetatronsCube","Bag of Preparation","Red Mask","Lantern","Vajra","Mercury Hourglass","Orrery","SynthV","Orichalcum","REME_LimitBreaker","RhineFirstAidKit","Anchor","Boot","SynthV:C4","Bottled Flame","Ying","Omamori","Yang","War Paint","Meat on the Bone","DaCapo","Pear","Technique","FossilizedHelix","SentryEyes","BirthdayGift-Tetrahedron","InkBottle"],"acts_visited":["Exordium","TheCity","TheBeyond","TheEnding"],"potions_floor_usage":[],"damage_taken":[{"damage":0.0,"enemies":"Jaw Worm","floor":1.0,"turns":1.0},{"damage":0.0,"enemies":"2 Louse","floor":5.0,"turns":1.0},{"damage":0.0,"enemies":"3 Sentries","floor":7.0,"turns":1.0},{"damage":0.0,"enemies":"Lagavulin","floor":11.0,"turns":2.0},{"damage":0.0,"enemies":"Gremlin Nob","floor":13.0,"turns":2.0},{"damage":0.0,"enemies":"Slime Boss","floor":16.0,"turns":3.0},{"damage":0.0,"enemies":"3 Byrds","floor":18.0,"turns":2.0},{"damage":0.0,"enemies":"Masked Bandits","floor":20.0,"turns":1.0},{"damage":0.0,"enemies":"Slavers","floor":23.0,"turns":1.0},{"damage":0.0,"enemies":"Shell Parasite","floor":27.0,"turns":1.0},{"damage":0.0,"enemies":"Centurion and Healer","floor":28.0,"turns":1.0},{"damage":0.0,"enemies":"Automaton","floor":33.0,"turns":2.0},{"damage":0.0,"enemies":"3 Shapes","floor":35.0,"turns":1.0},{"damage":0,"enemies":"Giant Head","floor":40,"turns":1},{"damage":0,"enemies":"Nemesis","floor":42,"turns":1},{"damage":0,"enemies":"3 Darklings","floor":47,"turns":1},{"damage":0,"enemies":"4 Shapes","floor":48,"turns":1},{"damage":0,"enemies":"Donu and Deca","floor":50,"turns":1},{"damage":0,"enemies":"Shield and Spear","floor":54,"turns":2},{"damage":0,"enemies":"The Heart","floor":55,"turns":6}],"seed_played":"-6677597799169276315","potions_obtained":[{"floor":7.0,"key":"Explosive Potion"},{"floor":11.0,"key":"Dexterity Potion"},{"floor":13.0,"key":"EssenceOfSteel"}],"is_trial":false,"path_per_floor":["M","$","?","?","M","R","E","R","T","$","E","?","E","$","R","B",null,"M","$","?","?","T","E","?","?","T","M","M","$","R","$","R","B",null,"M","?","T","?","$","E","$","E","T","R","?","$","M","M","R","B",null,"R","$","E","B",null],"character_chosen":"WATCHER","items_purchased":["Centennial Puzzle","Damaru","Frozen Eye","SteroidPotion","SteroidPotion","FearPotion","MostiFishMod:ButterFly","Conclude","Medical Kit","Potion Belt","Juzu Bracelet","DeusExMachina","LiquidMemories","StancePotion","Flash of Steel","Master of Strategy","Dodecahedron","Singing Bowl","Gambling Chip","Ambrosia","FairyPotion","PreservedInsect","MetatronsCube","Bag of Preparation","PowerPotion","LiquidMemories","BowlingBash","Mercury Hourglass","Fruit Juice","SkillPotion","Orrery","SynthV","Orichalcum","REME_LimitBreaker","Boot","SynthV:C4","LiquidMemories","Ying","Omamori","Yang","DaCapo","Pear","FairyPotion","Wallop","Technique","Ambrosia","FossilizedHelix","SentryEyes","BirthdayGift-Tetrahedron"],"campfire_rested":0,"item_purchase_floors":[2,2,2,2,2,2,2,2,10,10,10,10,10,10,10,10,14,14,14,14,14,19,19,19,19,19,19,29,29,29,29,31,31,31,39,39,39,41,41,41,46,46,46,46,46,46,53,53,53],"current_hp_per_floor":[65,65,65,58,58,58,58,58,58,58,62,62,66,66,66,72,74,76,76,76,76,76,76,76,62,62,68,74,83,83,83,83,89,94,98,98,98,98,98,98,98,98,98,98,98,108,110,112,112,112,112,112,112,114,114],"gold":898,"neow_bonus":"THREE_ENEMY_KILL","is_daily":false,"chose_seed":false,"campfire_upgraded":7,"win_rate":0.0,"timestamp":1614303965,"path_taken":["M","$","?","?","M","R","E","R","T","$","E","?","E","$","R","BOSS","M","$","?","?","?","E","?","?","T","M","M","$","R","$","R","BOSS","M","?","?","?","$","E","$","E","T","R","?","$","M","M","R","BOSS","R","$","E","BOSS"],"items_purchased_type":["Relic","Relic","Relic","Potion","Potion","Potion","Card","Card","Relic","Relic","Relic","Card","Potion","Potion","Card","Card","Relic","Relic","Relic","Potion","Potion","Relic","Relic","Relic","Potion","Potion","Card","Relic","Potion","Potion","Relic","Relic","Relic","Relic","Relic","Relic","Potion","Relic","Relic","Relic","Relic","Relic","Potion","Card","Relic","Potion","Relic","Relic","Relic"],"build_version":"2020-12-22","purchased_purges":9,"victory":true,"max_hp_per_floor":[72,72,72,72,72,72,72,72,72,72,72,72,72,72,72,74,74,76,76,76,76,76,76,76,81,81,83,85,94,94,94,94,96,96,98,98,98,98,98,98,98,98,98,98,98,108,110,112,112,112,112,112,112,114,114],"card_choices":[{"not_picked":["CrushJoints","MostiFishMod:Clarity","ThirdEye"],"picked":"SKIP","floor":1.0},{"not_picked":["CrushJoints","Evaluate"],"picked":"JustLucky","floor":5.0},{"not_picked":["Protect","WaveOfTheHand"],"picked":"CutThroughFate","floor":7.0},{"not_picked":["WaveOfTheHand","EmptyBody","Swivel"],"picked":"SKIP","floor":11.0},{"not_picked":["Evaluate","EmptyFist"],"picked":"Consecrate","floor":13.0},{"not_picked":["MasterReality","MostiFishMod:Adaptation","MostiFishMod:StarLaLaLa"],"picked":"Singing Bowl","floor":16.0},{"not_picked":["EmptyBody+1","CutThroughFate","SandsOfTime"],"picked":"Singing Bowl","floor":18.0},{"not_picked":["EmptyBody+1","BowlingBash+1"],"picked":"Worship","floor":20.0},{"not_picked":["REME_Repentance","Evaluate"],"picked":"Crescendo+1","floor":23.0},{"not_picked":["MentalFortress","MostiFishMod:FlowState","MostiFishMod:LegendTransform"],"picked":"Singing Bowl","floor":27.0},{"not_picked":["FollowUp+1","Crescendo+1","Swivel"],"picked":"Singing Bowl","floor":28.0},{"not_picked":["JustLucky","Weave"],"picked":"Vault","floor":29.0},{"not_picked":["EmptyFist","Halt"],"picked":"Fasting2+1","floor":29.0},{"not_picked":["CrushJoints","Consecrate","MostiFishMod:ScryFuture"],"picked":"Singing Bowl","floor":29.0},{"not_picked":["Conclude+1","SandsOfTime","Establishment"],"picked":"Singing Bowl","floor":29.0},{"not_picked":["FlurryOfBlows","SashWhip"],"picked":"Indignation+1","floor":29.0},{"not_picked":["MostiFishMod:Moonprays","DeusExMachina","Wish"],"picked":"Singing Bowl","floor":33.0},{"not_picked":["Prostrate+1","PathToVictory+1","Perseverance"],"picked":"Singing Bowl","floor":35.0},{"not_picked":["MostiFishMod:StarLaLaLa","Fasting2+1"],"picked":"TalkToTheHand","floor":40},{"not_picked":["Protect","Meditate+1"],"picked":"Scrawl","floor":42},{"not_picked":["MostiFishMod:FlowState+1","EmptyFist","MostiFishMod:Nomercy"],"picked":"Singing Bowl","floor":47},{"not_picked":["WaveOfTheHand+1","Pray+1","MostiFishMod:Nomercy"],"picked":"Singing Bowl","floor":48},{"not_picked":["MentalFortress","Crescendo+1","Protect+1"],"picked":"Singing Bowl","floor":54}],"player_experience":587634,"relics_obtained":[{"floor":7.0,"key":"Tiny Chest"},{"floor":9.0,"key":"ThornShield"},{"floor":11.0,"key":"CeramicFish"},{"floor":13.0,"key":"WingedGreaves"},{"floor":20.0,"key":"Red Mask"},{"floor":22.0,"key":"Lantern"},{"floor":23.0,"key":"Vajra"},{"floor":37.0,"key":"Anchor"},{"floor":40,"key":"Bottled Flame"},{"floor":42,"key":"War Paint"},{"floor":43,"key":"Meat on the Bone"},{"floor":54,"key":"InkBottle"}],"event_choices":[{"cards_removed":["Strike_P"],"damage_healed":0.0,"max_hp_gain":0.0,"max_hp_loss":0.0,"gold_gain":0.0,"event_name":"Living Wall","player_choice":"Forget","floor":3.0,"gold_loss":0.0,"damage_taken":0.0},{"cards_removed":["Defend_P"],"damage_healed":0.0,"max_hp_gain":0.0,"max_hp_loss":0.0,"gold_gain":0.0,"event_name":"Golden Wing","player_choice":"Card Removal","floor":4.0,"gold_loss":0.0,"damage_taken":7.0},{"cards_removed":["Strike_P"],"damage_healed":0.0,"max_hp_gain":0.0,"max_hp_loss":0.0,"gold_gain":0.0,"event_name":"The Cleric","player_choice":"Card Removal","floor":12.0,"gold_loss":50.0,"damage_taken":0.0},{"damage_healed":0.0,"max_hp_gain":0.0,"max_hp_loss":0.0,"gold_gain":0.0,"event_name":"Masked Bandits","player_choice":"Fought Bandits","floor":20.0,"gold_loss":0.0,"damage_taken":0.0},{"damage_healed":0.0,"max_hp_gain":0.0,"max_hp_loss":0.0,"gold_gain":0.0,"event_name":"Vampires","player_choice":"Ignored","floor":21.0,"gold_loss":0.0,"damage_taken":0.0},{"damage_healed":0.0,"max_hp_gain":0.0,"max_hp_loss":0.0,"gold_gain":0.0,"event_name":"Ghosts","player_choice":"Ignored","floor":24.0,"gold_loss":0.0,"damage_taken":0.0},{"damage_healed":0.0,"max_hp_gain":5.0,"max_hp_loss":0.0,"gold_gain":0.0,"event_name":"Forgotten Altar","player_choice":"Shed Blood","floor":25.0,"gold_loss":0.0,"damage_taken":19.0},{"damage_healed":0.0,"max_hp_gain":0.0,"max_hp_loss":0.0,"gold_gain":100.0,"event_name":"Golden Shrine","player_choice":"Pray","floor":36.0,"gold_loss":0.0,"damage_taken":0.0},{"cards_removed":["Flash of Steel"],"damage_healed":0.0,"max_hp_gain":0.0,"max_hp_loss":0.0,"gold_gain":0.0,"event_name":"Falling","player_choice":"Removed Attack","floor":38.0,"gold_loss":0.0,"damage_taken":0.0},{"damage_healed":0,"gold_gain":0,"player_choice":"Cursed","damage_taken":0,"max_hp_gain":0,"max_hp_loss":0,"event_name":"Wheel of Change","floor":45,"gold_loss":0,"cards_obtained":["Decay"]}],"is_beta":false,"boss_relics":[{"not_picked":["Tiny House","HereWithMe"],"picked":"Astrolabe"},{"not_picked":["JellyFishMachine","Cursed Key"],"picked":"RhineFirstAidKit"}],"items_purged_floors":[2,10,14,19,29,31,39,41,46],"is_endless":false,"potions_floor_spawned":[7,11,13,23,27,35,40],"ascension_level":10}}