{"host":"fwdkxxz7291ipt0p","time":1614347353,"event":{"mods":["Act Like it!","BaseMod","Bossed Relics","Dota2Spire","Energized Spire","Marked Mod","Minty Spire (QoL Compilation)","Relic Filter Mod","StSLib","The Cursed","The Hierophant","The Runesmith","Youmu£®ªÍ∆«—˝√Œ£©"],"gold_per_floor":[116,116,116,134,148,186,186,209,209,209,223,398,416,10,10,139,139,155,155,155,155,180,180,105,15,15,38,61,81,101,117,117,246,246,260,593,593,593,607,627,643,267,267,142,161,173,192,206,206,206],"floor_reached":51,"language":"ZHS","playtime":2834,"items_purged":["Doubt","TheCursedMod:Strike_TheCursed","TheCursedMod:Defend_TheCursed"],"score":732,"play_id":"e8b252e7-e34f-4cdd-b9c9-2517d06edce4","local_time":"20210226214913","is_ascension_mode":false,"campfire_choices":[{"data":"TheCursedMod:CursedStaff","floor":7,"key":"SMITH"},{"data":"TheCursedMod:SmokeScreen","floor":15,"key":"SMITH"},{"data":"TheCursedMod:Hemoplague","floor":32,"key":"SMITH"},{"data":"TheCursedMod:NeowsMight","floor":49,"key":"SMITH"}],"circlet_count":0,"master_deck":["TheCursedMod:Defend_TheCursed+1","TheCursedMod:Defend_TheCursed","TheCursedMod:CursedWand+1","TheCursedMod:CleanUpWorkshop","TheCursedMod:Dregs","TheCursedMod:SmokeScreen+1","TheCursedMod:RapidMovement","TheCursedMod:CursedStaff+1","TheCursedMod:CursedAmulet","TheCursedMod:CursedSpellbook","TheCursedMod:NeowsMight+1","TheCursedMod:CursedSpellbook+1","Writhe","TheCursedMod:Hemoplague+1","TheCursedMod:StunningStrike+1","TheCursedMod:CursedAmulet+1","TheCursedMod:VitalStrike+1","TheCursedMod:DemonSword","TheCursedMod:CursedStaff+1","TheCursedMod:Wield+1","TheCursedMod:RapidMovement+1","TheCursedMod:HellfireBreathing","TheCursedMod:TacticalStrike+1","TheCursedMod:Obscuration+1"],"relics":["TheCursedMod:BlackMagic101","Dota2Spire:UrnOfShadows","Art of War","Dota2Spire:Dagon","Astrolabe","Dota2Spire:AghanimScepter","Dota2Spire:CrimsonGuard","Toxic Egg 2","TheCursedMod:FourLeafCloverCharm","Pen Nib","Whetstone"],"acts_visited":["Exordium","TheCity","TheBeyond"],"potions_floor_usage":[16,22,30,33,33,41,50],"damage_taken":[{"damage":1.0,"enemies":"Cultist","floor":1.0,"turns":4.0},{"damage":2.0,"enemies":"Small Slimes","floor":4.0,"turns":3.0},{"damage":0.0,"enemies":"2 Louse","floor":5.0,"turns":3.0},{"damage":22.0,"enemies":"3 Sentries","floor":6.0,"turns":9.0},{"damage":3,"enemies":"Looter","floor":8,"turns":2},{"damage":4,"enemies":"Blue Slaver","floor":11,"turns":3},{"damage":4,"enemies":"Red Slaver","floor":13,"turns":3},{"damage":0,"enemies":"Slime Boss","floor":16,"turns":4},{"damage":0,"enemies":"Chosen","floor":18,"turns":3},{"damage":0,"enemies":"3 Byrds","floor":22,"turns":4},{"damage":16,"enemies":"Centurion and Healer","floor":27,"turns":4},{"damage":0,"enemies":"Cultist and Chosen","floor":28,"turns":4},{"damage":0,"enemies":"Snake Plant","floor":29,"turns":1},{"damage":6,"enemies":"Shelled Parasite and Fungi","floor":30,"turns":6},{"damage":4,"enemies":"Cultist and Chosen","floor":31,"turns":7},{"damage":39,"enemies":"Collector","floor":33,"turns":9},{"damage":12,"enemies":"3 Darklings","floor":35,"turns":6},{"damage":0,"enemies":"Orb Walker","floor":39,"turns":3},{"damage":0,"enemies":"3 Darklings","floor":40,"turns":3},{"damage":0,"enemies":"Sphere and 2 Shapes","floor":41,"turns":6},{"damage":0,"enemies":"4 Shapes","floor":45,"turns":3},{"damage":0,"enemies":"Transient","floor":46,"turns":5},{"damage":5,"enemies":"Jaw Worm Horde","floor":47,"turns":3},{"damage":0,"enemies":"Maw","floor":48,"turns":4},{"damage":32,"enemies":"Donu and Deca","floor":50,"turns":8}],"seed_played":"-1030295214422170707","potions_obtained":[{"floor":0.0,"key":"EntropicBrew"},{"floor":0.0,"key":"SneckoOil"},{"floor":0.0,"key":"LiquidMemories"},{"floor":3.0,"key":"Fire Potion"},{"floor":3.0,"key":"EntropicBrew"},{"floor":11,"key":"AttackPotion"},{"floor":18,"key":"SkillPotion"},{"floor":29,"key":"EssenceOfSteel"},{"floor":35,"key":"DuplicationPotion"},{"floor":46,"key":"Dota2Spire:Clarity"}],"is_trial":false,"path_per_floor":["M","?","?","M","M","E","R","M","T","?","M","?","M","$","R","B",null,"M","?","?","T","M","?","?","?","T","M","M","M","M","M","R","B",null,"M","?","?","?","M","M","M","$","T","$","M","M","M","M","R","B",null],"character_chosen":"THE_CURSED","items_purchased":["Dota2Spire:Dagon","TheCursedMod:HellfireBreathing","Pen Nib","Dota2Spire:HealingSalve"],"campfire_rested":0,"item_purchase_floors":[14,42,42,42],"current_hp_per_floor":[74,56,56,54,54,32,32,29,29,34,30,30,32,32,32,32,80,80,80,80,80,80,80,80,80,80,70,70,70,64,60,60,39,80,68,68,68,68,68,71,71,71,71,71,71,71,66,66,66,55],"gold":206,"neow_bonus":"THREE_SMALL_POTIONS","is_daily":false,"chose_seed":false,"campfire_upgraded":4,"win_rate":0.0,"timestamp":1614347353,"path_taken":["M","?","?","M","?","E","R","M","T","?","M","?","M","$","R","BOSS","M","?","?","?","?","?","?","?","T","M","?","M","M","M","R","BOSS","M","?","?","?","M","M","M","?","T","?","M","?","M","M","R","BOSS"],"items_purchased_type":["Relic","Card","Relic","Potion"],"build_version":"2020-12-22","purchased_purges":3,"victory":true,"max_hp_per_floor":[75,75,75,75,75,75,75,75,75,80,80,80,80,80,80,80,80,80,80,80,80,80,80,80,80,80,80,80,80,80,80,80,80,80,80,80,76,76,76,76,76,76,76,76,76,76,76,76,76,76],"card_choices":[{"not_picked":["TheCursedMod:RavingStaff","TheCursedMod:BloodBarrier"],"picked":"TheCursedMod:SmokeScreen","floor":1.0},{"not_picked":["TheCursedMod:CursedMace","TheCursedMod:Grudge"],"picked":"TheCursedMod:RapidMovement","floor":4.0},{"not_picked":["TheCursedMod:Stretching","TheCursedMod:Torture","TheCursedMod:BlessingInDisguise"],"picked":"SKIP","floor":5.0},{"not_picked":["TheCursedMod:CircleOfAmplification","TheCursedMod:TacticalStrike"],"picked":"TheCursedMod:CursedStaff","floor":6.0},{"not_picked":["TheCursedMod:Stretching","TheCursedMod:TacticalStrike"],"picked":"TheCursedMod:CursedAmulet","floor":8},{"not_picked":["TheCursedMod:Stretching","TheCursedMod:TacticalStrike","TheCursedMod:SpitefulPray"],"picked":"SKIP","floor":11},{"not_picked":["TheCursedMod:SpitefulPlan","TheCursedMod:CursedShiv"],"picked":"TheCursedMod:CursedSpellbook","floor":13},{"not_picked":["TheCursedMod:OutForBlood","TheCursedMod:DemonSword"],"picked":"TheCursedMod:NeowsMight","floor":16},{"not_picked":["TheCursedMod:CursedBlade","TheCursedMod:FleshFromBone"],"picked":"TheCursedMod:CursedSpellbook+1","floor":18},{"not_picked":["TheCursedMod:CursedAmulet","TheCursedMod:SmokeScreen","TheCursedMod:WearCloak"],"picked":"SKIP","floor":22},{"not_picked":["TheCursedMod:FleshFromBone+1","TheCursedMod:Torture+1","TheCursedMod:SpreadPlague+1"],"picked":"SKIP","floor":27},{"not_picked":["TheCursedMod:Neurasthenia+1","TheCursedMod:CursedBlade","TheCursedMod:CursedShiv"],"picked":"SKIP","floor":28},{"not_picked":["TheCursedMod:CircleOfFlame+1","TheCursedMod:ForbiddenAlchemy+1"],"picked":"TheCursedMod:CursedAmulet+1","floor":29},{"not_picked":["TheCursedMod:StingEye+1","TheCursedMod:CircleOfCorruption+1"],"picked":"TheCursedMod:VitalStrike+1","floor":30},{"not_picked":["TheCursedMod:VitalStrike","TheCursedMod:RavingStaff","TheCursedMod:CursedBlade"],"picked":"SKIP","floor":31},{"not_picked":["TheCursedMod:CursedRelics","TheCursedMod:DarkBarrier+1"],"picked":"TheCursedMod:DemonSword","floor":33},{"not_picked":["TheCursedMod:Obscuration+1","TheCursedMod:FuryStrike+1"],"picked":"TheCursedMod:CursedStaff+1","floor":35},{"not_picked":["TheCursedMod:CursedBlade+1","TheCursedMod:WearCloak+1"],"picked":"TheCursedMod:Wield+1","floor":39},{"not_picked":["TheCursedMod:SpitefulStrike+1","TheCursedMod:CircleOfCorruption+1"],"picked":"TheCursedMod:RapidMovement+1","floor":40},{"not_picked":["TheCursedMod:SpitefulPray+1","TheCursedMod:SoulReap+1","TheCursedMod:CircleOfBlood+1"],"picked":"SKIP","floor":41},{"not_picked":["TheCursedMod:EmpowerCircles","TheCursedMod:Torture+1"],"picked":"TheCursedMod:TacticalStrike+1","floor":45},{"not_picked":["TheCursedMod:Grudge+1","TheCursedMod:CircleOfCorruption+1","TheCursedMod:CircleOfBlood+1"],"picked":"SKIP","floor":46},{"not_picked":["TheCursedMod:TroublousMinions+1","TheCursedMod:Stigma","TheCursedMod:FleshFromBone+1"],"picked":"SKIP","floor":47},{"not_picked":["TheCursedMod:CircleOfCorruption+1","TheCursedMod:SoulCrush+1"],"picked":"TheCursedMod:Obscuration+1","floor":48}],"player_experience":559427,"relics_obtained":[{"floor":6.0,"key":"Dota2Spire:UrnOfShadows"},{"floor":9,"key":"Art of War"},{"floor":21,"key":"Dota2Spire:CrimsonGuard"},{"floor":26,"key":"Toxic Egg 2"},{"floor":43,"key":"Whetstone"}],"event_choices":[{"damage_healed":0.0,"max_hp_gain":0.0,"max_hp_loss":0.0,"gold_gain":0.0,"event_name":"Golden Idol","player_choice":"Take Damage","floor":2.0,"gold_loss":0.0,"damage_taken":18.0,"relics_obtained":["Golden Idol"]},{"damage_healed":0.0,"max_hp_gain":0.0,"max_hp_loss":0.0,"gold_gain":0.0,"event_name":"Lab","player_choice":"Got Potions","floor":3.0,"gold_loss":0.0,"damage_taken":0.0},{"damage_healed":0,"gold_gain":0,"player_choice":"Donut","damage_taken":0,"max_hp_gain":5,"max_hp_loss":0,"event_name":"Big Fish","floor":10,"gold_loss":0},{"damage_healed":0,"gold_gain":175,"player_choice":"AGREE","damage_taken":0,"max_hp_gain":0,"max_hp_loss":0,"event_name":"Liars Game","floor":12,"gold_loss":0,"cards_obtained":["Doubt"]},{"damage_healed":0,"gold_gain":0,"player_choice":"Opened","damage_taken":0,"relics_obtained":["Dota2Spire:AghanimScepter"],"max_hp_gain":0,"max_hp_loss":0,"event_name":"The Mausoleum","floor":19,"gold_loss":0,"cards_obtained":["Writhe"]},{"damage_healed":0,"gold_gain":0,"cards_transformed":["TheCursedMod:Strike_TheCursed","TheCursedMod:Strike_TheCursed"],"player_choice":"Became Test Subject","damage_taken":0,"max_hp_gain":0,"max_hp_loss":0,"event_name":"Drug Dealer","floor":20,"gold_loss":0,"cards_obtained":["TheCursedMod:Hemoplague","TheCursedMod:StunningStrike"]},{"damage_healed":0,"gold_gain":0,"player_choice":"Ignored","damage_taken":0,"max_hp_gain":0,"max_hp_loss":0,"event_name":"Vampires","floor":23,"gold_loss":0},{"cards_removed":["TheCursedMod:Defend_TheCursed"],"damage_healed":0,"gold_gain":0,"player_choice":"Gave Gold","damage_taken":0,"max_hp_gain":0,"max_hp_loss":0,"event_name":"Beggar","floor":24,"gold_loss":75},{"cards_removed":["TheCursedMod:Strike_TheCursed"],"damage_healed":0,"gold_gain":0,"player_choice":"Upgrade and Remove","damage_taken":0,"max_hp_gain":0,"max_hp_loss":0,"event_name":"Designer","floor":25,"gold_loss":90,"cards_upgraded":["TheCursedMod:Defend_TheCursed"]},{"damage_healed":0,"gold_gain":333,"player_choice":"Gave Idol","damage_taken":0,"max_hp_gain":0,"max_hp_loss":0,"event_name":"The Moai Head","floor":36,"relics_lost":["Golden Idol"],"gold_loss":0},{"damage_healed":0,"gold_gain":0,"player_choice":"Max HP","damage_taken":0,"max_hp_gain":0,"max_hp_loss":4,"event_name":"Winding Halls","floor":37,"gold_loss":0},{"damage_healed":0,"gold_gain":0,"player_choice":"Ignored","damage_taken":0,"max_hp_gain":0,"max_hp_loss":0,"event_name":"Mysterious Sphere","floor":38,"gold_loss":0}],"is_beta":false,"boss_relics":[{"not_picked":["Calling Bell","Tiny House"],"picked":"Astrolabe"},{"not_picked":["Dota2Spire:Bloodstone","energizedSpire:HugeHouse"],"picked":"TheCursedMod:FourLeafCloverCharm"}],"items_purged_floors":[14,42,44],"is_endless":false,"potions_floor_spawned":[4,11,18,29,35,40,46],"ascension_level":0}}