{"host":"v86vpwf004p2esb7","time":1614338487,"event":{"mods":["AchievementEnabler","BaseMod","BetterRewards","Colored Powertips","Minty Spire (QoL Compilation)","Quick Restart","StSLib","Transform Curses"],"gold_per_floor":[118,118,128,128,128,128,171,171,198,198,214,214,230,271,271,400,400,420,440,7,26,26,76,108,153,153,153,191,227,266,300,300,414,414,451,487,521,36,65,109,109,118,127,162,204,232,232,269,269,269],"floor_reached":51,"language":"ENG","playtime":2696,"items_purged":["Regret"],"score":1357,"play_id":"fd209f36-5f2d-40f1-8fc0-18152b6738a2","local_time":"20210226032127","is_ascension_mode":true,"campfire_choices":[{"data":"Storm","floor":6,"key":"SMITH"},{"data":"Self Repair","floor":8,"key":"SMITH"},{"data":"Barrage","floor":15,"key":"SMITH"},{"data":"Chill","floor":32,"key":"SMITH"},{"data":"Rainbow","floor":41,"key":"SMITH"},{"data":"1","floor":47,"key":"LIFT"},{"data":"2","floor":49,"key":"LIFT"}],"circlet_count":0,"master_deck":["Strike_B","Strike_B","Strike_B","Strike_B","Defend_B","Defend_B+1","Defend_B","Defend_B","Zap","Dualcast","Rebound","Turbo","Glacier+1","Melter","Conserve Battery","Rip and Tear","Self Repair+1","Storm+1","Conserve Battery+1","Loop","Gash","Barrage+1","Rainbow+1","Sunder+1","Ball Lightning","Storm","Turbo","Barrage","Gash+1","Chill+1","Conserve Battery+1","Cold Snap","Streamline+1","Ghostly","Ghostly","Ghostly","Ghostly","Ghostly","Barrage","Creative AI","Turbo","Barrage+1","Multi-Cast","Leap+1","Multi-Cast","Defragment","Rebound","Fusion+1","Reinforced Body+1","Blizzard","Redo+1","Barrage+1","Redo","BootSequence+1","Stack+1","Capacitor","Regret","Gash+1","Barrage+1","Conserve Battery+1","Redo+1","Gash+1","Beam Cell+1","Cold Snap+1"],"relics":["Cracked Core","Shuriken","Thread and Needle","Pear","Incense Burner","Bloody Idol","Anchor","Meat on the Bone","MealTicket","Calipers","InkBottle","SlaversCollar","Prayer Wheel","CeramicFish","Lantern","Girya","Symbiotic Virus","Cursed Key","Molten Egg 2","War Paint","Kunai","Happy Flower","Bird Faced Urn"],"acts_visited":["Exordium","TheCity","TheBeyond"],"potions_floor_usage":[24,45,50],"damage_taken":[{"damage":0,"enemies":"Jaw Worm","floor":1,"turns":2},{"damage":0,"enemies":"Cultist","floor":3,"turns":3},{"damage":13,"enemies":"Lagavulin","floor":7,"turns":7},{"damage":0,"enemies":"Small Slimes","floor":11,"turns":3},{"damage":0,"enemies":"Looter","floor":13,"turns":3},{"damage":2,"enemies":"3 Sentries","floor":14,"turns":6},{"damage":5,"enemies":"Slime Boss","floor":16,"turns":9},{"damage":15,"enemies":"3 Byrds","floor":18,"turns":5},{"damage":0,"enemies":"Chosen","floor":19,"turns":5},{"damage":12,"enemies":"Snake Plant","floor":21,"turns":5},{"damage":16,"enemies":"Book of Stabbing","floor":23,"turns":6},{"damage":14,"enemies":"Centurion and Healer","floor":24,"turns":8},{"damage":13,"enemies":"Gremlin Leader","floor":28,"turns":7},{"damage":1,"enemies":"Chosen and Byrds","floor":29,"turns":8},{"damage":11,"enemies":"Slavers","floor":30,"turns":7},{"damage":0,"enemies":"Shelled Parasite and Fungi","floor":31,"turns":4},{"damage":1,"enemies":"Automaton","floor":33,"turns":11},{"damage":2,"enemies":"3 Shapes","floor":35,"turns":4},{"damage":1,"enemies":"Orb Walker","floor":36,"turns":4},{"damage":1,"enemies":"3 Darklings","floor":37,"turns":7},{"damage":0,"enemies":"Jaw Worm Horde","floor":39,"turns":5},{"damage":0,"enemies":"Giant Head","floor":40,"turns":10},{"damage":0,"enemies":"Sphere and 2 Shapes","floor":44,"turns":4},{"damage":23,"enemies":"Nemesis","floor":45,"turns":7},{"damage":17,"enemies":"Spire Growth","floor":46,"turns":4},{"damage":0,"enemies":"Jaw Worm Horde","floor":48,"turns":6},{"damage":53,"enemies":"Awakened One","floor":50,"turns":14}],"seed_played":"5549776242098701710","potions_obtained":[{"floor":1,"key":"Weak Potion"},{"floor":3,"key":"Fire Potion"},{"floor":14,"key":"BlessingOfTheForge"},{"floor":24,"key":"Fruit Juice"},{"floor":29,"key":"Block Potion"}],"is_trial":false,"path_per_floor":["M","?","M","?","?","R","E","R","T","?","M","?","M","E","R","B",null,"M","M","$","M","?","E","M","?","T","?","E","M","E","M","R","B",null,"M","M","M","$","M","E","R","?","T","M","E","M","R","M","R","B",null],"character_chosen":"DEFECT","items_purchased":["Shuriken","FairyPotion","Thread and Needle","Rebound","Turbo","Glacier","Pear","Melter","Conserve Battery","Rip and Tear","Storm","Prayer Wheel","Turbo","Molten Egg 2","War Paint","Barrage+1"],"campfire_rested":0,"item_purchase_floors":[0,0,0,0,0,0,0,0,0,0,20,20,20,38,38,38],"current_hp_per_floor":[38,38,45,45,45,45,39,39,39,22,34,31,53,61,61,66,85,80,85,85,83,83,77,78,45,45,45,45,45,45,45,45,45,45,45,45,45,45,45,45,45,45,45,45,44,43,43,45,45,32],"gold":269,"neow_bonus":"","is_daily":false,"chose_seed":false,"campfire_upgraded":5,"win_rate":0.0,"timestamp":1614338487,"path_taken":["M","?","?","?","?","R","E","R","T","?","M","?","M","E","R","BOSS","M","M","$","M","?","E","M","?","T","?","E","M","E","?","R","BOSS","M","M","M","$","M","E","R","?","T","M","E","?","R","M","R","BOSS"],"items_purchased_type":["Relic","Potion","Relic","Card","Card","Card","Relic","Card","Card","Card","Card","Relic","Card","Relic","Relic","Card"],"build_version":"2020-12-22","purchased_purges":1,"victory":true,"max_hp_per_floor":[85,85,85,85,85,85,85,85,85,85,85,85,85,85,85,85,85,85,85,85,85,85,85,90,45,45,45,45,45,45,45,45,45,45,45,45,45,45,45,45,45,45,45,45,45,45,45,45,45,45],"card_choices":[{"not_picked":["FTL","Hologram"],"picked":"Self Repair","floor":1},{"not_picked":["Auto Shields","Leap"],"picked":"Storm","floor":3},{"not_picked":["Turbo","Undo"],"picked":"Conserve Battery","floor":7},{"not_picked":["Static Discharge","Darkness"],"picked":"Loop","floor":11},{"not_picked":["Hologram","Tempest"],"picked":"Gash","floor":13},{"not_picked":["Reprogram","Go for the Eyes"],"picked":"Barrage","floor":14},{"not_picked":["Multi-Cast","Amplify"],"picked":"Rainbow","floor":16},{"not_picked":["Sweeping Beam","Compile Driver"],"picked":"Sunder+1","floor":18},{"not_picked":["Tempest","Aggregate"],"picked":"Ball Lightning","floor":19},{"not_picked":["Reprogram","Auto Shields"],"picked":"Barrage","floor":21},{"not_picked":["Turbo","Undo"],"picked":"Gash+1","floor":21},{"not_picked":["Turbo+1","Leap"],"picked":"Conserve Battery","floor":23},{"not_picked":["Machine Learning","Sweeping Beam+1"],"picked":"Cold Snap","floor":24},{"not_picked":["Glacier","Undo+1"],"picked":"Streamline+1","floor":24},{"not_picked":["Sunder","Double Energy"],"picked":"Barrage","floor":28},{"not_picked":["Auto Shields","Turbo"],"picked":"Creative AI","floor":29},{"not_picked":["Barrage+1","Stack"],"picked":"Turbo","floor":29},{"not_picked":["Streamline","Recycle"],"picked":"Barrage+1","floor":30},{"not_picked":["Coolheaded+1","Sweeping Beam"],"picked":"Multi-Cast","floor":31},{"not_picked":["Undo","Coolheaded"],"picked":"Leap+1","floor":31},{"not_picked":["Hyperbeam","Fission"],"picked":"Multi-Cast","floor":33},{"not_picked":["Chaos+1","Hologram"],"picked":"Defragment","floor":35},{"not_picked":["Coolheaded","Streamline"],"picked":"Rebound","floor":35},{"not_picked":["Force Field+1","Go for the Eyes"],"picked":"Fusion+1","floor":36},{"not_picked":["Go for the Eyes","Leap"],"picked":"Reinforced Body+1","floor":36},{"not_picked":["White Noise","Redo+1"],"picked":"Blizzard","floor":37},{"not_picked":["Rebound","Multi-Cast"],"picked":"Redo+1","floor":37},{"not_picked":["Go for the Eyes+1","Turbo+1"],"picked":"Redo","floor":39},{"not_picked":["Sweeping Beam+1","Leap+1"],"picked":"BootSequence+1","floor":39},{"not_picked":["Hologram","Rebound+1"],"picked":"Stack+1","floor":40},{"not_picked":["Stack","Go for the Eyes+1"],"picked":"Gash+1","floor":44},{"not_picked":["Multi-Cast","Streamline+1"],"picked":"Barrage+1","floor":44},{"not_picked":["Sunder+1","Sweeping Beam+1"],"picked":"Conserve Battery+1","floor":45},{"not_picked":["Stack","Steam"],"picked":"Redo+1","floor":46},{"not_picked":["Redo","Sweeping Beam+1"],"picked":"Gash+1","floor":46},{"not_picked":["Consume","Melter+1"],"picked":"Beam Cell+1","floor":48},{"not_picked":["Barrage+1","Force Field"],"picked":"Cold Snap+1","floor":48}],"player_experience":221231,"relics_obtained":[{"floor":7,"key":"Meat on the Bone"},{"floor":9,"key":"MealTicket"},{"floor":14,"key":"InkBottle"},{"floor":23,"key":"CeramicFish"},{"floor":26,"key":"Lantern"},{"floor":28,"key":"Girya"},{"floor":30,"key":"Symbiotic Virus"},{"floor":40,"key":"Kunai"},{"floor":43,"key":"Happy Flower"},{"floor":45,"key":"Bird Faced Urn"}],"event_choices":[{"damage_healed":0,"gold_gain":0,"player_choice":"Bought 0 Potions","damage_taken":0,"max_hp_gain":0,"max_hp_loss":0,"event_name":"The Woman in Blue","floor":2,"gold_loss":0},{"damage_healed":0,"gold_gain":0,"player_choice":"Take Wound","damage_taken":0,"relics_obtained":["Golden Idol"],"max_hp_gain":0,"max_hp_loss":0,"event_name":"Golden Idol","floor":4,"gold_loss":0,"cards_obtained":["Injury"]},{"damage_healed":0,"gold_gain":0,"player_choice":"Box","damage_taken":0,"relics_obtained":["Anchor"],"max_hp_gain":0,"max_hp_loss":0,"event_name":"Big Fish","floor":5,"gold_loss":0,"cards_obtained":["Regret"]},{"damage_healed":0,"gold_gain":0,"player_choice":"Entered Light","damage_taken":17,"max_hp_gain":0,"max_hp_loss":0,"event_name":"Shining Light","floor":10,"gold_loss":0,"cards_upgraded":["Defend_B","Conserve Battery"]},{"damage_healed":0,"gold_gain":0,"player_choice":"Success","damage_taken":3,"relics_obtained":["Calipers"],"max_hp_gain":0,"max_hp_loss":0,"event_name":"Scrap Ooze","floor":12,"gold_loss":0},{"damage_healed":0,"gold_gain":0,"player_choice":"Read","damage_taken":0,"max_hp_gain":0,"max_hp_loss":0,"event_name":"The Library","floor":22,"gold_loss":0,"cards_obtained":["Chill"]},{"damage_healed":0,"gold_gain":0,"player_choice":"Became a Ghost","damage_taken":0,"max_hp_gain":0,"max_hp_loss":45,"event_name":"Ghosts","floor":25,"gold_loss":0,"cards_obtained":["Ghostly","Ghostly","Ghostly","Ghostly","Ghostly"]},{"damage_healed":0,"gold_gain":0,"player_choice":"Gave Idol","damage_taken":0,"relics_obtained":["Bloody Idol"],"max_hp_gain":0,"max_hp_loss":0,"event_name":"Forgotten Altar","floor":27,"relics_lost":["Golden Idol"],"gold_loss":0},{"damage_healed":0,"gold_gain":0,"cards_transformed":["Injury"],"player_choice":"Transformed","damage_taken":0,"max_hp_gain":0,"max_hp_loss":0,"event_name":"Transmorgrifier","floor":42,"gold_loss":0,"cards_obtained":["Capacitor"]}],"is_beta":false,"boss_relics":[{"not_picked":["Sozu","Runic Dome"],"picked":"SlaversCollar"},{"not_picked":["Snecko Eye","Pandora\u0027s Box"],"picked":"Cursed Key"}],"items_purged_floors":[38],"is_endless":false,"potions_floor_spawned":[1,3,14,16,19,24,29,30,33,35,36,37],"ascension_level":2}}