{"host":"7wi4qgm5yw4j7oz0","time":1614351193,"event":{"mods":["AchievementEnabler","BaseMod","Block Reminder","Colored Map","Colored Powertips","Highlight Path","Minty Spire (QoL Compilation)","Permanent Neow","Random Character Button","StSLib","SuperFastMode","everything is the same but u backflip on backflip"],"gold_per_floor":[119,131,148,159,179,179,197,217,217,217,217,217],"floor_reached":11,"language":"KOR","playtime":254,"items_purged":[],"score":131,"play_id":"ceff3cf9-1d8f-4edb-972c-470420c3e1be","local_time":"20210226235313","is_ascension_mode":true,"campfire_choices":[{"floor":6,"key":"REST"},{"floor":10,"key":"REST"}],"circlet_count":0,"master_deck":["AscendersBane","Strike_R","Strike_R","Strike_R","Strike_R","Strike_R","Defend_R","Defend_R","Defend_R","Defend_R","Bash+1","Sword Boomerang","Wild Strike","Spot Weakness","Whirlwind","Flex","Rage"],"relics":["Burning Blood","Girya"],"acts_visited":["Exordium"],"potions_floor_usage":[4,5,7,11],"damage_taken":[{"damage":29,"enemies":"Jaw Worm","floor":1,"turns":4},{"damage":17,"enemies":"Cultist","floor":2,"turns":4},{"damage":11,"enemies":"2 Louse","floor":3,"turns":3},{"damage":8,"enemies":"Large Slime","floor":4,"turns":4},{"damage":4,"enemies":"2 Fungi Beasts","floor":5,"turns":3},{"damage":16,"enemies":"Lots of Slimes","floor":7,"turns":3},{"damage":16,"enemies":"Blue Slaver","floor":8,"turns":4},{"damage":63,"enemies":"Gremlin Nob","floor":11,"turns":4}],"seed_played":"5714311862874760711","potions_obtained":[{"floor":1,"key":"AttackPotion"},{"floor":3,"key":"Block Potion"},{"floor":5,"key":"PowerPotion"},{"floor":8,"key":"AttackPotion"}],"is_trial":false,"path_per_floor":["M","M","M","M","M","R","M","M","T","R","E"],"character_chosen":"IRONCLAD","items_purchased":[],"campfire_rested":2,"item_purchase_floors":[],"current_hp_per_floor":[45,34,29,27,29,51,41,31,31,53,0,0],"gold":217,"neow_bonus":"UPGRADE_CARD","is_daily":false,"chose_seed":false,"campfire_upgraded":0,"win_rate":0.0,"timestamp":1614351193,"path_taken":["M","M","M","M","M","R","M","M","T","R","E"],"items_purchased_type":[],"build_version":"2020-12-22","purchased_purges":0,"victory":false,"max_hp_per_floor":[75,75,75,75,75,75,75,75,75,75,75,75],"card_choices":[{"not_picked":["Havoc","Clash"],"picked":"Sword Boomerang","floor":1},{"not_picked":["Bloodletting","Entrench"],"picked":"Wild Strike","floor":2},{"not_picked":["Metallicize","Flex"],"picked":"Spot Weakness","floor":3},{"not_picked":["Rupture","Shockwave","Spot Weakness"],"picked":"SKIP","floor":4},{"not_picked":["Carnage","Barricade"],"picked":"Whirlwind","floor":5},{"not_picked":["Whirlwind","Havoc"],"picked":"Flex","floor":7},{"not_picked":["Fire Breathing","Cleave"],"picked":"Rage","floor":8}],"player_experience":381869,"relics_obtained":[{"floor":9,"key":"Girya"}],"event_choices":[],"is_beta":false,"boss_relics":[],"items_purged_floors":[],"is_endless":false,"potions_floor_spawned":[1,3,5,8],"killed_by":"Gremlin Nob","ascension_level":18}}