{"host":"hfxp6ue4pvwo3fit","time":1614311343,"event":{"mods":["AchievementEnabler","BaseMod","Colored Map","Colored Powertips","Highlight Path","Minty Spire (QoL Compilation)","Relic Stats","StSLib","SuperFastMode"],"gold_per_floor":[109,126,126,145,158,158,180,180,180],"floor_reached":8,"language":"ENG","playtime":662,"items_purged":[],"score":96,"play_id":"202cbea6-9734-4405-a9f9-7a11c0e8331f","local_time":"20210225214903","is_ascension_mode":true,"campfire_choices":[{"data":"Bash","floor":6,"key":"SMITH"}],"circlet_count":0,"master_deck":["AscendersBane","Strike_R","Strike_R","Strike_R","Strike_R","Defend_R","Defend_R","Defend_R","Defend_R","Bash+1","Wild Strike","Anger"],"relics":["Busted Crown","Odd Mushroom"],"acts_visited":["Exordium"],"potions_floor_usage":[8],"damage_taken":[{"damage":2,"enemies":"Jaw Worm","floor":1,"turns":4},{"damage":0,"enemies":"Cultist","floor":2,"turns":2},{"damage":0,"enemies":"Small Slimes","floor":4,"turns":2},{"damage":35,"enemies":"Exordium Thugs","floor":5,"turns":5},{"damage":13,"enemies":"The Mushroom Lair","floor":7,"turns":5},{"damage":23,"enemies":"3 Sentries","floor":8,"turns":5}],"seed_played":"551813732188365739","potions_obtained":[{"floor":5,"key":"DuplicationPotion"},{"floor":7,"key":"Dexterity Potion"}],"is_trial":false,"path_per_floor":["M","M","?","M","M","R","?","E"],"character_chosen":"IRONCLAD","items_purchased":[],"campfire_rested":0,"item_purchase_floors":[],"current_hp_per_floor":[66,66,66,66,31,31,18,0,0],"gold":180,"neow_bonus":"BOSS_RELIC","is_daily":false,"chose_seed":false,"campfire_upgraded":1,"win_rate":0.0,"timestamp":1614311343,"path_taken":["M","M","?","M","?","R","?","E"],"items_purchased_type":[],"build_version":"2020-12-22","purchased_purges":0,"victory":false,"max_hp_per_floor":[75,75,75,75,75,75,75,75,75],"relic_stats":{"Busted Crown":10,"counters":[6,23],"obtain_stats":[{"Busted Crown":0,"Odd Mushroom":7,"Burning Blood":0},{"Busted Crown":0,"Odd Mushroom":5,"Burning Blood":0},{"Busted Crown":0,"Odd Mushroom":18,"Burning Blood":0}]},"card_choices":[{"not_picked":[],"picked":"Wild Strike","floor":1},{"not_picked":["Power Through"],"picked":"SKIP","floor":2},{"not_picked":["Entrench"],"picked":"SKIP","floor":4},{"not_picked":[],"picked":"Anger","floor":5}],"player_experience":529596,"relics_obtained":[{"floor":7,"key":"Odd Mushroom"}],"event_choices":[{"cards_removed":["Strike_R"],"damage_healed":0,"gold_gain":0,"player_choice":"Purged","damage_taken":0,"max_hp_gain":0,"max_hp_loss":0,"event_name":"Purifier","floor":3,"gold_loss":0},{"damage_healed":0,"gold_gain":0,"player_choice":"Fought Mushrooms","damage_taken":0,"max_hp_gain":0,"max_hp_loss":0,"event_name":"Mushrooms","floor":7,"gold_loss":0}],"is_beta":false,"boss_relics":[],"items_purged_floors":[],"is_endless":false,"potions_floor_spawned":[5,7],"killed_by":"3 Sentries","ascension_level":20}}