{"host":"31s8hzukbhz1k6i6","time":1614304742,"event":{"mods":["AchievementEnabler","BaseMod","Bestiary","Colored Map","Filter the Spire","Minty Spire (QoL Compilation)","Relic Stats"],"gold_per_floor":[10,23,42,42,60,60,60],"floor_reached":6,"language":"ENG","playtime":502,"items_purged":[],"score":76,"play_id":"d80217d1-f50f-4bd6-86fb-1bcaacf9ed77","local_time":"20210225175902","is_ascension_mode":true,"campfire_choices":[],"circlet_count":0,"master_deck":["AscendersBane","Strike_G","Strike_G","Strike_G","Strike_G","Strike_G","Defend_G","Defend_G","Defend_G","Defend_G","Defend_G","Survivor","Neutralize","Terror","Poisoned Stab","Finisher"],"relics":["Ring of the Snake","Incense Burner"],"acts_visited":["Exordium"],"potions_floor_usage":[6,6],"damage_taken":[{"damage":2,"enemies":"Small Slimes","floor":1,"turns":5},{"damage":0,"enemies":"Cultist","floor":2,"turns":4},{"damage":0,"enemies":"2 Louse","floor":3,"turns":3},{"damage":9,"enemies":"Large Slime","floor":5,"turns":8},{"damage":50,"enemies":"3 Sentries","floor":6,"turns":14}],"seed_played":"-6354179635883872192","potions_obtained":[{"floor":1,"key":"Swift Potion"},{"floor":2,"key":"SteroidPotion"},{"floor":4,"key":"Block Potion"},{"floor":4,"key":"BlessingOfTheForge"}],"is_trial":false,"path_per_floor":["M","M","M","?","M","E"],"character_chosen":"THE_SILENT","items_purchased":[],"campfire_rested":0,"item_purchase_floors":[],"current_hp_per_floor":[57,57,57,57,48,0,0],"gold":60,"neow_bonus":"ONE_RARE_RELIC","is_daily":false,"chose_seed":false,"campfire_upgraded":0,"win_rate":0.0,"timestamp":1614304742,"path_taken":["M","M","M","?","M","E"],"items_purchased_type":[],"build_version":"2020-12-22","purchased_purges":0,"victory":false,"max_hp_per_floor":[66,66,66,66,66,66,66],"relic_stats":{"counters":[5,34],"obtain_stats":[{"Incense Burner":0,"Ring of the Snake":0},{"Incense Burner":0,"Ring of the Snake":0},{"Incense Burner":0,"Ring of the Snake":0}],"Ring of the Snake":[10]},"card_choices":[{"not_picked":["Tactician","Setup"],"picked":"Terror","floor":1},{"not_picked":["Bane","Catalyst"],"picked":"Poisoned Stab","floor":2},{"not_picked":["Leg Sweep","Prepared"],"picked":"Finisher","floor":3},{"not_picked":["Dodge and Roll","Bane","Deadly Poison"],"picked":"SKIP","floor":5}],"player_experience":239851,"relics_obtained":[],"event_choices":[{"damage_healed":0,"gold_gain":0,"player_choice":"Got Potions","damage_taken":0,"max_hp_gain":0,"max_hp_loss":0,"event_name":"Lab","floor":4,"gold_loss":0}],"is_beta":false,"boss_relics":[],"items_purged_floors":[],"is_endless":false,"potions_floor_spawned":[1,2],"killed_by":"3 Sentries","ascension_level":20}}