{"host":"8k64rvi83ijr822k","time":1614376558,"event":{"mods":["Bard","BaseMod","Better Third Choice","BetterRewards","Dio Mod","Downfall","Googly Eyes","Gremlin Mod","GungeonMod","Hermit","Hubris","Infinite Spire","Magitek Elite","Minty Spire (QoL Compilation)","Quick Restart","Railgun Mod","Replay The Spire","Shop Mod","Small Relic Pack","StSLib","Td1madao Mod","The Administrix","The Animator","The Bladedancer","The Bug Knight","The Construct","The Cursed","The Disciple","The Gatherer","The Judge","The Jungle","The Mystic","The Necromancer","The Poker Player","The Problem Sleuth","The Runesmith","The Saiyan","The Senshi","The Wild Card","TheHero"],"gold_per_floor":[95,130,141,141,156,156,156,167,167,180,180,196,214,228,228,228,228],"floor_reached":16,"language":"ENG","playtime":1106,"items_purged":[],"score":96,"play_id":"cb659669-8d67-4402-8d98-fefff3065db5","local_time":"20210226165558","is_ascension_mode":false,"campfire_choices":[{"data":"Saiyan:Flurry","floor":6,"key":"SMITH"},{"floor":15,"key":"REST"}],"circlet_count":0,"master_deck":["Saiyan:SAIYA_Strike","Saiyan:SAIYA_Strike","Saiyan:SAIYA_Strike","Saiyan:SAIYA_Defend","Saiyan:SAIYA_Defend","Saiyan:SAIYA_Defend","Saiyan:SAIYA_Defend","Saiyan:EnergyBlast","Saiyan:KaioKen","Saiyan:RuthlessBlow","Saiyan:Makankosappo","Saiyan:UltraInstinct+1","Saiyan:Flurry+1","Saiyan:TurtleShell+1","Saiyan:Scouter","Saiyan:MeteorDash","Saiyan:Rekindle","Saiyan:KameHameHa","Saiyan:Momentum","Saiyan:BigBangAttack"],"relics":["SaiyanSoul","SaiyanHeart","NeowsBlessing","Du-Vu Doll"],"acts_visited":["Exordium"],"potions_floor_usage":[8,8,12,16,16],"damage_taken":[{"damage":0,"enemies":"Jaw Worm","floor":1,"turns":1},{"damage":0,"enemies":"Small Slimes","floor":3,"turns":1},{"damage":0,"enemies":"2 Louse","floor":5,"turns":2},{"damage":0,"enemies":"Gremlin Gang","floor":8,"turns":5},{"damage":0,"enemies":"3 Louse","floor":10,"turns":2},{"damage":0,"enemies":"Exordium Thugs","floor":12,"turns":4},{"damage":0,"enemies":"Exordium Wildlife","floor":13,"turns":3},{"damage":7,"enemies":"Blue Slaver","floor":14,"turns":4},{"damage":70,"enemies":"Fading Forest","floor":16,"turns":10}],"seed_played":"-390203718338087248","potions_obtained":[{"floor":2,"key":"DistilledChaos"},{"floor":2,"key":"sneckomod:MuddlingPotion"},{"floor":2,"key":"LifebloodPotion"},{"floor":8,"key":"sneckomod:MuddlingPotion"},{"floor":12,"key":"BlessingOfTheForge"}],"is_trial":false,"path_per_floor":["M","?","M","?","M","R","?","M","T","M","?","M","M","M","R","B"],"character_chosen":"SAIYAJIN","items_purchased":[],"campfire_rested":1,"item_purchase_floors":[],"current_hp_per_floor":[61,37,38,38,39,39,39,40,40,40,40,41,43,38,58,0,0],"gold":228,"neow_bonus":"THREE_ENEMY_KILL","is_daily":false,"chose_seed":false,"campfire_upgraded":1,"win_rate":0.0,"timestamp":1614376558,"path_taken":["M","?","M","?","M","R","?","M","T","?","?","?","M","M","R","BOSS"],"items_purchased_type":[],"build_version":"2020-12-22","purchased_purges":0,"victory":false,"max_hp_per_floor":[61,61,62,62,63,63,63,64,64,64,64,65,67,69,69,70,70],"card_choices":[{"not_picked":["Saiyan:DragonRadar","Saiyan:KiExplosion"],"picked":"Saiyan:Makankosappo","floor":1},{"not_picked":["Saiyan:Medicine","Saiyan:TurtleShell"],"picked":"Saiyan:UltraInstinct","floor":2},{"not_picked":["Saiyan:KiExplosion","Saiyan:SoulSpice"],"picked":"Saiyan:Flurry","floor":3},{"not_picked":["Saiyan:DragonRadar","Saiyan:Endure"],"picked":"Saiyan:TurtleShell","floor":5},{"not_picked":["Saiyan:ReverberatingForce","Saiyan:PowerPole"],"picked":"Saiyan:Scouter","floor":8},{"not_picked":["Saiyan:SuperSaiyanForm","Saiyan:Honing"],"picked":"Saiyan:MeteorDash","floor":10},{"not_picked":["Saiyan:TurtleShell","Saiyan:PressOn"],"picked":"Saiyan:KameHameHa","floor":12},{"not_picked":["Saiyan:BigBangAttack","Saiyan:PowerUp"],"picked":"Saiyan:Momentum","floor":13},{"not_picked":["Saiyan:Planning","Saiyan:Honing"],"picked":"Saiyan:BigBangAttack","floor":14}],"player_experience":141545,"relics_obtained":[{"floor":9,"key":"Du-Vu Doll"}],"event_choices":[{"damage_healed":0,"gold_gain":0,"player_choice":"Grow","damage_taken":0,"max_hp_gain":0,"max_hp_loss":0,"event_name":"Living Wall","floor":4,"gold_loss":0,"cards_upgraded":["Saiyan:UltraInstinct"]},{"damage_healed":0,"gold_gain":0,"player_choice":"Forge","damage_taken":0,"max_hp_gain":0,"max_hp_loss":0,"event_name":"Accursed Blacksmith","floor":7,"gold_loss":0,"cards_upgraded":["Saiyan:TurtleShell"]},{"damage_healed":0,"gold_gain":0,"cards_transformed":["Saiyan:SAIYA_Strike"],"player_choice":"Transformed","damage_taken":0,"max_hp_gain":0,"max_hp_loss":0,"event_name":"Transmorgrifier","floor":11,"gold_loss":0,"cards_obtained":["Saiyan:Rekindle"]}],"is_beta":false,"boss_relics":[],"items_purged_floors":[],"is_endless":false,"potions_floor_spawned":[8,12],"killed_by":"Fading Forest","ascension_level":0}}