{"host":"he07elbwfbprxmdo","time":1614348622,"event":{"mods":["BaseMod","Better Skull","Better Third Choice","Better Vampires","Block Reminder","Clockwork Mod","Colored Map","Energized Spire","Fox Events","Halation","Hermit","Highlight Path","Marisa????????","Minty Spire (QoL Compilation)","Relic Stats","StSLib","The Animator","The Servant 0.9.4","Unceasing Turn Reminder"],"gold_per_floor":[118,118,129,158,158,158,183,196,221,221,248,248,21,51,51,175,200,218,238,238,274,290,342,267,284,378,378,378],"floor_reached":27,"language":"ENG","playtime":3776,"items_purged":[],"score":237,"play_id":"3fc421ea-d901-4d9d-8701-83b2b10c4841","local_time":"20210226161022","is_ascension_mode":false,"campfire_choices":[{"data":"animator:Lancer","floor":6,"key":"SMITH"},{"data":"animator:Chris","floor":10,"key":"SMITH"},{"data":"animator:Entoma","floor":12,"key":"SMITH"},{"data":"animator:Eris","floor":15,"key":"SMITH"}],"circlet_count":0,"master_deck":["animator:Strike_Konosuba","animator:Defend_Konosuba","animator:Strike","animator:Strike","animator:Strike","animator:Defend","animator:Defend","animator:Defend","animator:Kazuma","animator:Aqua","animator:Lancer+1","animator:YunYun","animator:Alexander","animator:Chris+1","animator:Entoma+4","animator:HighElfArcher","animator:Gilgamesh+3","animator:RinTohsaka","animator:WinryRockbell","animator:NarberalGamma","animator:Caster","animator:MaesHughes"],"relics":["animator:LivingPicture","animator:TheMissingPiece","NeowsBlessing","Regal Pillow","animator:WornHelmet","Bag of Marbles","Vajra","animator:CursedBlade","halation:PenCase","Matryoshka"],"acts_visited":["Exordium","TheCity"],"potions_floor_usage":[7,7,8,21,27],"damage_taken":[{"damage":0,"enemies":"2 Louse","floor":1,"turns":1},{"damage":0,"enemies":"Cultist","floor":3,"turns":1},{"damage":0,"enemies":"Jaw Worm","floor":4,"turns":1},{"damage":5,"enemies":"3 Sentries","floor":7,"turns":7},{"damage":3,"enemies":"2 Fungi Beasts","floor":8,"turns":3},{"damage":0,"enemies":"Looter","floor":11,"turns":3},{"damage":0,"enemies":"Blue Slaver","floor":14,"turns":2},{"damage":60,"enemies":"Hexaghost","floor":16,"turns":13},{"damage":1,"enemies":"3 Byrds","floor":18,"turns":2},{"damage":0,"enemies":"Chosen","floor":19,"turns":3},{"damage":14,"enemies":"Snake Plant","floor":21,"turns":3},{"damage":32,"enemies":"Shelled Parasite and Fungi","floor":22,"turns":5},{"damage":35,"enemies":"Gremlin Leader","floor":23,"turns":6},{"damage":11,"enemies":"Snecko","floor":25,"turns":4},{"damage":7,"enemies":"Snake Plant","floor":27,"turns":1}],"seed_played":"-2418060476533570419","potions_obtained":[{"floor":1,"key":"DistilledChaos"},{"floor":3,"key":"AttackPotion"},{"floor":7,"key":"Weak Potion"},{"floor":8,"key":"SteroidPotion"},{"floor":18,"key":"AttackPotion"},{"floor":23,"key":"SpeedPotion"}],"is_trial":false,"path_per_floor":["M","?","M","M","T","R","E","M","T","R","M","R","$","M","R","B",null,"M","M","?","M","M","E","?","M","T","M"],"character_chosen":"THE_ANIMATOR","items_purchased":["Vajra","animator:Eris"],"campfire_rested":0,"item_purchase_floors":[13,13],"current_hp_per_floor":[66,66,66,66,66,66,63,63,63,63,65,65,65,65,65,7,67,68,69,57,51,29,4,4,2,2,0,0],"gold":378,"neow_bonus":"THREE_ENEMY_KILL","is_daily":false,"chose_seed":false,"campfire_upgraded":4,"win_rate":0.0,"timestamp":1614348622,"path_taken":["M","?","?","?","?","R","E","M","T","R","M","R","$","M","R","BOSS","M","M","?","M","M","E","?","M","T","M"],"items_purchased_type":["Relic","Card"],"build_version":"2020-12-22","purchased_purges":0,"victory":false,"max_hp_per_floor":[66,66,66,66,66,66,66,67,67,67,67,67,67,67,67,67,67,69,69,74,74,76,78,78,79,79,79,79],"relic_stats":{"Regal Pillow":0,"counters":[15,55],"obtain_stats":[{"Regal Pillow":5,"animator:CursedBlade":17,"Matryoshka":26,"NeowsBlessing":0,"animator:TheMissingPiece":0,"Vajra":13,"halation:PenCase":23,"animator:LivingPicture":0,"Bag of Marbles":9,"animator:WornHelmet":7},{"Regal Pillow":3,"animator:CursedBlade":8,"Matryoshka":14,"NeowsBlessing":0,"animator:TheMissingPiece":0,"Vajra":6,"halation:PenCase":13,"animator:LivingPicture":0,"Bag of Marbles":5,"animator:WornHelmet":4},{"Regal Pillow":3,"animator:CursedBlade":31,"Matryoshka":54,"NeowsBlessing":0,"animator:TheMissingPiece":0,"Vajra":16,"halation:PenCase":50,"animator:LivingPicture":0,"Bag of Marbles":13,"animator:WornHelmet":10}]},"card_choices":[{"not_picked":["animator:SakuraMatou","animator:Genos"],"picked":"animator:AcuraTooru","floor":1},{"not_picked":["animator:Fredrika","animator:Illya"],"picked":"animator:Lancer","floor":3},{"not_picked":["animator:MetalKnight","animator:GuildGirl"],"picked":"animator:YunYun","floor":4},{"not_picked":["animator:Assassin","animator:SakuraMatou"],"picked":"animator:Alexander","floor":7},{"not_picked":["animator:SilverFang","animator:YunYun"],"picked":"animator:Chris","floor":8},{"not_picked":["animator:Sebas","animator:Sonic"],"picked":"animator:Entoma","floor":11},{"not_picked":["animator:Guy","animator:AcuraShin"],"picked":"animator:HighElfArcher","floor":14},{"not_picked":["animator:Saber","animator:Father"],"picked":"animator:Gilgamesh","floor":16},{"not_picked":["animator:ChaikaBohdan+1","animator:Shalltear+1"],"picked":"animator:RinTohsaka","floor":19},{"not_picked":["animator:MetalKnight","animator:RoyMustang"],"picked":"animator:WinryRockbell","floor":21},{"not_picked":["animator:RoyMustang","animator:YunYun+1"],"picked":"animator:NarberalGamma","floor":22},{"not_picked":["animator:Assassin","animator:ShinjiMatou"],"picked":"animator:Caster","floor":23},{"not_picked":["animator:Darkness","animator:Sebas"],"picked":"animator:MaesHughes","floor":25}],"player_experience":168897,"relics_obtained":[{"floor":5,"key":"Regal Pillow"},{"floor":7,"key":"animator:WornHelmet"},{"floor":9,"key":"Bag of Marbles"},{"floor":23,"key":"halation:PenCase"},{"floor":26,"key":"Matryoshka"}],"event_choices":[{"damage_healed":0,"gold_gain":0,"player_choice":"0 cards matched","damage_taken":0,"max_hp_gain":0,"max_hp_loss":0,"event_name":"Match and Keep!","floor":2,"gold_loss":0,"cards_obtained":[]},{"damage_healed":0,"gold_gain":0,"player_choice":"Shed Blood","damage_taken":17,"max_hp_gain":5,"max_hp_loss":0,"event_name":"Forgotten Altar","floor":20,"gold_loss":0},{"cards_removed":["animator:AcuraTooru"],"damage_healed":0,"gold_gain":0,"player_choice":"Gave Gold","damage_taken":0,"max_hp_gain":0,"max_hp_loss":0,"event_name":"Beggar","floor":24,"gold_loss":75}],"is_beta":false,"boss_relics":[{"not_picked":["Tiny House","halation:SmartPhone"],"picked":"animator:CursedBlade"}],"items_purged_floors":[],"is_endless":false,"potions_floor_spawned":[1,3,7,8,18,23],"killed_by":"Snake Plant","ascension_level":0}}