{"host":"fea6kdxvty5fzy91","time":1614314341,"event":{"mods":["A Magickal Journey","AchievementEnabler","BaseMod","Better Third Choice","Colored Map","Colored Powertips","Custom Start","DeckTracker","Googly Eyes","Highlight Path","Minty Spire (QoL Compilation)","Quick Restart","Rare Cards Sparkle","StSLib","The IronCluck","everything is the same but u backflip on backflip","slay the spire mod where everything is the same but ironclad has a cowboy hat"],"gold_per_floor":[113,127,145,158,173,173,224,224,224,238,266,266,292,321,321,426,426,448,490,499,414,427,453,453,481,481,50,70,70,70,94,94,94,94],"floor_reached":33,"language":"ENG","playtime":1699,"items_purged":[],"score":281,"play_id":"4838eac5-6bae-4b07-a8ab-e19bfc2d644d","local_time":"20210225213901","is_ascension_mode":false,"campfire_choices":[{"data":"Eruption","floor":6,"key":"SMITH"},{"data":"Fasting2","floor":8,"key":"SMITH"},{"floor":12,"key":"REST"},{"data":"TalkToTheHand","floor":15,"key":"SMITH"},{"data":"Blasphemy","floor":24,"key":"SMITH"},{"data":"1","floor":29,"key":"LIFT"},{"data":"2","floor":32,"key":"LIFT"}],"circlet_count":0,"master_deck":["Strike_P","Strike_P","Strike_P","Strike_P","Defend_P","Defend_P+1","Defend_P","Eruption+1","Vigilance","Protect+1","CrushJoints","ThirdEye","Fasting2+1","SandsOfTime","TalkToTheHand+1","Crescendo","Blasphemy+1","Consecrate","CutThroughFate+1","Decay","CutThroughFate","LessonLearned","SpiritShield"],"relics":["PureWater","Darkstone Periapt","Damaru","CeramicFish","Coffee Dripper","Red Mask","Gremlin Horn","StoneCalendar","Singing Bowl","Girya","Shuriken"],"acts_visited":["Exordium","TheCity"],"potions_floor_usage":[4,7,11,16,19,23,31],"damage_taken":[{"damage":12,"enemies":"Cultist","floor":1,"turns":3},{"damage":0,"enemies":"Small Slimes","floor":2,"turns":2},{"damage":0,"enemies":"2 Louse","floor":3,"turns":2},{"damage":2,"enemies":"Exordium Wildlife","floor":4,"turns":2},{"damage":0,"enemies":"Large Slime","floor":5,"turns":4},{"damage":7,"enemies":"Lagavulin","floor":7,"turns":8},{"damage":24,"enemies":"Gremlin Gang","floor":10,"turns":4},{"damage":26,"enemies":"3 Sentries","floor":11,"turns":8},{"damage":6,"enemies":"Looter","floor":13,"turns":4},{"damage":1,"enemies":"Red Slaver","floor":14,"turns":4},{"damage":3,"enemies":"Hexaghost","floor":16,"turns":6},{"damage":16,"enemies":"2 Thieves","floor":18,"turns":4},{"damage":0,"enemies":"Masked Bandits","floor":19,"turns":3},{"damage":9,"enemies":"Shell Parasite","floor":22,"turns":4},{"damage":46,"enemies":"Slavers","floor":23,"turns":4},{"damage":0,"enemies":"Snake Plant","floor":25,"turns":4},{"damage":5,"enemies":"3 Cultists","floor":28,"turns":3},{"damage":0,"enemies":"Centurion and Healer","floor":31,"turns":1},{"damage":8,"enemies":"Automaton","floor":33,"turns":3}],"seed_played":"2656991798545347247","potions_obtained":[{"floor":1,"key":"DistilledChaos"},{"floor":4,"key":"ColorlessPotion"},{"floor":10,"key":"Block Potion"},{"floor":13,"key":"DistilledChaos"},{"floor":14,"key":"DistilledChaos"},{"floor":19,"key":"SpeedPotion"},{"floor":23,"key":"LiquidMemories"}],"is_trial":false,"path_per_floor":["M","M","M","M","M","R","E","R","T","M","E","R","M","M","R","B",null,"M","?","?","?","M","E","R","M","T","$","M","R","?","M","R","B"],"character_chosen":"WATCHER","items_purchased":["Girya","LessonLearned"],"campfire_rested":1,"item_purchase_floors":[27,27],"current_hp_per_floor":[60,60,60,58,58,58,51,51,51,27,1,22,16,15,15,12,72,56,56,62,62,53,7,7,7,7,7,4,4,4,4,4,0,0],"gold":94,"neow_bonus":"REMOVE_CARD","is_daily":false,"chose_seed":false,"campfire_upgraded":4,"win_rate":0.0,"timestamp":1614314341,"path_taken":["M","M","M","?","M","R","E","R","T","M","E","R","M","M","R","BOSS","M","?","?","?","M","E","R","M","T","$","M","R","?","M","R","BOSS"],"items_purchased_type":["Relic","Card"],"build_version":"2020-12-22","purchased_purges":0,"victory":false,"max_hp_per_floor":[72,72,72,72,72,72,72,72,72,72,72,72,72,72,72,72,72,72,72,78,78,78,78,78,78,78,78,80,80,80,80,80,80,80],"card_choices":[{"not_picked":["ForeignInfluence","EmptyFist","WreathOfFlame"],"picked":"SKIP","floor":1},{"not_picked":["Meditate","ReachHeaven"],"picked":"Protect","floor":2},{"not_picked":["EmptyFist","Consecrate"],"picked":"CrushJoints","floor":3},{"not_picked":["Prostrate","Alpha","ForeignInfluence"],"picked":"SKIP","floor":4},{"not_picked":["Halt","Evaluate"],"picked":"ThirdEye","floor":5},{"not_picked":["WreathOfFlame","FlyingSleeves"],"picked":"Fasting2","floor":7},{"not_picked":["SignatureMove","FlyingSleeves"],"picked":"SandsOfTime","floor":10},{"not_picked":["CarveReality","Worship","ReachHeaven"],"picked":"SKIP","floor":11},{"not_picked":["EmptyMind","Adaptation"],"picked":"TalkToTheHand","floor":13},{"not_picked":["SashWhip","FlurryOfBlows"],"picked":"Crescendo","floor":14},{"not_picked":["Brilliance","Wish"],"picked":"Blasphemy","floor":16},{"not_picked":["Indignation","PathToVictory"],"picked":"Consecrate","floor":18},{"not_picked":["EmptyMind+1","FlyingSleeves"],"picked":"CutThroughFate+1","floor":19},{"not_picked":["FollowUp","Halt","ReachHeaven"],"picked":"SKIP","floor":22},{"not_picked":["Prostrate+1","BowlingBash+1","Evaluate+1"],"picked":"SKIP","floor":23},{"not_picked":["EmptyBody","CutThroughFate","EmptyFist"],"picked":"SKIP","floor":25},{"not_picked":["EmptyBody","EmptyFist"],"picked":"CutThroughFate","floor":25},{"not_picked":["Prostrate+1","Meditate","FlurryOfBlows+1"],"picked":"Singing Bowl","floor":28},{"not_picked":["Nirvana+1","Halt+1"],"picked":"SpiritShield","floor":31}],"player_experience":297664,"relics_obtained":[{"floor":7,"key":"Darkstone Periapt"},{"floor":9,"key":"Damaru"},{"floor":11,"key":"CeramicFish"},{"floor":19,"key":"Red Mask"},{"floor":23,"key":"StoneCalendar"},{"floor":26,"key":"Singing Bowl"}],"event_choices":[{"damage_healed":0,"gold_gain":0,"player_choice":"Fought Bandits","damage_taken":0,"max_hp_gain":0,"max_hp_loss":0,"event_name":"Masked Bandits","floor":19,"gold_loss":0},{"damage_healed":0,"gold_gain":0,"player_choice":"Smashed Altar","damage_taken":0,"max_hp_gain":0,"max_hp_loss":0,"event_name":"Forgotten Altar","floor":20,"gold_loss":0,"cards_obtained":["Decay"]},{"damage_healed":0,"gold_gain":0,"player_choice":"Obtained Relic","damage_taken":0,"relics_obtained":["Gremlin Horn"],"max_hp_gain":0,"max_hp_loss":0,"event_name":"Addict","floor":21,"gold_loss":85},{"damage_healed":0,"gold_gain":0,"player_choice":"Opened","damage_taken":0,"relics_obtained":["Shuriken"],"max_hp_gain":0,"max_hp_loss":0,"event_name":"The Mausoleum","floor":30,"gold_loss":0}],"is_beta":false,"boss_relics":[{"not_picked":["Busted Crown","Pandora\u0027s Box"],"picked":"Coffee Dripper"}],"items_purged_floors":[],"is_endless":false,"potions_floor_spawned":[1,4,10,13,14,19,23],"killed_by":"Automaton","ascension_level":0}}