{"host":"d52brwsy6af8zvaq","time":1614380597,"event":{"mods":["AchievementEnabler","BaseMod","Bestiary","Highlight Path","Minty Spire (QoL Compilation)","Quick Restart","Relic Stats","ojb\u0027s Better Paths Mod"],"gold_per_floor":[111,129,146,146,146,146,174,174,174,189,189,215,225,243,243,317,317,334,348,348,348],"floor_reached":20,"language":"ENG","playtime":801,"items_purged":[],"score":372,"play_id":"4444915d-06c6-4d25-889a-06280e1af565","local_time":"20210226160317","is_ascension_mode":true,"campfire_choices":[{"data":"Fusion","floor":6,"key":"SMITH"},{"floor":8,"key":"REST"},{"data":"Sweeping Beam","floor":11,"key":"SMITH"},{"data":"Hologram","floor":15,"key":"SMITH"}],"circlet_count":0,"master_deck":["AscendersBane","Strike_B","Strike_B","Strike_B","Strike_B","Defend_B","Defend_B","Defend_B","Defend_B","Zap","Dualcast","Capacitor","Ball Lightning","Streamline","Fusion+1","Sweeping Beam+1","Auto Shields","Self Repair","Glacier","Leap","Hologram+1","Electrodynamics","Lockon+1"],"relics":["Cracked Core","WingedGreaves","Mummified Hand","Lizard Tail","Runic Pyramid"],"acts_visited":["Exordium","TheCity"],"potions_floor_usage":[12,16,20],"damage_taken":[{"damage":7.0,"enemies":"Jaw Worm","floor":1.0,"turns":3.0},{"damage":5.0,"enemies":"Small Slimes","floor":2.0,"turns":3.0},{"damage":0.0,"enemies":"Cultist","floor":3.0,"turns":3.0},{"damage":25,"enemies":"Lagavulin","floor":7,"turns":7},{"damage":1,"enemies":"2 Fungi Beasts","floor":10,"turns":3},{"damage":19,"enemies":"3 Sentries","floor":12,"turns":6},{"damage":3,"enemies":"Blue Slaver","floor":13,"turns":4},{"damage":6,"enemies":"Looter","floor":14,"turns":3},{"damage":46,"enemies":"Hexaghost","floor":16,"turns":16},{"damage":33,"enemies":"3 Byrds","floor":18,"turns":3},{"damage":21,"enemies":"Shell Parasite","floor":19,"turns":7},{"damage":14,"enemies":"Masked Bandits","floor":20,"turns":3}],"seed_played":"-2572156054994041485","potions_obtained":[{"floor":1.0,"key":"Block Potion"},{"floor":10,"key":"Fruit Juice"},{"floor":14,"key":"FearPotion"},{"floor":16,"key":"EssenceOfSteel"}],"is_trial":false,"path_per_floor":["M","M","M","?","?","R","E","R","T","M","R","E","M","M","R","B",null,"M","M","?"],"character_chosen":"DEFECT","items_purchased":[],"campfire_rested":1,"item_purchase_floors":[],"current_hp_per_floor":[64,59,59,59,59,59,34,57,57,56,56,42,46,47,47,8,64,38,24,10,10],"gold":348,"neow_bonus":"TEN_PERCENT_HP_BONUS","is_daily":false,"chose_seed":false,"campfire_upgraded":3,"win_rate":0.0,"timestamp":1614380597,"path_taken":["M","M","M","?","?","R","E","R","T","M","R","E","M","?","R","BOSS","M","M","?"],"items_purchased_type":[],"build_version":"2020-12-22","purchased_purges":0,"victory":false,"max_hp_per_floor":[78,78,78,78,78,78,78,78,78,78,78,83,83,83,83,83,83,83,83,83,83],"relic_stats":{"Lizard Tail":0,"counters":[12,61],"Mummified Hand":[14],"obtain_stats":[{"Lizard Tail":12,"Mummified Hand":9,"WingedGreaves":7,"Cracked Core":0,"Runic Pyramid":17},{"Lizard Tail":6,"Mummified Hand":4,"WingedGreaves":4,"Cracked Core":0,"Runic Pyramid":9},{"Lizard Tail":25,"Mummified Hand":16,"WingedGreaves":16,"Cracked Core":0,"Runic Pyramid":48}]},"card_choices":[{"not_picked":["Conserve Battery","Rebound"],"picked":"Capacitor","floor":1.0},{"not_picked":["Go for the Eyes","Gash"],"picked":"Ball Lightning","floor":2.0},{"not_picked":["Redo","Barrage"],"picked":"Streamline","floor":3.0},{"not_picked":["Hello World","Core Surge"],"picked":"Auto Shields","floor":7},{"not_picked":["Rebound","Leap"],"picked":"Self Repair","floor":10},{"not_picked":["Streamline","Hologram"],"picked":"Glacier","floor":12},{"not_picked":["Darkness","Streamline"],"picked":"Leap","floor":13},{"not_picked":["Heatsinks","Scrape"],"picked":"Hologram","floor":14},{"not_picked":["Fission","Buffer"],"picked":"Electrodynamics","floor":16},{"not_picked":["Compile Driver","Hello World","Darkness"],"picked":"SKIP","floor":18},{"not_picked":["Ball Lightning","Barrage"],"picked":"Lockon+1","floor":19}],"player_experience":2392165,"relics_obtained":[{"floor":7,"key":"WingedGreaves"},{"floor":9,"key":"Mummified Hand"},{"floor":12,"key":"Lizard Tail"}],"event_choices":[{"damage_healed":0.0,"max_hp_gain":0.0,"max_hp_loss":0.0,"gold_gain":0.0,"event_name":"Liars Game","player_choice":"Ignored","floor":4.0,"gold_loss":0.0,"damage_taken":0.0},{"damage_healed":0,"gold_gain":0,"player_choice":"2 cards matched","damage_taken":0,"max_hp_gain":0,"max_hp_loss":0,"event_name":"Match and Keep!","floor":5,"gold_loss":0,"cards_obtained":["Fusion","Sweeping Beam"]},{"damage_healed":0,"gold_gain":0,"player_choice":"Fought Bandits","damage_taken":0,"max_hp_gain":0,"max_hp_loss":0,"event_name":"Masked Bandits","floor":20,"gold_loss":0}],"is_beta":false,"boss_relics":[{"not_picked":["Runic Dome","Velvet Choker"],"picked":"Runic Pyramid"}],"items_purged_floors":[],"is_endless":false,"potions_floor_spawned":[1,10,14,16],"killed_by":"Masked Bandits","ascension_level":20}}