{"host":"uzj3qtz06dzkgpll","time":1614383763,"event":{"mods":["BaseMod","Better Altar","Better Match","Better Note","Better Sensory Stone","Better Skull","Better Third Choice","Colored Map","Custom Start","Minty Spire (QoL Compilation)","Permanent Neow","Shop Mod","Spicy Shops","StSLib"],"gold_per_floor":[117,117,133,144,158,158,171,171,222,251,25,25,42,61,61,164,164,181,181,131,145,160,193,205,252,264,276,387,324,336,365,377,485,497,521,551,563,170,190,190,210,225,225,243,243,243],"floor_reached":45,"language":"ENG","playtime":3452,"items_purged":["Defend_G"],"score":599,"play_id":"259e4455-7445-497f-b2cc-2e6daa6aa4ce","local_time":"20210226155603","is_ascension_mode":true,"campfire_choices":[{"data":"Infinite Blades","floor":6,"key":"SMITH"},{"data":"Neutralize","floor":8,"key":"SMITH"},{"floor":15,"key":"REST"},{"data":"A Thousand Cuts","floor":24,"key":"SMITH"},{"data":"Venomology","floor":30,"key":"SMITH"},{"floor":32,"key":"REST"},{"data":"A Thousand Cuts","floor":40,"key":"SMITH"}],"circlet_count":0,"master_deck":["Defend_G","Defend_G","Survivor","Neutralize+1","Poisoned Stab","Endless Agony","Infinite Blades+1","Dash","Slice","PiercingWail","A Thousand Cuts+1","Dash","Backflip","Venomology+1","PiercingWail","Slice","All Out Attack","Infinite Blades+1","Finisher","A Thousand Cuts+1","Cloak And Dagger+1","Cloak And Dagger+1","Endless Agony+1"],"relics":["WristBlade","Strawberry","InkBottle","Membership Card","Empty Cage","MawBank","Oddly Smooth Stone","The Courier","Coffee Dripper","Potion Belt","Turnip","Incense Burner","PreservedInsect"],"acts_visited":["Exordium","TheCity","TheBeyond"],"potions_floor_usage":[13,21,22,22,23,23,25,27,27,31,31,33,33,35,36,36,39,41,41,42,42,44,45,45,45,45],"damage_taken":[{"damage":1,"enemies":"Jaw Worm","floor":1,"turns":4},{"damage":8,"enemies":"Small Slimes","floor":3,"turns":3},{"damage":0,"enemies":"Cultist","floor":4,"turns":3},{"damage":0,"enemies":"Large Slime","floor":5,"turns":4},{"damage":1,"enemies":"Looter","floor":7,"turns":3},{"damage":12,"enemies":"Lagavulin","floor":10,"turns":6},{"damage":5,"enemies":"3 Louse","floor":13,"turns":3},{"damage":15,"enemies":"Gremlin Gang","floor":14,"turns":3},{"damage":24,"enemies":"The Guardian","floor":16,"turns":10},{"damage":1,"enemies":"Shell Parasite","floor":18,"turns":5},{"damage":7,"enemies":"Chosen","floor":21,"turns":4},{"damage":0,"enemies":"Shelled Parasite and Fungi","floor":22,"turns":5},{"damage":1,"enemies":"Gremlin Leader","floor":23,"turns":7},{"damage":21,"enemies":"Book of Stabbing","floor":25,"turns":5},{"damage":0,"enemies":"Sentry and Sphere","floor":27,"turns":2},{"damage":11,"enemies":"Cultist and Chosen","floor":31,"turns":5},{"damage":17,"enemies":"Collector","floor":33,"turns":6},{"damage":36,"enemies":"3 Darklings","floor":35,"turns":4},{"damage":5,"enemies":"Orb Walker","floor":36,"turns":3},{"damage":2,"enemies":"3 Darklings","floor":39,"turns":4},{"damage":0,"enemies":"4 Shapes","floor":41,"turns":3},{"damage":23,"enemies":"Sphere and 2 Shapes","floor":42,"turns":4},{"damage":0,"enemies":"Jaw Worm Horde","floor":44,"turns":4}],"seed_played":"-651476159691006912","potions_obtained":[{"floor":5,"key":"LiquidMemories"},{"floor":7,"key":"Weak Potion"},{"floor":10,"key":"SkillPotion"},{"floor":13,"key":"Weak Potion"},{"floor":16,"key":"ColorlessPotion"},{"floor":18,"key":"SmokeBomb"},{"floor":22,"key":"SpeedPotion"},{"floor":23,"key":"Energy Potion"},{"floor":35,"key":"Regen Potion"},{"floor":36,"key":"ColorlessPotion"},{"floor":44,"key":"Strength Potion"}],"is_trial":false,"path_per_floor":["M","?","M","M","M","R","M","R","T","E","$","?","M","M","R","B",null,"M","?","?","M","M","E","R","E","T","M","?","?","R","M","R","B",null,"M","M","?","$","M","R","M","M","T","M","M"],"character_chosen":"THE_SILENT","items_purchased":["Membership Card","A Thousand Cuts","Potion Belt","Turnip","Incense Burner","SteroidPotion","AttackPotion"],"campfire_rested":2,"item_purchase_floors":[11,11,38,38,38,38,38],"current_hp_per_floor":[62,62,54,54,54,54,53,53,60,48,48,48,43,28,51,27,65,64,64,64,57,57,56,56,35,35,35,35,35,35,38,61,44,69,33,37,37,37,35,35,35,12,12,12,0,0],"gold":243,"neow_bonus":"BOSS_RELIC","is_daily":false,"chose_seed":false,"campfire_upgraded":5,"win_rate":0.0,"timestamp":1614383763,"path_taken":["M","?","M","M","M","R","M","R","T","E","?","?","M","M","R","BOSS","M","?","?","?","M","E","R","E","T","M","?","?","R","M","R","BOSS","M","M","?","$","M","R","M","M","T","?","M"],"items_purchased_type":["Relic","Card","Relic","Relic","Relic","Potion","Potion"],"build_version":"2020-12-22","purchased_purges":1,"victory":false,"max_hp_per_floor":[70,70,70,70,70,70,70,70,77,77,77,77,77,77,77,77,77,77,77,77,77,77,77,77,77,77,77,77,77,77,77,77,77,77,77,77,77,77,77,77,77,77,77,77,77,77],"card_choices":[{"not_picked":["Bane","Dodge and Roll"],"picked":"Poisoned Stab","floor":1},{"not_picked":["Flying Knee","Distraction"],"picked":"Endless Agony","floor":3},{"not_picked":["Noxious Fumes","Unload"],"picked":"Infinite Blades","floor":4},{"not_picked":["Poisoned Stab","Bane"],"picked":"Dash","floor":5},{"not_picked":["Dodge and Roll","Skewer"],"picked":"Slice","floor":7},{"not_picked":["Deadly Poison","Underhanded Strike"],"picked":"PiercingWail","floor":10},{"not_picked":["Escape Plan","Underhanded Strike"],"picked":"Dash","floor":13},{"not_picked":["Poisoned Stab","Burst"],"picked":"Backflip","floor":14},{"not_picked":["Phantasmal Killer","Adrenaline"],"picked":"Venomology","floor":16},{"not_picked":["Dodge and Roll+1","Quick Slash"],"picked":"PiercingWail","floor":18},{"not_picked":["Choke","Prepared","Poisoned Stab"],"picked":"SKIP","floor":21},{"not_picked":["Sucker Punch","Outmaneuver","Dagger Throw+1"],"picked":"SKIP","floor":22},{"not_picked":["Bullet Time","Setup+1","All Out Attack"],"picked":"SKIP","floor":23},{"not_picked":["Deadly Poison","Deflect+1"],"picked":"Infinite Blades+1","floor":25},{"not_picked":["Backflip","Bane"],"picked":"Finisher","floor":31},{"not_picked":["Envenom","Burst"],"picked":"A Thousand Cuts","floor":33},{"not_picked":["Outmaneuver","Quick Slash"],"picked":"Cloak And Dagger+1","floor":35},{"not_picked":["Deadly Poison","Slice"],"picked":"Cloak And Dagger+1","floor":36},{"not_picked":["Terror","Flying Knee","Predator+1"],"picked":"SKIP","floor":39},{"not_picked":["Bouncing Flask+1","Dagger Spray+1","Choke"],"picked":"SKIP","floor":41},{"not_picked":["Deadly Poison","Outmaneuver+1","Flying Knee+1"],"picked":"SKIP","floor":42},{"not_picked":["Poisoned Stab","Underhanded Strike+1"],"picked":"Endless Agony+1","floor":44}],"player_experience":327083,"relics_obtained":[{"floor":9,"key":"Strawberry"},{"floor":10,"key":"InkBottle"},{"floor":23,"key":"MawBank"},{"floor":25,"key":"Oddly Smooth Stone"},{"floor":26,"key":"The Courier"},{"floor":43,"key":"PreservedInsect"}],"event_choices":[{"damage_healed":0,"gold_gain":0,"player_choice":"Ignored","damage_taken":117,"max_hp_gain":0,"max_hp_loss":0,"event_name":"betterThird:BetterSerpent","floor":2,"gold_loss":0},{"cards_removed":["Strike_G"],"damage_healed":0,"gold_gain":0,"player_choice":"Forget","damage_taken":0,"max_hp_gain":0,"max_hp_loss":0,"event_name":"Living Wall","floor":12,"gold_loss":0},{"damage_healed":0,"gold_gain":0,"cards_transformed":["Defend_G","Strike_G"],"player_choice":"Became Test Subject","damage_taken":0,"max_hp_gain":0,"max_hp_loss":0,"event_name":"Drug Dealer","floor":19,"gold_loss":0,"cards_obtained":["Slice","All Out Attack"]},{"damage_healed":0,"gold_gain":0,"player_choice":"Bet on Owner","damage_taken":0,"max_hp_gain":0,"max_hp_loss":0,"event_name":"The Joust","floor":20,"gold_loss":50},{"damage_healed":0,"gold_gain":99,"player_choice":"Steal","damage_taken":0,"max_hp_gain":0,"max_hp_loss":0,"event_name":"betterThird:BetterNest","floor":28,"gold_loss":0},{"cards_removed":["Strike_G"],"damage_healed":0,"gold_gain":0,"player_choice":"Gave Gold","damage_taken":0,"max_hp_gain":0,"max_hp_loss":0,"event_name":"Beggar","floor":29,"gold_loss":75},{"cards_removed":["Strike_G"],"damage_healed":0,"gold_gain":0,"player_choice":"Purged","damage_taken":0,"max_hp_gain":0,"max_hp_loss":0,"event_name":"Purifier","floor":37,"gold_loss":0}],"is_beta":false,"boss_relics":[{"not_picked":["Snecko Eye","Runic Pyramid"],"picked":"Empty Cage"},{"not_picked":["Black Star","HoveringKite"],"picked":"Coffee Dripper"}],"items_purged_floors":[38],"is_endless":false,"potions_floor_spawned":[5,7,10,13,16,18,22,23,27,35,36,44],"killed_by":"4 Shapes","ascension_level":6}}