{"host":"wik2u884rt5bbues","time":1614374599,"event":{"mods":["AchievementEnabler","BaseMod","Colored Map","Colored Powertips","DeckTracker","Googly Eyes","Minty Spire (QoL Compilation)","Permanent Neow","Quick Restart","Shop Mod","StSLib","SuperFastMode"],"gold_per_floor":[109,121,46,57,74,105,105,120,120,20,33,49,67,77,77,77,77],"floor_reached":16,"language":"ENG","playtime":1328,"items_purged":["Strike_R","Strike_R"],"score":108,"play_id":"757beabb-7b7f-4dcc-8b1a-06304f1e8374","local_time":"20210226212319","is_ascension_mode":false,"campfire_choices":[{"data":"Flex","floor":7.0,"key":"SMITH"},{"data":"Heavy Blade","floor":15.0,"key":"SMITH"}],"circlet_count":0,"master_deck":["Strike_R","Strike_R","Defend_R","Defend_R","Defend_R","Defend_R","Bash","Heavy Blade+1","Flex+1"],"relics":["Burning Blood","Gremlin Horn"],"acts_visited":["Exordium"],"potions_floor_usage":[16],"damage_taken":[{"damage":5.0,"enemies":"Cultist","floor":1.0,"turns":4.0},{"damage":0.0,"enemies":"Small Slimes","floor":2.0,"turns":3.0},{"damage":1.0,"enemies":"2 Louse","floor":4.0,"turns":3.0},{"damage":5.0,"enemies":"2 Fungi Beasts","floor":5.0,"turns":4.0},{"damage":70.0,"enemies":"3 Sentries","floor":6.0,"turns":11.0},{"damage":0.0,"enemies":"3 Louse","floor":8.0,"turns":2.0},{"damage":3.0,"enemies":"Gremlin Gang","floor":11.0,"turns":3.0},{"damage":1.0,"enemies":"Exordium Thugs","floor":12.0,"turns":3.0},{"damage":2.0,"enemies":"Large Slime","floor":13.0,"turns":3.0},{"damage":5.0,"enemies":"Looter","floor":14.0,"turns":3.0},{"damage":24,"enemies":"The Guardian","floor":16,"turns":9}],"seed_played":"3429589341134826612","potions_obtained":[{"floor":1.0,"key":"AttackPotion"},{"floor":5.0,"key":"Block Potion"},{"floor":6.0,"key":"Block Potion"},{"floor":12.0,"key":"AttackPotion"},{"floor":14.0,"key":"EntropicBrew"}],"is_trial":false,"path_per_floor":["M","M","$","M","M","E","R","M","T","$","M","M","M","M","R","B"],"character_chosen":"IRONCLAD","items_purchased":[],"campfire_rested":0,"item_purchase_floors":[],"current_hp_per_floor":[80,80,80,80,80,16,16,22,22,22,25,30,34,35,35,11,11],"gold":77,"neow_bonus":"REMOVE_CARD","is_daily":false,"chose_seed":false,"campfire_upgraded":2,"win_rate":0.0,"timestamp":1614374599,"path_taken":["M","M","$","M","M","E","R","M","T","$","M","M","M","M","R","BOSS"],"items_purchased_type":[],"build_version":"2020-12-22","purchased_purges":2,"victory":false,"max_hp_per_floor":[80,80,80,80,80,80,80,80,80,80,80,80,80,80,80,80,80],"card_choices":[{"not_picked":["Uppercut","Clash"],"picked":"Heavy Blade","floor":1.0},{"not_picked":["Sword Boomerang","Carnage","Armaments"],"picked":"SKIP","floor":2.0},{"not_picked":["Havoc","True Grit","Flame Barrier"],"picked":"SKIP","floor":4.0},{"not_picked":["Metallicize","Brutality"],"picked":"Flex","floor":5.0},{"not_picked":["Warcry","Whirlwind","Carnage"],"picked":"SKIP","floor":6.0},{"not_picked":["Armaments","Headbutt","Pommel Strike"],"picked":"SKIP","floor":8.0},{"not_picked":["Body Slam","Thunderclap","Havoc"],"picked":"SKIP","floor":11.0},{"not_picked":["Iron Wave","Rupture","Dropkick"],"picked":"SKIP","floor":12.0},{"not_picked":["Thunderclap","True Grit","Seeing Red"],"picked":"SKIP","floor":13.0},{"not_picked":["Clothesline","Headbutt","Whirlwind"],"picked":"SKIP","floor":14.0},{"not_picked":["Clothesline","Headbutt","Whirlwind"],"picked":"SKIP","floor":14.0}],"player_experience":752245,"relics_obtained":[{"floor":6.0,"key":"Gremlin Horn"}],"event_choices":[],"is_beta":false,"boss_relics":[],"items_purged_floors":[3,10],"is_endless":false,"potions_floor_spawned":[1,5,6,12,14],"killed_by":"The Guardian","ascension_level":0}}