{"host":"pjjzz70vl4t83ifx","time":1614380511,"event":{"mods":["AchievementEnabler","BaseMod","Card Forge","Colored Map","Colored Powertips","Downfall","Highlight Path","Infinite Spire","Minty Spire (QoL Compilation)","Permanent Neow","Practice Mode","Rare Cards Sparkle","Relic Stats","StSLib","Synergy Search"],"gold_per_floor":[99,114,132,207,35,135,135,146,146,146,162,174,174,194,204,204,204,204],"floor_reached":16,"language":"ENG","playtime":1187,"items_purged":["Slimebound:Defend_Slimebound"],"score":94,"play_id":"1804c7e6-1bbe-4f9b-aba9-c0a895cdb0f3","local_time":"20210226150151","is_ascension_mode":false,"campfire_choices":[{"data":"Slimebound:Split","floor":1,"key":"SMITH"},{"data":"Slimebound:Prepare","floor":9,"key":"SMITH"},{"data":"Slimebound:Overexert","floor":13,"key":"SMITH"}],"circlet_count":0,"master_deck":["Slimebound:Strike_Slimebound","Slimebound:Strike_Slimebound","Slimebound:Tackle","Slimebound:Defend_Slimebound","Slimebound:Defend_Slimebound","Slimebound:Defend_Slimebound","Slimebound:Split+1","Slimebound:CorrosiveSpit","Slimebound:SplitBruiser","Slimebound:Repurpose","Slimebound:SlimeSpikes","Slimebound:LeadByExample","Slimebound:SplitLeeching","Slimebound:Prepare+1","Slimebound:Overexert+1","Slimebound:Overexert","Slimebound:SplitAcid","Slimebound:SlimeSpikes","Slimebound:LeechEnergy"],"relics":["Slimebound:AbsorbEndCombat","Hammer of Thor","Seething Fire","Anvil of the Gods","Singing Bowl"],"acts_visited":["Exordium"],"potions_floor_usage":[14,14,16],"damage_taken":[{"damage":1,"enemies":"Cultist","floor":2,"turns":4},{"damage":3,"enemies":"Jaw Worm","floor":3,"turns":3},{"damage":0,"enemies":"downfall:FleeingMerchant","floor":5,"turns":4},{"damage":0,"enemies":"Small Slimes","floor":8,"turns":3},{"damage":15,"enemies":"Exordium Thugs","floor":11,"turns":4},{"damage":9,"enemies":"Large Slime","floor":12,"turns":4},{"damage":4,"enemies":"Lots of Slimes","floor":14,"turns":2},{"damage":6,"enemies":"3 Louse","floor":15,"turns":2},{"damage":39,"enemies":"DF_ARCHETYPE_STREAMLINE","floor":16,"turns":9}],"seed_played":"8370562449656431866","potions_obtained":[{"floor":3,"key":"ColorlessPotion"},{"floor":8,"key":"ColorlessPotion"},{"floor":11,"key":"LiquidBronze"}],"is_trial":false,"path_per_floor":["R","M","M","?","$","?","T","M","R","?","M","M","R","M","M","B"],"character_chosen":"SLIMEBOUND","items_purchased":["Slimebound:LeadByExample","Slimebound:SplitLeeching"],"campfire_rested":0,"item_purchase_floors":[5,5],"current_hp_per_floor":[71,71,70,70,71,71,71,71,71,71,56,47,47,43,37,0,0,0],"gold":204,"neow_bonus":"TEN_PERCENT_HP_BONUS","is_daily":false,"chose_seed":false,"campfire_upgraded":3,"win_rate":0.0,"timestamp":1614380511,"path_taken":["R","M","M","?","$","?","T","M","R","?","M","?","R","M","M","BOSS"],"items_purchased_type":["Card","Card"],"build_version":"2020-12-22","purchased_purges":1,"victory":false,"max_hp_per_floor":[71,71,71,71,71,71,71,71,71,71,71,71,71,71,71,71,71,71],"relic_stats":{"Singing Bowl":0,"counters":[9,34],"obtain_stats":[{"Singing Bowl":7,"Anvil of the Gods":0,"Hammer of Thor":0,"Slimebound:AbsorbEndCombat":0,"Seething Fire":0},{"Singing Bowl":3,"Anvil of the Gods":0,"Hammer of Thor":0,"Slimebound:AbsorbEndCombat":0,"Seething Fire":0},{"Singing Bowl":11,"Anvil of the Gods":0,"Hammer of Thor":0,"Slimebound:AbsorbEndCombat":0,"Seething Fire":0}]},"card_choices":[{"not_picked":["Slimebound:SlimeSpikes","Slimebound:RollThrough"],"picked":"Slimebound:SplitBruiser","floor":2},{"not_picked":["Slimebound:LeadByExample","Slimebound:SplitMire"],"picked":"Slimebound:Repurpose","floor":3},{"not_picked":["Slimebound:GrowthPunch","Slimebound:FlameTackle"],"picked":"Slimebound:SlimeSpikes","floor":5},{"not_picked":["Slimebound:HauntingLick","Slimebound:RollThrough"],"picked":"Slimebound:Prepare","floor":8},{"not_picked":["Slimebound:SplitMire","Slimebound:Schlurp"],"picked":"Slimebound:Overexert","floor":11},{"not_picked":["Slimebound:LeechingTouch","Slimebound:FinishingTackle"],"picked":"Slimebound:SplitAcid","floor":12},{"not_picked":["Slimebound:Repurpose","Slimebound:Grow"],"picked":"Slimebound:SlimeSpikes","floor":14},{"not_picked":["Slimebound:HauntingLick","Slimebound:RollThrough"],"picked":"Slimebound:LeechEnergy","floor":15}],"player_experience":271950,"relics_obtained":[{"floor":7,"key":"Singing Bowl"}],"event_choices":[],"is_beta":false,"boss_relics":[],"items_purged_floors":[5],"is_endless":false,"potions_floor_spawned":[3,8,11],"killed_by":"DF_ARCHETYPE_STREAMLINE","ascension_level":0}}