{"host":"cz96naaoibjp08st","time":1614375665,"event":{"mods":["Act Like it!","BaseMod","BetterRewards","GifTheSpireLib","Hallownest","Library of Ruina","Minty Spire (QoL Compilation)","Replay The Spire","Shop Mod","Slay the StarCraft II Mod","StSLib","The Bug Knight"],"gold_per_floor":[110,110,110,121,140,169,182,199,199,230,247,85,85,101,101,175,175,193,193,193],"floor_reached":19,"language":"ZHS","playtime":11401,"items_purged":[],"score":342,"play_id":"e60c101d-9c3a-48e6-a2f4-cc400459bd16","local_time":"20210227054105","is_ascension_mode":true,"campfire_choices":[{"data":"ReplayTheSpireMod:Limb From Limb","floor":13,"key":"SMITH"},{"floor":15,"key":"REST"}],"circlet_count":0,"master_deck":["AscendersBane","Strike_R","Strike_R","Strike_R","Strike_R","Strike_R","Defend_R","Defend_R","Defend_R","Defend_R","Bash","Run Through","ReplayTheSpireMod:Limb From Limb+1","Battle Trance","True Grit","True Grit","Entrench","Demon Form","Disarm"],"relics":["ChewingGum","PageOfScorchedGirl","Hallownest:DreamNailRelic","Paper Frog","Garlic","PageOfTheQueenOfHatred","PageOfTodaysShyLook","SlaversCollar"],"acts_visited":["Hallownest:Greenpath","Hallownest:CityofTears"],"potions_floor_usage":[10,16],"damage_taken":[{"damage":10,"enemies":"Hallownest:2_Tiktiks_and_1_Crawlid","floor":1,"turns":5},{"damage":3,"enemies":"Hallownest:2_Baldur","floor":4,"turns":3},{"damage":3,"enemies":"Hallownest:monsterHuskWarrior","floor":5,"turns":3},{"damage":26,"enemies":"Hallownest:eliteVengeflyKing","floor":6,"turns":9},{"damage":0,"enemies":"Hallownest:monsterAspidMother","floor":7,"turns":3},{"damage":9,"enemies":"Hallownest:monsterFoolEater","floor":8,"turns":3},{"damage":8,"enemies":"Hallownest:eliteMossKnight","floor":10,"turns":8},{"damage":0,"enemies":"Hallownest:Guard_and_Warrior","floor":11,"turns":7},{"damage":7,"enemies":"Hallownest:Wandering_and_Horned","floor":14,"turns":3},{"damage":44,"enemies":"Hallownest:BossFalseKnight","floor":16,"turns":11},{"damage":22,"enemies":"Hallownest:Flukemon_and_Top","floor":18,"turns":6},{"damage":49,"enemies":"Hallownest:3_Youths","floor":19,"turns":6}],"seed_played":"6561077703681767643","potions_obtained":[{"floor":1,"key":"EssenceOfSteel"},{"floor":4,"key":"DistilledChaos"},{"floor":11,"key":"BlessingOfTheForge"}],"is_trial":false,"path_per_floor":["M","T","?","M","M","E","M","M","T","E","M","$","R","M","R","B",null,"M","M"],"character_chosen":"IRONCLAD","items_purchased":["PageOfTodaysShyLook"],"campfire_rested":1,"item_purchase_floors":[12],"current_hp_per_floor":[58,58,58,55,52,26,26,17,17,9,17,17,17,14,36,6,58,43,0,0],"gold":193,"neow_bonus":"BOSS_RELIC","is_daily":false,"chose_seed":false,"campfire_upgraded":1,"win_rate":0.0,"timestamp":1614375665,"path_taken":["M","?","?","M","M","E","M","M","T","E","M","$","R","?","R","BOSS","M","M"],"items_purchased_type":["Relic"],"build_version":"2020-12-22","purchased_purges":0,"victory":false,"max_hp_per_floor":[75,75,75,75,75,75,75,75,75,75,75,75,75,75,75,75,75,75,75,75],"card_choices":[{"not_picked":["Reckless Charge","Wild Strike"],"picked":"Run Through","floor":1},{"not_picked":["Run Through","Infernal Blade"],"picked":"ReplayTheSpireMod:Limb From Limb","floor":4},{"not_picked":["Twin Strike","Infernal Blade","Combust"],"picked":"SKIP","floor":5},{"not_picked":["Rampage","Shrug It Off"],"picked":"Battle Trance","floor":6},{"not_picked":["Clothesline","Iron Wave"],"picked":"True Grit","floor":7},{"not_picked":["Warcry","ReplayTheSpireMod:Strike From Hell","ReplayTheSpireMod:Limb From Limb"],"picked":"SKIP","floor":8},{"not_picked":["Massacre","Cleave","Sword Boomerang"],"picked":"SKIP","floor":10},{"not_picked":["Warcry","Replay:Many Hands"],"picked":"True Grit","floor":11},{"not_picked":["Ghostly Armor","Combust"],"picked":"Entrench","floor":14},{"not_picked":["Eclipse","Offering"],"picked":"Demon Form","floor":16},{"not_picked":["True Grit+1","Intimidate"],"picked":"Disarm","floor":18}],"player_experience":318326,"relics_obtained":[{"floor":2,"key":"PageOfScorchedGirl"},{"floor":6,"key":"Paper Frog"},{"floor":9,"key":"Garlic"},{"floor":10,"key":"PageOfTheQueenOfHatred"}],"event_choices":[],"is_beta":false,"boss_relics":[{"not_picked":["Replay:Drink Me","Honey Jar"],"picked":"SlaversCollar"}],"items_purged_floors":[],"is_endless":false,"potions_floor_spawned":[1,4,11,14],"killed_by":"Hallownest:3_Youths","ascension_level":20}}