{"host":"lmshf3swj20gmdor","time":1614358139,"event":{"mods":["2.2 Compatiblity","BaseMod","Downfall","Googly Eyes","Hubris","Minty Spire (QoL Compilation)","Replay The Spire","Spikes Relics","StSLib","Synergy Search","The Servant 0.9.4"],"gold_per_floor":[119,119,137,137,201,215,215,215,268,282,282,298,310,340,340,340,340],"floor_reached":16,"language":"ENG","playtime":601,"items_purged":[],"score":117,"play_id":"def3e102-09f8-4924-92d4-59e970e5bd45","local_time":"20210226164859","is_ascension_mode":true,"campfire_choices":[{"data":"FlawlessForm","floor":7,"key":"SMITH"},{"floor":11,"key":"REST"},{"floor":15,"key":"REST"}],"circlet_count":0,"master_deck":["Strike_S","Strike_S","Strike_S","Defend_S","Defend_S","Defend_S","Defend_S","KidneyShot","Exchange","FlawlessForm+1","DancingSilver","DancingSilver","Barrier","Solidify","Collapse"],"relics":["Uniform","Lantern","Happy Flower","InkBottle","Bag of Marbles","StoneCalendar"],"acts_visited":["Exordium"],"potions_floor_usage":[16,16,16],"damage_taken":[{"damage":0,"enemies":"Cultist","floor":1,"turns":4},{"damage":0,"enemies":"Jaw Worm","floor":3,"turns":6},{"damage":1,"enemies":"2 Louse","floor":6,"turns":4},{"damage":24,"enemies":"Lots of Slimes","floor":10,"turns":6},{"damage":3,"enemies":"3 Louse","floor":12,"turns":5},{"damage":0,"enemies":"Gremlin Gang","floor":13,"turns":2},{"damage":4,"enemies":"Replay:BlueRogue","floor":14,"turns":8},{"damage":44,"enemies":"Slime Boss","floor":16,"turns":14}],"seed_played":"-763684914931432063","potions_obtained":[{"floor":1,"key":"AttackPotion"},{"floor":5,"key":"LifebloodPotion"},{"floor":10,"key":"Adrenaline Potion"}],"is_trial":false,"path_per_floor":["M","T","M","?","?","M","R","?","T","M","R","M","M","E","R","B"],"character_chosen":"THE_SERVANT","items_purchased":[],"campfire_rested":2,"item_purchase_floors":[],"current_hp_per_floor":[65,65,65,53,37,36,36,36,36,12,31,28,28,24,43,0,0],"gold":340,"neow_bonus":"ONE_RANDOM_RARE_CARD","is_daily":false,"chose_seed":false,"campfire_upgraded":1,"win_rate":0.0,"timestamp":1614358139,"path_taken":["M","?","?","?","?","M","R","?","T","M","R","M","?","E","R","BOSS"],"items_purchased_type":[],"build_version":"2020-12-22","purchased_purges":0,"victory":false,"max_hp_per_floor":[65,65,65,65,65,65,65,65,65,65,65,65,65,65,65,65,65],"card_choices":[{"not_picked":["FastForward","ShatteredReality"],"picked":"DancingSilver","floor":1},{"not_picked":["Replace","Revamp","Starlight"],"picked":"SKIP","floor":3},{"not_picked":["FanOfKnives","Replace"],"picked":"DancingSilver","floor":5},{"not_picked":["Alleviate","ReturningBlade","Unruled"],"picked":"SKIP","floor":6},{"not_picked":["Hightail","Reset"],"picked":"Barrier","floor":10},{"not_picked":["ShiftingGears","Replace"],"picked":"Solidify","floor":12},{"not_picked":["Rewind","FanOfKnives","Unruled"],"picked":"SKIP","floor":13},{"not_picked":["Deadline","Unruled"],"picked":"Collapse","floor":14}],"player_experience":865299,"relics_obtained":[{"floor":2,"key":"Lantern"},{"floor":5,"key":"InkBottle"},{"floor":9,"key":"Bag of Marbles"},{"floor":14,"key":"StoneCalendar"}],"event_choices":[{"damage_healed":0,"gold_gain":0,"player_choice":"Success","damage_taken":12,"relics_obtained":["Happy Flower"],"max_hp_gain":0,"max_hp_loss":0,"event_name":"Scrap Ooze","floor":4,"gold_loss":0},{"cards_removed":["Strike_S"],"damage_healed":0,"gold_gain":0,"player_choice":"Offered Basic","damage_taken":0,"max_hp_gain":0,"max_hp_loss":0,"event_name":"Bonfire Elementals","floor":8,"gold_loss":0}],"is_beta":false,"boss_relics":[],"items_purged_floors":[],"is_endless":false,"potions_floor_spawned":[1,10,12,13],"killed_by":"Slime Boss","ascension_level":3}}