{"host":"545ma68kbj6ggddn","time":1614307807,"event":{"mods":["BaseMod","Colored Map","Colored Powertips","Downfall","Minty Spire (QoL Compilation)","Permanent Neow","Quick Restart","StSLib","The Death Knight"],"gold_per_floor":[99,116,216,236,254,269,350,350,363,381,366,366,398,487,503,606,606,606,623,470,470,320,320,343,243,189,214,114,134,153,187,201,298,298,198,209,134,145,158,158,208,225,225,237,237,249,264,274,285,285,285,316,5,5,5,5],"floor_reached":57,"language":"ENG","playtime":2918,"items_purged":["sneckomod:SerpentMind+1"],"score":1425,"play_id":"52dc8e80-7cc9-4c72-874f-dfa97f01e317","local_time":"20210225205007","is_ascension_mode":false,"campfire_choices":[{"data":"sneckomod:UnknownX","floor":1.0,"key":"SMITH"},{"data":"sneckomod:Nope","floor":8.0,"key":"SMITH"},{"data":"sneckomod:SerpentMind","floor":18.0,"key":"SMITH"},{"data":"Ghostly","floor":23.0,"key":"SMITH"},{"floor":25.0,"key":"RECALL"},{"data":"sneckomod:UnknownX","floor":28.0,"key":"SMITH"},{"data":"sneckomod:Rotation","floor":35.0,"key":"SMITH"},{"data":"sneckomod:UnknownX","floor":43.0,"key":"SMITH"},{"data":"sneckomod:UnknownX","floor":45.0,"key":"SMITH"},{"data":"sneckomod:UnknownX","floor":54,"key":"SMITH"}],"circlet_count":0,"master_deck":["sneckomod:TailWhip","sneckomod:SnekBite","sneckomod:Unknown","sneckomod:Unknown","sneckomod:UnknownX","sneckomod:UnknownX","sneckomod:UnknownX+1","sneckomod:UnknownX+1","sneckomod:UnknownX+1","sneckomod:UnknownX+1","sneckomod:Nope","sneckomod:UnknownX+1","sneckomod:Nope+1","sneckomod:Rotation+1","Ghostly+1","sneckomod:UnknownClassDEATH_KNIGHT_COLOR","sneckomod:SnakeSap+1","sneckomod:UnknownX+1"],"relics":["Chemical X","Pantograph","Oddly Smooth Stone","Bag of Marbles","Philosopher\u0027s Stone","Potion Belt","downfall:HeartBlessingBlue","Unceasing Top","downfall:HeartBlessingRed","CaptainsWheel","Busted Crown","downfall:HeartBlessingGreen","MealTicket","White Beast Statue","sneckomod:ConfusingCodex"],"acts_visited":["Exordium","TheCity","TheBeyond","TheEnding"],"potions_floor_usage":[48,50,56,56],"damage_taken":[{"damage":0.0,"enemies":"2 Louse","floor":2.0,"turns":1.0},{"damage":0.0,"enemies":"Small Slimes","floor":4.0,"turns":1.0},{"damage":0.0,"enemies":"Jaw Worm","floor":5.0,"turns":2.0},{"damage":0.0,"enemies":"Red Slaver","floor":6.0,"turns":1.0},{"damage":4.0,"enemies":"2 Fungi Beasts","floor":9.0,"turns":2.0},{"damage":0.0,"enemies":"Lots of Slimes","floor":10.0,"turns":1.0},{"damage":14.0,"enemies":"downfall:FleeingMerchant","floor":11.0,"turns":4.0},{"damage":0.0,"enemies":"Gremlin Nob","floor":13.0,"turns":2.0},{"damage":8.0,"enemies":"downfall:FleeingMerchant","floor":14.0,"turns":1.0},{"damage":0.0,"enemies":"Blue Slaver","floor":15.0,"turns":3.0},{"damage":8.0,"enemies":"IC_STATUS_ARCHETYPE","floor":16.0,"turns":2.0},{"damage":0.0,"enemies":"Chosen","floor":19.0,"turns":1.0},{"damage":0.0,"enemies":"Book of Stabbing","floor":27.0,"turns":3.0},{"damage":11.0,"enemies":"Shell Parasite","floor":29.0,"turns":2.0},{"damage":0.0,"enemies":"Centurion and Healer","floor":30.0,"turns":3.0},{"damage":9.0,"enemies":"Gremlin Leader","floor":31.0,"turns":1.0},{"damage":0.0,"enemies":"Snecko","floor":32.0,"turns":3.0},{"damage":35.0,"enemies":"SI_MIRROR_ARCHETYPE","floor":33.0,"turns":6.0},{"damage":1.0,"enemies":"3 Shapes","floor":36.0,"turns":4.0},{"damage":10.0,"enemies":"3 Darklings","floor":38.0,"turns":1.0},{"damage":2.0,"enemies":"Spire Growth","floor":39.0,"turns":3.0},{"damage":0.0,"enemies":"Transient","floor":42.0,"turns":5.0},{"damage":0.0,"enemies":"Jaw Worm Horde","floor":44.0,"turns":1.0},{"damage":9,"enemies":"Writhing Mass","floor":46,"turns":1},{"damage":0,"enemies":"Transient","floor":47,"turns":5},{"damage":18,"enemies":"4 Shapes","floor":48,"turns":2},{"damage":9,"enemies":"Jaw Worm Horde","floor":49,"turns":3},{"damage":0,"enemies":"WA_ARCHETYPE_DIVINITY","floor":50,"turns":4},{"damage":8,"enemies":"downfall:CharBossMerchant","floor":52,"turns":3},{"damage":13,"enemies":"downfall:NeowBoss","floor":55,"turns":4},{"damage":30,"enemies":"downfall:NeowBossFinal","floor":56,"turns":5}],"seed_played":"8678191356328469442","potions_obtained":[{"floor":2.0,"key":"Dexterity Potion"},{"floor":6.0,"key":"DuplicationPotion"},{"floor":9.0,"key":"Fire Potion"},{"floor":15.0,"key":"DuplicationPotion"},{"floor":29.0,"key":"DeathKnight:RimePotion"},{"floor":30.0,"key":"SkillPotion"},{"floor":31.0,"key":"Strength Potion"},{"floor":38.0,"key":"Explosive Potion"},{"floor":44.0,"key":"DeathKnight:BottledBloodEchoes"},{"floor":47,"key":"Regen Potion"},{"floor":48,"key":"SpeedPotion"}],"is_trial":false,"path_per_floor":["R","M","?","M","M","M","T","R","M","M","$","?","E","$","M","B",null,"R","M","$","?","?","R","T","R","$","E","R","M","M","E","M","B",null,"R","M","$","M","M","?","T","M","R","M","R","M","M","M","M","B",null,"E","$","R","B","B",null],"character_chosen":"THE_SNECKO","items_purchased":["Bag of Marbles","sneckomod:Rotation","Potion Belt","sneckomod:UnknownClassDEATH_KNIGHT_COLOR","DistilledChaos","sneckomod:ConfusingCodex"],"campfire_rested":0,"item_purchase_floors":[14,14,20,26,53,53],"current_hp_per_floor":[90,90,90,90,90,90,90,90,86,86,72,72,72,64,64,81,90,90,90,90,90,90,90,90,100,100,100,100,89,89,80,80,65,100,100,99,99,89,87,87,87,87,87,87,87,78,78,60,51,76,100,92,100,100,87,70],"gold":5,"neow_bonus":"THREE_CARDS","is_daily":false,"chose_seed":false,"campfire_upgraded":9,"win_rate":0.0,"timestamp":1614307807,"path_taken":["R","M","?","M","M","M","T","R","M","M","$","?","E","$","M","BOSS","R","M","$","?","?","R","T","R","?","E","R","M","?","E","M","BOSS","R","M","$","M","M","?","T","M","R","M","R","M","M","M","M","BOSS","E","$","R","BOSS","BOSS"],"items_purchased_type":["Relic","Card","Relic","Card","Potion","Relic"],"build_version":"2020-12-22","purchased_purges":1,"victory":true,"max_hp_per_floor":[90,90,90,90,90,90,90,90,90,90,90,90,90,90,90,90,90,90,90,90,90,90,90,90,100,100,100,100,100,100,100,100,100,100,100,100,100,100,100,100,100,100,100,100,100,100,100,100,100,100,100,100,100,100,100,100],"card_choices":[{"not_picked":["sneckomod:UnknownUncommonAttack","sneckomod:UnknownStrike"],"picked":"sneckomod:DiceCrush","floor":0.0},{"not_picked":["sneckomod:DiceCrush","sneckomod:Rotation"],"picked":"sneckomod:Nope","floor":2.0},{"not_picked":["sneckomod:QuickBite","sneckomod:UnknownDraw","sneckomod:Unknown1Cost"],"picked":"SKIP","floor":4.0},{"not_picked":["sneckomod:RainOfDice","sneckomod:MasterEye"],"picked":"sneckomod:UnknownX","floor":5.0},{"not_picked":["sneckomod:UnknownUncommonSkill","sneckomod:SerpentIdol"],"picked":"sneckomod:Nope","floor":6.0},{"not_picked":["sneckomod:Unknown1Cost","sneckomod:DiceBoulder","sneckomod:RainOfDice"],"picked":"SKIP","floor":9.0},{"not_picked":["sneckomod:DiceCrush","sneckomod:QuickMove","sneckomod:SoulRoll"],"picked":"SKIP","floor":10.0},{"not_picked":["sneckomod:RainOfDice","sneckomod:SerpentMind","sneckomod:WideSting"],"picked":"SKIP","floor":11.0},{"not_picked":["sneckomod:MorePower","sneckomod:UnknownUncommonSkill","sneckomod:QuickMove"],"picked":"SKIP","floor":13.0},{"not_picked":["sneckomod:UnknownWeak","sneckomod:Nope","sneckomod:UnknownStrike"],"picked":"SKIP","floor":14.0},{"not_picked":["sneckomod:SoulCleanse","sneckomod:QuickMove","sneckomod:UnknownBlock"],"picked":"SKIP","floor":15.0},{"not_picked":["sneckomod:Unknown3Cost","sneckomod:Cheat"],"picked":"sneckomod:SerpentMind","floor":16.0},{"not_picked":["sneckomod:DiceBoulder","sneckomod:UnknownClassTHE_BRONZE_AUTOMATON+1","sneckomod:PureSnecko"],"picked":"SKIP","floor":19.0},{"not_picked":["sneckomod:SoulRoll","sneckomod:IronFang","sneckomod:MasterEye"],"picked":"SKIP","floor":27.0},{"not_picked":["sneckomod:SoulCleanse","sneckomod:Nope","sneckomod:Unknown0Cost+1"],"picked":"SKIP","floor":29.0},{"not_picked":["sneckomod:Restock","sneckomod:UnknownClassDEATH_KNIGHT_COLOR","sneckomod:QuickMove+1"],"picked":"SKIP","floor":30.0},{"not_picked":["sneckomod:ImprovisedAttack","sneckomod:UnknownStrike"],"picked":"sneckomod:SnakeSap+1","floor":31.0},{"not_picked":["sneckomod:Nope+1","sneckomod:Unknown2Cost","sneckomod:MasterEye"],"picked":"SKIP","floor":32.0},{"not_picked":["sneckomod:UnknownUncommonPower+1"],"picked":"SKIP","floor":36.0},{"not_picked":["sneckomod:UnknownCommonAttack+1"],"picked":"SKIP","floor":38.0},{"not_picked":["sneckomod:UnknownClassTHE_BRONZE_AUTOMATON+1"],"picked":"SKIP","floor":39.0},{"not_picked":["sneckomod:UnknownExhaust+1"],"picked":"SKIP","floor":42.0},{"not_picked":["sneckomod:RainOfDice+1"],"picked":"SKIP","floor":44.0},{"not_picked":["sneckomod:UnknownUncommonPower"],"picked":"SKIP","floor":46},{"not_picked":["sneckomod:IronFang"],"picked":"SKIP","floor":47},{"not_picked":["sneckomod:UnknownClassTHE_BRONZE_AUTOMATON"],"picked":"SKIP","floor":48},{"not_picked":[],"picked":"sneckomod:UnknownX+1","floor":49},{"not_picked":["sneckomod:DiceBlock+1"],"picked":"SKIP","floor":52}],"player_experience":246006,"relics_obtained":[{"floor":7.0,"key":"Pantograph"},{"floor":13.0,"key":"Oddly Smooth Stone"},{"floor":27.0,"key":"Unceasing Top"},{"floor":31.0,"key":"CaptainsWheel"},{"floor":41.0,"key":"MealTicket"},{"floor":52,"key":"White Beast Statue"}],"event_choices":[{"damage_healed":0.0,"max_hp_gain":0.0,"max_hp_loss":0.0,"gold_gain":0.0,"event_name":"NoteForYourself","player_choice":"Ignored","floor":40.0,"gold_loss":0.0,"damage_taken":0.0}],"is_beta":false,"boss_relics":[{"not_picked":["Tiny House","SacredBark"],"picked":"Philosopher\u0027s Stone"},{"not_picked":["Runic Pyramid","bronze:MakeshiftBattery"],"picked":"Busted Crown"}],"items_purged_floors":[37],"is_endless":false,"potions_floor_spawned":[2,6,9,15,29,30,31,38,44,47,48,49],"ascension_level":0}}