{"host":"bf5upntvbdompq33","time":1614374198,"event":{"mods":["BaseMod","Bestiary","Colored Map","Colored Powertips","Curses Come First","Highlight Path","Minty Spire (QoL Compilation)","StSLib","ojb\u0027s Info Mod"],"gold_per_floor":[112,37,37,52,52,84,84,113,139,153,153,163,174,203,203,203,203],"floor_reached":16,"language":"ENG","playtime":1836,"items_purged":["Pain"],"score":210,"play_id":"0a59caef-b066-4dcb-bf73-a37d63046ef6","local_time":"20210226141638","is_ascension_mode":true,"campfire_choices":[{"floor":7,"key":"REST"},{"floor":11,"key":"REST"},{"floor":15,"key":"REST"}],"circlet_count":0,"master_deck":["AscendersBane","Strike_R","Strike_R","Strike_R","Strike_R","Defend_R","Defend_R","Defend_R","Defend_R","Bash","Flex","Clothesline","Entrench","Headbutt","Pommel Strike","Iron Wave","Impervious","Twin Strike"],"relics":["Burning Blood","Du-Vu Doll","Regal Pillow","Juzu Bracelet","Boot","MealTicket"],"acts_visited":["Exordium"],"potions_floor_usage":[10,14],"damage_taken":[{"damage":12,"enemies":"2 Louse","floor":1,"turns":3},{"damage":1,"enemies":"Cultist","floor":4,"turns":3},{"damage":50,"enemies":"3 Sentries","floor":6,"turns":11},{"damage":54,"enemies":"Gremlin Nob","floor":8,"turns":6},{"damage":9,"enemies":"Jaw Worm","floor":10,"turns":3},{"damage":26,"enemies":"2 Fungi Beasts","floor":12,"turns":4},{"damage":15,"enemies":"Exordium Wildlife","floor":13,"turns":3},{"damage":22,"enemies":"3 Sentries","floor":14,"turns":9},{"damage":58,"enemies":"Hexaghost","floor":16,"turns":11}],"seed_played":"-7245592324469062794","potions_obtained":[{"floor":6,"key":"BloodPotion"},{"floor":10,"key":"BlessingOfTheForge"},{"floor":12,"key":"Energy Potion"},{"floor":14,"key":"FearPotion"}],"is_trial":false,"path_per_floor":["M","$","?","M","?","E","R","E","T","M","R","M","M","E","R","B"],"character_chosen":"IRONCLAD","items_purchased":[],"campfire_rested":3,"item_purchase_floors":[],"current_hp_per_floor":[62,62,62,67,67,23,60,12,12,24,61,41,32,16,53,0,0],"gold":203,"neow_bonus":"ONE_RARE_RELIC","is_daily":false,"chose_seed":false,"campfire_upgraded":0,"win_rate":0.0,"timestamp":1614374198,"path_taken":["M","$","?","?","?","E","R","E","T","M","R","M","M","E","R","BOSS"],"items_purchased_type":[],"build_version":"2020-12-22","purchased_purges":1,"victory":false,"max_hp_per_floor":[75,75,75,75,75,75,75,75,75,75,75,75,75,75,75,75,75],"card_choices":[{"not_picked":["Warcry","Armaments"],"picked":"Flex","floor":1},{"not_picked":["Searing Blow","Heavy Blade"],"picked":"Clothesline","floor":4},{"not_picked":["True Grit","Perfected Strike"],"picked":"Entrench","floor":6},{"not_picked":["Rupture","Sentinel"],"picked":"Headbutt","floor":8},{"not_picked":["True Grit","Sword Boomerang"],"picked":"Pommel Strike","floor":10},{"not_picked":["Dropkick","Thunderclap"],"picked":"Iron Wave","floor":12},{"not_picked":["True Grit","Shrug It Off"],"picked":"Impervious","floor":13},{"not_picked":["Seeing Red","Cleave"],"picked":"Twin Strike","floor":14}],"player_experience":1762943,"relics_obtained":[{"floor":6,"key":"Regal Pillow"},{"floor":8,"key":"Juzu Bracelet"},{"floor":9,"key":"Boot"},{"floor":14,"key":"MealTicket"}],"event_choices":[{"cards_removed":["Strike_R"],"damage_healed":0,"gold_gain":0,"player_choice":"Offered Basic","damage_taken":0,"max_hp_gain":0,"max_hp_loss":0,"event_name":"Bonfire Elementals","floor":3,"gold_loss":0},{"damage_healed":0,"gold_gain":0,"player_choice":"Leave","damage_taken":0,"max_hp_gain":0,"max_hp_loss":0,"event_name":"The Cleric","floor":5,"gold_loss":0}],"is_beta":false,"boss_relics":[],"items_purged_floors":[2],"is_endless":false,"potions_floor_spawned":[6,10,12,14],"killed_by":"Hexaghost","ascension_level":15}}