{"host":"gn4zoccfnie4id9c","time":1614303205,"event":{"mods":["AchievementEnabler","BaseMod","Colored Map","Minty Spire (QoL Compilation)"],"gold_per_floor":[118,135,210,222,222,254,265,265,265,298,362,81,81,81,81,182,182,199,218,234,234,333,333,333,387,387,387,439,451,451],"floor_reached":29,"language":"ENG","playtime":2216,"items_purged":[],"score":231,"play_id":"af5d08ef-15d4-463a-ac87-7785c0f13388","local_time":"20210225203325","is_ascension_mode":false,"campfire_choices":[{"floor":8,"key":"REST"},{"floor":15,"key":"REST"},{"floor":23,"key":"REST"},{"floor":27,"key":"REST"}],"circlet_count":0,"master_deck":["Strike_P","Strike_P","Strike_P","Strike_P","Defend_P","Defend_P","Defend_P","Defend_P","Eruption","Vigilance","FlurryOfBlows","InnerPeace","FearNoEvil","Wallop","Conclude","Crescendo+1","Worship","WreathOfFlame","FlurryOfBlows","EmptyFist","Scrawl","ClearTheMind+1","FollowUp+1","FlyingSleeves","J.A.X.","LessonLearned","Wireheading"],"relics":["PureWater","NeowsBlessing","Dream Catcher","Kunai","StoneCalendar","Bottled Lightning","Gremlin Horn","Tiny Chest","Juzu Bracelet","Bird Faced Urn","MawBank"],"acts_visited":["Exordium","TheCity"],"potions_floor_usage":[16,16,24],"damage_taken":[{"damage":0,"enemies":"Jaw Worm","floor":1,"turns":1},{"damage":0,"enemies":"2 Louse","floor":2,"turns":1},{"damage":0,"enemies":"Small Slimes","floor":4,"turns":1},{"damage":23,"enemies":"Lagavulin","floor":6,"turns":6},{"damage":0,"enemies":"2 Fungi Beasts","floor":7,"turns":2},{"damage":12,"enemies":"3 Sentries","floor":10,"turns":4},{"damage":26,"enemies":"3 Sentries","floor":11,"turns":7},{"damage":19,"enemies":"Hexaghost","floor":16,"turns":7},{"damage":0,"enemies":"Chosen","floor":18,"turns":4},{"damage":17,"enemies":"3 Byrds","floor":19,"turns":4},{"damage":47,"enemies":"Cultist and Chosen","floor":20,"turns":6},{"damage":0,"enemies":"3 Cultists","floor":24,"turns":1},{"damage":61,"enemies":"Book of Stabbing","floor":29,"turns":5}],"seed_played":"7696901180586005419","potions_obtained":[{"floor":6,"key":"SneckoOil"},{"floor":11,"key":"DuplicationPotion"},{"floor":19,"key":"SmokeBomb"}],"is_trial":false,"path_per_floor":["M","M","?","M","?","E","M","R","T","E","?","$","?","?","R","B",null,"M","M","M","?","?","R","M","T","T","R","T","E"],"character_chosen":"WATCHER","items_purchased":["Gremlin Horn","FlurryOfBlows"],"campfire_rested":4,"item_purchase_floors":[12,12],"current_hp_per_floor":[72,72,61,61,66,43,43,66,66,54,28,28,25,25,48,29,77,77,60,13,13,13,36,36,36,36,59,59,0,0],"gold":451,"neow_bonus":"THREE_ENEMY_KILL","is_daily":false,"chose_seed":false,"campfire_upgraded":0,"win_rate":0.0,"timestamp":1614303205,"path_taken":["M","M","?","M","?","E","M","R","T","E","?","$","?","?","R","BOSS","M","M","M","?","?","R","M","?","T","R","?","E"],"items_purchased_type":["Relic","Card"],"build_version":"2020-12-22","purchased_purges":0,"victory":false,"max_hp_per_floor":[72,72,72,72,77,77,77,77,77,77,77,77,77,77,77,77,77,77,77,77,77,77,77,77,77,77,77,77,77,77],"card_choices":[{"not_picked":["Protect","PathToVictory"],"picked":"FlurryOfBlows","floor":1},{"not_picked":["ThirdEye","Wallop"],"picked":"InnerPeace","floor":2},{"not_picked":["Wireheading","BowlingBash"],"picked":"FearNoEvil","floor":4},{"not_picked":["CutThroughFate","CrushJoints"],"picked":"Wallop","floor":6},{"not_picked":["FlurryOfBlows","CutThroughFate"],"picked":"Conclude","floor":7},{"not_picked":["EmptyBody","ThirdEye"],"picked":"Crescendo","floor":8},{"not_picked":["FlyingSleeves","Evaluate"],"picked":"Worship","floor":10},{"not_picked":["FlyingSleeves","CutThroughFate"],"picked":"WreathOfFlame","floor":11},{"not_picked":["WheelKick","InnerPeace"],"picked":"EmptyFist","floor":15},{"not_picked":["Wish","Brilliance"],"picked":"Scrawl","floor":16},{"not_picked":["JustLucky+1","EmptyFist"],"picked":"ClearTheMind+1","floor":18},{"not_picked":["Study","Nirvana"],"picked":"FollowUp+1","floor":19},{"not_picked":["WheelKick+1","Nirvana+1"],"picked":"FlyingSleeves","floor":20},{"not_picked":["FollowUp","Halt"],"picked":"LessonLearned","floor":23},{"not_picked":["BowlingBash","LikeWater"],"picked":"Wireheading","floor":27}],"player_experience":134092,"relics_obtained":[{"floor":6,"key":"Dream Catcher"},{"floor":9,"key":"Kunai"},{"floor":10,"key":"StoneCalendar"},{"floor":11,"key":"Bottled Lightning"},{"floor":25,"key":"Juzu Bracelet"},{"floor":26,"key":"Bird Faced Urn"},{"floor":28,"key":"MawBank"}],"event_choices":[{"damage_healed":0,"gold_gain":75,"player_choice":"Gather Gold","damage_taken":11,"max_hp_gain":0,"max_hp_loss":0,"event_name":"World of Goop","floor":3,"gold_loss":0},{"damage_healed":0,"gold_gain":0,"player_choice":"Donut","damage_taken":0,"max_hp_gain":5,"max_hp_loss":0,"event_name":"Big Fish","floor":5,"gold_loss":0},{"damage_healed":0,"gold_gain":0,"player_choice":"Searched \u00272\u0027 times","damage_taken":0,"max_hp_gain":0,"max_hp_loss":0,"event_name":"Dead Adventurer","floor":11,"gold_loss":0},{"damage_healed":0,"gold_gain":0,"player_choice":"Success","damage_taken":3,"relics_obtained":["Tiny Chest"],"max_hp_gain":0,"max_hp_loss":0,"event_name":"Scrap Ooze","floor":13,"gold_loss":0},{"damage_healed":0,"gold_gain":0,"player_choice":"Grow","damage_taken":0,"max_hp_gain":0,"max_hp_loss":0,"event_name":"Living Wall","floor":14,"gold_loss":0,"cards_upgraded":["Crescendo"]},{"damage_healed":0,"gold_gain":0,"player_choice":"Obtain J.A.X.","damage_taken":0,"max_hp_gain":0,"max_hp_loss":0,"event_name":"Drug Dealer","floor":21,"gold_loss":0,"cards_obtained":["J.A.X."]},{"damage_healed":0,"gold_gain":99,"player_choice":"Stole From Cult","damage_taken":0,"max_hp_gain":0,"max_hp_loss":0,"event_name":"Nest","floor":22,"gold_loss":0}],"is_beta":false,"boss_relics":[{"not_picked":["Snecko Eye","Runic Dome","Busted Crown"]}],"items_purged_floors":[],"is_endless":false,"potions_floor_spawned":[6,11,19,24],"killed_by":"Book of Stabbing","ascension_level":0}}