{"host":"7rmsgc3rayi00cdt","time":1614358880,"event":{"mods":["BaseMod","Minty Spire (QoL Compilation)"],"gold_per_floor":[139,119,154,214,214,250,250,250,250,54,95,95,136,179,179,305,305,340,340,14,58,58,58],"floor_reached":22,"language":"ENG","playtime":768,"items_purged":[],"score":301,"play_id":"57ef2d48-4232-4132-b7b7-8c5f91b8dd10","local_time":"20210226170120","is_ascension_mode":true,"campfire_choices":[{"floor":7,"key":"REST"},{"floor":15,"key":"REST"}],"circlet_count":0,"master_deck":["AscendersBane","Strike_R","Strike_R","Strike_R","Strike_R","Strike_R","Defend_R","Defend_R","Defend_R","Defend_R","Bash","HandOfGreed","Shrug It Off","Pommel Strike","Anger","Warcry","Flash of Steel","Power Through","Metallicize","Twin Strike","Thunderclap","Wild Strike+1"],"relics":["Burning Blood","Golden Idol","Champion Belt","The Courier","Strawberry","StrikeDummy","Eternal Feather","Matryoshka","Blood Vial"],"acts_visited":["Exordium","TheCity"],"potions_floor_usage":[6,13,14,22,22],"damage_taken":[{"damage":0,"enemies":"Small Slimes","floor":1,"turns":2},{"damage":6,"enemies":"Cultist","floor":3,"turns":5},{"damage":0,"enemies":"2 Louse","floor":4,"turns":5},{"damage":27,"enemies":"Lagavulin","floor":6,"turns":5},{"damage":17,"enemies":"Gremlin Nob","floor":11,"turns":4},{"damage":15,"enemies":"Exordium Thugs","floor":13,"turns":6},{"damage":9,"enemies":"Exordium Wildlife","floor":14,"turns":3},{"damage":51,"enemies":"Hexaghost","floor":16,"turns":11},{"damage":45,"enemies":"3 Byrds","floor":18,"turns":9},{"damage":2,"enemies":"Chosen","floor":21,"turns":4},{"damage":49,"enemies":"Centurion and Healer","floor":22,"turns":7}],"seed_played":"-5042449459395389560","potions_obtained":[{"floor":1,"key":"Strength Potion"},{"floor":2,"key":"FearPotion"},{"floor":11,"key":"Fruit Juice"},{"floor":18,"key":"Dexterity Potion"},{"floor":21,"key":"Strength Potion"}],"is_trial":false,"path_per_floor":["M","?","M","M","?","E","R","$","T","$","E","T","M","M","R","B",null,"M","?","$","M","M"],"character_chosen":"IRONCLAD","items_purchased":["Strawberry","Flash of Steel","Matryoshka","Blood Vial"],"campfire_rested":2,"item_purchase_floors":[10,10,20,20],"current_hp_per_floor":[57,57,57,63,43,22,46,46,46,53,42,42,38,35,74,29,76,37,37,37,43,0,0],"gold":58,"neow_bonus":"RANDOM_COLORLESS_2","is_daily":false,"chose_seed":false,"campfire_upgraded":0,"win_rate":0.0,"timestamp":1614358880,"path_taken":["M","?","?","M","?","E","R","?","T","$","E","?","M","M","R","BOSS","M","?","$","M","M"],"items_purchased_type":["Relic","Card","Relic","Relic"],"build_version":"2020-12-22","purchased_purges":0,"victory":false,"max_hp_per_floor":[80,80,80,80,80,80,80,80,80,87,87,87,92,92,92,92,92,92,92,92,92,92,92],"card_choices":[{"not_picked":["Master of Strategy","Violence"],"picked":"HandOfGreed","floor":0},{"not_picked":["Wild Strike","Cleave"],"picked":"Shrug It Off","floor":1},{"not_picked":["Clash","Body Slam"],"picked":"Pommel Strike","floor":3},{"not_picked":["Sword Boomerang","Shrug It Off"],"picked":"Anger","floor":4},{"not_picked":["Ghostly Armor","Offering"],"picked":"Warcry","floor":6},{"not_picked":["Thunderclap","Blood for Blood"],"picked":"Power Through","floor":11},{"not_picked":["Iron Wave","Rampage"],"picked":"Metallicize","floor":13},{"not_picked":["Wild Strike","Intimidate"],"picked":"Twin Strike","floor":14},{"not_picked":["Searing Blow+1","Iron Wave"],"picked":"Thunderclap","floor":18},{"not_picked":["Sword Boomerang","Combust"],"picked":"Wild Strike+1","floor":21}],"player_experience":839235,"relics_obtained":[{"floor":6,"key":"Champion Belt"},{"floor":9,"key":"The Courier"},{"floor":11,"key":"StrikeDummy"},{"floor":12,"key":"Eternal Feather"}],"event_choices":[{"damage_healed":0,"gold_gain":0,"player_choice":"Bought 1 Potion","damage_taken":0,"max_hp_gain":0,"max_hp_loss":0,"event_name":"The Woman in Blue","floor":2,"gold_loss":0},{"damage_healed":0,"gold_gain":0,"player_choice":"Take Damage","damage_taken":20,"relics_obtained":["Golden Idol"],"max_hp_gain":0,"max_hp_loss":0,"event_name":"Golden Idol","floor":5,"gold_loss":0},{"damage_healed":0,"gold_gain":0,"player_choice":"Ignored","damage_taken":0,"max_hp_gain":0,"max_hp_loss":0,"event_name":"Vampires","floor":19,"gold_loss":0}],"is_beta":false,"boss_relics":[{"not_picked":["Runic Dome","Snecko Eye","Sozu"]}],"items_purged_floors":[],"is_endless":false,"potions_floor_spawned":[1,4,11,18,21],"killed_by":"Centurion and Healer","ascension_level":11}}