{"host":"17xjy7b7ubl548g2","time":1614310740,"event":{"mods":["2.2 Compatiblity","Act Like it!","Aspiration","Astrologer","Bard","BaseMod","Challenge The Spire","ChefMod","Colored Map","Colored Powertips","Conspire","Elementarium","Energized Spire","Friendly Minions","Gensokyo","GifTheSpireLib","Halation","Hallownest","Hermit","Hubris","Infinite Spire","Jedi Mod","Jorbs\u0027s Wanderer Trilogy","Marisa（霧雨　魔理沙）","Marked Mod","Menagerie","Minty Spire (QoL Compilation)","Permanent Neow","Reliquary","Replay The Spire","Robot Space Explorer","Ruina","Shapeshifter Mod","Spicy Shops","Spire Arcade","StSLib","Stuff the Spire","The Blue Laboratory","The Bug Knight","The Construct","The Disciple","The Hayseed","The Hierophant","The Marked","The Mystic","The Runesmith","The Sage","TheFirefly"],"gold_per_floor":[109,57,57,73,84,84,184,184,184,201,227,243,277,297,297,400,400,415,565,577,577,229,229,264,282,360,360,388,303,303,317,317,413,413,433,433,533,533,551,551,396,416,416,416,429,429,454,469,469,469,469,469,321,356,356],"floor_reached":56,"language":"ENG","playtime":6447,"items_purged":["Pain","mysticmod:Strike_Mystic","mysticmod:Strike_Mystic","Amnesia","mysticmod:Strike_Mystic","mysticmod:Strike_Mystic"],"score":1475,"play_id":"e2998f60-100d-498c-a448-e2c91c80a62b","local_time":"20210225223900","is_ascension_mode":false,"campfire_choices":[{"data":"mysticmod:Daze","floor":6.0,"key":"SMITH"},{"data":"mysticmod:Probe","floor":8.0,"key":"SMITH"},{"data":"mysticmod:EnchantedMoulinet","floor":15.0,"key":"SMITH"},{"data":"mysticmod:Momentum","floor":23.0,"key":"SMITH"},{"data":"mysticmod:TomeOfSpells","floor":30.0,"key":"SMITH"},{"data":"mysticmod:SummonFamiliar","floor":32.0,"key":"SMITH"},{"data":"mysticmod:MirrorEntity","floor":40,"key":"SMITH"},{"data":"mysticmod:RapidCaster","floor":44,"key":"SMITH"},{"floor":46,"key":"RECALL"},{"data":"mysticmod:BladedDash","floor":49,"key":"SMITH"},{"data":"mysticmod:KeenEdge","floor":52,"key":"SMITH"}],"circlet_count":0,"master_deck":["mysticmod:Defend_Mystic","mysticmod:Defend_Mystic","mysticmod:Defend_Mystic","mysticmod:ArcaneDodge","mysticmod:ShockingGrasp","mysticmod:Disengage","mysticmod:Daze+1","mysticmod:Probe+1","mysticmod:EnchantedMoulinet+1","mysticmod:Riposte","mysticmod:Shield","mysticmod:KeenEdge+1","mysticmod:Snowball","mysticmod:IllusionOfCalm","mysticmod:Momentum+1","mysticmod:Stoneskin+1","mysticmod:Riposte+1","mysticmod:TomeOfSpells+1","mysticmod:MagicWeapon+1","mysticmod:GreaterInvisibility","mysticmod:SummonFamiliar+1","mysticmod:MirrorEntity+1","mysticmod:Sideswipe","mysticmod:Fly","mysticmod:BladedDash+1","mysticmod:RapidCaster+1","mysticmod:FloatingDisk+1","mysticmod:Natural20","mysticmod:Fireball+1","mysticmod:BladeMaster+1"],"relics":["mysticmod:BlessedBook","Replay:Ringing Soul","aspiration:StickyExplosives_weak","reliquary:WeakTea","hubris:ScarierMask","ReplayTheSpireMod:CursedCoin","StuffTheSpire:CocoNut","jedi:heavyjacket","Happy Flower","Lee\u0027s Waffle","Akabeko","Unceasing Top","aspiration:SecretTechniqueScroll","Quantum Egg","reliquary:Knoch","halation:BottledLove","Replay:Wanted Poster","HollowMod:JonisBlessing","Bottled Tornado","hubris:ToyBattleship","ClockworkSouvenir","Replay:Wax Seal"],"acts_visited":["Exordium","TheCity","TheBeyond","TheEnding"],"potions_floor_usage":[55,55],"damage_taken":[{"damage":2.0,"enemies":"2 Louse","floor":1.0,"turns":2.0},{"damage":0.0,"enemies":"Small Slimes","floor":4.0,"turns":4.0},{"damage":1.0,"enemies":"Cultist","floor":5.0,"turns":3.0},{"damage":0.0,"enemies":"Gremlin Gang","floor":10.0,"turns":1.0},{"damage":7.0,"enemies":"3 Sentries","floor":11.0,"turns":7.0},{"damage":0.0,"enemies":"2 Fungi Beasts","floor":12.0,"turns":1.0},{"damage":11.0,"enemies":"Replay:BlueRogue","floor":13.0,"turns":4.0},{"damage":2.0,"enemies":"3 Louse","floor":14.0,"turns":3.0},{"damage":35.0,"enemies":"Fading Forest","floor":16.0,"turns":11.0},{"damage":11.0,"enemies":"Shell Parasite","floor":18.0,"turns":5.0},{"damage":1.0,"enemies":"conspire:FuzzyDice","floor":20.0,"turns":4.0},{"damage":9.0,"enemies":"HollowMod:Nosk","floor":24.0,"turns":5.0},{"damage":1.0,"enemies":"conspire:HollyBat","floor":25.0,"turns":7.0},{"damage":41.0,"enemies":"Nightmare","floor":28.0,"turns":6.0},{"damage":0.0,"enemies":"Snake Plant","floor":31.0,"turns":4.0},{"damage":17.0,"enemies":"hubris:MusketHawk","floor":33.0,"turns":7.0},{"damage":0.0,"enemies":"Orb Walker","floor":35.0,"turns":3.0},{"damage":0,"enemies":"3 Darklings","floor":39,"turns":4},{"damage":0,"enemies":"4 Shapes","floor":42,"turns":3},{"damage":0,"enemies":"3 Darklings","floor":45,"turns":3},{"damage":0,"enemies":"R_Hoarder","floor":47,"turns":4},{"damage":0,"enemies":"Writhing Mass","floor":48,"turns":5},{"damage":0,"enemies":"conspire:OrnateMirror","floor":50,"turns":7},{"damage":0,"enemies":"Shield and Spear","floor":54,"turns":4},{"damage":0,"enemies":"The Heart","floor":55,"turns":8}],"seed_played":"6320379529925532781","potions_obtained":[{"floor":1.0,"key":"jedi:StrikingPotion"},{"floor":11.0,"key":"mysticmod:EssenceOfMagic"},{"floor":18.0,"key":"blueLaboratory:Moonshine"},{"floor":25.0,"key":"blueLaboratory:NullPotion"},{"floor":31.0,"key":"Strength Potion"},{"floor":39,"key":"blueLaboratory:TrueEctoplasm"},{"floor":47,"key":"blueLaboratory:BottleOfRum"}],"is_trial":false,"path_per_floor":["M","$","?","M","M","R","?","R","T","M","E","M","E","M","R","B",null,"M","$","M","?","$","R","E","M","T","AVR","NM","?","R","M","R","B",null,"M","?","AVR","?","M","R","$","M","T","R","M","R","E","M","R","B",null,"R","$","E","B",null],"character_chosen":"MYSTIC_CLASS","items_purchased":["mysticmod:Daze","ReplayTheSpireMod:CursedCoin","StuffTheSpire:CocoNut","Happy Flower","Lee\u0027s Waffle","mysticmod:TomeOfSpells","HollowMod:JonisBlessing","ClockworkSouvenir"],"campfire_rested":0,"item_purchase_floors":[2,19,19,22,22,22,41,53],"current_hp_per_floor":[82,82,82,82,81,81,81,81,81,84,80,83,75,76,76,54,102,94,67,69,72,131,131,125,124,124,124,86,86,86,89,89,75,143,146,146,146,149,152,152,152,155,155,155,158,158,161,164,164,164,164,164,164,167,167],"gold":356,"neow_bonus":"TEN_PERCENT_HP_BONUS","is_daily":false,"chose_seed":false,"campfire_upgraded":10,"win_rate":0.0,"timestamp":1614310740,"path_taken":["M","$","?","M","M","R","?","R","T","M","E","M","E","M","R","BOSS","M","?","M","?","$","R","E","M","T","AVR","NM","?","R","M","R","BOSS","M","?","AVR","?","M","R","$","M","T","R","?","R","E","M","R","BOSS","R","$","E","BOSS"],"items_purchased_type":["Card","Relic","Relic","Relic","Relic","Card","Relic","Relic"],"build_version":"2020-12-22","purchased_purges":6,"victory":true,"max_hp_per_floor":[84,84,84,84,84,84,84,84,84,87,90,93,96,99,99,102,102,105,115,118,121,131,131,134,134,134,134,137,137,137,140,140,143,143,146,146,146,149,152,152,152,155,155,155,158,158,161,164,164,164,164,164,164,167,167],"card_choices":[{"not_picked":["mysticmod:BulkUp","mysticmod:PureInstinct"],"picked":"mysticmod:Disengage","floor":1.0},{"not_picked":["mysticmod:Alacrity","mysticmod:ComponentsPouch"],"picked":"mysticmod:Probe","floor":4.0},{"not_picked":["mysticmod:LightningBolt","mysticmod:CorrosiveTouch"],"picked":"mysticmod:EnchantedMoulinet","floor":5.0},{"not_picked":["mysticmod:DiviningBlow","mysticmod:Probe"],"picked":"mysticmod:Riposte","floor":10.0},{"not_picked":["mysticmod:Grease","mysticmod:HeavyStrike"],"picked":"mysticmod:Shield","floor":11.0},{"not_picked":["mysticmod:StyleChange","mysticmod:TomeOfSpells"],"picked":"mysticmod:KeenEdge","floor":12.0},{"not_picked":["mysticmod:PureInstinct","mysticmod:Flourish"],"picked":"mysticmod:Snowball","floor":13.0},{"not_picked":["mysticmod:Flourish","mysticmod:Snowball"],"picked":"mysticmod:IllusionOfCalm","floor":14.0},{"not_picked":["mysticmod:Spellstrike","mysticmod:Natural20"],"picked":"mysticmod:Momentum","floor":16.0},{"not_picked":["mysticmod:Disengage","mysticmod:Shield"],"picked":"mysticmod:Stoneskin+1","floor":18.0},{"not_picked":["mysticmod:CorrosiveTouch","mysticmod:PowerSlash"],"picked":"mysticmod:Riposte+1","floor":20.0},{"not_picked":["mysticmod:Riposte","mysticmod:Discipline"],"picked":"mysticmod:MagicWeapon+1","floor":24.0},{"not_picked":["mysticmod:MagicMissile+1","mysticmod:Probe","mysticmod:Snowball"],"picked":"SKIP","floor":25.0},{"not_picked":["mysticmod:SummonFamiliar","mysticmod:GeminiForm"],"picked":"mysticmod:GreaterInvisibility","floor":28.0},{"not_picked":["mysticmod:MagicMissile","mysticmod:FloatingDisk"],"picked":"mysticmod:SummonFamiliar","floor":31.0},{"not_picked":["mysticmod:Lunge","mysticmod:KnowledgePool"],"picked":"mysticmod:MirrorEntity","floor":33.0},{"not_picked":["mysticmod:HeavyStrike+1","mysticmod:Snowball+1"],"picked":"mysticmod:Sideswipe","floor":35.0},{"not_picked":["mysticmod:Snowball+1","mysticmod:Fireball"],"picked":"mysticmod:BladedDash","floor":39},{"not_picked":["mysticmod:Feint+1","mysticmod:TomeOfSpells"],"picked":"mysticmod:RapidCaster","floor":42},{"not_picked":["mysticmod:PowerSlash+1","mysticmod:PureInstinct+1"],"picked":"mysticmod:FloatingDisk+1","floor":45},{"not_picked":["mysticmod:PowerAttack","mysticmod:PowerSlash"],"picked":"mysticmod:Natural20","floor":47},{"not_picked":["mysticmod:KeenEdge+1","mysticmod:Riposte+1"],"picked":"mysticmod:Fireball+1","floor":48},{"not_picked":["mysticmod:Daze","mysticmod:Momentum"],"picked":"mysticmod:BladeMaster+1","floor":54}],"player_experience":2272974,"relics_obtained":[{"floor":9.0,"key":"Replay:Ringing Soul"},{"floor":11.0,"key":"aspiration:StickyExplosives_weak"},{"floor":13.0,"key":"reliquary:WeakTea"},{"floor":24.0,"key":"Akabeko"},{"floor":28.0,"key":"Quantum Egg"},{"floor":43,"key":"Bottled Tornado"},{"floor":47,"key":"hubris:ToyBattleship"},{"floor":54,"key":"Replay:Wax Seal"}],"event_choices":[{"damage_healed":0.0,"max_hp_gain":0.0,"max_hp_loss":0.0,"gold_gain":100.0,"event_name":"Golden Shrine","player_choice":"Pray","floor":7.0,"gold_loss":0.0,"damage_taken":0.0},{"damage_healed":0.0,"max_hp_gain":0.0,"max_hp_loss":0.0,"gold_gain":0.0,"event_name":"Addict","player_choice":"Obtained Relic","floor":29.0,"gold_loss":85.0,"damage_taken":0.0,"relics_obtained":["reliquary:Knoch"]},{"damage_healed":0.0,"max_hp_gain":0.0,"max_hp_loss":0.0,"gold_gain":0.0,"event_name":"conspire:Investor","player_choice":"Leave","floor":36.0,"gold_loss":0.0,"damage_taken":0.0},{"damage_healed":0,"gold_gain":0,"cards_transformed":["mysticmod:Defend_Mystic"],"player_choice":"Transformed","damage_taken":0,"max_hp_gain":0,"max_hp_loss":0,"event_name":"Transmorgrifier","floor":38,"gold_loss":0,"cards_obtained":["mysticmod:Fly"]}],"is_beta":false,"boss_relics":[{"not_picked":["aspiration:IroncladSkillbook","StuffTheSpire:ModemDavis"],"picked":"hubris:ScarierMask"},{"not_picked":["jedi:battlestandard","Replay:Bronze Core"],"picked":"mysticmod:BlessedBook"}],"items_purged_floors":[19,19,19,22,27,37],"is_endless":false,"potions_floor_spawned":[1,11,18,25,31,39,47],"ascension_level":0}}