{"host":"92108ef2q9tm8rod","time":1614298976,"event":{"mods":["BaseMod","Defuse TimeMaze Blight","Minty Spire (QoL Compilation)","StSLib","The Jungle"],"gold_per_floor":[111,125,125,138,153,153,166,193,218,218,228,238,265,290,290,390,440,457,477,627,227,245,245,279,279,303,335,348,381,410,435,447,564,576,601,630,541,541,559,559,559],"floor_reached":40,"language":"ENG","playtime":1954,"items_purged":[],"score":672,"play_id":"4b8e7eca-922b-4e62-ae45-c13f655675df","local_time":"20210226002256","daily_mods":["SealedDeck","Purple Cards","Heirloom","Flight"],"is_ascension_mode":false,"campfire_choices":[{"data":"Reprogram","floor":6,"key":"SMITH"},{"data":"Prostrate","floor":10,"key":"SMITH"},{"data":"Perseverance","floor":15,"key":"SMITH"},{"data":"Judgement","floor":23,"key":"SMITH"},{"data":"Perseverance","floor":25,"key":"SMITH"},{"data":"Beam Cell","floor":32,"key":"SMITH"}],"circlet_count":0,"master_deck":["Beam Cell+1","ThirdEye+1","Prostrate+1","Reprogram+1","Gash+1","Gash","Perseverance+1","Gash","Judgement+1","Perseverance+1","Establishment","FlyingSleeves+1"],"relics":["Cracked Core","Thread and Needle","Centennial Puzzle","Akabeko","PreservedInsect","Dream Catcher","Symbiotic Virus","Tiny House","Lee\u0027s Waffle","Letter Opener","Cables","Smiling Mask","War Paint","MawBank","Empty Cage"],"acts_visited":["Exordium","Exordium","TheBeyond"],"potions_floor_usage":[7,13,16,30,31,33,40],"damage_taken":[{"damage":0,"enemies":"Jaw Worm","floor":1,"turns":3},{"damage":0,"enemies":"2 Louse","floor":2,"turns":2},{"damage":2,"enemies":"Small Slimes","floor":4,"turns":2},{"damage":0,"enemies":"3 Louse","floor":5,"turns":2},{"damage":0,"enemies":"Exordium Thugs","floor":7,"turns":3},{"damage":5,"enemies":"3 Sentries","floor":8,"turns":5},{"damage":0,"enemies":"Looter","floor":11,"turns":2},{"damage":0,"enemies":"2 Fungi Beasts","floor":12,"turns":2},{"damage":0,"enemies":"Gremlin Nob","floor":13,"turns":3},{"damage":0,"enemies":"Lagavulin","floor":14,"turns":4},{"damage":8,"enemies":"Hexaghost","floor":16,"turns":5},{"damage":0,"enemies":"theJungle:MUSHROOMGANG","floor":18,"turns":3},{"damage":3,"enemies":"theJungle:GiantWrat","floor":19,"turns":3},{"damage":0,"enemies":"theJungle:Lyon","floor":22,"turns":4},{"damage":0,"enemies":"theJungle:2_Phrogs","floor":24,"turns":4},{"damage":0,"enemies":"theJungle:MamaSnecko","floor":27,"turns":3},{"damage":0,"enemies":"theJungle:2_Snecko_Cultists","floor":28,"turns":3},{"damage":0,"enemies":"theJungle:2_Phrogs","floor":29,"turns":5},{"damage":8,"enemies":"theJungle:2_Flameangoes","floor":30,"turns":5},{"damage":12,"enemies":"theJungle:JungleHuntersEncounter","floor":31,"turns":4},{"damage":0,"enemies":"theJungle:FunGuy","floor":33,"turns":10},{"damage":28,"enemies":"3 Darklings","floor":35,"turns":4},{"damage":0,"enemies":"Orb Walker","floor":36,"turns":4},{"damage":3,"enemies":"Spire Growth","floor":39,"turns":4},{"damage":79,"enemies":"Nemesis","floor":40,"turns":5}],"seed_played":"-1781259136773944860","potions_obtained":[{"floor":1,"key":"Ancient Potion"},{"floor":2,"key":"Block Potion"},{"floor":8,"key":"Weak Potion"},{"floor":11,"key":"ColorlessPotion"},{"floor":16,"key":"Weak Potion"},{"floor":17,"key":"FearPotion"},{"floor":28,"key":"PowerPotion"},{"floor":30,"key":"FocusPotion"},{"floor":33,"key":"Dexterity Potion"},{"floor":35,"key":"SkillPotion"},{"floor":36,"key":"PowerPotion"}],"is_trial":true,"path_per_floor":["M","M","?","M","M","R","M","E","T","R","M","M","E","E","R","B",null,"M","M","?","$","M","R","E","R","T","E","M","E","M","M","R","B",null,"M","M","$","$","M","E"],"character_chosen":"DEFECT","items_purchased":["Lee\u0027s Waffle","Letter Opener","CultistPotion"],"campfire_rested":0,"item_purchase_floors":[21,21,37],"current_hp_per_floor":[75,75,57,55,55,55,55,50,50,50,50,50,50,50,50,42,80,80,77,77,87,87,87,87,87,87,87,87,87,79,67,67,67,87,59,59,59,59,56,0,0],"gold":559,"neow_bonus":"","is_daily":false,"chose_seed":false,"campfire_upgraded":6,"win_rate":0.0,"timestamp":1614298976,"path_taken":["M","M","?","M","M","R","M","E","T","R","M","M","E","E","R","BOSS","M","M","?","$","M","R","E","R","T","E","M","E","M","M","R","BOSS","M","M","$","$","M","E"],"items_purchased_type":["Relic","Relic","Potion"],"build_version":"2020-12-22","purchased_purges":0,"victory":false,"max_hp_per_floor":[75,75,75,75,75,75,75,75,75,75,75,75,75,75,75,75,80,80,80,80,87,87,87,87,87,87,87,87,87,87,87,87,87,87,87,87,87,87,87,87,87],"card_choices":[{"not_picked":["Sanctity","Turbo","Aggregate"],"picked":"SKIP","floor":1},{"not_picked":["Fusion","Hologram","Aggregate"],"picked":"SKIP","floor":2},{"not_picked":["Compile Driver","Glacier","Cold Snap"],"picked":"SKIP","floor":4},{"not_picked":["Undo","Steam","Ball Lightning"],"picked":"SKIP","floor":5},{"not_picked":["Static Discharge","ClearTheMind","CrushJoints"],"picked":"SKIP","floor":7},{"not_picked":["Capacitor","Rainbow","Cold Snap"],"picked":"SKIP","floor":8},{"not_picked":["Redo","SashWhip","Perseverance"],"picked":"SKIP","floor":11},{"not_picked":["EmptyMind","Beam Cell","Consecrate"],"picked":"SKIP","floor":12},{"not_picked":["DevaForm","Study","Brilliance"],"picked":"SKIP","floor":13},{"not_picked":["Rebound","EmptyFist","Adaptation"],"picked":"SKIP","floor":14},{"not_picked":["Establishment","Amplify"],"picked":"Judgement","floor":16},{"not_picked":["Cold Snap","Protect"],"picked":"Perseverance","floor":17},{"not_picked":["FlyingSleeves","Stack+1","Force Field+1"],"picked":"SKIP","floor":18},{"not_picked":["Vault","Worship","BattleHymn"],"picked":"SKIP","floor":19},{"not_picked":["SashWhip+1","Protect","PathToVictory"],"picked":"SKIP","floor":22},{"not_picked":["Evaluate","ClearTheMind","Study+1"],"picked":"SKIP","floor":24},{"not_picked":["CrushJoints","Indignation","Ball Lightning"],"picked":"SKIP","floor":27},{"not_picked":["Protect+1","Swivel","Rebound"],"picked":"SKIP","floor":28},{"not_picked":["White Noise","Stack","Weave+1"],"picked":"SKIP","floor":29},{"not_picked":["Biased Cognition","Capacitor","ThirdEye"],"picked":"SKIP","floor":30},{"not_picked":["Cold Snap","Self Repair","Pray"],"picked":"SKIP","floor":31},{"not_picked":["Ragnarok","Scrawl"],"picked":"Establishment","floor":33},{"not_picked":["Conserve Battery+1","Go for the Eyes"],"picked":"FlyingSleeves+1","floor":35},{"not_picked":["Beam Cell","Tempest","WheelKick"],"picked":"SKIP","floor":36},{"not_picked":["Vengeance","Skim","Redo+1"],"picked":"SKIP","floor":39}],"player_experience":3467058,"relics_obtained":[{"floor":8,"key":"Akabeko"},{"floor":9,"key":"PreservedInsect"},{"floor":13,"key":"Dream Catcher"},{"floor":14,"key":"Symbiotic Virus"},{"floor":24,"key":"Cables"},{"floor":26,"key":"Smiling Mask"},{"floor":27,"key":"War Paint"},{"floor":29,"key":"MawBank"}],"event_choices":[{"damage_healed":0,"gold_gain":0,"player_choice":"Success","damage_taken":18,"relics_obtained":["Centennial Puzzle"],"max_hp_gain":0,"max_hp_loss":0,"event_name":"Scrap Ooze","floor":3,"gold_loss":0}],"is_beta":false,"boss_relics":[{"not_picked":["FrozenCore","Fusion Hammer"],"picked":"Tiny House"},{"not_picked":["Runic Pyramid","Busted Crown"],"picked":"Empty Cage"}],"items_purged_floors":[],"is_endless":false,"potions_floor_spawned":[1,2,8,11,16,24,27,28,30,33,35,36],"killed_by":"Nemesis","ascension_level":0}}