{"host":"j4js999tahsli5mc","time":1614307388,"event":{"mods":["AchievementEnabler","Act Like it!","Aspiration","BaseMod","Better Note","Better Silent Start","Energized Spire","GifTheSpireLib","Halation","Hermit","Hubris","Library of Ruina","Library of Ruina Extra","Lobotomy","LobotomyExtend","Marked Mod","Minty Spire (QoL Compilation)","Rare Cards Sparkle","Reliquary","Replay The Spire","Ruina","StSLib","The Blue Laboratory"],"gold_per_floor":[118,138,151,163,181,181,215,215,286,304,304,18,69,69,69,166,166,180,195,195,195,211,211,239,239,321,339,339,56,56,70,70,170,170,189,32,51,66,44,44,59,71,71,71,84,99,99,119,119,119,119,119,119,22,48,48],"floor_reached":57,"language":"ENG","playtime":4349,"items_purged":[],"score":1206,"play_id":"33572163-cd89-4acf-9a25-821ce71439b4","local_time":"20210225214308","is_ascension_mode":false,"campfire_choices":[{"floor":6,"key":"REST"},{"floor":8,"key":"REST"},{"floor":11,"key":"REST"},{"floor":15,"key":"RECALL"},{"floor":23,"key":"REST"},{"floor":25,"key":"REST"},{"floor":32,"key":"REST"},{"floor":40,"key":"REST"},{"floor":44,"key":"REST"},{"floor":47,"key":"REST"},{"floor":49,"key":"REST"},{"data":"TieShanKao","floor":53,"key":"SMITH"}],"circlet_count":0,"master_deck":["Dodge","LightDefense","LightAttack","LightAttack","LightAttack","LightDefense","LightDefense","LightDefense","ChargeAndCover","FocusedStrikes","FormingStorm","Parry","GuardingStance","BattleCommand+1","Parry2","FleetFootsteps","ViolentFlame","SunsetBlade","Unlock1","FlamingDragonFist","FrontalAssault","Unlock1+1","Rewind+1","Parry2+1","ViolentFlame+1","SunsetBlade+1","Fence","HandleRequest","Parry2+1","TieShanKao","SunsetBlade+1","BattleCommand+1","SinglePointStab","SinglePointStab","FlashOfSunup+1","SinglePointStab+1","TieShanKao+1","TendonChords","UnforgettableMelody+1","FierceCharge","GuardingStance","TasteMyFlamingBat"],"relics":["PageOfLibrarian","LetterFromLob","reliquary:SilkGlove","Lee\u0027s Waffle","PageOfSpiderBud","Replay:Bottled Eggs","Spirit Poop","energizedSpire:EnergizedDie","InkBottle","Happy Flower","Frozen Egg 2","halation:Sosunser","Philosopher\u0027s Stone","PageOfBloodbath","PageOfJudgementBird","halation:Toothbrush"],"acts_visited":["Exordium","ruina:Briah","TheBeyond","TheEnding"],"potions_floor_usage":[7,24,24,33,33,50,56,56],"damage_taken":[{"damage":3,"enemies":"Small Slimes","floor":1,"turns":4},{"damage":0,"enemies":"2 Louse","floor":2,"turns":3},{"damage":0,"enemies":"Cultist","floor":3,"turns":3},{"damage":0,"enemies":"Exordium Wildlife","floor":4,"turns":4},{"damage":31,"enemies":"Lots of Slimes","floor":5,"turns":7},{"damage":11,"enemies":"Gremlin Nob","floor":7,"turns":5},{"damage":24,"enemies":"Large Slime","floor":10,"turns":10},{"damage":46,"enemies":"Slime Boss","floor":16,"turns":10},{"damage":11,"enemies":"ruina:BadWolf","floor":18,"turns":4},{"damage":16,"enemies":"ruina:Nosferatu","floor":19,"turns":4},{"damage":39,"enemies":"ruina:KingOfGreed","floor":22,"turns":4},{"damage":55,"enemies":"ruina:RoadHome","floor":24,"turns":5},{"damage":18,"enemies":"ruina:QueenOfHate","floor":27,"turns":4},{"damage":9,"enemies":"ruina:Nos_and_Bat","floor":28,"turns":4},{"damage":0,"enemies":"ruina:KingOfGreed","floor":30,"turns":5},{"damage":17,"enemies":"ruina:QueenOfHate","floor":31,"turns":3},{"damage":13,"enemies":"ruina:JesterOfNihil","floor":33,"turns":7},{"damage":0,"enemies":"Orb Walker","floor":35,"turns":4},{"damage":29,"enemies":"3 Shapes","floor":37,"turns":6},{"damage":20,"enemies":"Sphere and 2 Shapes","floor":38,"turns":5},{"damage":27,"enemies":"Maw","floor":41,"turns":6},{"damage":36,"enemies":"4 Shapes","floor":42,"turns":5},{"damage":10,"enemies":"Spire Growth","floor":45,"turns":4},{"damage":17,"enemies":"Writhing Mass","floor":46,"turns":4},{"damage":15,"enemies":"Maw","floor":48,"turns":6},{"damage":22,"enemies":"hubris:GrandSnecko","floor":50,"turns":9},{"damage":8,"enemies":"hubris:GrandSnecko","floor":51,"turns":4},{"damage":32,"enemies":"Shield and Spear","floor":55,"turns":5},{"damage":97,"enemies":"The Heart","floor":56,"turns":6}],"seed_played":"-7176861996793786716","potions_obtained":[{"floor":3,"key":"blueLaboratory:BottledHope"},{"floor":4,"key":"AttackPotion"},{"floor":10,"key":"blueLaboratory:BubblePotion"},{"floor":16,"key":"FearPotion"},{"floor":18,"key":"blueLaboratory:TrueEctoplasm"},{"floor":27,"key":"blueLaboratory:LouseDecoction"},{"floor":28,"key":"EssenceOfSteel"},{"floor":35,"key":"FairyPotion"},{"floor":45,"key":"Dexterity Potion"},{"floor":55,"key":"LifebloodPotion"}],"is_trial":false,"path_per_floor":["M","M","M","M","M","R","E","R","T","M","R","$","?","?","R","B",null,"M","M","T","?","M","R","E","R","T","M","M","$","M","M","R","B",null,"M","$","M","M","$","R","M","M","T","R","M","M","R","M","R","B",null,null,"R","$","E","B",null],"character_chosen":"Librarian","items_purchased":["Lee\u0027s Waffle","PageOfSpiderBud","halation:Sosunser","SunsetBlade+1","Fence","PageOfBloodbath","SinglePointStab","FierceCharge","GuardingStance"],"campfire_rested":10,"item_purchase_floors":[12,12,29,29,29,36,39,54,54],"current_hp_per_floor":[63,63,63,63,32,56,45,69,69,45,69,87,87,87,87,50,91,83,70,70,80,47,78,29,60,60,45,42,42,51,37,68,64,104,104,104,81,70,70,101,77,53,53,84,77,63,94,85,104,94,89,104,104,104,81,26],"gold":48,"neow_bonus":"TEN_PERCENT_HP_BONUS","is_daily":false,"chose_seed":false,"campfire_upgraded":1,"win_rate":0.0,"timestamp":1614307388,"path_taken":["M","M","M","M","M","R","E","R","T","M","R","$","?","?","R","BOSS","M","M","?","?","M","R","E","R","T","M","M","$","M","M","R","BOSS","M","?","M","M","$","R","M","M","T","R","M","M","R","M","R","BOSS","R","$","E","BOSS"],"items_purchased_type":["Relic","Relic","Relic","Card","Card","Relic","Card","Card","Card"],"build_version":"2020-12-22","purchased_purges":0,"victory":true,"max_hp_per_floor":[80,68,68,68,68,80,80,80,80,80,80,87,87,87,87,91,91,104,104,104,104,104,104,104,104,104,104,104,104,104,104,104,104,104,104,104,104,104,104,104,104,104,104,104,104,104,104,104,104,104,104,104,104,104,104,104],"card_choices":[{"not_picked":["Unlock1","SinglePointStab","EndlessBattle","BiAn","FleetEdge","SuppressingShot","HighKick","FierceCharge"],"picked":"FormingStorm","floor":1},{"not_picked":["SharpenedBlade","HiddenBlade","HandlingWork","Multislash","Overpower","Laceration","DeepDrag","DaringDecision"],"picked":"Parry","floor":2},{"not_picked":["AsThePrescriptOrders","FleetFootsteps","BackAttack","CoordinatedAssault","Cruelty","Rampage_lor","StrongStrike","Multislash"],"picked":"GuardingStance","floor":3},{"not_picked":["JiaoTu","BackstreetsDash","InhaleSmoke","FleetFootsteps","DirtyBlow","FleshFillet","MultiBlock","EnergyConversion"],"picked":"BattleCommand","floor":4},{"not_picked":["Faith","BackAttack","QuickSuppression","Leap_lor","AlloutWar","EndlessBattle","NightInTheBackstreets","EnergyShield"],"picked":"Parry2","floor":5},{"not_picked":["MultiBlock","Retaliate","Wallop_lor","Pound","StrikeDown","Juggling","LeRegole","ReadyUp"],"picked":"FleetFootsteps","floor":7},{"not_picked":["MultiHit","UnavoidableGaze","HeavyPeaks","Thrust","QuickAttack","GreatSerpentsImpact","UndertakePrescript","GrazeTheGrass"],"picked":"ViolentFlame","floor":10},{"not_picked":["DesperateStruggle","SmokingPipe","EndlessBattle","HiddenBlade","LawAndOrder","BattleCommand","PreemptiveStrike","MindCrush"],"picked":"SunsetBlade","floor":13},{"not_picked":["EnergyStrike","BackAttack","UpbeatPerformance","SnakesPrey","SharpenedBlade","IdentifyWeakpoint","CircusKnives","FleetEdge"],"picked":"Unlock1","floor":13},{"not_picked":["Suppress","MirageStorm"],"picked":"FlamingDragonFist","floor":16},{"not_picked":["SerpentSwordTechnique","GuidanceOfTheGears","Track+1","ChargeUp","PinpointShot","ClassAndRespect","ForTheFamily","EnergyShield","BlowItUp"],"picked":"SKIP","floor":18},{"not_picked":["DarkCloud","EndlessBattle","EnergyCycle+1","Guardian_lor+1","StrikeDown","BiAn","WillOfThePrescript","ShockingBlow+1"],"picked":"FrontalAssault","floor":19},{"not_picked":["ChargeUp","BindingArms+1","InnerArdor","SnakesPrey+1","Tailoring","StructuralAnalysis+1","Diversion","MultiBlock"],"picked":"Unlock1+1","floor":22},{"not_picked":["YoureAHindrance+1","EnergyShield","YoureTooSlow","AsThePrescriptOrders","GuidanceOfTheGears","FleetFootsteps","NightInTheBackstreets","Collision"],"picked":"Rewind+1","floor":24},{"not_picked":["YoureTooSlow","ShockingBlow+1","BackAttack","Endure","Unlock1","Zzzzzap","DefenseOrder","Leap_lor+1"],"picked":"Parry2+1","floor":27},{"not_picked":["WillOfThePrescript","FleetEdge+1","KeepItFresh","FieryWaltz","MultiBlock+1","SnakesPrey+1","DarkCloud+1","Diversion"],"picked":"ViolentFlame+1","floor":28},{"not_picked":["ConcentratedFire","AsThePrescriptOrders","HiddenBlade","LeRegole","PreemptiveStrike+1","DefenseOrder","UpbeatPerformance","ToWhereThePrescriptPoints"],"picked":"HandleRequest","floor":30},{"not_picked":["NightInTheBackstreets","Rewind","ClassAndRespect","Castigation","FrontalAssault","RulesOfTheBackstreets","Zzzzzap","DesperateStruggle"],"picked":"Parry2+1","floor":31},{"not_picked":["MirageStorm","SilentNight"],"picked":"TieShanKao","floor":33},{"not_picked":["Marionette+1","Pound","Faith","ClassAndRespect+1","Fence+1","FleetEdge","ToOvercomeCrisis","Rewind"],"picked":"SunsetBlade+1","floor":35},{"not_picked":["Quickness","SomberProcuration+1","DimensionalRift+1","AutonomousRush","DriedUp+1","QuickAttack","Punishment","Pound+1"],"picked":"BattleCommand+1","floor":37},{"not_picked":["BiAn","MultiBlock","GrazeTheGrass","Multislash+1","NightInTheBackstreets","Wallop_lor+1","CumulusWall+1","UpbeatPerformance+1"],"picked":"SinglePointStab","floor":38},{"not_picked":["SilentMist+1","HighKick+1","Leap_lor+1","SuppressingShot+1","Diversion","SkyClearingCut","FlyingSword","Wallop_lor+1"],"picked":"FlashOfSunup+1","floor":41},{"not_picked":["BiXi+1","EnergyShield","RepressedFlesh","UpbeatPerformance+1","EnergyCycle","HandleRequest+1","ExtremeEdge+1","ForcefulGesture"],"picked":"SinglePointStab+1","floor":42},{"not_picked":["FrontalAssault","DarkCloud+1","UndertakePrescript+1","SuppressingShot+1","Concentration","RapidGashes+1","Rewind+1","SmokingPipe"],"picked":"TieShanKao","floor":45},{"not_picked":["HighSpeedStabbing","FocusFire+1","EnergyShield+1","HiddenBlade+1","AbsorbImpact","AutonomousRush","CookingPrep+1","Faith+1"],"picked":"TendonChords","floor":46},{"not_picked":["CumulusWall+1","MultiHit","GuidanceOfTheGears+1","BackAttack","PinpointShot+1","FleetFootsteps","EnergyShield","SerpentineBarrier"],"picked":"UnforgettableMelody+1","floor":48},{"not_picked":["EndlessBattle","MindPrepared","ChiWen","Pound","Leap_lor+1","Preparation+1","FierceOnslaught","HardRehearsal"],"picked":"TasteMyFlamingBat","floor":55}],"player_experience":494425,"relics_obtained":[{"floor":1,"key":"LetterFromLob"},{"floor":7,"key":"reliquary:SilkGlove"},{"floor":13,"key":"Replay:Bottled Eggs"},{"floor":20,"key":"InkBottle"},{"floor":24,"key":"Happy Flower"},{"floor":26,"key":"Frozen Egg 2"},{"floor":43,"key":"PageOfJudgementBird"},{"floor":55,"key":"halation:Toothbrush"}],"event_choices":[{"cards_removed":["ReplayTheSpireMod:Splinters"],"damage_healed":0,"gold_gain":0,"player_choice":"Offered Curse","damage_taken":0,"relics_obtained":["Spirit Poop"],"max_hp_gain":0,"max_hp_loss":0,"event_name":"Bonfire Elementals","floor":14,"gold_loss":0}],"is_beta":false,"boss_relics":[{"not_picked":["Ectoplasm","energizedSpire:MagnifyingGlass"],"picked":"energizedSpire:EnergizedDie"},{"not_picked":["energizedSpire:OgreHead","halation:MonkeysPaw"],"picked":"Philosopher\u0027s Stone"}],"items_purged_floors":[],"is_endless":false,"potions_floor_spawned":[3,4,10,16,18,27,28,35,41,45,46,55],"ascension_level":0}}