{"host":"f0vzc1iezimimt27","time":1614369927,"event":{"mods":["BaseMod","Colored Map","Highlight Path","Minty Spire (QoL Compilation)","StSLib"],"gold_per_floor":[118,118,118,118,36,36,74,74,100,123,139,154,193,212,212,333,333,353,374,390,48,48,48,63,63,89,89,11,30,63,104,104,224,224,237,253,277,277,277,277],"floor_reached":39,"language":"ENG","playtime":1292,"items_purged":[],"score":583,"play_id":"3da520eb-93ab-44f8-a460-077b6cf652ac","local_time":"20210226230527","is_ascension_mode":true,"campfire_choices":[{"data":"Hemokinesis","floor":6,"key":"SMITH"},{"data":"Bash","floor":8,"key":"SMITH"},{"data":"Demon Form","floor":15,"key":"SMITH"},{"data":"Inflame","floor":23,"key":"SMITH"},{"data":"Shockwave","floor":32,"key":"SMITH"}],"circlet_count":0,"master_deck":["Strike_R","Strike_R","Strike_R","Strike_R","Defend_R","Defend_R","Defend_R","Defend_R","Bash+1","Hemokinesis+1","Iron Wave","Rage","Hemokinesis","Demon Form+1","Immolate","Offering+1","Inflame+1","Ghostly Armor","Shockwave+1","Battle Trance","Rupture+1","Anger+1"],"relics":["Burning Blood","NeowsBlessing","Golden Idol","Gremlin Horn","PreservedInsect","Oddly Smooth Stone","Coffee Dripper","Turnip","MutagenicStrength","Juzu Bracelet","Bottled Tornado","Red Mask","Velvet Choker"],"acts_visited":["Exordium","TheCity","TheBeyond"],"potions_floor_usage":[16,16,30,31],"damage_taken":[{"damage":0,"enemies":"Small Slimes","floor":1,"turns":1},{"damage":2,"enemies":"3 Sentries","floor":7,"turns":1},{"damage":0,"enemies":"2 Louse","floor":10,"turns":1},{"damage":3,"enemies":"Cultist","floor":11,"turns":3},{"damage":5,"enemies":"Large Slime","floor":12,"turns":4},{"damage":4,"enemies":"Gremlin Nob","floor":13,"turns":2},{"damage":16,"enemies":"2 Fungi Beasts","floor":14,"turns":3},{"damage":57,"enemies":"Slime Boss","floor":16,"turns":10},{"damage":8,"enemies":"Chosen","floor":18,"turns":3},{"damage":13,"enemies":"3 Byrds","floor":19,"turns":4},{"damage":6,"enemies":"Snecko","floor":20,"turns":4},{"damage":10,"enemies":"Sentry and Sphere","floor":24,"turns":3},{"damage":29,"enemies":"Centurion and Healer","floor":29,"turns":3},{"damage":2,"enemies":"Gremlin Leader","floor":30,"turns":3},{"damage":0,"enemies":"Masked Bandits","floor":31,"turns":1},{"damage":15,"enemies":"Collector","floor":33,"turns":5},{"damage":32,"enemies":"3 Darklings","floor":35,"turns":4},{"damage":16,"enemies":"3 Shapes","floor":36,"turns":3},{"damage":38,"enemies":"Sphere and 2 Shapes","floor":37,"turns":5},{"damage":22,"enemies":"2 Orb Walkers","floor":39,"turns":1}],"seed_played":"81883168225017949","potions_obtained":[{"floor":1,"key":"ColorlessPotion"},{"floor":11,"key":"AttackPotion"},{"floor":13,"key":"Swift Potion"},{"floor":18,"key":"Dexterity Potion"},{"floor":19,"key":"DistilledChaos"},{"floor":30,"key":"GamblersBrew"},{"floor":31,"key":"Fruit Juice"},{"floor":35,"key":"FearPotion"}],"is_trial":false,"path_per_floor":["M","?","?","?","$","R","E","R","T","M","M","M","E","M","R","B",null,"M","M","M","$","?","R","M","?","T","?","$","M","E","?","R","B",null,"M","M","M","?","?"],"character_chosen":"IRONCLAD","items_purchased":["Hemokinesis","Inflame","Turnip","Shockwave"],"campfire_rested":0,"item_purchase_floors":[5,21,21,28],"current_hp_per_floor":[80,80,60,60,60,60,64,64,64,70,73,74,76,66,66,15,80,78,71,71,71,71,71,67,67,67,55,55,32,36,47,47,38,85,59,49,17,17,0,0],"gold":277,"neow_bonus":"THREE_ENEMY_KILL","is_daily":false,"chose_seed":false,"campfire_upgraded":5,"win_rate":0.0,"timestamp":1614369927,"path_taken":["M","?","?","?","$","R","E","R","T","?","M","M","E","M","R","BOSS","M","M","M","$","?","R","M","?","T","?","?","M","E","?","R","BOSS","M","M","M","?","?"],"items_purchased_type":["Card","Card","Relic","Card"],"build_version":"2020-12-22","purchased_purges":0,"victory":false,"max_hp_per_floor":[80,80,80,80,80,80,80,80,80,80,80,80,80,80,80,80,80,80,80,80,80,80,80,80,80,80,80,80,80,80,85,85,85,85,85,85,85,85,85,85],"card_choices":[{"not_picked":["Evolve","Warcry","Reckless Charge"],"picked":"SKIP","floor":1},{"not_picked":["Body Slam","Clothesline","Power Through"],"picked":"SKIP","floor":7},{"not_picked":["Battle Trance","Clash"],"picked":"Iron Wave","floor":10},{"not_picked":["Body Slam","Clash"],"picked":"Rage","floor":11},{"not_picked":["Pummel","True Grit"],"picked":"Hemokinesis","floor":12},{"not_picked":["Heavy Blade","Warcry"],"picked":"Demon Form","floor":13},{"not_picked":["Headbutt","Dual Wield","Warcry"],"picked":"SKIP","floor":14},{"not_picked":["Brutality","Exhume"],"picked":"Immolate","floor":16},{"not_picked":["Entrench","Seeing Red","Flex"],"picked":"SKIP","floor":18},{"not_picked":["Clash","Headbutt","True Grit"],"picked":"SKIP","floor":19},{"not_picked":["Dual Wield","Clash"],"picked":"Offering","floor":20},{"not_picked":["Flex","Perfected Strike"],"picked":"Ghostly Armor","floor":24},{"not_picked":["Heavy Blade","Headbutt","Armaments"],"picked":"SKIP","floor":29},{"not_picked":["Havoc","Ghostly Armor"],"picked":"Battle Trance","floor":30},{"not_picked":["Pommel Strike+1","Searing Blow+1","Bloodletting+1"],"picked":"SKIP","floor":35},{"not_picked":["Anger","Pommel Strike"],"picked":"Rupture+1","floor":36},{"not_picked":["Bloodletting","Offering"],"picked":"Anger+1","floor":37}],"player_experience":180106,"relics_obtained":[{"floor":7,"key":"Gremlin Horn"},{"floor":9,"key":"PreservedInsect"},{"floor":13,"key":"Oddly Smooth Stone"},{"floor":26,"key":"Juzu Bracelet"},{"floor":30,"key":"Bottled Tornado"},{"floor":31,"key":"Red Mask"}],"event_choices":[{"cards_removed":["Strike_R"],"damage_healed":0,"gold_gain":0,"player_choice":"Forget","damage_taken":0,"max_hp_gain":0,"max_hp_loss":0,"event_name":"Living Wall","floor":2,"gold_loss":0},{"damage_healed":0,"gold_gain":0,"player_choice":"Take Damage","damage_taken":20,"relics_obtained":["Golden Idol"],"max_hp_gain":0,"max_hp_loss":0,"event_name":"Golden Idol","floor":3,"gold_loss":0},{"damage_healed":0,"gold_gain":0,"player_choice":"Ignored","damage_taken":0,"max_hp_gain":0,"max_hp_loss":0,"event_name":"Transmorgrifier","floor":4,"gold_loss":0},{"damage_healed":0,"gold_gain":0,"player_choice":"Inject Mutagens","damage_taken":0,"relics_obtained":["MutagenicStrength"],"max_hp_gain":0,"max_hp_loss":0,"event_name":"Drug Dealer","floor":22,"gold_loss":0},{"damage_healed":0,"gold_gain":0,"player_choice":"Forge","damage_taken":0,"max_hp_gain":0,"max_hp_loss":0,"event_name":"Accursed Blacksmith","floor":25,"gold_loss":0,"cards_upgraded":["Offering"]},{"damage_healed":0,"gold_gain":0,"player_choice":"POTION ","damage_taken":12,"max_hp_gain":0,"max_hp_loss":0,"event_name":"Knowing Skull","floor":27,"potions_obtained":["Explosive Potion"],"gold_loss":0,"cards_obtained":[]},{"damage_healed":0,"gold_gain":0,"player_choice":"Fought Bandits","damage_taken":0,"max_hp_gain":0,"max_hp_loss":0,"event_name":"Masked Bandits","floor":31,"gold_loss":0},{"damage_healed":0,"gold_gain":0,"player_choice":"Memory 1","damage_taken":0,"max_hp_gain":0,"max_hp_loss":0,"event_name":"SensoryStone","floor":38,"gold_loss":0},{"damage_healed":0,"gold_gain":0,"player_choice":"Fight","damage_taken":0,"max_hp_gain":0,"max_hp_loss":0,"event_name":"Mysterious Sphere","floor":39,"gold_loss":0}],"is_beta":false,"boss_relics":[{"not_picked":["Cursed Key","Pandora\u0027s Box"],"picked":"Coffee Dripper"},{"not_picked":["Snecko Eye","Tiny House"],"picked":"Velvet Choker"}],"items_purged_floors":[],"is_endless":false,"potions_floor_spawned":[1,11,13,18,19,29,30,31,35,36],"killed_by":"2 Orb Walkers","ascension_level":4}}