{"host":"ztme5fio60r7om62","time":1614332508,"event":{"mods":["BaseMod","Highlight Path","Minty Spire (QoL Compilation)","Permanent Neow","everything is the same but u backflip on backflip"],"gold_per_floor":[109,128,143,143,162,197,197,231,254,287,16,29,48,77,77,178,178,195,110,126,176,101,135,152,152,152],"floor_reached":25,"language":"KOR","playtime":885,"items_purged":[],"score":243,"play_id":"81b8e813-5edf-420f-87c3-613ac904760f","local_time":"20210226184148","is_ascension_mode":false,"campfire_choices":[{"data":"Rupture","floor":7.0,"key":"SMITH"},{"data":"Uppercut","floor":15.0,"key":"SMITH"}],"circlet_count":0,"master_deck":["Strike_R","Strike_R","Strike_R","Strike_R","Defend_R","Defend_R","Defend_R","Bash","Rage","Cleave","Hemokinesis","Ghostly Armor","Rupture+1","Heavy Blade","Uppercut+1","Battle Trance","Feed","Offering","Combust","Headbutt","Thunderclap","Berserk","Combust","Clash","Flame Barrier"],"relics":["Burning Blood","Blood Vial","Juzu Bracelet","Boot","Bag of Marbles","Vajra","Membership Card","Odd Mushroom","Velvet Choker","Ancient Tea Set","Anchor"],"acts_visited":["Exordium","TheCity"],"potions_floor_usage":[],"damage_taken":[{"damage":0.0,"enemies":"Small Slimes","floor":1.0,"turns":3.0},{"damage":2.0,"enemies":"Jaw Worm","floor":2.0,"turns":4.0},{"damage":2.0,"enemies":"Cultist","floor":3.0,"turns":3.0},{"damage":10.0,"enemies":"Looter","floor":5.0,"turns":3.0},{"damage":9.0,"enemies":"Lagavulin","floor":6.0,"turns":10.0},{"damage":4.0,"enemies":"Gremlin Nob","floor":8.0,"turns":3.0},{"damage":30.0,"enemies":"Lagavulin","floor":10.0,"turns":8.0},{"damage":2.0,"enemies":"3 Louse","floor":12.0,"turns":2.0},{"damage":11.0,"enemies":"Lots of Slimes","floor":13.0,"turns":6.0},{"damage":15.0,"enemies":"The Mushroom Lair","floor":14.0,"turns":3.0},{"damage":25.0,"enemies":"Slime Boss","floor":16.0,"turns":6.0},{"damage":2.0,"enemies":"Spheric Guardian","floor":18.0,"turns":3.0},{"damage":19.0,"enemies":"2 Thieves","floor":20.0,"turns":4.0},{"damage":28,"enemies":"Gremlin Leader","floor":23,"turns":5},{"damage":23,"enemies":"Snake Plant","floor":24,"turns":4}],"seed_played":"3849102700531700834","potions_obtained":[{"floor":1.0,"key":"SteroidPotion"},{"floor":3.0,"key":"AttackPotion"},{"floor":5.0,"key":"Block Potion"},{"floor":6.0,"key":"Ancient Potion"},{"floor":10.0,"key":"Energy Potion"},{"floor":20.0,"key":"FearPotion"},{"floor":24,"key":"Dexterity Potion"}],"is_trial":false,"path_per_floor":["M","M","M","?","M","E","R","E","T","E","$","M","M","?","R","B",null,"M","?","M","?","?","E","M","R"],"character_chosen":"IRONCLAD","items_purchased":["Membership Card","Feed","Offering"],"campfire_rested":0,"item_purchase_floors":[11,11,11],"current_hp_per_floor":[80,80,80,73,71,70,70,74,74,52,52,61,61,57,57,43,92,92,92,79,79,79,59,44,44,44],"gold":152,"neow_bonus":"TRANSFORM_CARD","is_daily":false,"chose_seed":false,"campfire_upgraded":2,"win_rate":0.0,"timestamp":1614332508,"path_taken":["M","M","M","?","M","E","R","E","T","E","$","M","M","?","R","BOSS","M","?","M","?","?","E","M","R"],"items_purchased_type":["Relic","Card","Card"],"build_version":"2020-12-22","purchased_purges":0,"victory":false,"max_hp_per_floor":[80,80,80,80,80,80,80,80,80,80,80,83,86,89,89,92,92,92,92,92,92,92,92,92,92,92],"card_choices":[{"not_picked":["Dual Wield","Dark Embrace"],"picked":"Cleave","floor":1.0},{"not_picked":["Rupture","Burning Pact"],"picked":"Hemokinesis","floor":2.0},{"not_picked":["Feel No Pain","Pommel Strike"],"picked":"Ghostly Armor","floor":3.0},{"not_picked":["Headbutt","Iron Wave"],"picked":"Rupture","floor":5.0},{"not_picked":["Body Slam","Entrench"],"picked":"Heavy Blade","floor":6.0},{"not_picked":["Infernal Blade","Reckless Charge"],"picked":"Uppercut","floor":8.0},{"not_picked":["Flame Barrier","Anger"],"picked":"Battle Trance","floor":10.0},{"not_picked":["Burning Pact","Sword Boomerang"],"picked":"Combust","floor":12.0},{"not_picked":["Thunderclap","Dropkick"],"picked":"Headbutt","floor":13.0},{"not_picked":["Armaments","Clothesline"],"picked":"Thunderclap","floor":14.0},{"not_picked":["Fiend Fire","Bludgeon"],"picked":"Berserk","floor":16.0},{"not_picked":["Sword Boomerang","Warcry"],"picked":"Combust","floor":18.0},{"not_picked":["Warcry","Shrug It Off","Sever Soul"],"picked":"SKIP","floor":20.0},{"not_picked":["Evolve","Warcry"],"picked":"Clash","floor":23},{"not_picked":["Twin Strike+1","Body Slam+1"],"picked":"Flame Barrier","floor":24}],"player_experience":626974,"relics_obtained":[{"floor":6.0,"key":"Juzu Bracelet"},{"floor":8.0,"key":"Boot"},{"floor":9.0,"key":"Bag of Marbles"},{"floor":10.0,"key":"Vajra"},{"floor":14.0,"key":"Odd Mushroom"},{"floor":23,"key":"Anchor"}],"event_choices":[{"damage_healed":0.0,"max_hp_gain":0.0,"max_hp_loss":0.0,"gold_gain":0.0,"event_name":"Scrap Ooze","player_choice":"Success","floor":4.0,"gold_loss":0.0,"damage_taken":7.0,"relics_obtained":["Blood Vial"]},{"damage_healed":0.0,"max_hp_gain":0.0,"max_hp_loss":0.0,"gold_gain":0.0,"event_name":"Mushrooms","player_choice":"Fought Mushrooms","floor":14.0,"gold_loss":0.0,"damage_taken":0.0},{"damage_healed":0.0,"max_hp_gain":0.0,"max_hp_loss":0.0,"gold_gain":0.0,"event_name":"Addict","player_choice":"Obtained Relic","floor":19.0,"gold_loss":85.0,"damage_taken":0.0,"relics_obtained":["Ancient Tea Set"]},{"damage_healed":0,"gold_gain":100,"player_choice":"Bet on Murderer","damage_taken":0,"max_hp_gain":0,"max_hp_loss":0,"event_name":"The Joust","floor":21,"gold_loss":50},{"cards_removed":["Strike_R"],"damage_healed":0,"gold_gain":0,"player_choice":"Gave Gold","damage_taken":0,"max_hp_gain":0,"max_hp_loss":0,"event_name":"Beggar","floor":22,"gold_loss":75}],"is_beta":false,"boss_relics":[{"not_picked":["Philosopher\u0027s Stone","Black Star"],"picked":"Velvet Choker"}],"items_purged_floors":[],"is_endless":false,"potions_floor_spawned":[1,3,5,6,10,20,24],"ascension_level":0}}