{"host":"xr2w6q7a088fu8w2","time":1614326126,"event":{"mods":["AchievementEnabler","BaseMod","Colored Powertips","Good Game Mod","Koishi","Minty Spire (QoL Compilation)","MostiFishMod","Reimu£®≤©¿ˆ¡È√Œ£©","Relic Filter Mod","Reliquary","StSLib","SuperFastMode","UnlockEverythingMod"],"gold_per_floor":[113,37,50,66,82,82,107,107,107,107,134,5,32,32,32,131,131,151,88,108,124,49,49,76,88,88,123,133,133,153,65,65,168,168,168],"floor_reached":34,"language":"ZHS","playtime":759,"items_purged":["Defend_G","Strike_G","Defend_G","Strike_G","Defend_G"],"score":710,"play_id":"aa7128cb-154f-4dd6-aace-a43559f11b0d","local_time":"20210226155526","daily_mods":["Vintage","Green Cards","Heirloom","Time Dilation","Elite Swarm"],"is_ascension_mode":false,"campfire_choices":[{"data":"Koishi:EmbryosDream","floor":6,"key":"SMITH"},{"data":"Adrenaline","floor":8,"key":"SMITH"},{"data":"Koishi:PhantomBarrier","floor":15,"key":"SMITH"},{"data":"Neutralize","floor":23,"key":"SMITH"},{"data":"Survivor","floor":32,"key":"SMITH"}],"circlet_count":0,"master_deck":["Strike_G","Strike_G","Strike_G+1","Defend_G+1","Defend_G+1","Survivor+1","Neutralize+1","Koishi:PhantomBarrier+1","Koishi:EmbryosDream+1","Adrenaline+1","MostiFishMod:GrandStart+1","Strike_G"],"relics":["Ring of the Snake","REME:ComplimentaryCards","DaveBox","Membership Card","Ginger","PreservedInsect","SynthV:TestCard","Eternal Feather","Meat on the Bone","Pear","reliquary:SharkskinSheath","Regal Pillow","Lantern","ExusiaiGun","reliquary:Firecrackers","War Paint","reliquary:HotPoker","Gremlin Horn","Ornamental Fan","reliquary:JackalopeAntler","Frozen Egg 2","Matryoshka","Vajra","Empty Cage"],"acts_visited":["Exordium","TheCity"],"potions_floor_usage":[7,16],"damage_taken":[{"damage":0,"enemies":"Cultist","floor":1,"turns":4},{"damage":0,"enemies":"Small Slimes","floor":3,"turns":3},{"damage":0,"enemies":"Jaw Worm","floor":4,"turns":4},{"damage":9,"enemies":"Gremlin Gang","floor":5,"turns":7},{"damage":7,"enemies":"Gremlin Nob","floor":7,"turns":4},{"damage":4,"enemies":"3 Sentries","floor":11,"turns":6},{"damage":0,"enemies":"Lagavulin","floor":13,"turns":1},{"damage":20,"enemies":"The Guardian","floor":16,"turns":5},{"damage":0,"enemies":"3 Byrds","floor":18,"turns":1},{"damage":0,"enemies":"Shell Parasite","floor":20,"turns":1},{"damage":0,"enemies":"Centurion and Healer","floor":21,"turns":1},{"damage":0,"enemies":"Slavers","floor":24,"turns":1},{"damage":0,"enemies":"Sentry and Sphere","floor":25,"turns":1},{"damage":0,"enemies":"Gremlin Leader","floor":27,"turns":1},{"damage":0,"enemies":"Snake Plant","floor":28,"turns":1},{"damage":0,"enemies":"Centurion and Healer","floor":30,"turns":1},{"damage":0,"enemies":"Champ","floor":33,"turns":1}],"seed_played":"9211806590669325074","potions_obtained":[{"floor":4,"key":"Poison Potion"},{"floor":7,"key":"Poison Potion"},{"floor":16,"key":"ZuzhouPotion:ReiMu"},{"floor":20,"key":"CunningPotion"},{"floor":24,"key":"BlessingOfTheForge"},{"floor":33,"key":"CultistPotion"}],"is_trial":true,"path_per_floor":["M","$","M","M","M","R","E","R","T","?","E","$","E","?","R","B",null,"M","$","M","M","$","R","E","M","T","E","M","?","M","$","R","B",null],"character_chosen":"THE_SILENT","items_purchased":["Koishi:PhantomBarrier","Koishi:EmbryosDream","MostiFishMod:GrandStart"],"campfire_rested":0,"item_purchase_floors":[2,2,12],"current_hp_per_floor":[70,70,70,70,61,67,70,76,76,81,77,77,77,60,66,46,85,85,85,85,85,85,85,85,85,85,85,85,85,85,85,85,85,85,85],"gold":168,"neow_bonus":"","is_daily":false,"chose_seed":false,"campfire_upgraded":5,"win_rate":0.0,"timestamp":1614326126,"path_taken":["M","$","M","M","?","R","E","R","T","?","E","$","E","?","R","BOSS","M","$","M","M","$","R","E","M","T","E","M","?","?","?","R","BOSS"],"items_purchased_type":["Card","Card","Card"],"build_version":"2020-12-22","purchased_purges":5,"victory":false,"max_hp_per_floor":[70,70,70,70,70,70,80,80,80,85,85,85,85,85,85,85,85,85,85,85,85,85,85,85,85,85,85,85,85,85,85,85,85,85,85],"card_choices":[{"not_picked":["Wraith Form v2","Envenom","Koishi:FadingMemory","MostiFishMod:Neurotoxin"],"picked":"Adrenaline","floor":7},{"not_picked":["Koishi:SuperEgo","Koishi:HeartStoppingHorror","Koishi:RoseHell","Koishi:Heartbroken","MostiFishMod:Dislodge"],"picked":"SKIP","floor":11},{"not_picked":["Phantasmal Killer","Koishi:FormlessExistence","Koishi:TerrifyingSpectre","Koishi:HeartStoppingHorror","Glass Knife"],"picked":"SKIP","floor":13},{"not_picked":["MostiFishMod:LethalBlade","Koishi:FormlessExistence","Koishi:ImGoingToCallYouNow","Doppelganger","Koishi:Ego"],"picked":"SKIP","floor":24},{"not_picked":["Koishi:TerrifyingSpectre+1","MostiFishMod:HiddenBlade","MostiFishMod:SpreadingSpore","Wraith Form v2+1","Unload"],"picked":"SKIP","floor":27}],"player_experience":166371,"relics_obtained":[{"floor":1,"key":"PreservedInsect"},{"floor":1,"key":"SynthV:TestCard"},{"floor":4,"key":"Eternal Feather"},{"floor":5,"key":"Meat on the Bone"},{"floor":7,"key":"Pear"},{"floor":9,"key":"reliquary:SharkskinSheath"},{"floor":11,"key":"Regal Pillow"},{"floor":13,"key":"Lantern"},{"floor":18,"key":"reliquary:Firecrackers"},{"floor":20,"key":"War Paint"},{"floor":21,"key":"reliquary:HotPoker"},{"floor":24,"key":"Gremlin Horn"},{"floor":25,"key":"Ornamental Fan"},{"floor":26,"key":"reliquary:JackalopeAntler"},{"floor":27,"key":"Frozen Egg 2"},{"floor":28,"key":"Matryoshka"},{"floor":30,"key":"Vajra"}],"event_choices":[{"damage_healed":0,"gold_gain":0,"player_choice":"Donut","damage_taken":0,"max_hp_gain":5,"max_hp_loss":0,"event_name":"Big Fish","floor":10,"gold_loss":0},{"damage_healed":0,"gold_gain":0,"player_choice":"Entered Light","damage_taken":17,"max_hp_gain":0,"max_hp_loss":0,"event_name":"Shining Light","floor":14,"gold_loss":0,"cards_upgraded":["MostiFishMod:GrandStart","Strike_G"]},{"damage_healed":0,"gold_gain":0,"player_choice":"Ignored","damage_taken":0,"max_hp_gain":0,"max_hp_loss":0,"event_name":"Duplicator","floor":29,"gold_loss":0}],"is_beta":false,"boss_relics":[{"not_picked":["Black Star","Runic Pyramid"],"picked":"ExusiaiGun"},{"not_picked":["reliquary:WritOfMandamus","Sozu"],"picked":"Empty Cage"}],"items_purged_floors":[2,12,19,22,31],"is_endless":true,"potions_floor_spawned":[4,7,16,20,24,30,33],"ascension_level":0}}