{"host":"test","time":1614345246,"event":{"mods":["BaseMod","Bestiary","Colored Map","Colored Powertips","Minty Spire (QoL Compilation)","Relic Stats","Slay the Relics Exporter","SpireBot","StSLib","ojb\u0027s Better Paths Mod","ojb\u0027s Info Mod: The sequel"],"gold_per_floor":[119,119,130,205,222,252,252,264,288,302,314,314,346,29,29,103,103,114,124,174,2,15,15,49,49,49,59,90,105,121,134,134,206,206,226,226,226,243,15,48,48,75,87,127,157,188,200,244,256,268,280,292,304,51,79,79],"floor_reached":57,"language":"JPN","playtime":3881,"items_purged":["Strike_G","Strike_G+1"],"score":3048,"play_id":"6235f92c-a4dd-4b80-91a0-cb5b8ccdbd14","local_time":"20210226221406","is_ascension_mode":true,"campfire_choices":[{"data":"Dagger Spray","floor":7.0,"key":"SMITH"},{"floor":12.0,"key":"REST"},{"data":"Accuracy","floor":15.0,"key":"SMITH"},{"data":"Wraith Form v2","floor":23.0,"key":"SMITH"},{"data":"Well Laid Plans","floor":25.0,"key":"SMITH"},{"data":"Phantasmal Killer","floor":32.0,"key":"SMITH"},{"data":"Wraith Form v2","floor":41.0,"key":"SMITH"},{"floor":49.0,"key":"RECALL"},{"data":"Tools of the Trade","floor":53.0,"key":"SMITH"}],"circlet_count":0,"master_deck":["AscendersBane","Defend_G","Defend_G","Defend_G","Survivor","Neutralize+1","Blade Dance","Dagger Spray+1","Accuracy+1","Backflip","Blade Dance","Infinite Blades","Dagger Throw","Wraith Form v2+1","Venomology","Cloak And Dagger","Cloak And Dagger","Well Laid Plans+1","Blade Dance","PiercingWail","Accuracy","Tools of the Trade+1","Acrobatics","Phantasmal Killer+1","PiercingWail","Backflip","PiercingWail","Footwork+1","Wraith Form v2+1","Eviscerate+1","Calculated Gamble+1","Dagger Spray+1","Finesse","Backflip","Escape Plan","Acrobatics","Blade Dance","Calculated Gamble","Acrobatics+1","Blade Dance","Acrobatics+1"],"relics":["Ring of the Snake","Sundial","Whetstone","Pen Nib","Kunai","PreservedInsect","Philosopher\u0027s Stone","Orrery","MealTicket","Meat on the Bone","Potion Belt","Astrolabe","OrangePellets","Du-Vu Doll","MawBank","Blue Candle","Ninja Scroll","Oddly Smooth Stone","Letter Opener"],"acts_visited":["Exordium","TheCity","TheBeyond","TheEnding"],"potions_floor_usage":[56,56,56,56],"damage_taken":[{"damage":3.0,"enemies":"Cultist","floor":1.0,"turns":5.0},{"damage":0.0,"enemies":"Jaw Worm","floor":3.0,"turns":4.0},{"damage":1.0,"enemies":"Small Slimes","floor":5.0,"turns":2.0},{"damage":17.0,"enemies":"Lagavulin","floor":6.0,"turns":6.0},{"damage":3.0,"enemies":"Exordium Thugs","floor":8.0,"turns":4.0},{"damage":0.0,"enemies":"2 Fungi Beasts","floor":10.0,"turns":2.0},{"damage":4.0,"enemies":"Looter","floor":11.0,"turns":3.0},{"damage":6.0,"enemies":"Gremlin Nob","floor":13.0,"turns":3.0},{"damage":12.0,"enemies":"Hexaghost","floor":16.0,"turns":6.0},{"damage":5.0,"enemies":"Shell Parasite","floor":18.0,"turns":5.0},{"damage":1.0,"enemies":"2 Thieves","floor":19.0,"turns":3.0},{"damage":0.0,"enemies":"Snake Plant","floor":22.0,"turns":4.0},{"damage":10.0,"enemies":"Gremlin Leader","floor":24.0,"turns":5.0},{"damage":4.0,"enemies":"Centurion and Healer","floor":27.0,"turns":8.0},{"damage":13.0,"enemies":"Book of Stabbing","floor":28.0,"turns":3.0},{"damage":4.0,"enemies":"Chosen and Byrds","floor":29.0,"turns":5.0},{"damage":12.0,"enemies":"Snake Plant","floor":30.0,"turns":4.0},{"damage":9.0,"enemies":"Snecko","floor":31.0,"turns":3.0},{"damage":10.0,"enemies":"Champ","floor":33.0,"turns":7.0},{"damage":4.0,"enemies":"3 Shapes","floor":35.0,"turns":3.0},{"damage":22.0,"enemies":"3 Darklings","floor":38.0,"turns":6.0},{"damage":1.0,"enemies":"Nemesis","floor":40.0,"turns":7.0},{"damage":1.0,"enemies":"Giant Head","floor":42.0,"turns":6.0},{"damage":0.0,"enemies":"Reptomancer","floor":44.0,"turns":6.0},{"damage":0.0,"enemies":"4 Shapes","floor":45.0,"turns":9.0},{"damage":4.0,"enemies":"Writhing Mass","floor":46.0,"turns":5.0},{"damage":0.0,"enemies":"Nemesis","floor":48.0,"turns":7.0},{"damage":29.0,"enemies":"Time Eater","floor":50.0,"turns":10.0},{"damage":0.0,"enemies":"Donu and Deca","floor":51.0,"turns":10.0},{"damage":29.0,"enemies":"Shield and Spear","floor":55.0,"turns":4.0},{"damage":28,"enemies":"The Heart","floor":56,"turns":9}],"seed_played":"-7284425191585415929","potions_obtained":[{"floor":1.0,"key":"AttackPotion"},{"floor":5.0,"key":"Energy Potion"},{"floor":6.0,"key":"GamblersBrew"},{"floor":10.0,"key":"LiquidBronze"},{"floor":27.0,"key":"Block Potion"},{"floor":29.0,"key":"Strength Potion"},{"floor":31.0,"key":"Dexterity Potion"}],"is_trial":false,"path_per_floor":["M","T","M","?","M","E","R","M","T","M","M","R","E","$","R","B",null,"M","M","?","$","M","R","E","R","T","M","E","M","M","M","R","B",null,"M","?","?","M","$","E","R","E","T","E","M","M","T","E","R","B","B",null,"R","$","E","B",null],"character_chosen":"THE_SILENT","items_purchased":["Wraith Form v2","PreservedInsect","Orrery","OrangePellets","Backflip","DuplicationPotion","SteroidPotion","Blade Dance"],"campfire_rested":1,"item_purchase_floors":[14,14,21,39,39,54,54,54],"current_hp_per_floor":[56,56,56,45,44,27,27,24,24,24,20,38,32,32,32,20,50,45,44,44,44,44,44,34,34,34,42,41,37,37,40,40,42,56,52,52,42,32,47,46,46,45,45,45,45,41,41,56,56,39,39,53,53,57,40,24],"gold":79,"neow_bonus":"REMOVE_TWO","is_daily":false,"chose_seed":true,"campfire_upgraded":7,"win_rate":0.0,"timestamp":1614345246,"path_taken":["M","?","M","?","M","E","R","M","T","M","M","R","E","$","R","BOSS","M","M","?","?","?","R","E","R","T","M","E","M","M","M","R","BOSS","M","?","?","M","$","E","R","E","T","E","M","M","?","E","R","BOSS","BOSS","R","$","E","BOSS"],"items_purchased_type":["Card","Relic","Relic","Relic","Card","Potion","Potion","Card"],"build_version":"2020-12-18","purchased_purges":2,"victory":true,"max_hp_per_floor":[60,60,60,60,60,60,60,60,60,60,60,60,60,60,60,60,60,60,60,60,60,60,60,60,60,60,60,60,60,60,60,60,60,60,60,57,57,57,57,57,57,57,57,57,57,57,57,57,57,57,57,57,57,57,57,57],"relic_stats":{"counters":[31,164],"Astrolabe":["Eviscerate","Calculated Gamble","Dagger Spray"],"Blue Candle":[0],"Pen Nib":[43],"PreservedInsect":458,"Whetstone":["Strike_G","Neutralize"],"Letter Opener":[35],"MawBank":144,"OrangePellets":[28],"Sundial":[16],"MealTicket":19,"Kunai":[104],"obtain_stats":[{"Potion Belt":28,"Astrolabe":34,"Blue Candle":44,"Oddly Smooth Stone":48,"Pen Nib":9,"PreservedInsect":14,"Whetstone":6,"Letter Opener":55,"MawBank":42,"Du-Vu Doll":40,"OrangePellets":39,"Sundial":2,"Ninja Scroll":47,"Orrery":21,"Philosopher\u0027s Stone":17,"MealTicket":24,"Kunai":13,"Ring of the Snake":0,"Meat on the Bone":26},{"Potion Belt":15,"Astrolabe":19,"Blue Candle":24,"Oddly Smooth Stone":27,"Pen Nib":5,"PreservedInsect":8,"Whetstone":4,"Letter Opener":30,"MawBank":23,"Du-Vu Doll":22,"OrangePellets":21,"Sundial":1,"Ninja Scroll":26,"Orrery":11,"Philosopher\u0027s Stone":9,"MealTicket":13,"Kunai":8,"Ring of the Snake":0,"Meat on the Bone":13},{"Potion Belt":63,"Astrolabe":82,"Blue Candle":110,"Oddly Smooth Stone":131,"Pen Nib":21,"PreservedInsect":29,"Whetstone":17,"Letter Opener":155,"MawBank":104,"Du-Vu Doll":98,"OrangePellets":91,"Sundial":5,"Ninja Scroll":124,"Orrery":43,"Philosopher\u0027s Stone":35,"MealTicket":52,"Kunai":29,"Ring of the Snake":0,"Meat on the Bone":52}],"Ring of the Snake":[62],"Meat on the Bone":108},"card_choices":[{"not_picked":["Bouncing Flask","Terror"],"picked":"Blade Dance","floor":1.0},{"not_picked":["Slice","Quick Slash"],"picked":"Dagger Spray","floor":3.0},{"not_picked":["Heel Hook","Backflip"],"picked":"Accuracy","floor":5.0},{"not_picked":["Calculated Gamble","Storm of Steel"],"picked":"Backflip","floor":6.0},{"not_picked":["Flying Knee","Escape Plan"],"picked":"Blade Dance","floor":8.0},{"not_picked":["Escape Plan","PiercingWail"],"picked":"Infinite Blades","floor":10.0},{"not_picked":["Slice","Unload"],"picked":"Dagger Throw","floor":11.0},{"not_picked":["Predator","Noxious Fumes","Sucker Punch"],"picked":"SKIP","floor":13.0},{"not_picked":["Glass Knife","Envenom"],"picked":"Venomology","floor":16.0},{"not_picked":["Dodge and Roll","PiercingWail"],"picked":"Cloak And Dagger","floor":18.0},{"not_picked":["Reflex+1","Deadly Poison"],"picked":"Cloak And Dagger","floor":19.0},{"not_picked":["Outmaneuver","Blade Dance"],"picked":"Well Laid Plans","floor":21.0},{"not_picked":["Infinite Blades","Bane"],"picked":"Blade Dance","floor":21.0},{"not_picked":["Sucker Punch","Prepared"],"picked":"PiercingWail","floor":21.0},{"not_picked":["Infinite Blades+1","Bane+1"],"picked":"Accuracy","floor":21.0},{"not_picked":["Acrobatics","Poisoned Stab"],"picked":"Tools of the Trade","floor":21.0},{"not_picked":["Choke","PiercingWail+1"],"picked":"Acrobatics","floor":22.0},{"not_picked":["Dash","Finisher"],"picked":"Phantasmal Killer","floor":24.0},{"not_picked":["All Out Attack","Heel Hook"],"picked":"PiercingWail","floor":27.0},{"not_picked":["Dagger Spray","Expertise"],"picked":"Backflip","floor":28.0},{"not_picked":["Slice","All Out Attack"],"picked":"PiercingWail","floor":29.0},{"not_picked":["Sucker Punch","Prepared"],"picked":"Footwork+1","floor":30.0},{"not_picked":["All Out Attack","Flying Knee","PiercingWail"],"picked":"SKIP","floor":31.0},{"not_picked":["Unload","Corpse Explosion"],"picked":"Wraith Form v2","floor":33.0},{"not_picked":["Quick Slash+1","Sucker Punch","Flechettes"],"picked":"SKIP","floor":35.0},{"not_picked":["Flash of Steel","Impatience"],"picked":"Finesse","floor":37.0},{"not_picked":["Sucker Punch","Predator+1","Bane"],"picked":"SKIP","floor":38.0},{"not_picked":["Noxious Fumes","Riddle With Holes"],"picked":"Escape Plan","floor":40.0},{"not_picked":["Skewer","Dagger Throw+1"],"picked":"Acrobatics","floor":42.0},{"not_picked":["Endless Agony","Prepared","Riddle With Holes"],"picked":"SKIP","floor":44.0},{"not_picked":["Dagger Spray","Masterful Stab"],"picked":"Blade Dance","floor":45.0},{"not_picked":["Predator","Noxious Fumes"],"picked":"Calculated Gamble","floor":46.0},{"not_picked":["Heel Hook","Setup"],"picked":"Acrobatics+1","floor":48.0},{"not_picked":["Grand Finale","Crippling Poison"],"picked":"Acrobatics+1","floor":55.0}],"player_experience":2137864,"relics_obtained":[{"floor":2.0,"key":"Sundial"},{"floor":6.0,"key":"Whetstone"},{"floor":9.0,"key":"Pen Nib"},{"floor":13.0,"key":"Kunai"},{"floor":24.0,"key":"MealTicket"},{"floor":26.0,"key":"Meat on the Bone"},{"floor":28.0,"key":"Potion Belt"},{"floor":40.0,"key":"Du-Vu Doll"},{"floor":42.0,"key":"MawBank"},{"floor":44.0,"key":"Blue Candle"},{"floor":47.0,"key":"Ninja Scroll"},{"floor":48.0,"key":"Oddly Smooth Stone"},{"floor":55.0,"key":"Letter Opener"}],"event_choices":[{"damage_healed":0.0,"max_hp_gain":0.0,"max_hp_loss":0.0,"gold_gain":75.0,"event_name":"World of Goop","player_choice":"Gather Gold","floor":4.0,"gold_loss":0.0,"damage_taken":11.0},{"damage_healed":0.0,"max_hp_gain":0.0,"max_hp_loss":0.0,"gold_gain":100.0,"event_name":"The Joust","player_choice":"Bet on Murderer","floor":20.0,"gold_loss":50.0,"damage_taken":0.0},{"damage_healed":0.0,"max_hp_gain":0.0,"max_hp_loss":3.0,"gold_gain":0.0,"event_name":"Winding Halls","player_choice":"Max HP","floor":36.0,"gold_loss":0.0,"damage_taken":0.0},{"damage_healed":0.0,"max_hp_gain":0.0,"max_hp_loss":0.0,"gold_gain":0.0,"event_name":"SensoryStone","player_choice":"Memory 3","floor":37.0,"gold_loss":0.0,"damage_taken":10.0}],"is_beta":true,"boss_relics":[{"not_picked":["Calling Bell","SacredBark"],"picked":"Philosopher\u0027s Stone"},{"not_picked":["Velvet Choker","Busted Crown"],"picked":"Astrolabe"}],"items_purged_floors":[14,54],"is_endless":false,"potions_floor_spawned":[1,5,6,10,24,27,29,31,38,42,46],"ascension_level":20}}