{"host":"opgesw7sb5n0ordz","time":1614310388,"event":{"mods":["BaseMod","Better Note","Colored Powertips","Curses Come First","Downfall","Minty Spire (QoL Compilation)","Relic Stats","Shedinja","StSLib","Unceasing Turn Reminder"],"gold_per_floor":[111,111,122,135,95,95,95],"floor_reached":6,"language":"ENG","playtime":128,"items_purged":[],"score":41,"play_id":"cfdbb0ee-6c5c-4e4f-8cfc-018c04f9b58b","local_time":"20210225223308","is_ascension_mode":true,"campfire_choices":[],"circlet_count":0,"master_deck":["Shedinja:Scratch","Shedinja:Scratch","Shedinja:Scratch","Shedinja:Scratch","Shedinja:Scratch","Shedinja:Endure","Shedinja:Endure","Shedinja:Endure","Shedinja:Endure","Shedinja:Endure","Shedinja:FocusSash","Shedinja:FocusSash","Shedinja:WillOWisp+1","Shedinja:StruggleBug","Shedinja:StringShot"],"relics":["Shedinja:WonderGuard","NeowsBlessing"],"acts_visited":["Exordium"],"potions_floor_usage":[6],"damage_taken":[{"damage":0,"enemies":"Jaw Worm","floor":1,"turns":1},{"damage":0,"enemies":"Cultist","floor":3,"turns":1},{"damage":0,"enemies":"Small Slimes","floor":4,"turns":1},{"damage":7,"enemies":"Lagavulin","floor":6,"turns":10}],"seed_played":"8870233193476461565","potions_obtained":[{"floor":3,"key":"BlessingOfTheForge"},{"floor":5,"key":"SkillPotion"},{"floor":5,"key":"Strength Potion"}],"is_trial":false,"path_per_floor":["M","?","M","M","?","E"],"character_chosen":"THE_DEFAULT","items_purchased":[],"campfire_rested":0,"item_purchase_floors":[],"current_hp_per_floor":[1,1,1,1,1,0,0],"gold":95,"neow_bonus":"THREE_ENEMY_KILL","is_daily":false,"chose_seed":false,"campfire_upgraded":0,"win_rate":0.0,"timestamp":1614310388,"path_taken":["M","?","M","?","?","E"],"items_purchased_type":[],"build_version":"2020-12-22","purchased_purges":0,"victory":false,"max_hp_per_floor":[1,1,1,1,1,1,1],"relic_stats":{"counters":[4,13],"obtain_stats":[{"NeowsBlessing":0,"Shedinja:WonderGuard":0},{"NeowsBlessing":0,"Shedinja:WonderGuard":0},{"NeowsBlessing":0,"Shedinja:WonderGuard":0}]},"card_choices":[{"not_picked":["Shedinja:Facade","Shedinja:MindReader"],"picked":"Shedinja:WillOWisp","floor":1},{"not_picked":["Shedinja:Mimic","Shedinja:Absorb"],"picked":"Shedinja:StruggleBug","floor":3},{"not_picked":["Shedinja:NightSlash","Shedinja:PowerBelt"],"picked":"Shedinja:StringShot","floor":4}],"player_experience":782497,"relics_obtained":[],"event_choices":[{"damage_healed":0,"gold_gain":0,"player_choice":"Upgraded","damage_taken":0,"max_hp_gain":0,"max_hp_loss":0,"event_name":"Upgrade Shrine","floor":2,"gold_loss":0,"cards_upgraded":["Shedinja:WillOWisp"]},{"damage_healed":0,"gold_gain":0,"player_choice":"Bought 3 Potions","damage_taken":0,"max_hp_gain":0,"max_hp_loss":0,"event_name":"The Woman in Blue","floor":5,"gold_loss":0}],"is_beta":false,"boss_relics":[],"items_purged_floors":[],"is_endless":false,"potions_floor_spawned":[3],"killed_by":"Lagavulin","ascension_level":3}}