{"host":"flm17o2q7bfjyna6","time":1614368075,"event":{"mods":["2.2 Compatiblity","Act Like it!","BaseMod","Better Altar","Better Match","Better Note","Better Sensory Stone","Better Skull","Better Third Choice","Better Vampires","Colored Map","Colored Powertips","DeckTracker","Downfall","Fox Events","Minty Spire (QoL Compilation)","Quick Restart","Reworked Bosses","Spicy Shops","StSLib","TheSwordswoman","Wandering Minibosses"],"gold_per_floor":[114,114,141,160,160,160,160,160,160,174,207,222,222,28,28,128,128,146,56,56,70,82,108,108,137,137,171,11,30,30,30,30,135,135,154,204,222,222,23,23,0,0,46,46,46,70,70,102,102,102,102,102,0,33,33],"floor_reached":56,"language":"ENG","playtime":3802,"items_purged":["blazmod:Strike","blazmod:Defend"],"score":1769,"play_id":"34d53e8a-5c12-43e1-99c7-b94102d4597a","local_time":"20210226143435","is_ascension_mode":true,"campfire_choices":[{"data":"blazmod:MindsEye","floor":6,"key":"SMITH"},{"data":"blazmod:Kyokasuigetsu","floor":8,"key":"SMITH"},{"data":"blazmod:FleetingDawn","floor":15,"key":"SMITH"},{"data":"blazmod:CrescentMoon","floor":24,"key":"SMITH"},{"data":"blazmod:Observant","floor":30,"key":"SMITH"},{"data":"blazmod:SecondSight","floor":32,"key":"SMITH"},{"data":"blazmod:ButterflyForm","floor":40,"key":"SMITH"},{"data":"blazmod:PerennialBeauty","floor":42,"key":"SMITH"},{"data":"blazmod:BlindingFlash","floor":44,"key":"SMITH"},{"floor":49,"key":"RECALL"},{"data":"blazmod:ClearTheMind","floor":52,"key":"SMITH"}],"circlet_count":0,"master_deck":["blazmod:Defend","blazmod:Defend","blazmod:Defend","blazmod:ButterflyEffect+1","blazmod:Kyokasuigetsu+1","blazmod:FleetingDawn+1","blazmod:MyEverything+1","blazmod:MindsEye+1","Swift Strike","blazmod:PhoenixPlume+1","blazmod:FortifiedVigor","blazmod:MyEverything","blazmod:ClearTheMind+1","blazmod:FancifulFlutter+1","blazmod:BlindBlade+1","blazmod:Lockswords","blazmod:Observant+1","blazmod:SecondSight+1","blazmod:BlindingFlash+1","blazmod:ButterflyForm+1","blazmod:BoulderFlash+1","blazmod:StanceChange+1","blazmod:PerennialBeauty+1","blazmod:FortifiedVigor","blazmod:FlashRock+1","blazmod:ClearTheMind"],"relics":["blazmod:SoshuMasabe","Oddly Smooth Stone","HornCleat","White Beast Statue","hexamod:BolsterEngine","Membership Card","TungstenRod","expansioncontent:StudyCardRelic","Mummified Hand","Orichalcum","Pen Nib","Sundial","Thread and Needle","Eternal Feather","Pocketwatch","wanderingMiniBosses:CarrionFlame","Strange Spoon","HandDrill","Anchor","Red Mask","bronze:BronzeIdol","Bag of Marbles","Toy Ornithopter","bronze:DecasWashers"],"acts_visited":["Exordium","TheCity","TheBeyond","TheEnding"],"potions_floor_usage":[32],"damage_taken":[{"damage":1,"enemies":"Jaw Worm","floor":1,"turns":5},{"damage":0,"enemies":"Small Slimes","floor":4,"turns":3},{"damage":0,"enemies":"Cultist","floor":10,"turns":7},{"damage":0,"enemies":"Lagavulin","floor":11,"turns":7},{"damage":0,"enemies":"Blue Slaver","floor":12,"turns":3},{"damage":0,"enemies":"The Guardian","floor":16,"turns":10},{"damage":0,"enemies":"Shell Parasite","floor":18,"turns":4},{"damage":0,"enemies":"2 Thieves","floor":21,"turns":3},{"damage":0,"enemies":"Snecko","floor":22,"turns":5},{"damage":1,"enemies":"Slavers","floor":23,"turns":2},{"damage":4,"enemies":"Book of Stabbing","floor":25,"turns":4},{"damage":6,"enemies":"Slavers","floor":27,"turns":7},{"damage":0,"enemies":"Snake Plant","floor":29,"turns":6},{"damage":0,"enemies":"bossMod:newChamp","floor":33,"turns":10},{"damage":0,"enemies":"3 Darklings","floor":35,"turns":5},{"damage":0,"enemies":"Mind Bloom Boss Battle","floor":36,"turns":3},{"damage":0,"enemies":"Orb Walker","floor":37,"turns":3},{"damage":0,"enemies":"Reptomancer","floor":48,"turns":3},{"damage":0,"enemies":"bossMod:newShapes","floor":50,"turns":6},{"damage":15,"enemies":"Shield and Spear","floor":54,"turns":3},{"damage":17,"enemies":"The Heart","floor":55,"turns":8}],"seed_played":"-8344425172274938707","potions_obtained":[{"floor":1,"key":"SteroidPotion"},{"floor":10,"key":"Guardian:BlockOnCardUsePotion"},{"floor":11,"key":"DuplicationPotion"},{"floor":12,"key":"SkillPotion"},{"floor":29,"key":"Fruit Juice"},{"floor":33,"key":"Swift Potion"}],"is_trial":false,"path_per_floor":["M","?","T","M","?","R","?","R","T","M","E","M","?","$","R","B",null,"M","?","T","M","M","E","R","E","T","E","$","M","R","$","R","B",null,"M","?","M","?","$","R","?","R","T","R","$","T","?","E","R","B",null,"R","$","E","B",null],"character_chosen":"THE_SWORDSWOMAN","items_purchased":["Membership Card","TungstenRod","Eternal Feather","Strange Spoon","HandDrill","Anchor","blazmod:FortifiedVigor","blazmod:ClearTheMind"],"campfire_rested":0,"item_purchase_floors":[14,14,28,39,39,39,39,53],"current_hp_per_floor":[39,39,39,39,39,39,39,39,39,39,39,39,36,36,36,36,39,39,39,39,39,39,38,38,34,34,44,44,44,56,56,61,61,61,61,61,61,61,61,61,61,61,61,61,61,61,61,61,61,61,61,61,61,46,29],"gold":33,"neow_bonus":"THREE_CARDS","is_daily":false,"chose_seed":false,"campfire_upgraded":10,"win_rate":0.0,"timestamp":1614368075,"path_taken":["M","?","?","M","?","R","?","R","T","?","E","M","?","$","R","BOSS","M","?","?","M","?","E","R","E","T","E","?","M","R","$","R","BOSS","M","?","M","?","$","R","?","R","T","R","?","?","?","E","R","BOSS","R","$","E","BOSS"],"items_purchased_type":["Relic","Relic","Relic","Relic","Relic","Relic","Card","Card"],"build_version":"2020-12-22","purchased_purges":2,"victory":true,"max_hp_per_floor":[40,40,40,40,40,40,40,40,40,40,40,40,40,40,40,40,40,40,40,40,40,40,40,40,40,40,56,56,56,56,56,61,61,61,61,61,61,61,61,61,61,61,61,61,61,61,61,61,61,61,61,61,61,61,61],"card_choices":[{"not_picked":["blazmod:FleetOfFoot","blazmod:FancifulFlutter"],"picked":"blazmod:FleetingDawn","floor":0},{"not_picked":["blazmod:SidewaySolace","blazmod:StanceChange"],"picked":"blazmod:MyEverything","floor":1},{"not_picked":["blazmod:MentalFocus","blazmod:PhysicalEndurance"],"picked":"blazmod:MindsEye","floor":4},{"not_picked":["Mayhem","Impatience"],"picked":"Swift Strike","floor":5},{"not_picked":["blazmod:MentalFocus","blazmod:Unrestrained"],"picked":"blazmod:PhoenixPlume","floor":10},{"not_picked":["blazmod:FleetOfFoot","blazmod:Unrestrained"],"picked":"blazmod:FortifiedVigor","floor":11},{"not_picked":["blazmod:Crosscut","blazmod:FlyFlyAgain"],"picked":"blazmod:MyEverything","floor":12},{"not_picked":["blazmod:SeismicSlash","blazmod:HoumatsuMugenKochouji"],"picked":"blazmod:CrescentMoon","floor":16},{"not_picked":["blazmod:FortifiedVigor+1","blazmod:StanceChange"],"picked":"blazmod:ClearTheMind","floor":18},{"not_picked":["blazmod:Crosscut","blazmod:MyEverything"],"picked":"blazmod:FancifulFlutter+1","floor":21},{"not_picked":["blazmod:PhysicalEndurance+1","blazmod:ButterFlutter"],"picked":"blazmod:BlindBlade+1","floor":22},{"not_picked":["blazmod:Valiance","blazmod:DanceOfTheGods"],"picked":"blazmod:Lockswords","floor":23},{"not_picked":["blazmod:BoulderFlash","blazmod:TenThousand"],"picked":"blazmod:Observant","floor":25},{"not_picked":["blazmod:MentalFocus","blazmod:TandenKatsu"],"picked":"blazmod:SecondSight","floor":27},{"not_picked":["blazmod:PhysicalEndurance","blazmod:BoulderFlash"],"picked":"blazmod:BlindingFlash","floor":29},{"not_picked":["blazmod:NaturesBeauty","blazmod:ForgeWays"],"picked":"blazmod:ButterflyForm","floor":33},{"not_picked":["blazmod:StanceChange","blazmod:FlashRock"],"picked":"blazmod:BoulderFlash+1","floor":35},{"not_picked":["blazmod:ButterFlutter","blazmod:Valiance"],"picked":"blazmod:StanceChange+1","floor":36},{"not_picked":["blazmod:SecondSight+1","blazmod:WildButterfly"],"picked":"blazmod:PerennialBeauty","floor":37},{"not_picked":["blazmod:StanceChange","blazmod:FortifiedVigor+1"],"picked":"blazmod:FlashRock+1","floor":48},{"not_picked":["blazmod:FleetOfFoot+1","blazmod:SidewaySolace","blazmod:QuickBlade"],"picked":"SKIP","floor":54}],"player_experience":2025828,"relics_obtained":[{"floor":3,"key":"Oddly Smooth Stone"},{"floor":9,"key":"White Beast Statue"},{"floor":11,"key":"hexamod:BolsterEngine"},{"floor":20,"key":"Mummified Hand"},{"floor":23,"key":"Orichalcum"},{"floor":25,"key":"Pen Nib"},{"floor":26,"key":"Sundial"},{"floor":27,"key":"Thread and Needle"},{"floor":36,"key":"Pocketwatch"},{"floor":37,"key":"wanderingMiniBosses:CarrionFlame"},{"floor":43,"key":"bronze:BronzeIdol"},{"floor":46,"key":"Bag of Marbles"},{"floor":48,"key":"Toy Ornithopter"},{"floor":54,"key":"bronze:DecasWashers"}],"event_choices":[{"damage_healed":0,"gold_gain":0,"player_choice":"Grow","damage_taken":0,"max_hp_gain":0,"max_hp_loss":0,"event_name":"Living Wall","floor":2,"gold_loss":0,"cards_upgraded":["blazmod:ButterflyEffect"]},{"damage_healed":0,"gold_gain":1,"player_choice":"1","damage_taken":0,"max_hp_gain":0,"max_hp_loss":0,"event_name":"betterStone:BetterStone","floor":5,"gold_loss":0},{"damage_healed":0,"gold_gain":0,"player_choice":"Gave Potion","damage_taken":0,"relics_obtained":["HornCleat"],"max_hp_gain":0,"max_hp_loss":0,"event_name":"WeMeetAgain","floor":7,"gold_loss":0},{"cards_removed":["blazmod:Strike"],"damage_healed":0,"gold_gain":0,"player_choice":"Upgrade and Remove","damage_taken":0,"max_hp_gain":0,"max_hp_loss":0,"event_name":"Designer","floor":19,"gold_loss":90,"cards_upgraded":["blazmod:MyEverything"]},{"damage_healed":0,"gold_gain":0,"player_choice":"Fight","damage_taken":0,"max_hp_gain":0,"max_hp_loss":0,"event_name":"MindBloom","floor":36,"gold_loss":0},{"damage_healed":0,"gold_gain":0,"player_choice":"Paid","damage_taken":0,"relics_obtained":["Red Mask"],"max_hp_gain":0,"max_hp_loss":0,"event_name":"Tomb of Lord Red Mask","floor":41,"gold_loss":23}],"is_beta":false,"boss_relics":[{"not_picked":["Sozu","Runic Pyramid"],"picked":"expansioncontent:StudyCardRelic"},{"not_picked":["Cursed Key","Coffee Dripper"],"picked":"blazmod:SoshuMasabe"}],"items_purged_floors":[28,53],"is_endless":false,"potions_floor_spawned":[1,10,11,12,16,18,21,22,23,25,27,29,33,35,36,37,48,54],"ascension_level":5}}