{"host":"92kgk6frc09v07nq","time":1614317159,"event":{"mods":["BaseMod","Minty Spire (QoL Compilation)"],"gold_per_floor":[115,130,15,30,49,77,77,102,127,202,202,219,219,234,234,337,337,354,365,139,156,30,61,61,87,87,87,114,114,145,145,145,248,248,268,287,8,0,0,0,15,45,82,94,140,167,196,234,246,258,270,282,41,69,69],"floor_reached":56,"language":"ENG","playtime":2445,"items_purged":["Strike_P","Strike_P","Strike_P"],"score":1832,"play_id":"553c4e54-e946-45f6-b354-ecdc444afea9","local_time":"20210225232559","is_ascension_mode":true,"campfire_choices":[{"floor":7.0,"key":"REST"},{"data":"Eruption","floor":11.0,"key":"SMITH"},{"data":"TalkToTheHand","floor":13.0,"key":"SMITH"},{"floor":15.0,"key":"REST"},{"floor":24.0,"key":"REST"},{"data":"Omniscience","floor":27.0,"key":"SMITH"},{"data":"Adaptation","floor":29.0,"key":"SMITH"},{"data":"LikeWater","floor":32.0,"key":"SMITH"},{"data":"Omniscience","floor":40.0,"key":"SMITH"},{"floor":44.0,"key":"REST"},{"floor":49,"key":"RECALL"},{"data":"MentalFortress","floor":52,"key":"SMITH"}],"circlet_count":0,"master_deck":["Strike_P","Defend_P","Defend_P+1","Defend_P","Defend_P","Eruption+1","Vigilance+1","FearNoEvil","FlurryOfBlows","Indignation","InnerPeace","FearNoEvil","ThirdEye","SashWhip","LikeWater+1","TalkToTheHand+1","ClearTheMind","Tantrum","Omniscience+1","Adaptation+1","LikeWater","TalkToTheHand+1","FlurryOfBlows+1","FlurryOfBlows","ClearTheMind","FearNoEvil","FlurryOfBlows","ThirdEye","Protect","Omniscience+1","FlurryOfBlows+1","InnerPeace+1","Tantrum+1","FlurryOfBlows","MentalFortress+1","Evaluate","ClearTheMind"],"relics":["PureWater","Dream Catcher","Strawberry","Runic Dome","DollysMirror","Akabeko","War Paint","Sundial","Bag of Marbles","StrikeDummy","SlaversCollar","Oddly Smooth Stone","Red Mask","MawBank","Happy Flower","Bag of Preparation","Shuriken","Toy Ornithopter","Bottled Flame"],"acts_visited":["Exordium","TheCity","TheBeyond","TheEnding"],"potions_floor_usage":[55,55],"damage_taken":[{"damage":0.0,"enemies":"Small Slimes","floor":1.0,"turns":2.0},{"damage":2.0,"enemies":"Jaw Worm","floor":2.0,"turns":4.0},{"damage":7.0,"enemies":"Cultist","floor":4.0,"turns":3.0},{"damage":9.0,"enemies":"3 Louse","floor":5.0,"turns":3.0},{"damage":29.0,"enemies":"Lagavulin","floor":6.0,"turns":6.0},{"damage":7.0,"enemies":"3 Sentries","floor":8.0,"turns":3.0},{"damage":0.0,"enemies":"Looter","floor":12.0,"turns":1.0},{"damage":9.0,"enemies":"Exordium Thugs","floor":14.0,"turns":3.0},{"damage":39.0,"enemies":"Slime Boss","floor":16.0,"turns":8.0},{"damage":11.0,"enemies":"3 Byrds","floor":18.0,"turns":4.0},{"damage":0.0,"enemies":"Spheric Guardian","floor":19.0,"turns":2.0},{"damage":13.0,"enemies":"Snecko","floor":21.0,"turns":6.0},{"damage":0.0,"enemies":"Book of Stabbing","floor":23.0,"turns":5.0},{"damage":18.0,"enemies":"Gremlin Leader","floor":25.0,"turns":4.0},{"damage":0.0,"enemies":"Book of Stabbing","floor":28.0,"turns":3.0},{"damage":0.0,"enemies":"Gremlin Leader","floor":30.0,"turns":2.0},{"damage":12.0,"enemies":"Collector","floor":33.0,"turns":7.0},{"damage":15.0,"enemies":"3 Darklings","floor":35.0,"turns":6.0},{"damage":0.0,"enemies":"Orb Walker","floor":36.0,"turns":5.0},{"damage":0.0,"enemies":"Maw","floor":41.0,"turns":5.0},{"damage":2.0,"enemies":"Giant Head","floor":42.0,"turns":5.0},{"damage":9.0,"enemies":"Nemesis","floor":45.0,"turns":5.0},{"damage":0.0,"enemies":"Jaw Worm Horde","floor":46.0,"turns":2.0},{"damage":0.0,"enemies":"3 Darklings","floor":47.0,"turns":4.0},{"damage":8,"enemies":"Reptomancer","floor":48,"turns":5},{"damage":8,"enemies":"Donu and Deca","floor":50,"turns":4},{"damage":7,"enemies":"Shield and Spear","floor":54,"turns":3},{"damage":65,"enemies":"The Heart","floor":55,"turns":6}],"seed_played":"-5823659094219847199","potions_obtained":[{"floor":4.0,"key":"BlessingOfTheForge"},{"floor":6.0,"key":"AttackPotion"},{"floor":8.0,"key":"BlessingOfTheForge"},{"floor":12.0,"key":"Swift Potion"},{"floor":14.0,"key":"FairyPotion"},{"floor":16.0,"key":"Strength Potion"},{"floor":21.0,"key":"Block Potion"},{"floor":25.0,"key":"SkillPotion"},{"floor":28.0,"key":"BlessingOfTheForge"},{"floor":36.0,"key":"Swift Potion"},{"floor":42.0,"key":"StancePotion"},{"floor":47.0,"key":"SpeedPotion"},{"floor":54,"key":"Ambrosia"}],"is_trial":false,"path_per_floor":["M","M","$","M","M","E","R","E","T","?","R","M","R","M","R","B",null,"M","M","$","M","$","E","R","E","T","R","E","R","E","?","R","B",null,"M","M","$","?","?","R","M","E","T","R","E","M","M","E","R","B",null,"R","$","E","B",null],"character_chosen":"WATCHER","items_purchased":["Indignation","Adaptation","DollysMirror","FlurryOfBlows","Oddly Smooth Stone","Toy Ornithopter","DistilledChaos","Evaluate"],"campfire_rested":4,"item_purchase_floors":[3,3,20,22,37,53,53,53],"current_hp_per_floor":[72,70,70,63,54,25,48,48,48,37,37,37,37,28,53,14,68,57,57,57,44,44,44,69,51,51,51,51,51,51,51,51,39,74,59,59,59,59,59,59,59,57,57,82,73,73,73,65,65,57,79,79,79,72,17],"gold":69,"neow_bonus":"TEN_PERCENT_HP_BONUS","is_daily":false,"chose_seed":false,"campfire_upgraded":7,"win_rate":0.0,"timestamp":1614317159,"path_taken":["M","M","$","M","M","E","R","E","T","?","R","M","R","M","R","BOSS","M","M","$","M","$","E","R","E","T","R","E","R","E","?","R","BOSS","M","M","?","?","?","R","M","E","T","R","E","M","M","E","R","BOSS","R","$","E","BOSS"],"items_purchased_type":["Card","Card","Relic","Card","Relic","Relic","Potion","Card"],"build_version":"2020-12-22","purchased_purges":3,"victory":true,"max_hp_per_floor":[79,79,79,79,79,79,79,86,86,86,86,86,86,86,86,86,86,86,86,86,86,86,86,86,86,86,86,86,86,86,86,86,86,86,86,86,86,86,86,86,86,86,86,86,86,86,86,86,86,86,86,86,86,86,86],"card_choices":[{"not_picked":["ThirdEye","MentalFortress"],"picked":"FearNoEvil","floor":1.0},{"not_picked":["Conclude","Sanctity"],"picked":"FlurryOfBlows","floor":2.0},{"not_picked":["SignatureMove","ClearTheMind"],"picked":"InnerPeace","floor":4.0},{"not_picked":["CutThroughFate","DeceiveReality"],"picked":"FearNoEvil","floor":5.0},{"not_picked":["Collect","PathToVictory"],"picked":"ThirdEye","floor":6.0},{"not_picked":["Evaluate","SandsOfTime"],"picked":"SashWhip","floor":7.0},{"not_picked":["Prostrate","Collect"],"picked":"LikeWater","floor":8.0},{"not_picked":["Fasting2","PathToVictory"],"picked":"TalkToTheHand","floor":12.0},{"not_picked":["WreathOfFlame","ThirdEye"],"picked":"ClearTheMind","floor":14.0},{"not_picked":["Wireheading","Worship"],"picked":"Tantrum","floor":15.0},{"not_picked":["Wish","Devotion"],"picked":"Omniscience","floor":16.0},{"not_picked":["CutThroughFate","JustLucky"],"picked":"Adaptation+1","floor":18.0},{"not_picked":["Collect","Protect"],"picked":"LikeWater","floor":19.0},{"not_picked":["Wallop","JustLucky+1"],"picked":"FlurryOfBlows+1","floor":21.0},{"not_picked":["PathToVictory","Indignation"],"picked":"ClearTheMind","floor":23.0},{"not_picked":["Protect","FollowUp"],"picked":"FearNoEvil","floor":24.0},{"not_picked":["Protect","DeusExMachina"],"picked":"FlurryOfBlows","floor":25.0},{"not_picked":["Study+1","SashWhip"],"picked":"ThirdEye","floor":28.0},{"not_picked":["Weave","BowlingBash+1"],"picked":"Protect","floor":30.0},{"not_picked":["MasterReality","Scrawl"],"picked":"Omniscience","floor":33.0},{"not_picked":["PathToVictory","ReachHeaven+1","FlyingSleeves+1"],"picked":"SKIP","floor":35.0},{"not_picked":["Nirvana+1","InnerPeace"],"picked":"FlurryOfBlows+1","floor":36.0},{"not_picked":["FlyingSleeves","EmptyBody+1"],"picked":"InnerPeace+1","floor":41.0},{"not_picked":["Establishment","InnerPeace+1"],"picked":"Tantrum+1","floor":42.0},{"not_picked":["FlyingSleeves","Meditate"],"picked":"FlurryOfBlows","floor":45.0},{"not_picked":["SignatureMove+1","Vengeance+1"],"picked":"MentalFortress","floor":46.0},{"not_picked":["Vengeance+1","Fasting2","EmptyFist"],"picked":"SKIP","floor":47.0},{"not_picked":["FlyingSleeves","BowlingBash+1","Indignation+1"],"picked":"SKIP","floor":48},{"not_picked":["BowlingBash+1","SashWhip"],"picked":"ClearTheMind","floor":54}],"player_experience":1078457,"relics_obtained":[{"floor":6.0,"key":"Dream Catcher"},{"floor":8.0,"key":"Strawberry"},{"floor":23.0,"key":"Akabeko"},{"floor":25.0,"key":"War Paint"},{"floor":26.0,"key":"Sundial"},{"floor":28.0,"key":"Bag of Marbles"},{"floor":30.0,"key":"StrikeDummy"},{"floor":42.0,"key":"MawBank"},{"floor":43.0,"key":"Happy Flower"},{"floor":45.0,"key":"Bag of Preparation"},{"floor":48,"key":"Shuriken"},{"floor":54,"key":"Bottled Flame"}],"event_choices":[{"damage_healed":0.0,"max_hp_gain":0.0,"max_hp_loss":0.0,"gold_gain":75.0,"event_name":"World of Goop","player_choice":"Gather Gold","floor":10.0,"gold_loss":0.0,"damage_taken":11.0},{"damage_healed":0.0,"max_hp_gain":0.0,"max_hp_loss":0.0,"gold_gain":0.0,"event_name":"Transmorgrifier","player_choice":"Ignored","floor":31.0,"gold_loss":0.0,"damage_taken":0.0},{"damage_healed":0.0,"max_hp_gain":0.0,"max_hp_loss":0.0,"gold_gain":0.0,"event_name":"Tomb of Lord Red Mask","player_choice":"Paid","floor":38.0,"gold_loss":8.0,"damage_taken":0.0,"relics_obtained":["Red Mask"]},{"cards_removed":["Adaptation"],"damage_healed":0.0,"max_hp_gain":0.0,"max_hp_loss":0.0,"gold_gain":0.0,"event_name":"Falling","player_choice":"Removed Power","floor":39.0,"gold_loss":0.0,"damage_taken":0.0}],"is_beta":false,"boss_relics":[{"not_picked":["Astrolabe","Busted Crown"],"picked":"Runic Dome"},{"not_picked":["Pandora\u0027s Box","Coffee Dripper"],"picked":"SlaversCollar"}],"items_purged_floors":[20,22,37],"is_endless":false,"potions_floor_spawned":[4,6,8,12,14,16,21,25,28,36,42,47,54],"ascension_level":7}}