{"host":"xr2w6q7a088fu8w2","time":1614314553,"event":{"mods":["AchievementEnabler","BaseMod","Colored Powertips","Good Game Mod","Koishi","Minty Spire (QoL Compilation)","MostiFishMod","Reimu£®≤©¿ˆ¡È√Œ£©","Relic Filter Mod","Reliquary","StSLib","SuperFastMode","UnlockEverythingMod"],"gold_per_floor":[112,126,226,240,8,42,54,54,54,87,97,112,139,165,165,260,260,272,272,283,283,78,78,97,131,155,55,88,102,119,129,129,225,225,239,250,250,250,130,156,156,184,208,208,235,235,263,273,273,378,378,391,351,100,115,115,115],"floor_reached":56,"language":"ZHS","playtime":2640,"items_purged":["Defend_G","Defend_G","Strike_G","Strike_G","Strike_G"],"score":1404,"play_id":"cdb7e879-22b2-4db0-b670-74736a60b383","local_time":"20210226124233","daily_mods":["Vintage","Green Cards","Heirloom","Time Dilation","Elite Swarm"],"is_ascension_mode":false,"campfire_choices":[{"data":"Die Die Die","floor":8,"key":"SMITH"},{"data":"Neutralize","floor":15,"key":"SMITH"},{"data":"RitualDagger","floor":23,"key":"SMITH"},{"data":"MostiFishMod:GrandStart","floor":32,"key":"SMITH"},{"floor":41,"key":"REST"},{"data":"Survivor","floor":44,"key":"SMITH"},{"floor":49,"key":"REST"}],"circlet_count":1,"master_deck":["Strike_G","Strike_G+1","Strike_G+1","Defend_G","Defend_G+1","Defend_G+1","Survivor+1","Neutralize+1","Die Die Die+1","MostiFishMod:GrandStart+1","RitualDagger+1","Koishi:SilentAndRestless+1"],"relics":["Ring of the Snake","REME:ComplimentaryCards","DaveBox","xbg","Incense Burner","Whetstone","SynthV:TestCard","FossilizedHelix","Pantograph","Dodecahedron","Thread and Needle","reliquary:PrincelyHelmet","HornCleat","Du-Vu Doll","Bag of Marbles","Nunchaku","Question Card","RuthlessExorcism:ReiMu","JellyFishMachine","PreservedInsect","The Courier","Chemical X","Happy Flower","Ancient Tea Set","Potion Belt","reliquary:Spinner","reliquary:ExpiredCoupon","MealTicket","Snake Skull","Black Star","Bird Faced Urn","Molten Egg 2","CombinedTypeHook","Tea:ReiMu","InkBottle","Smiling Mask","reliquary:RosewoodLute","Toy Ornithopter","War Paint","reliquary:Boomerang","Strawberry","Akabeko","Runic Pyramid","Ginger","PaintedHorse:ReiMu","DiscerningMonocle","WingedGreaves","Regal Pillow","reliquary:SharkskinSheath","Orichalcum","Matryoshka","reliquary:TridentHead","ImprovedEquipment","Bag of Preparation","Sundial","Turnip","Girya","reliquary:HotPoker","Frozen Egg 2","Ornamental Fan","reliquary:ExpiredCoupon","SentryEyes","reliquary:Stiletto","reliquary:KillPill","reliquary:Sod","StrikeDummy","reliquary:Buckler","Dream Catcher","Darkstone Periapt","ThornShield","Boot","Omamori","reliquary:PurpleTingedLeaf","Pen Nib","Torii","Bronze Scales","Shovel","White Beast Statue","reliquary:RadioactivePellet","Letter Opener","CeramicFish","Vajra","BionicSphere","Eternal Feather","Centennial Puzzle","reliquary:NewFriend","StoneCalendar","Kunai","Blue Candle","Oddly Smooth Stone","reliquary:Knoch","Paper Crane","reliquary:TuningFork","reliquary:SilkGlove","DianDianMeat","reliquary:Sideboard","SynthV:C4","reliquary:WeakTea","Pear","reliquary:Firecrackers","Blood Vial","Anchor","Singing Bowl","Art of War","Toxic Egg 2","Mummified Hand","Mercury Hourglass","reliquary:PorcupineQuills","Shuriken","Juzu Bracelet","Tiny Chest","Meat on the Bone","reliquary:JackalopeAntler","Gremlin Horn","CaptainsWheel","Lantern","Ice Cream","DaCapo","Prayer Wheel","Tingsha","Unceasing Top","PureWhite:ReiMu","Calipers","Pocketwatch","TungstenRod","ArrowTower","reliquary:Pushpin","The Specimen","Lizard Tail","Mango","Tough Bandages","OriginationStaff","Circlet"],"acts_visited":["Exordium","TheCity","TheBeyond","Exordium"],"potions_floor_usage":[6,6,28,33,33,33,33,33,33,33,33,33,40,50,50],"damage_taken":[{"damage":0,"enemies":"Cultist","floor":1,"turns":3},{"damage":0,"enemies":"Jaw Worm","floor":2,"turns":4},{"damage":0,"enemies":"2 Louse","floor":4,"turns":2},{"damage":0,"enemies":"Lagavulin","floor":6,"turns":6},{"damage":0,"enemies":"Exordium Thugs","floor":7,"turns":2},{"damage":0,"enemies":"Gremlin Nob","floor":10,"turns":3},{"damage":0,"enemies":"3 Louse","floor":11,"turns":1},{"damage":0,"enemies":"Exordium Wildlife","floor":12,"turns":1},{"damage":0,"enemies":"Lagavulin","floor":13,"turns":4},{"damage":0,"enemies":"Slime Boss","floor":16,"turns":8},{"damage":0,"enemies":"Shell Parasite","floor":18,"turns":1},{"damage":0,"enemies":"2 Thieves","floor":20,"turns":2},{"damage":0,"enemies":"Snecko","floor":24,"turns":1},{"damage":0,"enemies":"Slavers","floor":25,"turns":1},{"damage":0,"enemies":"Book of Stabbing","floor":28,"turns":1},{"damage":0,"enemies":"Cultist and Chosen","floor":29,"turns":3},{"damage":0,"enemies":"Shelled Parasite and Fungi","floor":30,"turns":2},{"damage":0,"enemies":"Centurion and Healer","floor":31,"turns":1},{"damage":0,"enemies":"Collector","floor":33,"turns":1},{"damage":0,"enemies":"3 Darklings","floor":35,"turns":1},{"damage":0,"enemies":"Orb Walker","floor":36,"turns":1},{"damage":30,"enemies":"Giant Head","floor":40,"turns":9},{"damage":0,"enemies":"Reptomancer","floor":42,"turns":1},{"damage":0,"enemies":"Giant Head","floor":45,"turns":4},{"damage":0,"enemies":"Reptomancer","floor":47,"turns":1},{"damage":0,"enemies":"Spire Growth","floor":48,"turns":2},{"damage":69,"enemies":"Awakened One","floor":50,"turns":22},{"damage":0,"enemies":"Cultist","floor":52,"turns":1},{"damage":0,"enemies":"Small Slimes","floor":55,"turns":1},{"damage":0,"enemies":"2 Louse","floor":56,"turns":1}],"seed_played":"3344820685910875581","potions_obtained":[{"floor":1,"key":"FearPotion"},{"floor":4,"key":"GhostInAJar"},{"floor":11,"key":"Poison Potion"},{"floor":16,"key":"Fire Potion"},{"floor":25,"key":"Weak Potion"},{"floor":29,"key":"GrandPatriotsElixir:ReiMu"},{"floor":30,"key":"EntropicBrew"},{"floor":31,"key":"GrandPatriotsElixir:ReiMu"},{"floor":33,"key":"LiquidMemories"},{"floor":42,"key":"SteroidPotion"},{"floor":45,"key":"SmokeBomb"},{"floor":47,"key":"Regen Potion"},{"floor":50,"key":"Explosive Potion"}],"is_trial":true,"path_per_floor":["M","M","?","M","$","E","M","R","T","E","M","M","E","T","R","B",null,"M","?","M","?","$","R","M","E","T","$","E","M","M","M","R","B",null,"M","M","?","?","$","E","R","E","T","R","E","?","E","M","R","B",null,"M","?","$","M","M"],"character_chosen":"THE_SILENT","items_purchased":["Dodecahedron","Chemical X","FairyPotion","DiscerningMonocle","WingedGreaves","Regal Pillow","reliquary:SharkskinSheath","Orichalcum","Matryoshka","reliquary:TridentHead","ImprovedEquipment","Bag of Preparation","Sundial","Turnip","Girya","reliquary:HotPoker","Frozen Egg 2","Ornamental Fan","reliquary:SculptingSteel","SentryEyes","reliquary:Stiletto","reliquary:KillPill","reliquary:Sod","StrikeDummy","reliquary:Buckler","Dream Catcher","Darkstone Periapt","ThornShield","Boot","Omamori","reliquary:PurpleTingedLeaf","Pen Nib","Torii","Bronze Scales","Shovel","White Beast Statue","reliquary:RadioactivePellet","Letter Opener","CeramicFish","Vajra","BionicSphere","Eternal Feather","Centennial Puzzle","reliquary:NewFriend","StoneCalendar","Kunai","Blue Candle","Oddly Smooth Stone","reliquary:Knoch","Paper Crane","reliquary:TuningFork","reliquary:SilkGlove","DianDianMeat","reliquary:Sideboard","SynthV:C4","reliquary:WeakTea","Pear","reliquary:Firecrackers","Blood Vial","Anchor","Singing Bowl","Art of War","Toxic Egg 2","Mummified Hand","Mercury Hourglass","reliquary:PorcupineQuills","Shuriken","Juzu Bracelet","Tiny Chest","Meat on the Bone","reliquary:JackalopeAntler","Gremlin Horn","CaptainsWheel","Lantern","Ice Cream","DaCapo","Prayer Wheel","Tingsha","Unceasing Top","PureWhite:ReiMu","Calipers","Pocketwatch","TungstenRod","ArrowTower","reliquary:Pushpin","The Specimen","Lizard Tail","Mango","Tough Bandages","OriginationStaff","Block Potion","Dexterity Potion","Weak Potion","DuplicationPotion","Weak Potion","Energy Potion","EssenceOfSteel","SkillPotion","GamblersBrew","EssenceOfSteel","Fire Potion","Block Potion"],"campfire_rested":2,"item_purchase_floors":[5,22,54,54,54,54,54,54,54,54,54,54,54,54,54,54,54,54,54,54,54,54,54,54,54,54,54,54,54,54,54,54,54,54,54,54,54,54,54,54,54,54,54,54,54,54,54,54,54,54,54,54,54,54,54,54,54,54,54,54,54,54,54,54,54,54,54,54,54,54,54,54,54,54,54,54,54,54,54,54,54,54,54,54,54,54,54,54,54,54,54,54,54,54,54,54,54,54,54,54,54,54],"current_hp_per_floor":[70,70,70,70,70,70,70,70,70,70,70,70,70,70,70,70,70,70,64,64,64,64,64,64,64,64,64,64,64,64,64,64,70,70,70,70,70,70,70,40,61,61,61,61,61,61,68,68,73,14,73,73,73,97,97,97,97],"gold":115,"neow_bonus":"","is_daily":false,"chose_seed":false,"campfire_upgraded":5,"win_rate":0.0,"timestamp":1614314553,"path_taken":["M","M","?","?","$","E","M","R","T","E","M","?","E","?","R","BOSS","M","?","M","?","$","R","M","E","T","$","E","?","M","M","R","BOSS","M","M","?","?","$","E","R","E","T","R","E","?","E","M","R","BOSS","M","?","$","M","M"],"items_purchased_type":["Relic","Relic","Potion","Relic","Relic","Relic","Relic","Relic","Relic","Relic","Relic","Relic","Relic","Relic","Relic","Relic","Relic","Relic","Relic","Relic","Relic","Relic","Relic","Relic","Relic","Relic","Relic","Relic","Relic","Relic","Relic","Relic","Relic","Relic","Relic","Relic","Relic","Relic","Relic","Relic","Relic","Relic","Relic","Relic","Relic","Relic","Relic","Relic","Relic","Relic","Relic","Relic","Relic","Relic","Relic","Relic","Relic","Relic","Relic","Relic","Relic","Relic","Relic","Relic","Relic","Relic","Relic","Relic","Relic","Relic","Relic","Relic","Relic","Relic","Relic","Relic","Relic","Relic","Relic","Relic","Relic","Relic","Relic","Relic","Relic","Relic","Relic","Relic","Relic","Relic","Potion","Potion","Potion","Potion","Potion","Potion","Potion","Potion","Potion","Potion","Potion","Potion"],"build_version":"2020-12-22","purchased_purges":5,"victory":false,"max_hp_per_floor":[70,70,70,70,70,70,70,70,70,70,70,70,70,70,70,70,70,70,70,70,70,70,70,70,70,70,70,70,70,70,70,70,70,70,70,70,70,70,70,70,70,70,70,70,70,66,73,73,73,73,73,73,73,97,97,97,97],"card_choices":[{"not_picked":["MostiFishMod:FullyArmed","Corpse Explosion","Venomology","MostiFishMod:Wind"],"picked":"Die Die Die","floor":6},{"not_picked":["Koishi:FadingMemory","Koishi:RuptureMind","A Thousand Cuts","Koishi:MentalBreakdown","Koishi:FormlessExistence"],"picked":"SKIP","floor":10},{"not_picked":["MostiFishMod:ShivMaster","Adrenaline","Koishi:HeartStoppingHorror","MostiFishMod:Wind","Koishi:ConditionedTeleport"],"picked":"SKIP","floor":13},{"not_picked":["Grand Finale","Glass Knife","Storm of Steel","MostiFishMod:HiddenBlade","Koishi:PerfectMindControl"],"picked":"MostiFishMod:GrandStart","floor":16},{"not_picked":["Wraith Form v2","Koishi:ConditionedTeleport","After Image","Koishi:RoseHell","Die Die Die","Venomology"],"picked":"SKIP","floor":25},{"not_picked":["MostiFishMod:Listen","MostiFishMod:Opportunism","Koishi:MentalBreakdown","Koishi:SuperEgo","MostiFishMod:Confrontation","MostiFishMod:LethalBlade"],"picked":"SKIP","floor":28},{"not_picked":["Koishi:HeartStoppingHorror","Burst","Corpse Explosion","MostiFishMod:WinterMarkForm","Phantasmal Killer","Koishi:FormlessExistence"],"picked":"SKIP","floor":40},{"not_picked":["Tools of the Trade","MostiFishMod:AdrenalineArouse","Koishi:MindStellarRelief","Koishi:PerfectMindControl","Grand Finale+1","MostiFishMod:Listen"],"picked":"SKIP","floor":42},{"not_picked":["Doppelganger","Koishi:PerfectMindControl","MostiFishMod:LethalBlade","Koishi:ConfinedInnocent","Glass Knife+1","Koishi:ImGoingToCallYouNow"],"picked":"SKIP","floor":45},{"not_picked":["Doppelganger","Koishi:PerfectMindControl","MostiFishMod:LethalBlade","Koishi:ConfinedInnocent","Glass Knife+1","Koishi:ImGoingToCallYouNow"],"picked":"SKIP","floor":45},{"not_picked":["Koishi:SuperEgo+1","Koishi:MindStellarRelief","Koishi:RuptureMind+1","Koishi:RoseHell","MostiFishMod:FullyArmed"],"picked":"Koishi:SilentAndRestless+1","floor":47}],"player_experience":163562,"relics_obtained":[{"floor":1,"key":"Whetstone"},{"floor":1,"key":"SynthV:TestCard"},{"floor":2,"key":"FossilizedHelix"},{"floor":4,"key":"Pantograph"},{"floor":6,"key":"Thread and Needle"},{"floor":7,"key":"reliquary:PrincelyHelmet"},{"floor":9,"key":"HornCleat"},{"floor":10,"key":"Du-Vu Doll"},{"floor":11,"key":"Bag of Marbles"},{"floor":12,"key":"Nunchaku"},{"floor":13,"key":"Question Card"},{"floor":14,"key":"RuthlessExorcism:ReiMu"},{"floor":18,"key":"PreservedInsect"},{"floor":20,"key":"The Courier"},{"floor":24,"key":"Happy Flower"},{"floor":25,"key":"Ancient Tea Set"},{"floor":26,"key":"Potion Belt"},{"floor":28,"key":"reliquary:Spinner"},{"floor":29,"key":"reliquary:ExpiredCoupon"},{"floor":30,"key":"MealTicket"},{"floor":31,"key":"Snake Skull"},{"floor":35,"key":"Bird Faced Urn"},{"floor":36,"key":"Molten Egg 2"},{"floor":40,"key":"CombinedTypeHook"},{"floor":40,"key":"Tea:ReiMu"},{"floor":42,"key":"InkBottle"},{"floor":42,"key":"Smiling Mask"},{"floor":43,"key":"reliquary:RosewoodLute"},{"floor":45,"key":"Toy Ornithopter"},{"floor":45,"key":"War Paint"},{"floor":47,"key":"reliquary:Boomerang"},{"floor":47,"key":"Strawberry"},{"floor":48,"key":"Akabeko"},{"floor":52,"key":"Ginger"},{"floor":55,"key":"Circlet"}],"event_choices":[{"damage_healed":0,"gold_gain":100,"player_choice":"Pray","damage_taken":0,"max_hp_gain":0,"max_hp_loss":0,"event_name":"Golden Shrine","floor":3,"gold_loss":0},{"damage_healed":0,"gold_gain":0,"player_choice":"Joined the Cult","damage_taken":6,"max_hp_gain":0,"max_hp_loss":0,"event_name":"Nest","floor":19,"gold_loss":0,"cards_obtained":["RitualDagger"]},{"damage_healed":0,"gold_gain":0,"player_choice":"Memory 1","damage_taken":0,"max_hp_gain":0,"max_hp_loss":0,"event_name":"SensoryStone","floor":37,"gold_loss":0},{"damage_healed":0,"gold_gain":0,"player_choice":"Ignored","damage_taken":0,"max_hp_gain":0,"max_hp_loss":0,"event_name":"Tomb of Lord Red Mask","floor":38,"gold_loss":0},{"damage_healed":0,"gold_gain":0,"player_choice":"Max HP","damage_taken":0,"max_hp_gain":0,"max_hp_loss":4,"event_name":"Winding Halls","floor":46,"gold_loss":0},{"damage_healed":0,"gold_gain":0,"player_choice":"»˚«Æ","damage_taken":0,"relics_obtained":["PaintedHorse:ReiMu"],"max_hp_gain":0,"max_hp_loss":0,"event_name":"yidonshenshe","floor":53,"gold_loss":40}],"is_beta":false,"boss_relics":[{"not_picked":["Ring of the Serpent","Tiny House"],"picked":"JellyFishMachine"},{"not_picked":["Philosopher\u0027s Stone","Empty Cage"],"picked":"Black Star"},{"not_picked":["Coffee Dripper","PatriotShield"],"picked":"Runic Pyramid"}],"items_purged_floors":[5,22,27,39,54],"is_endless":true,"potions_floor_spawned":[1,4,11,16,25,29,30,31,33,42,45,47,50,55],"killed_by":"2 Louse","ascension_level":0}}