{"host":"7gewg82ormp6yt4e","time":1614346909,"event":{"mods":["BaseMod","Block Reminder","Colored Map","DeckTracker","Highlight Path","Minty Spire (QoL Compilation)","Relic Stats","StSLib","ojb\u0027s Info Mod"],"gold_per_floor":[112,112,123,134,152,186,186,206,206,218,218,229,0,35,35,110,110,123,138,150,199,199,36,36,53,76,76,105,20,37,87,87,162,162,181,104,115,115,132,132,158,177,177,177,177,206,219,235,235,235,235,235,235,42,77,77],"floor_reached":57,"language":"JPN","playtime":4952,"items_purged":["Pain","Writhe","Strike_P"],"score":3042,"play_id":"8fbdb5c3-6f48-41e1-9723-6f87a8697e8c","local_time":"20210226224149","is_ascension_mode":true,"campfire_choices":[{"data":"BowlingBash","floor":7,"key":"SMITH"},{"data":"MentalFortress","floor":15,"key":"SMITH"},{"data":"DevaForm","floor":24,"key":"SMITH"},{"data":"Scrawl","floor":27,"key":"SMITH"},{"data":"ThirdEye","floor":32,"key":"SMITH"},{"data":"SpiritShield","floor":40,"key":"SMITH"},{"floor":44,"key":"RECALL"},{"data":"WaveOfTheHand","floor":49,"key":"SMITH"},{"data":"SpiritShield","floor":53,"key":"SMITH"}],"circlet_count":0,"master_deck":["AscendersBane","Strike_P","Strike_P","Defend_P","Defend_P","Defend_P","Defend_P","Eruption","Vigilance","MentalFortress+1","Consecrate+1","ThirdEye+1","FollowUp+1","BowlingBash+1","ClearTheMind","Crescendo","CarveReality","EmptyFist","Tantrum","ClearTheMind","DevaForm+1","Scrawl+1","Halt+1","MentalFortress+1","EmptyBody+1","EmptyMind","Adaptation","SpiritShield+1","WaveOfTheHand+1","SpiritShield+1","PathToVictory","ThirdEye+1","Wireheading","Sanctity"],"relics":["SacredBark","WarpedTongs","Strawberry","Whetstone","Bronze Scales","Runic Pyramid","Mummified Hand","Membership Card","PreservedInsect","Pen Nib","Smiling Mask","Busted Crown","TeardropLocket","Bottled Lightning","Question Card","Nunchaku","Toy Ornithopter","Ice Cream"],"acts_visited":["Exordium","TheCity","TheBeyond","TheEnding"],"potions_floor_usage":[6,6,8,16,18,25,30,33,42,56,56],"damage_taken":[{"damage":2,"enemies":"2 Louse","floor":1,"turns":3},{"damage":5,"enemies":"Cultist","floor":3,"turns":4},{"damage":4,"enemies":"Jaw Worm","floor":4,"turns":5},{"damage":21,"enemies":"Exordium Wildlife","floor":5,"turns":6},{"damage":3,"enemies":"Lagavulin","floor":6,"turns":3},{"damage":2,"enemies":"Large Slime","floor":8,"turns":3},{"damage":14,"enemies":"Blue Slaver","floor":10,"turns":5},{"damage":16,"enemies":"Red Slaver","floor":12,"turns":2},{"damage":0,"enemies":"Gremlin Nob","floor":14,"turns":2},{"damage":0,"enemies":"Slime Boss","floor":16,"turns":3},{"damage":12,"enemies":"Shell Parasite","floor":18,"turns":4},{"damage":4,"enemies":"Spheric Guardian","floor":19,"turns":3},{"damage":1,"enemies":"Centurion and Healer","floor":20,"turns":3},{"damage":0,"enemies":"Snake Plant","floor":25,"turns":4},{"damage":0,"enemies":"Gremlin Leader","floor":28,"turns":3},{"damage":13,"enemies":"Shelled Parasite and Fungi","floor":30,"turns":4},{"damage":0,"enemies":"Automaton","floor":33,"turns":9},{"damage":17,"enemies":"3 Darklings","floor":35,"turns":3},{"damage":0,"enemies":"3 Shapes","floor":37,"turns":4},{"damage":0,"enemies":"Maw","floor":39,"turns":6},{"damage":0,"enemies":"Giant Head","floor":41,"turns":5},{"damage":0,"enemies":"Transient","floor":42,"turns":6},{"damage":0,"enemies":"Reptomancer","floor":46,"turns":6},{"damage":5,"enemies":"Spire Growth","floor":47,"turns":5},{"damage":0,"enemies":"3 Darklings","floor":48,"turns":4},{"damage":15,"enemies":"Donu and Deca","floor":50,"turns":11},{"damage":7,"enemies":"Time Eater","floor":51,"turns":15},{"damage":3,"enemies":"Shield and Spear","floor":55,"turns":8},{"damage":21,"enemies":"The Heart","floor":56,"turns":9}],"seed_played":"-1593034440484875995","potions_obtained":[{"floor":3,"key":"Strength Potion"},{"floor":5,"key":"SteroidPotion"},{"floor":6,"key":"SteroidPotion"},{"floor":12,"key":"Strength Potion"},{"floor":14,"key":"Block Potion"},{"floor":19,"key":"LiquidMemories"},{"floor":20,"key":"Block Potion"},{"floor":30,"key":"Fire Potion"},{"floor":33,"key":"BlessingOfTheForge"},{"floor":39,"key":"ColorlessPotion"},{"floor":42,"key":"Energy Potion"},{"floor":46,"key":"Regen Potion"},{"floor":48,"key":"CultistPotion"}],"is_trial":false,"path_per_floor":["M","?","M","M","M","E","R","M","T","M","?","M","$","E","R","B",null,"M","M","M","T","?","$","R","M","T","R","E","?","M","?","R","B",null,"M","$","M","T","M","R","E","M","T","R","?","E","M","M","R","B","B",null,"R","$","E","B",null],"character_chosen":"WATCHER","items_purchased":["EmptyFist","Tantrum","ClearTheMind","Membership Card","SkillPotion","Wireheading","Sanctity","Toy Ornithopter"],"campfire_rested":0,"item_purchase_floors":[13,13,13,23,36,54,54,54],"current_hp_per_floor":[59,59,54,50,29,33,33,31,31,17,75,59,59,59,59,59,71,59,55,54,54,54,54,54,54,54,54,54,54,41,41,41,41,67,50,50,50,50,50,50,50,50,50,50,50,50,45,45,45,30,23,62,62,62,59,75],"gold":77,"neow_bonus":"BOSS_RELIC","is_daily":false,"chose_seed":false,"campfire_upgraded":8,"win_rate":0.0,"timestamp":1614346909,"path_taken":["M","?","M","?","M","E","R","M","T","M","?","M","$","E","R","BOSS","M","M","?","?","?","?","R","M","T","R","E","?","?","?","R","BOSS","M","$","M","?","M","R","E","M","T","R","?","E","M","M","R","BOSS","BOSS","R","$","E","BOSS"],"items_purchased_type":["Card","Card","Card","Relic","Potion","Card","Card","Relic"],"build_version":"2020-12-22","purchased_purges":3,"victory":true,"max_hp_per_floor":[68,68,68,68,68,75,75,75,75,75,75,75,75,75,75,75,75,75,75,75,75,75,75,75,75,75,75,75,75,75,75,75,75,75,75,75,75,75,75,75,75,75,75,75,75,75,75,75,75,75,75,75,75,75,75,75],"relic_stats":{"counters":[29,148],"PreservedInsect":351,"Pen Nib":[25],"Whetstone":["Consecrate","FollowUp"],"Smiling Mask":13,"Question Card":4,"WarpedTongs":[145],"Nunchaku":[12],"Busted Crown":18,"Mummified Hand":[58],"Bronze Scales":[431],"obtain_stats":[{"Ice Cream":55,"SacredBark":0,"PreservedInsect":26,"Pen Nib":28,"Whetstone":9,"TeardropLocket":38,"Smiling Mask":29,"Question Card":43,"WarpedTongs":2,"Nunchaku":46,"Busted Crown":34,"Mummified Hand":22,"Strawberry":6,"Bronze Scales":14,"Membership Card":23,"Bottled Lightning":41,"PureWater":0,"Toy Ornithopter":54,"Runic Pyramid":17},{"Ice Cream":28,"SacredBark":0,"PreservedInsect":14,"Pen Nib":15,"Whetstone":6,"TeardropLocket":19,"Smiling Mask":15,"Question Card":22,"WarpedTongs":1,"Nunchaku":23,"Busted Crown":17,"Mummified Hand":13,"Strawberry":5,"Bronze Scales":9,"Membership Card":13,"Bottled Lightning":21,"PureWater":0,"Toy Ornithopter":27,"Runic Pyramid":10},{"Ice Cream":139,"SacredBark":0,"PreservedInsect":50,"Pen Nib":53,"Whetstone":24,"TeardropLocket":73,"Smiling Mask":53,"Question Card":90,"WarpedTongs":3,"Nunchaku":96,"Busted Crown":66,"Mummified Hand":46,"Strawberry":21,"Bronze Scales":33,"Membership Card":46,"Bottled Lightning":84,"PureWater":0,"Toy Ornithopter":131,"Runic Pyramid":36}],"Toy Ornithopter":10},"card_choices":[{"not_picked":["Halt","EmptyBody"],"picked":"MentalFortress","floor":1},{"not_picked":["Perseverance","FlurryOfBlows"],"picked":"Consecrate","floor":3},{"not_picked":["SignatureMove","FollowUp"],"picked":"ThirdEye","floor":4},{"not_picked":["SashWhip","InnerPeace"],"picked":"FollowUp","floor":5},{"not_picked":["Collect","ConjureBlade"],"picked":"BowlingBash","floor":6},{"not_picked":["EmptyMind","SashWhip"],"picked":"ClearTheMind","floor":8},{"not_picked":["EmptyMind","Sanctity"],"picked":"Crescendo","floor":10},{"not_picked":["Weave","WaveOfTheHand"],"picked":"CarveReality","floor":12},{"not_picked":["Nirvana","MasterReality"],"picked":"DevaForm","floor":14},{"not_picked":["Brilliance","DeusExMachina"],"picked":"Scrawl","floor":16},{"not_picked":["BattleHymn","WaveOfTheHand"],"picked":"Halt+1","floor":18},{"not_picked":["EmptyFist+1","Protect+1"],"picked":"MentalFortress+1","floor":19},{"not_picked":["SashWhip","Tantrum"],"picked":"EmptyBody+1","floor":20},{"not_picked":["Protect","Crescendo","Halt"],"picked":"SKIP","floor":25},{"not_picked":["CrushJoints","Nirvana"],"picked":"EmptyMind","floor":28},{"not_picked":["Indignation","Consecrate"],"picked":"Adaptation","floor":30},{"not_picked":["MasterReality","Scrawl"],"picked":"SpiritShield","floor":33},{"not_picked":[],"picked":"WaveOfTheHand","floor":35},{"not_picked":["Protect"],"picked":"SKIP","floor":37},{"not_picked":["SashWhip"],"picked":"SKIP","floor":39},{"not_picked":[],"picked":"SpiritShield","floor":41},{"not_picked":["FlyingSleeves"],"picked":"SKIP","floor":42},{"not_picked":["CrushJoints","FlyingSleeves"],"picked":"SKIP","floor":46},{"not_picked":["LikeWater","Halt"],"picked":"SKIP","floor":47},{"not_picked":["JustLucky"],"picked":"ThirdEye+1","floor":48},{"not_picked":["DevaForm","BowlingBash"],"picked":"SKIP","floor":55}],"player_experience":2927026,"relics_obtained":[{"floor":6,"key":"Strawberry"},{"floor":9,"key":"Whetstone"},{"floor":14,"key":"Bronze Scales"},{"floor":26,"key":"PreservedInsect"},{"floor":28,"key":"Pen Nib"},{"floor":38,"key":"TeardropLocket"},{"floor":41,"key":"Bottled Lightning"},{"floor":43,"key":"Question Card"},{"floor":46,"key":"Nunchaku"},{"floor":55,"key":"Ice Cream"}],"event_choices":[{"damage_healed":0,"gold_gain":0,"player_choice":"Rummage","damage_taken":0,"relics_obtained":["WarpedTongs"],"max_hp_gain":0,"max_hp_loss":0,"event_name":"Accursed Blacksmith","floor":2,"gold_loss":0,"cards_obtained":["Pain"]},{"damage_healed":58,"gold_gain":0,"player_choice":"Full Heal","damage_taken":0,"max_hp_gain":0,"max_hp_loss":0,"event_name":"Wheel of Change","floor":11,"gold_loss":0},{"damage_healed":0,"gold_gain":0,"player_choice":"Opened","damage_taken":0,"relics_obtained":["Mummified Hand"],"max_hp_gain":0,"max_hp_loss":0,"event_name":"The Mausoleum","floor":22,"gold_loss":0,"cards_obtained":["Writhe"]},{"damage_healed":0,"gold_gain":0,"player_choice":"Obtained Relic","damage_taken":0,"relics_obtained":["Smiling Mask"],"max_hp_gain":0,"max_hp_loss":0,"event_name":"Addict","floor":29,"gold_loss":85},{"damage_healed":0,"gold_gain":50,"player_choice":"Pray","damage_taken":0,"max_hp_gain":0,"max_hp_loss":0,"event_name":"Golden Shrine","floor":31,"gold_loss":0},{"damage_healed":0,"gold_gain":0,"cards_transformed":["Strike_P"],"player_choice":"Transformed","damage_taken":0,"max_hp_gain":0,"max_hp_loss":0,"event_name":"Transmorgrifier","floor":45,"gold_loss":0,"cards_obtained":["PathToVictory"]}],"is_beta":false,"boss_relics":[{"not_picked":["Astrolabe","SlaversCollar"],"picked":"Runic Pyramid"},{"not_picked":["Snecko Eye","Philosopher\u0027s Stone"],"picked":"Busted Crown"}],"items_purged_floors":[13,36,54],"is_endless":false,"potions_floor_spawned":[3,5,6,12,14,19,20,30,33,39,42,46,48],"ascension_level":20}}