{"host":"vhikgave70uorr7d","time":1614314504,"event":{"mods":["100% Spire Juice","Ascension Reborn","Ascension Unlocker","BaseMod","Beaked The Cultist","Better Altar","Better Match","Better Note","Better Sensory Stone","Better Skull","Better Third Choice","BetterRewards","Colored Powertips","Dark Map","Defuse TimeMaze Blight","Downfall","Energized Spire","Evolution","Googly Eyes","Highlight Path","Hubris","Infinite Spire","Minty Spire (QoL Compilation)","MostiFishMod","Permanent Neow","Poor People Problems","Quick Restart","Rare Cards Sparkle","Reliquary","Remove Card Discount Mod","Replay The Spire","Small Relic Pack","Spicy Shops","StSLib","The Alterego","The Blue Laboratory","The Bug Knight","The Construct","The Hayseed","The Hierophant","The Runesmith","The Servant 0.9.4","The Vixen","The Wild Card","TheVacant","Transform Curses"],"gold_per_floor":[116,3,16,96,12,12,32,48,48,48,48,148,188,188,188,307,307,331,331,353,79,111,156,156,184,263,263,292,317,0,68,68,266,266,334,525,525,525,188,244,244,294,294,332,104,172,233,271,271,322,322,322,41,99,175],"floor_reached":56,"language":"ENG","playtime":8103,"items_purged":["TheSimpletonMod:Defend_TheSimpleton","TheSimpletonMod:Defend_TheSimpleton","TheSimpletonMod:Defend_TheSimpleton","TheSimpletonMod:Strike_TheSimpleton","TheSimpletonMod:Strike_TheSimpleton","TheSimpletonMod:Strike_TheSimpleton","Clumsy","Delirium","Regret","TheSimpletonMod:Strike_TheSimpleton","TheSimpletonMod:BumperCrop","TheSimpletonMod:OnionBloom+1","TheSimpletonMod:Artichokes+1","TheSimpletonMod:Asparagus","TheSimpletonMod:Sunseed+1","TheSimpletonMod:SlashAndBurn","TheSimpletonMod:SoilSample+1","TheSimpletonMod:Potatoes","TheSimpletonMod:SeedCoat"],"score":1527,"play_id":"563adb95-cb17-4f7e-9259-0abdbbf2024d","local_time":"20210225234144","is_ascension_mode":true,"campfire_choices":[{"data":"TheSimpletonMod:OnionBloom","floor":6.0,"key":"SMITH"},{"data":"TheSimpletonMod:SoilSample","floor":6.0,"key":"SMITH"},{"data":"TheSimpletonMod:VineRipen","floor":15,"key":"SMITH"},{"data":"TheSimpletonMod:Potatoes","floor":15,"key":"SMITH"},{"data":"infinitespire:FutureSight","floor":24,"key":"SMITH"},{"data":"TheSimpletonMod:VineRipen","floor":24,"key":"SMITH"},{"data":"infinitespire:Gouge","floor":27,"key":"SMITH"},{"data":"TheSimpletonMod:Potatoes","floor":27,"key":"SMITH"},{"floor":32,"key":"RECALL"},{"data":"infinitespire:Starlight","floor":41,"key":"SMITH"},{"data":"TheSimpletonMod:VineRipen","floor":41,"key":"SMITH"},{"data":"hubris:Fate","floor":49,"key":"SMITH"},{"data":"TheSimpletonMod:Haymaker","floor":49,"key":"SMITH"},{"data":"TheSimpletonMod:Surplus","floor":52,"key":"SMITH"},{"data":"TheSimpletonMod:ReapAndSow","floor":52,"key":"SMITH"}],"circlet_count":0,"master_deck":["TheSimpletonMod:Haymaker+1","TheSimpletonMod:ReapAndSow+1","TheSimpletonMod:Artichokes+1","TheSimpletonMod:Artichokes+1","TheSimpletonMod:Artichokes+1","TheSimpletonMod:Potatoes+1","TheSimpletonMod:Potatoes+1","TheSimpletonMod:Potatoes+1","TheSimpletonMod:VineRipen+1","TheSimpletonMod:Rake+1","infinitespire:Gouge+1","infinitespire:Starlight+1","infinitespire:FutureSight+1","hubris:Fate+1","TheSimpletonMod:ToughenUp+1","TheSimpletonMod:VineRipen+1","TheSimpletonMod:VineRipen+1","TheSimpletonMod:HitTheSack","TheSimpletonMod:GoToMarket","TheSimpletonMod:Surplus+1"],"relics":["TheSimpletonMod:SpudOfTheInnocent","TheSimpletonMod:NightSoil","TheSimpletonMod:TheHarvester","EVO:Axolotl","DaveBox","The Courier","SynthV:TestCard","Membership Card","Meat on the Bone","Replay:Arrowhead","TheSimpletonMod:HotPotato","TheSimpletonMod:PlanterBox","TheSimpletonMod:CashCrop","Guide Book","TheSimpletonMod:PicklingJar","reliquary:WeakTea","energizedSpire:MagnifyingGlass","ChiXiaoBlade","Replay:Accelerometer","ReplayTheSpireMod:Ninjato","Omamori","Paper Crane","Mummified Hand","Replay:WaspNest","reliquary:BoilingFlask","Ice Cream","Replay:Bandana","relicPack:SpireResearchBook","MetatronsCube","reliquary:PartyBalloon","Torii","Frozen Eye","Unceasing Top","xbg","relicPack:OneForAll","relicPack:DSword","relicPack:WeightedSword","Toy Ornithopter","Gremlin Food","infinitespire:EmpoweringShard","Blood Vial","Snack Pack","reliquary:IridiumChain","Civilization","reliquary:Firecrackers","infinitespire:Bottled Soul","Potion Belt","BirthdayGift-Icosahedron","hubris:SlimyHat"],"acts_visited":["Exordium","TheCity","TheBeyond","TheEnding"],"potions_floor_usage":[],"damage_taken":[{"damage":4.0,"enemies":"2 Louse","floor":1.0,"turns":4.0},{"damage":9.0,"enemies":"Small Slimes","floor":3.0,"turns":3.0},{"damage":11.0,"enemies":"Jaw Worm","floor":7.0,"turns":4.0},{"damage":20.0,"enemies":"Looter","floor":8.0,"turns":3.0},{"damage":23,"enemies":"HollowMod:MossKnight","floor":13,"turns":6},{"damage":32,"enemies":"Slime Boss","floor":16,"turns":9},{"damage":40,"enemies":"2 Thieves","floor":18,"turns":3},{"damage":19,"enemies":"Shelled Parasite and Fungi","floor":20,"turns":3},{"damage":0,"enemies":"Snecko","floor":22,"turns":2},{"damage":0,"enemies":"Gremlin Leader","floor":23,"turns":1},{"damage":0,"enemies":"Sentry and Sphere","floor":25,"turns":3},{"damage":8,"enemies":"Centurion and Healer","floor":28,"turns":2},{"damage":0,"enemies":"Snake Plant","floor":29,"turns":2},{"damage":0,"enemies":"3 Cultists","floor":31,"turns":2},{"damage":0,"enemies":"Automaton","floor":33,"turns":3},{"damage":15,"enemies":"Orb Walker","floor":35,"turns":2},{"damage":0,"enemies":"Nightmare","floor":40,"turns":1},{"damage":0,"enemies":"3 Darklings","floor":42,"turns":1},{"damage":18,"enemies":"4 Shapes","floor":44,"turns":1},{"damage":0,"enemies":"R_Hoarder","floor":46,"turns":2},{"damage":0,"enemies":"Transient","floor":47,"turns":1},{"damage":0,"enemies":"Writhing Mass","floor":48,"turns":1},{"damage":0,"enemies":"Awakened One","floor":50,"turns":2},{"damage":0,"enemies":"Shield and Spear","floor":54,"turns":1},{"damage":37,"enemies":"The Heart","floor":55,"turns":4}],"seed_played":"624982563290219267","potions_obtained":[{"floor":8.0,"key":"SpeedPotion"},{"floor":13,"key":"blueLaboratory:Moonshine"},{"floor":22,"key":"blueLaboratory:RecallPotion"},{"floor":23,"key":"SkillPotion"},{"floor":31,"key":"LifebloodPotion"},{"floor":42,"key":"Strength Potion"},{"floor":46,"key":"Adrenaline Potion"},{"floor":54,"key":"Slimebound:ThreeZeroPotion"}],"is_trial":false,"path_per_floor":["M","$","M","?","$","R","M","M","T","?","M","$","E","T","R","B",null,"M","AVR","M","$","M","E","R","M","T","R","M","M","$","M","R","B",null,"M","?","?","?","$","NM","R","M","T","M","$","E","M","M","R","B",null,"R","$","E","B",null],"character_chosen":"THE_SIMPLETON","items_purchased":["Membership Card","Meat on the Bone","TheSimpletonMod:OnionBloom","TheSimpletonMod:Artichokes","TheSimpletonMod:Artichokes","TheSimpletonMod:Potatoes","TheSimpletonMod:Artichokes","TheSimpletonMod:Potatoes","TheSimpletonMod:Potatoes","Guide Book","ReplayTheSpireMod:Ninjato","Omamori","Paper Crane","TheSimpletonMod:HitTheSack","Replay:Bandana","relicPack:SpireResearchBook","MetatronsCube","reliquary:PartyBalloon","Torii","relicPack:WeightedSword","Toy Ornithopter","Gremlin Food","infinitespire:EmpoweringShard","Blood Vial","Civilization","reliquary:Firecrackers","infinitespire:Bottled Soul","BirthdayGift-Icosahedron"],"campfire_rested":0,"item_purchase_floors":[2,2,5,5,5,5,12,12,12,12,21,21,21,30,30,30,30,30,30,39,39,39,39,39,45,45,45,53],"current_hp_per_floor":[75,75,70,70,70,70,63,43,43,43,43,43,36,36,36,20,75,39,39,46,46,60,75,75,75,75,75,67,75,75,75,75,75,75,64,46,46,11,11,25,25,45,45,48,48,57,78,81,81,86,86,86,86,91,64],"gold":175,"neow_bonus":"TRANSFORM_CARD","is_daily":false,"chose_seed":false,"campfire_upgraded":14,"win_rate":0.0,"timestamp":1614314504,"path_taken":["M","$","M","?","$","R","M","M","T","?","M","$","E","?","R","BOSS","M","AVR","M","$","M","E","R","M","T","R","M","M","$","?","R","BOSS","M","?","?","?","$","NM","R","M","T","?","$","E","?","M","R","BOSS","R","$","E","BOSS"],"items_purchased_type":["Relic","Relic","Card","Card","Card","Card","Card","Card","Card","Relic","Relic","Relic","Relic","Card","Relic","Relic","Relic","Relic","Relic","Relic","Relic","Relic","Relic","Relic","Relic","Relic","Relic","Relic"],"build_version":"2020-12-22","purchased_purges":19,"victory":true,"max_hp_per_floor":[75,75,75,75,75,75,75,75,75,75,75,75,75,75,75,75,75,75,75,75,75,75,75,75,75,75,75,75,75,75,75,75,75,75,75,75,75,75,75,75,75,75,75,75,75,76,78,81,81,86,86,86,86,91,96],"card_choices":[{"not_picked":["TheSimpletonMod:ToughenUp","TheSimpletonMod:Pruning"],"picked":"TheSimpletonMod:BumperCrop","floor":1.0},{"not_picked":["TheSimpletonMod:Potatoes","TheSimpletonMod:Swelter","TheSimpletonMod:Fertilaser","TheSimpletonMod:SeedCoat"],"picked":"TheSimpletonMod:SoilSample","floor":3.0},{"not_picked":["TheSimpletonMod:SaladShooter","TheSimpletonMod:Aerate","TheSimpletonMod:DoubleBarrel","TheSimpletonMod:Germinate"],"picked":"TheSimpletonMod:Potatoes","floor":7.0},{"not_picked":["TheSimpletonMod:OnionBloom","TheSimpletonMod:PestManagement","TheSimpletonMod:SaladShooter","TheSimpletonMod:SeedCoat"],"picked":"TheSimpletonMod:Sunseed","floor":8.0},{"not_picked":["TheSimpletonMod:Aerate","TheSimpletonMod:Potatoes","TheSimpletonMod:CropRotation","TheSimpletonMod:SlashAndBurn"],"picked":"TheSimpletonMod:VineRipen","floor":13},{"not_picked":["TheSimpletonMod:Biorefinement","TheSimpletonMod:TakeHeart","TheSimpletonMod:SaltTheEarth","TheSimpletonMod:ResearchGrant"],"picked":"TheSimpletonMod:Asparagus","floor":16},{"not_picked":["TheSimpletonMod:Mulch","TheSimpletonMod:Ferment+1","TheSimpletonMod:SaladShooter+1","TheSimpletonMod:ControlledBurn"],"picked":"TheSimpletonMod:Rake+1","floor":18},{"not_picked":["TheSimpletonMod:Artichokes","TheSimpletonMod:Rake+1","TheSimpletonMod:SlashAndBurn","TheSimpletonMod:SaladShooter"],"picked":"TheSimpletonMod:SeedCoat","floor":20},{"not_picked":["TheSimpletonMod:Rototilling","TheSimpletonMod:StockTheCellar","TheSimpletonMod:SlashAndBurn","TheSimpletonMod:Asparagus"],"picked":"TheSimpletonMod:ToughenUp+1","floor":22},{"not_picked":["TheSimpletonMod:RootDown","TheSimpletonMod:PestManagement","TheSimpletonMod:Sunseed","TheSimpletonMod:ToughenUp"],"picked":"TheSimpletonMod:VineRipen","floor":23},{"not_picked":["TheSimpletonMod:SeedCoat","TheSimpletonMod:RootDown","TheSimpletonMod:Artichokes+1","TheSimpletonMod:DoubleBarrel"],"picked":"TheSimpletonMod:CropRotation","floor":25},{"not_picked":["TheSimpletonMod:Aerate","TheSimpletonMod:SaladShooter","TheSimpletonMod:BumperCrop","TheSimpletonMod:Rototilling"],"picked":"TheSimpletonMod:SlashAndBurn","floor":28},{"not_picked":["TheSimpletonMod:Rake","TheSimpletonMod:Rototilling","TheSimpletonMod:SlashAndBurn","TheSimpletonMod:Aerate"],"picked":"TheSimpletonMod:VineRipen","floor":29},{"not_picked":["TheSimpletonMod:OnionBloom","TheSimpletonMod:Potatoes+1","TheSimpletonMod:DigIn","TheSimpletonMod:Ferment+1"],"picked":"TheSimpletonMod:GoToMarket","floor":31},{"not_picked":["TheSimpletonMod:HitTheSack","TheSimpletonMod:DesperatePlunge","TheSimpletonMod:ResistantStrain","TheSimpletonMod:TakeHeart"],"picked":"TheSimpletonMod:Surplus","floor":33},{"not_picked":["TheSimpletonMod:DoubleBarrel+1","TheSimpletonMod:Mulch+1","TheSimpletonMod:CropRotation","TheSimpletonMod:SoilSample","TheSimpletonMod:Pruning+1"],"picked":"SKIP","floor":35},{"not_picked":["TheSimpletonMod:Rake+1","TheSimpletonMod:ControlledBurn","TheSimpletonMod:Innovate+1","TheSimpletonMod:Aerate+1","TheSimpletonMod:VineRipen"],"picked":"SKIP","floor":40},{"not_picked":["TheSimpletonMod:DoubleBarrel+1","TheSimpletonMod:OnionBloom+1","TheSimpletonMod:Sunseed","TheSimpletonMod:GoToMarket+1","TheSimpletonMod:PestManagement+1"],"picked":"SKIP","floor":42},{"not_picked":["TheSimpletonMod:Aerate","TheSimpletonMod:ControlledBurn+1","TheSimpletonMod:CullingStrike","TheSimpletonMod:PestManagement","TheSimpletonMod:ResearchGrant"],"picked":"SKIP","floor":44},{"not_picked":["TheSimpletonMod:Swelter+1","TheSimpletonMod:Innovate","TheSimpletonMod:OnionBloom+1","TheSimpletonMod:Aerate+1","TheSimpletonMod:KeenEdge+1"],"picked":"SKIP","floor":46},{"not_picked":["TheSimpletonMod:Aerate+1","TheSimpletonMod:ToughenUp","TheSimpletonMod:SlashAndBurn","TheSimpletonMod:Swelter","TheSimpletonMod:CullingStrike+1"],"picked":"SKIP","floor":47},{"not_picked":["TheSimpletonMod:VineRipen","TheSimpletonMod:DoubleBarrel+1","TheSimpletonMod:CropRotation+1","TheSimpletonMod:ErosionControl","TheSimpletonMod:PestManagement"],"picked":"SKIP","floor":48},{"not_picked":["TheSimpletonMod:RootDown","TheSimpletonMod:DoubleBarrel+1","TheSimpletonMod:Rototilling+1","TheSimpletonMod:Mulch+1","TheSimpletonMod:DigIn"],"picked":"SKIP","floor":54}],"player_experience":312159,"relics_obtained":[{"floor":1.0,"key":"SynthV:TestCard"},{"floor":13,"key":"TheSimpletonMod:PicklingJar"},{"floor":14,"key":"reliquary:WeakTea"},{"floor":23,"key":"Replay:WaspNest"},{"floor":26,"key":"reliquary:BoilingFlask"},{"floor":40,"key":"Snack Pack"},{"floor":43,"key":"reliquary:IridiumChain"},{"floor":46,"key":"Potion Belt"},{"floor":54,"key":"hubris:SlimyHat"}],"event_choices":[],"is_beta":false,"boss_relics":[{"not_picked":["hubris:ScarierMask","construct:WeddingRing"],"picked":"energizedSpire:MagnifyingGlass"},{"not_picked":["FixedStarFall","Painkiller Herb"],"picked":"xbg"}],"items_purged_floors":[2,2,2,2,2,2,2,5,12,12,12,19,21,21,21,30,30,30,30],"is_endless":false,"potions_floor_spawned":[8,13,22,23,31,33,42,44,46,54],"ascension_level":0}}