{"host":"gsjtu2nhjj0xfoom","time":1614336535,"event":{"mods":["BaseMod","Colored Map","Colored Powertips","Highlight Path","Minty Spire (QoL Compilation)","Permanent Neow","StSLib"],"gold_per_floor":[113,113,125,200,216,216,247,247,247,247,247,22,0,10,10,105,105,116,16,16,16],"floor_reached":20,"language":"ENG","playtime":1524,"items_purged":["Strike_G","Strike_G"],"score":255,"play_id":"9221ad56-3fe1-4b37-acf7-c7c21066a4c6","local_time":"20210226114855","is_ascension_mode":true,"campfire_choices":[{"floor":6,"key":"REST"},{"data":"Poisoned Stab","floor":8,"key":"SMITH"},{"floor":10,"key":"REST"},{"data":"Dagger Spray","floor":15,"key":"SMITH"}],"circlet_count":0,"master_deck":["AscendersBane","Defend_G+1","Defend_G","Defend_G","Defend_G+1","Defend_G","Survivor","Neutralize","Poisoned Stab","PiercingWail","Poisoned Stab+1","Dagger Spray+1","Well Laid Plans","Blur","Poisoned Stab","Glass Knife","PiercingWail+1"],"relics":["Snecko Eye","Eternal Feather","Question Card","Pen Nib","Empty Cage"],"acts_visited":["Exordium","TheCity"],"potions_floor_usage":[7],"damage_taken":[{"damage":3,"enemies":"Jaw Worm","floor":1,"turns":8},{"damage":10,"enemies":"Small Slimes","floor":3,"turns":3},{"damage":0,"enemies":"Cultist","floor":5,"turns":3},{"damage":45,"enemies":"Gremlin Nob","floor":7,"turns":6},{"damage":4,"enemies":"Looter","floor":13,"turns":4},{"damage":0,"enemies":"Large Slime","floor":14,"turns":10},{"damage":22,"enemies":"Slime Boss","floor":16,"turns":14},{"damage":11,"enemies":"Spheric Guardian","floor":18,"turns":7},{"damage":11,"enemies":"Shell Parasite","floor":20,"turns":3}],"seed_played":"-6036737464955238270","potions_obtained":[{"floor":3,"key":"Explosive Potion"},{"floor":14,"key":"Explosive Potion"},{"floor":16,"key":"CultistPotion"}],"is_trial":false,"path_per_floor":["M","?","M","?","M","R","E","R","T","R","?","$","M","M","R","B",null,"M","$","M"],"character_chosen":"THE_SILENT","items_purchased":["Pen Nib"],"campfire_rested":2,"item_purchase_floors":[12],"current_hp_per_floor":[60,46,36,25,25,46,1,10,10,40,40,40,36,36,45,23,58,47,47,36,36],"gold":16,"neow_bonus":"BOSS_RELIC","is_daily":false,"chose_seed":false,"campfire_upgraded":2,"win_rate":0.0,"timestamp":1614336535,"path_taken":["M","?","M","?","M","R","E","R","T","R","?","$","M","M","R","BOSS","M","$","M"],"items_purchased_type":["Relic"],"build_version":"2020-12-22","purchased_purges":2,"victory":false,"max_hp_per_floor":[70,70,70,70,70,70,70,70,70,70,70,70,70,70,70,70,70,70,70,70,70],"card_choices":[{"not_picked":["Acrobatics","Caltrops"],"picked":"Poisoned Stab","floor":1},{"not_picked":["Acrobatics","Outmaneuver"],"picked":"PiercingWail","floor":3},{"not_picked":["Bane","Masterful Stab"],"picked":"Poisoned Stab","floor":5},{"not_picked":["Dash","Outmaneuver"],"picked":"Dagger Spray","floor":7},{"not_picked":["Dagger Throw","Sucker Punch","Setup"],"picked":"Blur","floor":13},{"not_picked":["Distraction","Riddle With Holes","Dodge and Roll"],"picked":"Poisoned Stab","floor":14},{"not_picked":["Venomology","After Image","Bullet Time"],"picked":"Glass Knife","floor":16},{"not_picked":["Dodge and Roll","Cloak And Dagger","Escape Plan"],"picked":"PiercingWail+1","floor":18}],"player_experience":1387263,"relics_obtained":[{"floor":7,"key":"Eternal Feather"},{"floor":9,"key":"Question Card"}],"event_choices":[{"damage_healed":0,"gold_gain":0,"player_choice":"Entered Light","damage_taken":14,"max_hp_gain":0,"max_hp_loss":0,"event_name":"Shining Light","floor":2,"gold_loss":0,"cards_upgraded":["Defend_G","Defend_G"]},{"damage_healed":0,"gold_gain":75,"player_choice":"Gather Gold","damage_taken":11,"max_hp_gain":0,"max_hp_loss":0,"event_name":"World of Goop","floor":4,"gold_loss":0},{"damage_healed":0,"gold_gain":0,"cards_transformed":["Strike_G"],"player_choice":"Change","damage_taken":0,"max_hp_gain":0,"max_hp_loss":0,"event_name":"Living Wall","floor":11,"gold_loss":0,"cards_obtained":["Well Laid Plans"]}],"is_beta":false,"boss_relics":[{"not_picked":["Philosopher\u0027s Stone","Fusion Hammer"],"picked":"Empty Cage"}],"items_purged_floors":[12,19],"is_endless":false,"potions_floor_spawned":[3,14,16],"killed_by":"Shell Parasite","ascension_level":10}}