{"host":"5ffrjkuvgrxgllwx","time":1614301222,"event":{"mods":["AchievementEnabler","BaseMod","Colored Map","Colored Powertips","Minty Spire (QoL Compilation)","Quick Restart","Rare Cards Sparkle","StSLib","everything is the same but u backflip on backflip"],"gold_per_floor":[114,132,132,13,13,47,59,98,123,144,63,118,277,277,277],"floor_reached":14,"language":"ENG","playtime":379,"items_purged":["Strike_G"],"score":234,"play_id":"1314048c-7a74-4996-808a-37bddd511277","local_time":"20210225200022","is_ascension_mode":true,"campfire_choices":[],"circlet_count":0,"master_deck":["AscendersBane","Strike_G","Strike_G","Strike_G","Defend_G+1","Defend_G","Defend_G","Defend_G+1","Defend_G","Survivor","Neutralize","Cloak And Dagger","Dagger Spray","Noxious Fumes","Tactician","Dash","Cloak And Dagger","Crippling Poison","Poisoned Stab","All Out Attack","Doubt"],"relics":["Ring of the Snake","NeowsBlessing","Orichalcum","CeramicFish","Nunchaku"],"acts_visited":["Exordium"],"potions_floor_usage":[14],"damage_taken":[{"damage":0,"enemies":"Jaw Worm","floor":1,"turns":1},{"damage":0,"enemies":"Small Slimes","floor":2,"turns":1},{"damage":0,"enemies":"Gremlin Nob","floor":6,"turns":1},{"damage":0,"enemies":"Cultist","floor":7,"turns":4},{"damage":15,"enemies":"3 Sentries","floor":8,"turns":7},{"damage":7,"enemies":"3 Louse","floor":10,"turns":4},{"damage":17,"enemies":"Lagavulin","floor":14,"turns":6}],"seed_played":"1551557730654710261","potions_obtained":[{"floor":2,"key":"SteroidPotion"},{"floor":6,"key":"GamblersBrew"},{"floor":10,"key":"Dexterity Potion"}],"is_trial":false,"path_per_floor":["M","M","?","$","?","E","M","E","T","M","$","?","?","E"],"character_chosen":"THE_SILENT","items_purchased":["Noxious Fumes","All Out Attack"],"campfire_rested":0,"item_purchase_floors":[4,11],"current_hp_per_floor":[59,59,39,39,39,39,39,24,24,17,17,17,17,0,0],"gold":277,"neow_bonus":"THREE_ENEMY_KILL","is_daily":false,"chose_seed":false,"campfire_upgraded":0,"win_rate":0.0,"timestamp":1614301222,"path_taken":["M","M","?","$","?","E","M","E","T","M","$","?","?","E"],"items_purchased_type":["Card","Card"],"build_version":"2020-12-22","purchased_purges":1,"victory":false,"max_hp_per_floor":[66,66,66,66,66,66,66,66,66,66,66,66,66,66,66],"card_choices":[{"not_picked":["Dodge and Roll","Distraction"],"picked":"Cloak And Dagger","floor":1},{"not_picked":["Backstab","Underhanded Strike"],"picked":"Dagger Spray","floor":2},{"not_picked":["Choke","Flying Knee"],"picked":"Dash","floor":6},{"not_picked":["Dagger Throw","Underhanded Strike"],"picked":"Cloak And Dagger","floor":7},{"not_picked":["Choke","Quick Slash"],"picked":"Crippling Poison","floor":8},{"not_picked":["Blade Dance","Slice"],"picked":"Poisoned Stab","floor":10}],"player_experience":1413560,"relics_obtained":[{"floor":6,"key":"Orichalcum"},{"floor":8,"key":"CeramicFish"},{"floor":9,"key":"Nunchaku"}],"event_choices":[{"damage_healed":0,"gold_gain":0,"player_choice":"Entered Light","damage_taken":20,"max_hp_gain":0,"max_hp_loss":0,"event_name":"Shining Light","floor":3,"gold_loss":0,"cards_upgraded":["Defend_G","Defend_G"]},{"damage_healed":0,"gold_gain":0,"cards_transformed":["Strike_G"],"player_choice":"Change","damage_taken":0,"max_hp_gain":0,"max_hp_loss":0,"event_name":"Living Wall","floor":5,"gold_loss":0,"cards_obtained":["Tactician"]},{"damage_healed":0,"gold_gain":55,"player_choice":"Gained Gold","damage_taken":0,"max_hp_gain":0,"max_hp_loss":0,"event_name":"Golden Wing","floor":12,"gold_loss":0},{"damage_healed":0,"gold_gain":150,"player_choice":"AGREE","damage_taken":0,"max_hp_gain":0,"max_hp_loss":0,"event_name":"Liars Game","floor":13,"gold_loss":0,"cards_obtained":["Doubt"]}],"is_beta":false,"boss_relics":[],"items_purged_floors":[4],"is_endless":false,"potions_floor_spawned":[2,6,10],"killed_by":"Lagavulin","ascension_level":18}}