{"host":"2sct7qpnpunnnd84","time":1614329719,"event":{"mods":["BaseMod","Googly Eyes","Minty Spire (QoL Compilation)","Quick Restart","Shop Mod","StSLib","The IronCluck"],"gold_per_floor":[119,119,135,135,148,148,98,98,98,98,142,142,167,183,183,314,314,329,329,138,338,353,353,111,111,111,124,143,103,103,126,126,257,257,280,280,1279,1300,1400,1425,1438,1461,1461,1461,1481,1481,1504,1504,1504,1504,1504],"floor_reached":50,"language":"ENG","playtime":3542,"items_purged":[],"score":519,"play_id":"97425ae5-2088-4842-a718-45471f116201","local_time":"20210226005519","is_ascension_mode":false,"campfire_choices":[{"data":"Neutralize","floor":6.0,"key":"SMITH"},{"data":"Survivor","floor":10.0,"key":"SMITH"},{"floor":12.0,"key":"REST"},{"data":"Backstab","floor":15.0,"key":"SMITH"},{"floor":23.0,"key":"REST"},{"data":"Catalyst","floor":25.0,"key":"SMITH"},{"floor":30.0,"key":"REST"},{"data":"Poisoned Stab","floor":32.0,"key":"SMITH"},{"floor":44.0,"key":"REST"},{"floor":49,"key":"REST"}],"circlet_count":0,"master_deck":["Strike_G","Strike_G","Strike_G","Strike_G","Strike_G","Defend_G","Defend_G","Defend_G","Defend_G","Defend_G","Survivor+1","Neutralize+1","Finisher+1","Deflect","Backstab+1","Predator","Dodge and Roll+1","Caltrops+1","Poisoned Stab+1","Catalyst+1","Dagger Spray+1","Flying Knee+1","Cloak And Dagger","Footwork+1","Caltrops+1","Corpse Explosion","Deflect+1","Normality","Normality","Accuracy+1","Deflect","Predator+1","Blade Dance","Noxious Fumes+1","Crippling Poison+1","Mind Blast","Deflect+1"],"relics":["Ring of the Snake","Golden Idol","Frozen Egg 2","Blue Candle","Pantograph","Velvet Choker","MutagenicStrength","Kunai","Ninja Scroll","WristBlade","Prayer Wheel","Ancient Tea Set"],"acts_visited":["Exordium","TheCity","TheBeyond"],"potions_floor_usage":[],"damage_taken":[{"damage":2.0,"enemies":"Jaw Worm","floor":1.0,"turns":6.0},{"damage":1.0,"enemies":"Cultist","floor":3.0,"turns":3.0},{"damage":0.0,"enemies":"Small Slimes","floor":5.0,"turns":3.0},{"damage":25.0,"enemies":"Gremlin Nob","floor":11.0,"turns":4.0},{"damage":8.0,"enemies":"Blue Slaver","floor":13.0,"turns":3.0},{"damage":3.0,"enemies":"Lots of Slimes","floor":14.0,"turns":4.0},{"damage":43.0,"enemies":"The Guardian","floor":16.0,"turns":15.0},{"damage":11.0,"enemies":"2 Thieves","floor":18.0,"turns":4.0},{"damage":6.0,"enemies":"Chosen","floor":22.0,"turns":3.0},{"damage":5.0,"enemies":"Centurion and Healer","floor":27.0,"turns":4.0},{"damage":9.0,"enemies":"Cultist and Chosen","floor":28.0,"turns":5.0},{"damage":0.0,"enemies":"Snecko","floor":31.0,"turns":4.0},{"damage":38.0,"enemies":"Champ","floor":33.0,"turns":19.0},{"damage":3.0,"enemies":"3 Shapes","floor":35.0,"turns":1.0},{"damage":15.0,"enemies":"Orb Walker","floor":38.0,"turns":4.0},{"damage":9.0,"enemies":"Spire Growth","floor":40.0,"turns":4.0},{"damage":25.0,"enemies":"Maw","floor":41.0,"turns":7.0},{"damage":0.0,"enemies":"Jaw Worm Horde","floor":42.0,"turns":2.0},{"damage":28.0,"enemies":"Transient","floor":45.0,"turns":5.0},{"damage":24,"enemies":"Sphere and 2 Shapes","floor":47,"turns":5},{"damage":50,"enemies":"Donu and Deca","floor":50,"turns":4}],"seed_played":"-7907071082311915808","potions_obtained":[{"floor":0.0,"key":"EntropicBrew"},{"floor":0.0,"key":"PowerPotion"},{"floor":0.0,"key":"FearPotion"},{"floor":5.0,"key":"Regen Potion"},{"floor":11.0,"key":"Poison Potion"},{"floor":27.0,"key":"Swift Potion"},{"floor":33.0,"key":"Poison Potion"},{"floor":38.0,"key":"Regen Potion"},{"floor":42.0,"key":"Poison Potion"}],"is_trial":false,"path_per_floor":["M","?","M","?","M","R","?","?","T","R","E","R","M","M","R","B",null,"M","?","$","?","M","R","$","R","T","M","M","$","R","M","R","B",null,"M","$","?","M","?","M","M","M","T","R","M","?","M","?","R","B"],"character_chosen":"THE_SILENT","items_purchased":["Caltrops+1","Poisoned Stab","Catalyst","Kunai","Footwork+1"],"campfire_rested":5,"item_purchase_floors":[20,20,20,24,29],"current_hp_per_floor":[68,68,67,67,67,67,67,67,67,67,42,63,64,61,61,27,70,59,59,59,59,53,70,70,70,70,65,56,56,70,70,70,32,70,67,67,67,52,52,43,33,33,33,54,26,26,2,2,23,0,0],"gold":1504,"neow_bonus":"THREE_SMALL_POTIONS","is_daily":false,"chose_seed":false,"campfire_upgraded":5,"win_rate":0.0,"timestamp":1614329719,"path_taken":["M","?","M","?","?","R","?","?","T","R","E","R","M","?","R","BOSS","M","?","$","?","M","R","$","R","T","?","M","$","R","M","R","BOSS","M","$","?","M","?","M","?","M","T","R","M","?","M","?","R","BOSS"],"items_purchased_type":["Card","Card","Card","Relic","Card"],"build_version":"2020-12-22","purchased_purges":0,"victory":false,"max_hp_per_floor":[70,70,70,70,70,70,70,70,70,70,70,70,70,70,70,70,70,70,70,70,70,70,70,70,70,70,70,70,70,70,70,70,70,70,70,70,70,70,70,70,70,70,70,70,70,70,70,70,70,70,70],"card_choices":[{"not_picked":["Prepared","Quick Slash"],"picked":"Finisher","floor":1.0},{"not_picked":["Backflip","Sucker Punch"],"picked":"Flying Knee","floor":3.0},{"not_picked":["Tactician","Quick Slash","Acrobatics"],"picked":"SKIP","floor":5.0},{"not_picked":["Predator","Eviscerate"],"picked":"Deflect","floor":11.0},{"not_picked":["Riddle With Holes","Outmaneuver"],"picked":"Backstab","floor":13.0},{"not_picked":["Endless Agony","Dagger Throw"],"picked":"Predator","floor":14.0},{"not_picked":["Sucker Punch","Prepared"],"picked":"Dodge and Roll+1","floor":18.0},{"not_picked":["Flying Knee","Poisoned Stab"],"picked":"Dagger Spray+1","floor":22.0},{"not_picked":["Slice+1","Skewer"],"picked":"Flying Knee+1","floor":27.0},{"not_picked":["Acrobatics+1","Dagger Throw"],"picked":"Cloak And Dagger","floor":28.0},{"not_picked":["Backflip","Dagger Throw+1"],"picked":"Caltrops+1","floor":31.0},{"not_picked":["Storm of Steel","Grand Finale"],"picked":"Corpse Explosion","floor":33.0},{"not_picked":["Bane","Dodge and Roll"],"picked":"Deflect+1","floor":35.0},{"not_picked":["Acrobatics+1","Outmaneuver"],"picked":"Accuracy+1","floor":38.0},{"not_picked":["Tactician+1","Prepared+1"],"picked":"Deflect","floor":40.0},{"not_picked":["Bane","Poisoned Stab+1"],"picked":"Predator+1","floor":41.0},{"not_picked":["Glass Knife","Cloak And Dagger"],"picked":"Blade Dance","floor":42.0},{"not_picked":["Outmaneuver","Deadly Poison+1"],"picked":"Noxious Fumes+1","floor":45.0},{"not_picked":["Quick Slash","Dodge and Roll"],"picked":"Crippling Poison+1","floor":45.0},{"not_picked":["Blind","Secret Technique"],"picked":"Mind Blast","floor":46.0},{"not_picked":["Prepared","Bane+1"],"picked":"Deflect+1","floor":47},{"not_picked":["Backflip+1","Endless Agony+1","Tactician+1"],"picked":"SKIP","floor":47}],"player_experience":3495160,"relics_obtained":[{"floor":9.0,"key":"Blue Candle"},{"floor":11.0,"key":"Pantograph"},{"floor":26.0,"key":"Ninja Scroll"},{"floor":43.0,"key":"Prayer Wheel"},{"floor":48,"key":"Ancient Tea Set"}],"event_choices":[{"damage_healed":0.0,"max_hp_gain":0.0,"max_hp_loss":0.0,"gold_gain":0.0,"event_name":"Golden Idol","player_choice":"Take Wound","floor":2.0,"gold_loss":0.0,"damage_taken":0.0,"relics_obtained":["Golden Idol"],"cards_obtained":["Injury"]},{"cards_removed":["Flying Knee"],"damage_healed":0.0,"max_hp_gain":0.0,"max_hp_loss":0.0,"gold_gain":0.0,"event_name":"WeMeetAgain","player_choice":"Gave Card","floor":4.0,"gold_loss":0.0,"damage_taken":0.0,"relics_obtained":["Frozen Egg 2"]},{"cards_removed":["Injury"],"damage_healed":0.0,"max_hp_gain":0.0,"max_hp_loss":0.0,"gold_gain":0.0,"event_name":"The Cleric","player_choice":"Card Removal","floor":7.0,"gold_loss":50.0,"damage_taken":0.0},{"damage_healed":0.0,"max_hp_gain":0.0,"max_hp_loss":0.0,"gold_gain":0.0,"event_name":"Accursed Blacksmith","player_choice":"Forge","floor":8.0,"gold_loss":0.0,"damage_taken":0.0,"cards_upgraded":["Finisher"]},{"damage_healed":0.0,"max_hp_gain":0.0,"max_hp_loss":0.0,"gold_gain":0.0,"event_name":"Drug Dealer","player_choice":"Inject Mutagens","floor":19.0,"gold_loss":0.0,"damage_taken":0.0,"relics_obtained":["MutagenicStrength"]},{"damage_healed":0.0,"max_hp_gain":0.0,"max_hp_loss":0.0,"gold_gain":200.0,"event_name":"Wheel of Change","player_choice":"Gold","floor":21.0,"gold_loss":0.0,"damage_taken":0.0},{"damage_healed":0.0,"max_hp_gain":0.0,"max_hp_loss":0.0,"gold_gain":999.0,"event_name":"MindBloom","player_choice":"Gold","floor":37.0,"gold_loss":0.0,"damage_taken":0.0,"cards_obtained":["Normality","Normality"]},{"damage_healed":0.0,"max_hp_gain":0.0,"max_hp_loss":0.0,"gold_gain":100.0,"event_name":"Golden Shrine","player_choice":"Pray","floor":39.0,"gold_loss":0.0,"damage_taken":0.0},{"damage_healed":0.0,"max_hp_gain":0.0,"max_hp_loss":0.0,"gold_gain":0.0,"event_name":"SensoryStone","player_choice":"Memory 1","floor":46.0,"gold_loss":0.0,"damage_taken":0.0},{"damage_healed":0,"gold_gain":0,"player_choice":"Relic","damage_taken":0,"max_hp_gain":0,"max_hp_loss":0,"event_name":"Wheel of Change","floor":48,"gold_loss":0}],"is_beta":false,"boss_relics":[{"not_picked":["HoveringKite","Ectoplasm"],"picked":"Velvet Choker"},{"not_picked":["Philosopher\u0027s Stone","SacredBark"],"picked":"WristBlade"}],"items_purged_floors":[],"is_endless":false,"potions_floor_spawned":[5,11,27,33,38,40,42],"killed_by":"Donu and Deca","ascension_level":0}}