{"host":"7hek758ba7rrttw2","time":1614354236,"event":{"mods":["BaseMod","Minty Spire (QoL Compilation)","Weighted Paths"],"gold_per_floor":[119,138,213,230,230,260,260,272,272,285,285,318,112,112,112],"floor_reached":14,"language":"ENG","playtime":432,"items_purged":["Strike_P"],"score":120,"play_id":"1b55a59c-d935-4768-affc-fcefb659e1a9","local_time":"20210226164356","is_ascension_mode":true,"campfire_choices":[{"data":"Eruption","floor":7,"key":"SMITH"},{"floor":11,"key":"REST"}],"circlet_count":0,"master_deck":["Strike_P","Strike_P","Defend_P","Defend_P","Defend_P","Defend_P","Eruption+1","Vigilance","Consecrate","Halt","Halt","WheelKick","WheelKick","WreathOfFlame","WaveOfTheHand","Consecrate","Adaptation"],"relics":["PureWater","NeowsBlessing","Mercury Hourglass","Shuriken","Bottled Lightning"],"acts_visited":["Exordium"],"potions_floor_usage":[6,12,14],"damage_taken":[{"damage":0.0,"enemies":"Jaw Worm","floor":1.0,"turns":1.0},{"damage":0.0,"enemies":"Cultist","floor":2.0,"turns":1.0},{"damage":0,"enemies":"Small Slimes","floor":4,"turns":1},{"damage":56,"enemies":"Gremlin Nob","floor":6,"turns":4},{"damage":0,"enemies":"2 Fungi Beasts","floor":8,"turns":1},{"damage":0,"enemies":"Gremlin Gang","floor":10,"turns":3},{"damage":26,"enemies":"3 Sentries","floor":12,"turns":6},{"damage":36,"enemies":"Gremlin Nob","floor":14,"turns":2}],"seed_played":"-9139339819699512409","potions_obtained":[{"floor":2.0,"key":"PowerPotion"},{"floor":8,"key":"Ancient Potion"},{"floor":10,"key":"SkillPotion"},{"floor":12,"key":"LiquidBronze"}],"is_trial":false,"path_per_floor":["M","M","?","M","?","E","R","M","T","M","R","E","$","E"],"character_chosen":"WATCHER","items_purchased":["Consecrate","Adaptation","SkillPotion"],"campfire_rested":1,"item_purchase_floors":[13,13,13],"current_hp_per_floor":[72,72,65,65,65,9,9,9,9,9,30,4,4,0,0],"gold":112,"neow_bonus":"THREE_ENEMY_KILL","is_daily":false,"chose_seed":false,"campfire_upgraded":1,"win_rate":0.0,"timestamp":1614354236,"path_taken":["M","M","?","?","?","E","R","?","T","M","R","E","$","E"],"items_purchased_type":["Card","Card","Potion"],"build_version":"2020-12-22","purchased_purges":1,"victory":false,"max_hp_per_floor":[72,72,72,72,72,72,72,72,72,72,72,72,72,72,72],"card_choices":[{"not_picked":["CutThroughFate","Weave"],"picked":"Consecrate","floor":1.0},{"not_picked":["FlurryOfBlows","CutThroughFate"],"picked":"Halt","floor":2.0},{"not_picked":["EmptyFist","Protect","Sanctity"],"picked":"SKIP","floor":4},{"not_picked":["Wireheading","BowlingBash"],"picked":"WheelKick","floor":6},{"not_picked":["CrushJoints","Conclude"],"picked":"WheelKick","floor":8},{"not_picked":["ThirdEye","SashWhip"],"picked":"WreathOfFlame","floor":10},{"not_picked":["SignatureMove","Fasting2"],"picked":"WaveOfTheHand","floor":12}],"player_experience":383659,"relics_obtained":[{"floor":6,"key":"Mercury Hourglass"},{"floor":9,"key":"Shuriken"},{"floor":12,"key":"Bottled Lightning"}],"event_choices":[{"damage_healed":0,"gold_gain":75,"player_choice":"Touch","damage_taken":7,"max_hp_gain":0,"max_hp_loss":0,"event_name":"FaceTrader","floor":3,"gold_loss":0},{"damage_healed":0,"gold_gain":0,"cards_transformed":["Strike_P"],"player_choice":"Transformed","damage_taken":0,"max_hp_gain":0,"max_hp_loss":0,"event_name":"Transmorgrifier","floor":5,"gold_loss":0,"cards_obtained":["Halt"]}],"is_beta":false,"boss_relics":[],"items_purged_floors":[13],"is_endless":false,"potions_floor_spawned":[2,8,10,12],"killed_by":"Gremlin Nob","ascension_level":4}}