{"host":"wqwfknj40rilnol1","time":1614336946,"event":{"mods":["AchievementEnabler","Aspiration","BaseMod","BetterRewards","Block Reminder","Colored Map","Conspire","Highlight Path","Hubris","Minty Spire (QoL Compilation)","Permanent Neow","Quick Restart","Relic Stats","Replay The Spire","Shop Mod","StSLib","The Cursed"],"gold_per_floor":[118,118,134,134,134,134,152,186,186,186,196,223,279,279,279,350,350,365,384,52,66,83,83,112,112,188,208,220,220,234,22,22,97,97,116,128,140,140,159,192,192,258,258,60,86,86,99,99,99,99,99],"floor_reached":50,"language":"ENG","playtime":2333,"items_purged":[],"score":1770,"play_id":"7e69be67-2f7c-426d-a253-8b1017c45fcc","local_time":"20210226115546","is_ascension_mode":true,"campfire_choices":[{"data":"Immolate","floor":6,"key":"SMITH"},{"data":"Bludgeon","floor":10,"key":"SMITH"},{"floor":15,"key":"REST"},{"floor":23,"key":"REST"},{"floor":25,"key":"REST"},{"data":"Bash","floor":29,"key":"SMITH"},{"floor":32,"key":"REST"},{"floor":41,"key":"REST"},{"data":"Whirlwind","floor":46,"key":"SMITH"},{"data":"Pain","floor":49,"key":"PURGE"}],"circlet_count":0,"master_deck":["AscendersBane","Strike_R","Strike_R","Strike_R","Strike_R","Strike_R","Defend_R","Defend_R","Defend_R+1","Defend_R+1","Bash+1","Inflame+1","Shrug It Off","Hemokinesis+1","Clothesline","Bludgeon+1","Impervious","Headbutt","Immolate+1","Whirlwind+1","Offering","EmptyFist","conspire:ExplosiveBarrier","Cleave","ReplayTheSpireMod:Stacked","Seeing Red","ReplayUltimateDefense+1","Impervious","Protect","Shrug It Off+1","ReplayUltimateDefense+1"],"relics":["Burning Blood","Oddly Smooth Stone","aspiration:Nostalgia","Replay:M_SmolderingBlood","conspire:GiftBox","ReplayTheSpireMod:Spearhead","hubris:Icosahedron","War Paint","conspire:TopHat","hubris:BottledRain","Frozen Egg 2","Philosopher\u0027s Stone","ReplayFunnel","Toolbox","Strawberry","Blue Candle","Replay:Grab Bag","hubris:VirtuousBlindfold","hubris:RunicObelisk","hubris:Backtick","hubris:DisguiseKit","Bag of Preparation","Quantum Egg"],"acts_visited":["Exordium","TheCity","TheBeyond"],"potions_floor_usage":[13,22,24,42,50,50],"damage_taken":[{"damage":11,"enemies":"Small Slimes","floor":1,"turns":2},{"damage":0,"enemies":"Cultist","floor":3,"turns":3},{"damage":8,"enemies":"2 Louse","floor":7,"turns":3},{"damage":18,"enemies":"Gremlin Nob","floor":8,"turns":3},{"damage":0,"enemies":"Large Slime","floor":11,"turns":3},{"damage":25,"enemies":"Replay:BlueRogue","floor":12,"turns":4},{"damage":16,"enemies":"3 Sentries","floor":13,"turns":3},{"damage":4,"enemies":"Slime Boss","floor":16,"turns":7},{"damage":22,"enemies":"Shell Parasite","floor":18,"turns":2},{"damage":19,"enemies":"conspire:FuzzyDice","floor":19,"turns":5},{"damage":8,"enemies":"3 Cultists","floor":21,"turns":3},{"damage":19,"enemies":"conspire:HollyBat","floor":22,"turns":5},{"damage":33,"enemies":"conspire:SneckoGhost","floor":24,"turns":9},{"damage":8,"enemies":"Snake Plant","floor":27,"turns":2},{"damage":2,"enemies":"Cultist and Chosen","floor":28,"turns":4},{"damage":4,"enemies":"conspire:HollyBat","floor":30,"turns":7},{"damage":22,"enemies":"Pondfish","floor":33,"turns":9},{"damage":0,"enemies":"Orb Walker","floor":35,"turns":3},{"damage":15,"enemies":"3 Darklings","floor":36,"turns":3},{"damage":42,"enemies":"Sphere and 2 Shapes","floor":37,"turns":3},{"damage":0,"enemies":"Jaw Worm Horde","floor":39,"turns":3},{"damage":10,"enemies":"R_Hoarder","floor":40,"turns":7},{"damage":16,"enemies":"Reptomancer","floor":45,"turns":7},{"damage":38,"enemies":"4 Shapes","floor":47,"turns":2},{"damage":69,"enemies":"Awakened One","floor":50,"turns":7}],"seed_played":"3433455381002350546","potions_obtained":[{"floor":8,"key":"Block Potion"},{"floor":11,"key":"SteroidPotion"},{"floor":13,"key":"Explosive Potion"},{"floor":18,"key":"Elixir"},{"floor":28,"key":"Adrenaline Potion"},{"floor":30,"key":"BloodPotion"},{"floor":33,"key":"Cursed Concoction"},{"floor":42,"key":"ColorlessPotion"}],"is_trial":false,"path_per_floor":["M","$","M","?","?","R","M","E","T","R","M","E","?","?","R","B",null,"M","M","$","M","M","R","E","R","T","M","M","R","M","$","R","B",null,"M","M","M","?","M","E","R","?","T","$","E","R","M","?","R_BF","B"],"character_chosen":"IRONCLAD","items_purchased":["Oddly Smooth Stone","Inflame","aspiration:Nostalgia","Shrug It Off","Hemokinesis+1","Clothesline","conspire:GiftBox","Impervious","ReplayTheSpireMod:Spearhead","ReplayFunnel","Toolbox","ReplayUltimateDefense+1","ReplayUltimateDefense+1"],"campfire_rested":5,"item_purchase_floors":[0,0,0,0,0,0,0,0,0,20,20,31,44],"current_hp_per_floor":[63,63,69,69,69,69,67,55,55,55,61,42,32,32,54,56,70,54,41,41,39,26,48,28,52,52,50,54,54,56,56,80,64,78,82,73,37,37,43,39,63,79,79,79,69,69,37,37,37,0,0],"gold":99,"neow_bonus":"","is_daily":false,"chose_seed":false,"campfire_upgraded":4,"win_rate":0.0,"timestamp":1614336946,"path_taken":["M","$","M","?","?","R","?","E","T","R","M","E","?","?","R","BOSS","M","M","$","M","M","R","E","R","T","M","M","R","M","$","R","BOSS","M","M","M","?","M","E","R","?","T","$","E","R","M","?","R_BF","BOSS"],"items_purchased_type":["Relic","Card","Relic","Card","Card","Card","Relic","Card","Relic","Relic","Relic","Card","Card"],"build_version":"2020-12-22","purchased_purges":0,"victory":false,"max_hp_per_floor":[75,75,75,75,75,75,75,75,75,75,75,75,75,75,75,75,75,75,75,75,75,75,75,82,82,82,82,82,82,82,82,82,82,82,82,82,82,82,82,82,82,82,82,82,82,82,82,78,78,78,78],"relic_stats":{"counters":[72,315],"Blue Candle":[3],"Bag of Preparation":[3],"War Paint":["Defend_R","Defend_R"],"obtain_stats":[{"Calipers":48,"hubris:CrystalStatue":6,"hubris:VirtuousBlindfold":34,"Bottled Tornado":14,"Centennial Puzzle":0,"Strawberry":24,"Philosopher\u0027s Stone":17,"Iron Hammer":36,"aspiration:Nostalgia":0,"Counterbalance":8,"Replay:Grab Bag":17,"Blue Candle":26,"hubris:SphereOfDissonance":31,"Oddly Smooth Stone":0,"conspire:Boomerang":27,"War Paint":8,"Question Card":29,"ReplayTheSpireMod:Spearhead":43,"conspire:GiftBox":0,"Brimstone":7,"Bronze Scales":0,"Molten Egg 2":9,"hubris:PeanutButter":13,"Pandora\u0027s Box":19,"CultistMask":6,"ReplayTheSpireMod:TigerMarble":10,"Unceasing Top":27,"ReplayFunnel":20,"hubris:Metronome":25,"Painkiller Herb":36,"Blue Doll":45,"conspire:SpecialSausage":17,"hubris:SlimyHat":8,"Juzu Bracelet":24,"Bag of Preparation":40,"hubris:RunicObelisk":17,"Burning Blood":0,"conspire:TopHat":9,"Replay:Rubber Ducky":31,"Dream Catcher":9,"hubris:Icosahedron":4,"hubris:Backtick":34,"aspiration:DefectSkillbook":34,"Mummified Hand":26,"Replay:M_SmolderingBlood":0,"Toolbox":20,"Red Mask":50,"hubris:ChampionShield":16,"hubris:DisguiseKit":28,"BargainBundle":0,"Quantum Egg":43,"hubris:Towel":19,"Frozen Egg 2":13,"Ectoplasm":17,"hubris:BundleOfHerbs":37,"hubris:GrandSneckoEye":0,"ReplayTheSpireMod:Lightbulb":39,"hubris:Potato":11,"hubris:BottledRain":12},{"Calipers":25,"hubris:CrystalStatue":29,"hubris:VirtuousBlindfold":64,"Bottled Tornado":32,"Centennial Puzzle":26,"Strawberry":60,"Philosopher\u0027s Stone":55,"Iron Hammer":41,"aspiration:Nostalgia":47,"Counterbalance":30,"Replay:Grab Bag":33,"Blue Candle":60,"hubris:SphereOfDissonance":39,"Oddly Smooth Stone":47,"conspire:Boomerang":14,"War Paint":51,"Question Card":39,"ReplayTheSpireMod:Spearhead":44,"conspire:GiftBox":47,"Brimstone":4,"Bronze Scales":26,"Molten Egg 2":5,"hubris:PeanutButter":8,"Pandora\u0027s Box":9,"CultistMask":4,"ReplayTheSpireMod:TigerMarble":30,"Unceasing Top":38,"ReplayFunnel":57,"hubris:Metronome":13,"Painkiller Herb":18,"Blue Doll":22,"conspire:SpecialSausage":33,"hubris:SlimyHat":5,"Juzu Bracelet":37,"Bag of Preparation":69,"hubris:RunicObelisk":33,"Burning Blood":0,"conspire:TopHat":51,"Replay:Rubber Ducky":15,"Dream Catcher":30,"hubris:Icosahedron":49,"hubris:Backtick":64,"aspiration:DefectSkillbook":40,"Mummified Hand":37,"Replay:M_SmolderingBlood":47,"Toolbox":57,"Red Mask":25,"hubris:ChampionShield":8,"hubris:DisguiseKit":14,"BargainBundle":26,"Quantum Egg":69,"hubris:Towel":34,"Frozen Egg 2":54,"Ectoplasm":33,"hubris:BundleOfHerbs":42,"hubris:GrandSneckoEye":0,"ReplayTheSpireMod:Lightbulb":20,"hubris:Potato":6,"hubris:BottledRain":53},{"Calipers":94,"hubris:CrystalStatue":113,"hubris:VirtuousBlindfold":280,"Bottled Tornado":130,"Centennial Puzzle":100,"Strawberry":258,"Philosopher\u0027s Stone":234,"Iron Hammer":171,"aspiration:Nostalgia":206,"Counterbalance":120,"Replay:Grab Bag":141,"Blue Candle":258,"hubris:SphereOfDissonance":159,"Oddly Smooth Stone":206,"conspire:Boomerang":52,"War Paint":217,"Question Card":159,"ReplayTheSpireMod:Spearhead":182,"conspire:GiftBox":206,"Brimstone":10,"Bronze Scales":100,"Molten Egg 2":12,"hubris:PeanutButter":22,"Pandora\u0027s Box":33,"CultistMask":10,"ReplayTheSpireMod:TigerMarble":120,"Unceasing Top":158,"ReplayFunnel":241,"hubris:Metronome":49,"Painkiller Herb":70,"Blue Doll":82,"conspire:SpecialSausage":141,"hubris:SlimyHat":12,"Juzu Bracelet":155,"Bag of Preparation":299,"hubris:RunicObelisk":141,"Burning Blood":0,"conspire:TopHat":217,"Replay:Rubber Ducky":57,"Dream Catcher":120,"hubris:Icosahedron":211,"hubris:Backtick":280,"aspiration:DefectSkillbook":168,"Mummified Hand":155,"Replay:M_SmolderingBlood":206,"Toolbox":241,"Red Mask":94,"hubris:ChampionShield":22,"hubris:DisguiseKit":52,"BargainBundle":100,"Quantum Egg":299,"hubris:Towel":144,"Frozen Egg 2":227,"Ectoplasm":141,"hubris:BundleOfHerbs":176,"hubris:GrandSneckoEye":0,"ReplayTheSpireMod:Lightbulb":76,"hubris:Potato":15,"hubris:BottledRain":224}],"Burning Blood":239},"card_choices":[{"not_picked":["hubris:StunningStrike","Impervious"],"picked":"Bludgeon","floor":0},{"not_picked":["Clash","Anger"],"picked":"Headbutt","floor":1},{"not_picked":["Evolve","BowlingBash","Pommel Strike"],"picked":"SKIP","floor":3},{"not_picked":["Halt","Clothesline","CrushJoints"],"picked":"SKIP","floor":7},{"not_picked":["Shockwave","Anger","Barricade"],"picked":"SKIP","floor":8},{"not_picked":["Armaments","EmptyFist"],"picked":"Whirlwind","floor":11},{"not_picked":["Defy Death","ReplayTheSpireMod:Strike From Hell"],"picked":"Offering","floor":12},{"not_picked":["Headbutt","ReplayTheSpireMod:Strike From Hell"],"picked":"EmptyFist","floor":13},{"not_picked":["Run Through","Clash"],"picked":"conspire:ExplosiveBarrier","floor":18},{"not_picked":["Heavy Blade+1","Defy Death","Havoc"],"picked":"SKIP","floor":19},{"not_picked":["Sentinel","Pummel","Reckless Charge"],"picked":"SKIP","floor":21},{"not_picked":["Searing Blow","Sever Soul+1"],"picked":"Cleave","floor":22},{"not_picked":["Hemogenesis","Defy Death","Massacre"],"picked":"SKIP","floor":24},{"not_picked":["Thunderclap","Headbutt"],"picked":"ReplayTheSpireMod:Stacked","floor":27},{"not_picked":["Havoc","Headbutt"],"picked":"Seeing Red","floor":28},{"not_picked":["Twin Strike","conspire:Purge","Armaments"],"picked":"SKIP","floor":30},{"not_picked":["Hemogenesis","Immolate"],"picked":"Impervious","floor":33},{"not_picked":["ReplayTheSpireMod:Strike From Hell","Shrug It Off","Run Through+1","Replay:AtTheReady"],"picked":"SKIP","floor":35},{"not_picked":["ReplayTheSpireMod:Muscle Training","Battle Trance","Shrug It Off","EmptyFist"],"picked":"SKIP","floor":36},{"not_picked":["Metallicize+1","Pummel","Sword Boomerang","FearNoEvil"],"picked":"SKIP","floor":37},{"not_picked":["Clothesline","Blood for Blood","Thunderclap"],"picked":"Protect","floor":39},{"not_picked":["Clothesline","Hemokinesis","Collect"],"picked":"Shrug It Off+1","floor":40},{"not_picked":["True Grit","Hemogenesis","Clothesline+1","CarveReality"],"picked":"SKIP","floor":45},{"not_picked":["Replay:Undeath\u0027s Touch","Whirlwind","Life Link+1","CutThroughFate"],"picked":"SKIP","floor":47}],"player_experience":324386,"relics_obtained":[{"floor":8,"key":"War Paint"},{"floor":9,"key":"conspire:TopHat"},{"floor":12,"key":"hubris:BottledRain"},{"floor":13,"key":"Frozen Egg 2"},{"floor":24,"key":"Strawberry"},{"floor":26,"key":"Blue Candle"},{"floor":40,"key":"Bag of Preparation"},{"floor":43,"key":"Quantum Egg"}],"event_choices":[{"damage_healed":0,"gold_gain":0,"player_choice":"1 cards matched","damage_taken":0,"max_hp_gain":0,"max_hp_loss":0,"event_name":"Match and Keep!","floor":5,"gold_loss":0,"cards_obtained":["Immolate"]},{"damage_healed":0,"gold_gain":0,"player_choice":"Searched \u00271\u0027 times","damage_taken":0,"max_hp_gain":0,"max_hp_loss":0,"event_name":"Dead Adventurer","floor":13,"gold_loss":0},{"damage_healed":0,"gold_gain":0,"player_choice":"Max HP","damage_taken":0,"max_hp_gain":0,"max_hp_loss":4,"event_name":"Winding Halls","floor":48,"gold_loss":0}],"is_beta":false,"boss_relics":[{"not_picked":["hubris:BlackHole","hubris:Stopwatch"],"picked":"Philosopher\u0027s Stone"},{"not_picked":["aspiration:PoetsPen","Ooze Armor"],"picked":"Replay:Grab Bag"},{"not_picked":["conspire:SlowCooker","ReplayTheSpireMod:DimensionalGlitch"],"picked":"hubris:VirtuousBlindfold"},{"not_picked":["hubris:CrackedHourglass","Replay:Wanted Poster"],"picked":"hubris:RunicObelisk"},{"not_picked":["Astrolabe","Black Blood"],"picked":"hubris:Backtick"}],"items_purged_floors":[],"is_endless":false,"potions_floor_spawned":[8,11,13,18,28,30,33,35,40,47],"killed_by":"Awakened One","ascension_level":17}}