{"host":"ggy1mjjy92c62u6a","time":1614351758,"event":{"mods":["10 clothes from DAL","ATMod(阿瑾Mod)","Act Like it!","BaseMod","Colored Powertips","GifTheSpireLib","Infinite Spire","Library of Ruina","Library of Ruina Extra","Lobotomy","LobotomyExtend","Marisa（F雨　魔理沙）","Minty Spire (QoL Compilation)","Quick Restart","Relic Filter Mod","Relic Stats","Reliquary","Remilia（蕾米莉亚）","Replay The Spire","RumiaBox-露米娅的神秘盒子","Shop Mod","Spicy Shops","StSLib","SuperFastMode","UnlockEverythingMod","Youmu（魂魄妖梦）","[功能]功能增强和修复MOD","【功能Mod】混沌之环修复补丁","【遗物Mod】死灵法师NEW","【遗物卡牌】REMEMod"],"gold_per_floor":[118,393,410,68,82,115,115,115,185,185,39,54,54,72,72,146,146,166,81,93,93,0,31,31,31],"floor_reached":24,"language":"ZHS","playtime":728,"items_purged":["Strike_R","Looming Evil"],"score":428,"play_id":"0ea2fbe1-522c-4261-8960-b8abd76643ef","local_time":"20210226230238","is_ascension_mode":true,"campfire_choices":[{"floor":8.0,"key":"REST"},{"data":"Burning Pact","floor":10.0,"key":"SMITH"},{"data":"AT_ManFootWork","floor":15.0,"key":"SMITH"}],"circlet_count":0,"master_deck":["AscendersBane","Strike_R","Strike_R","Strike_R","Strike_R","Defend_R","Defend_R","Defend_R","Defend_R","Bash","AT_DivineConfetti","Warcry","AT_ManFootWork+1","Burning Pact+1","Infernal Blade","Heavy Blade+1","Eclipse","Sentinel","REME_Scribble","Spot Weakness"],"relics":["Burning Blood","REME_ComplimentaryCards","AT_ATBox","CogitoBucket","Baka","LetterFromLob","Magic Flower","PageOfTheKnightOfDespair","PageOfTheQueenOfHatred","PageOfGreed","ReplayTheSpireMod:CursedCoin","REME_HandOfSuture","Lee\u0027s Waffle","Runic Pyramid","Vajra","Strawberry","PageOfWrath"],"acts_visited":["Exordium","TheCity"],"potions_floor_usage":[24,24],"damage_taken":[{"damage":12.0,"enemies":"Jaw Worm","floor":1.0,"turns":3.0},{"damage":9.0,"enemies":"Cultist","floor":3.0,"turns":2.0},{"damage":16.0,"enemies":"Small Slimes","floor":5.0,"turns":5.0},{"damage":48.0,"enemies":"Gremlin Nob","floor":6.0,"turns":4.0},{"damage":24.0,"enemies":"Exordium Thugs","floor":12.0,"turns":5.0},{"damage":10.0,"enemies":"Lots of Slimes","floor":14.0,"turns":1.0},{"damage":20.0,"enemies":"Slime Boss","floor":16.0,"turns":6.0},{"damage":15.0,"enemies":"3 Byrds","floor":18.0,"turns":3.0},{"damage":31.0,"enemies":"Shell Parasite","floor":20.0,"turns":3.0},{"damage":38,"enemies":"Book of Stabbing","floor":23,"turns":3},{"damage":52,"enemies":"Centurion and Healer","floor":24,"turns":3}],"seed_played":"510682351388863030","potions_obtained":[{"floor":1.0,"key":"FearPotion"},{"floor":5.0,"key":"Venom Potion"},{"floor":6.0,"key":"Adrenaline Potion"},{"floor":12.0,"key":"FearPotion"},{"floor":23,"key":"Adrenaline Potion"}],"is_trial":false,"path_per_floor":["M","?","M","$","M","E","?","R","T","R","$","M","?","M","R","B",null,"M","?","M","?","?","E","M"],"character_chosen":"IRONCLAD","items_purchased":["PageOfTheKnightOfDespair","AT_ManFootWork","ReplayTheSpireMod:CursedCoin","REME_HandOfSuture","Lee\u0027s Waffle"],"campfire_rested":1,"item_purchase_floors":[4,4,11,11,11],"current_hp_per_floor":[62,62,59,59,52,18,11,33,33,33,82,67,67,66,66,55,75,69,76,54,54,54,30,0,0],"gold":31,"neow_bonus":"","is_daily":false,"chose_seed":false,"campfire_upgraded":2,"win_rate":0.0,"timestamp":1614351758,"path_taken":["M","?","M","$","?","E","?","R","T","R","?","?","?","M","R","BOSS","M","?","M","?","?","E","?"],"items_purchased_type":["Relic","Card","Relic","Relic","Relic"],"build_version":"2020-12-22","purchased_purges":2,"victory":false,"max_hp_per_floor":[75,75,75,75,75,75,75,75,75,75,82,82,82,82,82,82,82,82,89,89,89,89,92,92,92],"relic_stats":{"Lee\u0027s Waffle":49,"counters":[15,40],"Magic Flower":[36],"obtain_stats":[{"PageOfTheQueenOfHatred":6,"Lee\u0027s Waffle":11,"AT_ATBox":0,"ReplayTheSpireMod:CursedCoin":11,"Magic Flower":3,"Vajra":18,"Baka":1,"Burning Blood":0,"PageOfGreed":9,"PageOfWrath":23,"CogitoBucket":0,"PageOfTheKnightOfDespair":4,"Strawberry":19,"REME_HandOfSuture":11,"LetterFromLob":1,"REME_ComplimentaryCards":0,"Runic Pyramid":17},{"PageOfTheQueenOfHatred":4,"Lee\u0027s Waffle":4,"AT_ATBox":0,"ReplayTheSpireMod:CursedCoin":4,"Magic Flower":2,"Vajra":9,"Baka":1,"Burning Blood":0,"PageOfGreed":4,"PageOfWrath":11,"CogitoBucket":0,"PageOfTheKnightOfDespair":2,"Strawberry":9,"REME_HandOfSuture":4,"LetterFromLob":1,"REME_ComplimentaryCards":0,"Runic Pyramid":8},{"PageOfTheQueenOfHatred":14,"Lee\u0027s Waffle":14,"AT_ATBox":0,"ReplayTheSpireMod:CursedCoin":14,"Magic Flower":5,"Vajra":30,"Baka":3,"Burning Blood":0,"PageOfGreed":14,"PageOfWrath":36,"CogitoBucket":0,"PageOfTheKnightOfDespair":5,"Strawberry":30,"REME_HandOfSuture":14,"LetterFromLob":3,"REME_ComplimentaryCards":0,"Runic Pyramid":27}],"Burning Blood":84},"card_choices":[{"not_picked":["REME_Cut","Thunderclap","Wild Strike"],"picked":"SKIP","floor":1.0},{"not_picked":["Hemokinesis","REME_FearOfPain"],"picked":"Warcry","floor":3.0},{"not_picked":["ReplayTheSpireMod:Strike From Hell","Fire Breathing"],"picked":"Burning Pact","floor":5.0},{"not_picked":["ReplayReversal","AT_ManFootWork"],"picked":"Infernal Blade","floor":6.0},{"not_picked":["AT_ManFootWork","Shrug It Off"],"picked":"Heavy Blade","floor":12.0},{"not_picked":["Iron Wave","Thunderclap","Twin Strike"],"picked":"SKIP","floor":14.0},{"not_picked":["Exhume","Berserk"],"picked":"Eclipse","floor":16.0},{"not_picked":["Hemokinesis","Ghostly Armor+1"],"picked":"Sentinel","floor":18.0},{"not_picked":["Shockwave","Warcry"],"picked":"REME_Scribble","floor":20.0},{"not_picked":["AT_BodySlamDance","Run Through"],"picked":"Spot Weakness","floor":23}],"player_experience":176783,"relics_obtained":[{"floor":1.0,"key":"Baka"},{"floor":1.0,"key":"LetterFromLob"},{"floor":3.0,"key":"Magic Flower"},{"floor":6.0,"key":"PageOfTheQueenOfHatred"},{"floor":9.0,"key":"PageOfGreed"},{"floor":18.0,"key":"Vajra"},{"floor":23,"key":"PageOfWrath"}],"event_choices":[{"damage_healed":0.0,"max_hp_gain":0.0,"max_hp_loss":0.0,"gold_gain":275.0,"event_name":"Golden Shrine","player_choice":"Desecrate","floor":2.0,"gold_loss":0.0,"damage_taken":0.0,"cards_obtained":["Regret"]},{"cards_removed":["Regret"],"damage_healed":0.0,"max_hp_gain":0.0,"max_hp_loss":0.0,"gold_gain":0.0,"event_name":"Golden Wing","player_choice":"Card Removal","floor":7.0,"gold_loss":0.0,"damage_taken":7.0},{"damage_healed":0.0,"max_hp_gain":0.0,"max_hp_loss":0.0,"gold_gain":0.0,"event_name":"Upgrade Shrine","player_choice":"Upgraded","floor":13.0,"gold_loss":0.0,"damage_taken":0.0,"cards_upgraded":["Heavy Blade"]},{"damage_healed":0.0,"max_hp_gain":0.0,"max_hp_loss":0.0,"gold_gain":0.0,"event_name":"Addict","player_choice":"Obtained Relic","floor":19.0,"gold_loss":85.0,"damage_taken":0.0,"relics_obtained":["Strawberry"]},{"damage_healed":0.0,"max_hp_gain":0.0,"max_hp_loss":0.0,"gold_gain":0.0,"event_name":"Vampires","player_choice":"Ignored","floor":21.0,"gold_loss":0.0,"damage_taken":0.0},{"damage_healed":0.0,"max_hp_gain":0.0,"max_hp_loss":0.0,"gold_gain":0.0,"event_name":"Masked Bandits","player_choice":"Paid Fearfully","floor":22.0,"gold_loss":93.0,"damage_taken":0.0}],"is_beta":false,"boss_relics":[{"not_picked":["Snecko Eye","REME_DemonsWealth"],"picked":"Runic Pyramid"}],"items_purged_floors":[4,11],"is_endless":false,"potions_floor_spawned":[1,5,6,12,23],"killed_by":"Centurion and Healer","ascension_level":20}}