{"host":"xbvuessano29wpkb","time":1614358425,"event":{"mods":["BaseMod","Colored Powertips","GifTheSpireLib","Minty Spire (QoL Compilation)","Shop Mod","StSLib","The Alterego","óô»ðÖ¸ÄÏ"],"gold_per_floor":[118,118,130,3,16,45,45,73,73,91,91,105,5,5,5,107,107,119,119,136,136,11,11,11,11,11,28,47,82,98,23,23,122,172,186,186,36,48,68,68,87,87,114,131,131,141,160,186,186,186,186],"floor_reached":50,"language":"ZHS","playtime":3420,"items_purged":["alterego_mod:Strike","alterego_mod:Strike","alterego_mod:Strike","alterego_mod:Defend"],"score":554,"play_id":"bb4ba06e-a949-4ff6-96eb-a78fdcad9bd2","local_time":"20210227005345","is_ascension_mode":false,"campfire_choices":[{"data":"alterego_mod:BigMeatyClaws","floor":7.0,"key":"SMITH"},{"data":"alterego_mod:BrynhildrsRune","floor":15.0,"key":"SMITH"},{"data":"alterego_mod:Palingenesis","floor":23.0,"key":"SMITH"},{"data":"alterego_mod:Birthday","floor":25.0,"key":"SMITH"},{"data":"alterego_mod:IndependentAction","floor":32,"key":"SMITH"},{"data":"alterego_mod:Palingenesis+1","floor":40,"key":"SMITH"},{"data":"alterego_mod:Palingenesis+2","floor":42,"key":"SMITH"},{"data":"alterego_mod:Palingenesis+3","floor":45,"key":"SMITH"},{"data":"alterego_mod:Tantrum","floor":49,"key":"SMITH"}],"circlet_count":0,"master_deck":["alterego_mod:Defend","alterego_mod:Defend","alterego_mod:Defend+1","alterego_mod:Impale+1","alterego_mod:BigMeatyClaws+1","alterego_mod:BrynhildrsRune+1","alterego_mod:Birthday+1","alterego_mod:Rip","alterego_mod:Palingenesis+4","alterego_mod:RocketPunch+1","alterego_mod:Skirt+1","alterego_mod:Birthday+1","alterego_mod:IndependentAction+1","alterego_mod:DeftHands+1","alterego_mod:Tantrum+1"],"relics":["alterego_mod:MasochisticConstitution","NeowsBlessing","Omamori","Bird Faced Urn","Orichalcum","Letter Opener","SlaversCollar","Enchiridion","Mercury Hourglass","Molten Egg 2","TungstenRod","Tiny House","Nunchaku","Bag of Marbles"],"acts_visited":["Exordium","TheCity","TheBeyond"],"potions_floor_usage":[48,50,50,50],"damage_taken":[{"damage":0.0,"enemies":"Cultist","floor":1.0,"turns":1.0},{"damage":0.0,"enemies":"Jaw Worm","floor":3.0,"turns":1.0},{"damage":0.0,"enemies":"2 Louse","floor":5.0,"turns":1.0},{"damage":17.0,"enemies":"3 Sentries","floor":6.0,"turns":11.0},{"damage":10.0,"enemies":"Gremlin Nob","floor":8.0,"turns":3.0},{"damage":14.0,"enemies":"Exordium Thugs","floor":10.0,"turns":4.0},{"damage":9.0,"enemies":"Exordium Wildlife","floor":12.0,"turns":4.0},{"damage":1.0,"enemies":"Slime Boss","floor":16.0,"turns":7.0},{"damage":4.0,"enemies":"Chosen","floor":18.0,"turns":4.0},{"damage":10.0,"enemies":"3 Byrds","floor":20.0,"turns":6.0},{"damage":14.0,"enemies":"3 Cultists","floor":27.0,"turns":4.0},{"damage":5.0,"enemies":"Snake Plant","floor":28.0,"turns":4.0},{"damage":5.0,"enemies":"Gremlin Leader","floor":29.0,"turns":4.0},{"damage":5,"enemies":"Centurion and Healer","floor":30,"turns":5},{"damage":22,"enemies":"Automaton","floor":33,"turns":8},{"damage":16,"enemies":"3 Darklings","floor":35,"turns":5},{"damage":5,"enemies":"3 Shapes","floor":38,"turns":4},{"damage":9,"enemies":"Transient","floor":39,"turns":5},{"damage":30,"enemies":"Jaw Worm Horde","floor":41,"turns":3},{"damage":3,"enemies":"Maw","floor":44,"turns":6},{"damage":6,"enemies":"Sphere and 2 Shapes","floor":46,"turns":3},{"damage":5,"enemies":"3 Darklings","floor":47,"turns":4},{"damage":80,"enemies":"Nemesis","floor":48,"turns":5},{"damage":31,"enemies":"Time Eater","floor":50,"turns":4}],"seed_played":"1946054871556963292","potions_obtained":[{"floor":1.0,"key":"Swift Potion"},{"floor":6.0,"key":"SpeedPotion"},{"floor":8.0,"key":"FearPotion"},{"floor":10.0,"key":"Fire Potion"},{"floor":27.0,"key":"GamblersBrew"},{"floor":33,"key":"Energy Potion"},{"floor":34,"key":"SpeedPotion"},{"floor":41,"key":"DistilledChaos"},{"floor":48,"key":"LiquidMemories"}],"is_trial":false,"path_per_floor":["M","?","M","$","M","E","R","E","T","M","?","M","$","?","R","B",null,"M","?","M","T","$","R","?","R","T","M","M","E","M","$","R","B",null,"M","?","$","M","M","R","M","R","T","M","R","M","M","E","R","B"],"character_chosen":"The_Alterego","items_purchased":["Fire Potion","alterego_mod:IndependentAction"],"campfire_rested":0,"item_purchase_floors":[4,31],"current_hp_per_floor":[70,63,70,70,70,54,54,47,47,36,29,23,23,23,23,25,75,74,58,55,55,55,55,55,55,55,49,52,55,60,60,60,55,87,72,72,72,78,80,80,61,61,61,76,76,81,87,18,18,0,0],"gold":186,"neow_bonus":"THREE_ENEMY_KILL","is_daily":false,"chose_seed":false,"campfire_upgraded":9,"win_rate":0.0,"timestamp":1614358425,"path_taken":["M","?","M","$","M","E","R","E","T","M","?","M","$","?","R","BOSS","M","?","M","?","$","R","?","R","T","M","M","E","?","?","R","BOSS","M","?","$","M","M","R","M","R","T","M","R","M","?","E","R","BOSS"],"items_purchased_type":["Potion","Card"],"build_version":"2020-12-22","purchased_purges":4,"victory":false,"max_hp_per_floor":[70,70,70,70,70,71,71,72,72,73,73,74,74,74,74,75,75,76,76,77,77,77,77,77,77,77,78,79,80,81,81,81,82,87,88,88,88,89,90,90,91,91,91,92,92,93,94,95,95,95,95],"card_choices":[{"not_picked":["alterego_mod:Clones","alterego_mod:Belts","alterego_mod:Punishment"],"picked":"SKIP","floor":1.0},{"not_picked":["alterego_mod:GachaTicket","alterego_mod:Cooking","alterego_mod:BiFurious"],"picked":"SKIP","floor":3.0},{"not_picked":["alterego_mod:DiscoLights","alterego_mod:BiFurious","alterego_mod:Jiggle"],"picked":"SKIP","floor":5.0},{"not_picked":["alterego_mod:HighServant","alterego_mod:DestructionOfProperty"],"picked":"alterego_mod:Birthday","floor":6.0},{"not_picked":["alterego_mod:Jiggle","alterego_mod:Smother","alterego_mod:Rip"],"picked":"SKIP","floor":8.0},{"not_picked":["alterego_mod:Collar","alterego_mod:Punishment","alterego_mod:Mirror"],"picked":"SKIP","floor":10.0},{"not_picked":["alterego_mod:Santa","alterego_mod:GoddessCore"],"picked":"alterego_mod:Rip","floor":12.0},{"not_picked":["alterego_mod:Vow","alterego_mod:SideboobHour"],"picked":"alterego_mod:Palingenesis","floor":16.0},{"not_picked":["alterego_mod:SuperDuperMasochism+1","alterego_mod:Rip"],"picked":"alterego_mod:RocketPunch+1","floor":18.0},{"not_picked":["alterego_mod:BiFurious","alterego_mod:Rip","alterego_mod:Schoolgirl"],"picked":"SKIP","floor":20.0},{"not_picked":["alterego_mod:Collar+1","alterego_mod:Valkyrie+1"],"picked":"alterego_mod:Skirt+1","floor":27.0},{"not_picked":["alterego_mod:DeftHands+1","alterego_mod:BoobPocket","alterego_mod:Jiggle"],"picked":"SKIP","floor":28.0},{"not_picked":["alterego_mod:Pet","alterego_mod:VirginLaserPalladion+1"],"picked":"alterego_mod:Birthday","floor":29.0},{"not_picked":["alterego_mod:Complex+1","alterego_mod:Birthday","alterego_mod:HighServant"],"picked":"SKIP","floor":30},{"not_picked":["alterego_mod:Nekomimi","alterego_mod:Crossover"],"picked":"alterego_mod:DeftHands+1","floor":34},{"not_picked":["alterego_mod:MagicResistance","alterego_mod:BustOut","alterego_mod:DiscoLights+1"],"picked":"SKIP","floor":35},{"not_picked":["alterego_mod:PerceptionDisorder","alterego_mod:GoddessCore+1","alterego_mod:Pet"],"picked":"SKIP","floor":38},{"not_picked":["alterego_mod:PerceptionDisorder","alterego_mod:GoddessCore+1","alterego_mod:Pet"],"picked":"SKIP","floor":38},{"not_picked":["alterego_mod:Rip","alterego_mod:DestructionOfProperty","alterego_mod:Pet+1"],"picked":"SKIP","floor":39},{"not_picked":["alterego_mod:Lingerie+1","alterego_mod:Complex+1","alterego_mod:Rip+1"],"picked":"SKIP","floor":41},{"not_picked":["alterego_mod:1TonWallop+1","alterego_mod:Cooking","alterego_mod:Punishment"],"picked":"SKIP","floor":44},{"not_picked":["alterego_mod:Stockings+1","alterego_mod:HighServant"],"picked":"alterego_mod:Tantrum","floor":46},{"not_picked":["alterego_mod:Complex+1","alterego_mod:SuperDuperMasochism+1","alterego_mod:Pet"],"picked":"SKIP","floor":47},{"not_picked":["alterego_mod:DiscoLights+1","alterego_mod:GoddessCore+1","alterego_mod:GachaTicket+1"],"picked":"SKIP","floor":48}],"player_experience":210467,"relics_obtained":[{"floor":6.0,"key":"Bird Faced Urn"},{"floor":8.0,"key":"Orichalcum"},{"floor":9.0,"key":"Letter Opener"},{"floor":19.0,"key":"Enchiridion"},{"floor":21.0,"key":"Mercury Hourglass"},{"floor":26.0,"key":"Molten Egg 2"},{"floor":29.0,"key":"TungstenRod"},{"floor":43,"key":"Nunchaku"},{"floor":48,"key":"Bag of Marbles"}],"event_choices":[{"damage_healed":0.0,"max_hp_gain":0.0,"max_hp_loss":0.0,"gold_gain":0.0,"event_name":"Scrap Ooze","player_choice":"Success","floor":2.0,"gold_loss":0.0,"damage_taken":7.0,"relics_obtained":["Omamori"]},{"cards_removed":["alterego_mod:Strike"],"damage_healed":0.0,"max_hp_gain":0.0,"max_hp_loss":0.0,"gold_gain":0.0,"event_name":"Golden Wing","player_choice":"Card Removal","floor":11.0,"gold_loss":0.0,"damage_taken":7.0},{"damage_healed":0.0,"max_hp_gain":0.0,"max_hp_loss":0.0,"gold_gain":0.0,"event_name":"Accursed Blacksmith","player_choice":"Forge","floor":14.0,"gold_loss":0.0,"damage_taken":0.0,"cards_upgraded":["alterego_mod:Impale"]},{"damage_healed":0.0,"max_hp_gain":0.0,"max_hp_loss":0.0,"gold_gain":0.0,"event_name":"Cursed Tome","player_choice":"Obtained Book","floor":19.0,"gold_loss":0.0,"damage_taken":16.0},{"damage_healed":0.0,"max_hp_gain":0.0,"max_hp_loss":0.0,"gold_gain":0.0,"event_name":"Match and Keep!","player_choice":"0 cards matched","floor":24.0,"gold_loss":0.0,"damage_taken":0.0,"cards_obtained":[]},{"damage_healed":0,"gold_gain":0,"player_choice":"Upgraded","damage_taken":0,"max_hp_gain":0,"max_hp_loss":0,"event_name":"Upgrade Shrine","floor":36,"gold_loss":0,"cards_upgraded":["alterego_mod:Birthday"]}],"is_beta":false,"boss_relics":[{"not_picked":["Calling Bell","Philosopher\u0027s Stone"],"picked":"SlaversCollar"},{"not_picked":["Runic Dome","Coffee Dripper"],"picked":"Tiny House"}],"items_purged_floors":[4,13,22,37],"is_endless":false,"potions_floor_spawned":[1,6,8,10,27,33,41,47,48],"killed_by":"Time Eater","ascension_level":0}}