{"host":"fuszjwm6fqgjjp4d","time":1614304294,"event":{"mods":["BaseMod","Colored Map","Minty Spire (QoL Compilation)","Permanent Neow","Relic Sorter","Relic Stats","StSLib"],"gold_per_floor":[112,2,2,2,2,2,35,35,35,74,99,124,124,139,139,234,234,255,255,273,273,273],"floor_reached":21,"language":"ENG","playtime":1585,"items_purged":[],"score":374,"play_id":"616dffb9-bc8b-4291-a046-b95ea4bae356","local_time":"20210225195134","is_ascension_mode":true,"campfire_choices":[{"data":"FlyingSleeves","floor":6,"key":"SMITH"},{"floor":8,"key":"DIG"},{"floor":13,"key":"DIG"},{"floor":15,"key":"DIG"}],"circlet_count":0,"master_deck":["AscendersBane","Strike_P","Strike_P","Strike_P","Defend_P","Defend_P","Defend_P","Defend_P","Eruption+1","Vigilance+1","FlyingSleeves+1","CutThroughFate","Establishment","Crescendo","LessonLearned","Evaluate+1"],"relics":["PureWater","Golden Idol","Shovel","Art of War","HornCleat","Blood Vial","Toy Ornithopter","The Courier","SlaversCollar"],"acts_visited":["Exordium","TheCity"],"potions_floor_usage":[7,10,10,16,16,20],"damage_taken":[{"damage":1,"enemies":"Cultist","floor":1,"turns":4},{"damage":16,"enemies":"Gremlin Nob","floor":7,"turns":3},{"damage":18,"enemies":"3 Sentries","floor":10,"turns":7},{"damage":4,"enemies":"Jaw Worm","floor":11,"turns":2},{"damage":0,"enemies":"2 Louse","floor":12,"turns":3},{"damage":0,"enemies":"2 Fungi Beasts","floor":14,"turns":3},{"damage":29,"enemies":"The Guardian","floor":16,"turns":13},{"damage":46,"enemies":"3 Byrds","floor":18,"turns":7},{"damage":0,"enemies":"Spheric Guardian","floor":20,"turns":3},{"damage":19,"enemies":"Snake Plant","floor":21,"turns":2}],"seed_played":"-4529013941335345949","potions_obtained":[{"floor":1,"key":"GamblersBrew"},{"floor":7,"key":"SkillPotion"},{"floor":10,"key":"SkillPotion"},{"floor":14,"key":"Fire Potion"},{"floor":18,"key":"AttackPotion"}],"is_trial":false,"path_per_floor":["M","$","?","?","?","R","E","R","T","E","M","M","R","M","R","B",null,"M","?","M","M"],"character_chosen":"WATCHER","items_purchased":["CutThroughFate","Fire Potion"],"campfire_rested":0,"item_purchase_floors":[2,2],"current_hp_per_floor":[60,60,53,53,58,58,42,42,42,24,22,24,24,26,26,9,53,9,9,16,0,0],"gold":273,"neow_bonus":"UPGRADE_CARD","is_daily":false,"chose_seed":false,"campfire_upgraded":1,"win_rate":0.0,"timestamp":1614304294,"path_taken":["M","?","?","?","?","R","E","R","T","E","M","M","R","M","R","BOSS","M","?","M","M"],"items_purchased_type":["Card","Potion"],"build_version":"2020-12-22","purchased_purges":0,"victory":false,"max_hp_per_floor":[68,68,68,62,67,67,67,67,67,67,67,67,67,67,67,67,67,67,67,67,67,67],"relic_stats":{"Blood Vial":14,"Shovel":3,"counters":[10,47],"Golden Idol":55,"Art of War":[6],"obtain_stats":[{"Blood Vial":10,"SlaversCollar":17,"Shovel":7,"HornCleat":9,"Golden Idol":4,"The Courier":15,"Art of War":8,"PureWater":0,"Toy Ornithopter":13},{"Blood Vial":3,"SlaversCollar":7,"Shovel":2,"HornCleat":2,"Golden Idol":1,"The Courier":6,"Art of War":2,"PureWater":0,"Toy Ornithopter":5},{"Blood Vial":14,"SlaversCollar":35,"Shovel":7,"HornCleat":7,"Golden Idol":4,"The Courier":22,"Art of War":7,"PureWater":0,"Toy Ornithopter":19}],"Toy Ornithopter":15},"card_choices":[{"not_picked":["Crescendo","BowlingBash"],"picked":"FlyingSleeves","floor":1},{"not_picked":["WindmillStrike","Crescendo","SandsOfTime"],"picked":"SKIP","floor":7},{"not_picked":["SashWhip","WindmillStrike","Weave"],"picked":"SKIP","floor":10},{"not_picked":["LikeWater","Vengeance","CrushJoints"],"picked":"SKIP","floor":11},{"not_picked":["BowlingBash","EmptyMind"],"picked":"Establishment","floor":12},{"not_picked":["Evaluate","ThirdEye"],"picked":"Crescendo","floor":14},{"not_picked":["Omniscience","DeusExMachina"],"picked":"LessonLearned","floor":16},{"not_picked":["Crescendo","Meditate"],"picked":"Evaluate+1","floor":18},{"not_picked":["Indignation","FlurryOfBlows+1","Perseverance"],"picked":"SKIP","floor":20}],"player_experience":1545568,"relics_obtained":[{"floor":7,"key":"Shovel"},{"floor":8,"key":"Art of War"},{"floor":9,"key":"HornCleat"},{"floor":10,"key":"Blood Vial"},{"floor":13,"key":"Toy Ornithopter"},{"floor":15,"key":"The Courier"}],"event_choices":[{"cards_removed":["Strike_P"],"damage_healed":0,"gold_gain":0,"player_choice":"Card Removal","damage_taken":7,"max_hp_gain":0,"max_hp_loss":0,"event_name":"Golden Wing","floor":3,"gold_loss":0},{"damage_healed":0,"gold_gain":0,"player_choice":"Lose Max HP","damage_taken":0,"relics_obtained":["Golden Idol"],"max_hp_gain":0,"max_hp_loss":6,"event_name":"Golden Idol","floor":4,"gold_loss":0},{"damage_healed":0,"gold_gain":0,"player_choice":"Donut","damage_taken":0,"max_hp_gain":5,"max_hp_loss":0,"event_name":"Big Fish","floor":5,"gold_loss":0},{"damage_healed":0,"gold_gain":0,"player_choice":"Ignored","damage_taken":0,"max_hp_gain":0,"max_hp_loss":0,"event_name":"Cursed Tome","floor":19,"gold_loss":0}],"is_beta":false,"boss_relics":[{"not_picked":["Sozu","Runic Dome"],"picked":"SlaversCollar"}],"items_purged_floors":[],"is_endless":false,"potions_floor_spawned":[1,7,10,14,18],"killed_by":"Snake Plant","ascension_level":20}}