{"host":"lehbxtjrpalkmwwj","time":1614331914,"event":{"mods":["ATMod(°¢èªMod)","Aspiration","BaseMod","Challenge The Spire","Colored Map","Colored Powertips","Conspire","Dota2Spire","Energized Spire","Hunter ÁÔÈË","Minty Spire (QoL Compilation)","Quick Restart","Relic Stats","Reliquary","Replay The Spire","Spicy Shops","StSLib","TestMod","The Cursed","The IronCluck","The Poker Player","Waifu the Spire","Wide Potions","[IsaacMod]ÒÔÈö¼âËþ","¡¾ÒÅÎï¿¨ÅÆ¡¿REMEMod","É³µñ²ÄÖÊ°ümod","óô»ðÖ¸ÄÏ"],"gold_per_floor":[114,124,124,33,45,45,45,45,45],"floor_reached":8,"language":"ZHS","playtime":158,"items_purged":[],"score":69,"play_id":"a79c0b20-c08d-4417-9353-4450883d2518","local_time":"20210226173154","is_ascension_mode":true,"campfire_choices":[{"floor":6,"key":"RECALL"}],"circlet_count":0,"master_deck":["AscendersBane","Strike_G","Strike_G","Strike_G","Strike_G","Strike_G","Defend_G","Defend_G","Defend_G","Defend_G","Defend_G","Survivor","Neutralize","EpicFetus","AT_FamilyPortrait","Tools of the Trade","Poisoned Stab","Deadly Poison","Infinite Blades+1"],"relics":["Ring of the Snake","HushsDoor","AT_ATBox","testmod-TestBox","REME_ComplimentaryCards","SteamSale","testmod-AscensionHeart","NeowsBlessing","Replay:Accelerometer"],"acts_visited":["Exordium"],"potions_floor_usage":[],"damage_taken":[{"damage":0,"enemies":"Jaw Worm","floor":1,"turns":1},{"damage":0,"enemies":"Cultist","floor":2,"turns":1},{"damage":0,"enemies":"Small Slimes","floor":5,"turns":1},{"damage":20,"enemies":"Lagavulin","floor":8,"turns":4}],"seed_played":"7694189916322734511","potions_obtained":[{"floor":5,"key":"Block Potion"}],"is_trial":false,"path_per_floor":["M","M","?","$","M","R","?","E"],"character_chosen":"THE_SILENT","items_purchased":["Replay:Accelerometer","Infinite Blades+1"],"campfire_rested":0,"item_purchase_floors":[4,4],"current_hp_per_floor":[64,65,65,65,66,66,66,47,47],"gold":45,"neow_bonus":"THREE_ENEMY_KILL","is_daily":false,"chose_seed":false,"campfire_upgraded":0,"win_rate":0.0,"timestamp":1614331914,"path_taken":["M","M","?","?","M","R","?","E"],"items_purchased_type":["Relic","Card"],"build_version":"2020-12-22","purchased_purges":0,"victory":false,"max_hp_per_floor":[70,70,70,70,70,70,70,70,70],"relic_stats":{"counters":[4,7],"obtain_stats":[{"KeepersGift":0,"Replay:Accelerometer":4,"AT_ATBox":0,"testmod-TestBox":0,"NeowsBlessing":0,"HushsDoor":0,"SteamSale":0,"testmod-AscensionHeart":0,"Ring of the Snake":0,"REME_ComplimentaryCards":0},{"KeepersGift":0,"Replay:Accelerometer":2,"AT_ATBox":0,"testmod-TestBox":0,"NeowsBlessing":0,"HushsDoor":0,"SteamSale":0,"testmod-AscensionHeart":0,"Ring of the Snake":0,"REME_ComplimentaryCards":0},{"KeepersGift":0,"Replay:Accelerometer":2,"AT_ATBox":0,"testmod-TestBox":0,"NeowsBlessing":0,"HushsDoor":0,"SteamSale":0,"testmod-AscensionHeart":0,"Ring of the Snake":0,"REME_ComplimentaryCards":0}],"Ring of the Snake":[8]},"card_choices":[{"not_picked":[],"picked":"EpicFetus","floor":0},{"not_picked":["Accuracy","Dagger Throw"],"picked":"Poisoned Stab","floor":1},{"not_picked":["Bane","Flying Knee"],"picked":"Deadly Poison","floor":2},{"not_picked":["AT_WomanClash","Dagger Throw","AT_Desolate"],"picked":"SKIP","floor":5}],"player_experience":237213,"relics_obtained":[],"event_choices":[{"damage_healed":0,"gold_gain":0,"player_choice":"Leave","damage_taken":0,"max_hp_gain":0,"max_hp_loss":0,"event_name":"conspire:Investor","floor":7,"gold_loss":0}],"is_beta":false,"boss_relics":[],"items_purged_floors":[],"is_endless":false,"potions_floor_spawned":[5],"killed_by":"Lagavulin","ascension_level":10}}