{"host":"i391n33tccqevi90","time":1614371930,"event":{"mods":["2.2 Compatiblity","AchievementEnabler","AlwaysNeverKeys","BaseMod","Better Third Choice","Conspire","Emptier Cage","Filter the Spire","Grow up Mod","Hubris","Minty Spire (QoL Compilation)","Remove Card Discount Mod","Replay The Spire","Spicy Shops","StSLib"],"gold_per_floor":[114,132,65,85,96,96,149,149,172,185,185,203,215,248,248,346,346,365,375,375,390,408,408,65,65,65,83,83,94,94,105,105,202,202,212,208,236,236,236,274,294,317,340,383,412,100,118,132,132,132,132,132,84,117,117],"floor_reached":56,"language":"ENG","playtime":3462,"items_purged":["Defend_G","Defend_G","Defend_G","Survivor","Defend_G","Strike_G","Strike_G","Strike_G","Regret","hubris:Greed","hubris:Greed","Strike_G+1"],"score":1292,"play_id":"f5ed793e-48c7-49bb-ab6e-ba2f0c76f696","local_time":"20210226143850","is_ascension_mode":false,"campfire_choices":[{"data":"Quick Slash","floor":6,"key":"SMITH"},{"data":"Neutralize","floor":15,"key":"SMITH"},{"data":"Noxious Fumes","floor":23,"key":"SMITH"},{"floor":25,"key":"REST"},{"data":"Strike_G+1","floor":28,"key":"SMITH"},{"data":"Strike_G+3","floor":32,"key":"SMITH"},{"data":"Strike_G+4","floor":49,"key":"SMITH"},{"data":"Strike_G+5","floor":52,"key":"SMITH"}],"circlet_count":0,"master_deck":["Strike_G+6","Neutralize+1","Quick Slash+1","Noxious Fumes+1","Backstab+1","Backstab+1","Noxious Fumes+1","Poisoned Stab+1","Noxious Fumes+1","Terror+1"],"relics":["Ring of the Snake","Simple Rune","War Paint","hubris:DeckOfHolding","hubris:CuriousFeather","hubris:SphereOfDissonance","ReplayTheSpireMod:CursedCoin","Orrery","hubris:Metronome","Oddly Smooth Stone","HornCleat","ClockworkSouvenir","TwistedFunnel","Anchor"],"acts_visited":["Exordium","TheCity","TheBeyond","TheEnding"],"potions_floor_usage":[14,16,22,29,31,33,33,33,42,50,55,55,55],"damage_taken":[{"damage":1,"enemies":"Cultist","floor":1,"turns":3},{"damage":5,"enemies":"2 Louse","floor":2,"turns":3},{"damage":8,"enemies":"Jaw Worm","floor":4,"turns":2},{"damage":11,"enemies":"Lots of Slimes","floor":5,"turns":3},{"damage":33,"enemies":"conspire:MimicChest","floor":7,"turns":6},{"damage":6,"enemies":"2 Fungi Beasts","floor":10,"turns":2},{"damage":9,"enemies":"Red Slaver","floor":12,"turns":2},{"damage":14,"enemies":"Exordium Thugs","floor":13,"turns":3},{"damage":26,"enemies":"Lagavulin","floor":14,"turns":4},{"damage":60,"enemies":"Hexaghost","floor":16,"turns":6},{"damage":39,"enemies":"conspire:FuzzyDice","floor":18,"turns":4},{"damage":28,"enemies":"Shell Parasite","floor":19,"turns":4},{"damage":30,"enemies":"Snake Plant","floor":21,"turns":4},{"damage":14,"enemies":"Centurion and Healer","floor":22,"turns":4},{"damage":14,"enemies":"Shelled Parasite and Fungi","floor":27,"turns":2},{"damage":6,"enemies":"Cultist and Chosen","floor":29,"turns":3},{"damage":0,"enemies":"Sentry and Sphere","floor":31,"turns":3},{"damage":29,"enemies":"Automaton","floor":33,"turns":7},{"damage":0,"enemies":"Orb Walker","floor":35,"turns":1},{"damage":29,"enemies":"3 Darklings","floor":37,"turns":3},{"damage":22,"enemies":"Giant Head","floor":40,"turns":5},{"damage":21,"enemies":"Writhing Mass","floor":41,"turns":2},{"damage":25,"enemies":"Sphere and 2 Shapes","floor":42,"turns":3},{"damage":41,"enemies":"Nemesis","floor":44,"turns":3},{"damage":36,"enemies":"3 Darklings","floor":45,"turns":3},{"damage":24,"enemies":"Writhing Mass","floor":47,"turns":2},{"damage":12,"enemies":"Spire Growth","floor":48,"turns":2},{"damage":108,"enemies":"Awakened One","floor":50,"turns":7},{"damage":66,"enemies":"Shield and Spear","floor":54,"turns":4},{"damage":85,"enemies":"The Heart","floor":55,"turns":6}],"seed_played":"6806702621091085266","potions_obtained":[{"floor":2,"key":"PowerPotion"},{"floor":7,"key":"Reflective Coating"},{"floor":10,"key":"SteroidPotion"},{"floor":13,"key":"GhostInAJar"},{"floor":14,"key":"BlessingOfTheForge"},{"floor":21,"key":"Ancient Potion"},{"floor":27,"key":"Block Potion"},{"floor":29,"key":"Milkshake"},{"floor":31,"key":"Dexterity Potion"},{"floor":41,"key":"SkillPotion"},{"floor":44,"key":"Poison Potion"},{"floor":47,"key":"CunningPotion"},{"floor":48,"key":"Elixir"}],"is_trial":false,"path_per_floor":["M","M","$","M","M","R","?","$","T","M","?","M","M","E","R","B",null,"M","M","$","M","M","R","$","R","T","M","R","M","?","M","R","B",null,"M","$","M","?","?","E","M","M","T","E","M","$","M","M","R","B",null,"R","$","E","B",null],"character_chosen":"THE_SILENT","items_purchased":["Quick Slash","Backstab+1","hubris:CuriousFeather","ReplayTheSpireMod:CursedCoin","Orrery","ClockworkSouvenir","TwistedFunnel","Adrenaline Potion"],"campfire_rested":1,"item_purchase_floors":[3,24,24,36,36,46,46,53],"current_hp_per_floor":[89,94,104,106,105,115,92,102,112,116,126,127,123,107,117,67,250,221,203,213,193,189,199,209,315,325,321,331,335,345,355,365,346,420,430,440,421,431,441,429,418,403,413,382,356,366,352,350,360,262,567,577,587,531,456],"gold":117,"neow_bonus":"REMOVE_CARD","is_daily":false,"chose_seed":false,"campfire_upgraded":7,"win_rate":0.0,"timestamp":1614371930,"path_taken":["M","M","$","M","?","R","?","$","T","M","?","M","M","E","R","BOSS","M","M","$","M","M","R","$","R","T","M","R","?","?","?","R","BOSS","M","$","M","?","?","E","M","M","T","E","M","$","?","M","R","BOSS","R","$","E","BOSS"],"items_purchased_type":["Card","Card","Relic","Relic","Relic","Relic","Relic","Potion"],"build_version":"2020-12-22","purchased_purges":12,"victory":true,"max_hp_per_floor":[90,100,110,120,130,140,150,160,170,180,190,200,210,220,230,240,250,260,270,280,290,300,310,320,330,340,350,360,370,380,390,400,410,420,430,440,450,437,447,457,467,477,487,497,507,517,527,537,547,557,567,577,587,597,607],"card_choices":[{"not_picked":["hubris:SlightOfHand","Outmaneuver","Catalyst"],"picked":"SKIP","floor":1},{"not_picked":["Setup","Eviscerate","Dagger Spray"],"picked":"SKIP","floor":2},{"not_picked":["Sucker Punch","Bullet Time","Slice"],"picked":"SKIP","floor":4},{"not_picked":["Prepared","Outmaneuver","Deflect"],"picked":"SKIP","floor":5},{"not_picked":["Hidden Blade","Skewer"],"picked":"Noxious Fumes","floor":10},{"not_picked":["Bane","Calculated Gamble","ReplayTheSpireMod:Speed Training"],"picked":"SKIP","floor":12},{"not_picked":["Accuracy","Deadly Poison","PiercingWail"],"picked":"SKIP","floor":13},{"not_picked":["Deadly Poison","hubris:Counter","Setup"],"picked":"SKIP","floor":14},{"not_picked":["ReplayTheSpireMod:Shiv Toss","Dagger Spray","Well Laid Plans+1"],"picked":"SKIP","floor":18},{"not_picked":["Cloak And Dagger","Blade Dance+1"],"picked":"Backstab+1","floor":19},{"not_picked":["Acrobatics+1","hubris:SlightOfHand+1","Flying Knee+1"],"picked":"SKIP","floor":21},{"not_picked":["Prepared","Sucker Punch","Slice"],"picked":"SKIP","floor":22},{"not_picked":["Concentrate+1","Burst","Predator"],"picked":"SKIP","floor":27},{"not_picked":["PiercingWail","Dash","Slice"],"picked":"SKIP","floor":29},{"not_picked":["Acrobatics","conspire:DoublingDagger","Hidden Blade+1"],"picked":"SKIP","floor":31},{"not_picked":["Prepared+1","ReplayTheSpireMod:Tripwire","Slice"],"picked":"SKIP","floor":35},{"not_picked":["Bouncing Flask+1","PiercingWail","Blade Dance"],"picked":"SKIP","floor":37},{"not_picked":["Dodge and Roll","Hidden Blade+1","Underhanded Strike"],"picked":"SKIP","floor":40},{"not_picked":["Slice","Hidden Blade","Cloak And Dagger"],"picked":"SKIP","floor":41},{"not_picked":["Toxin Wave+1","Unload","Dodge and Roll"],"picked":"SKIP","floor":42},{"not_picked":["Concentrate+1","Backflip+1","Acrobatics"],"picked":"SKIP","floor":44},{"not_picked":["Poisoned Stab+1","Backflip","Slice+1"],"picked":"SKIP","floor":45},{"not_picked":["Backflip","Slice+1"],"picked":"Poisoned Stab+1","floor":45},{"not_picked":["Prepared","Infinite Blades","Phantasmal Killer"],"picked":"SKIP","floor":47},{"not_picked":["Hidden Blade+1","Backflip+1"],"picked":"Noxious Fumes+1","floor":48},{"not_picked":["hubris:Sniper","Acrobatics+1"],"picked":"Terror+1","floor":54}],"player_experience":657977,"relics_obtained":[{"floor":7,"key":"Simple Rune"},{"floor":9,"key":"War Paint"},{"floor":14,"key":"hubris:DeckOfHolding"},{"floor":26,"key":"hubris:SphereOfDissonance"},{"floor":40,"key":"hubris:Metronome"},{"floor":43,"key":"Oddly Smooth Stone"},{"floor":44,"key":"HornCleat"},{"floor":54,"key":"Anchor"}],"event_choices":[{"damage_healed":0,"gold_gain":0,"player_choice":"Ignored","damage_taken":0,"max_hp_gain":0,"max_hp_loss":0,"event_name":"Transmorgrifier","floor":11,"gold_loss":0},{"damage_healed":0,"gold_gain":0,"player_choice":"Forge","damage_taken":0,"max_hp_gain":0,"max_hp_loss":0,"event_name":"Accursed Blacksmith","floor":30,"gold_loss":0,"cards_upgraded":["Strike_G"]},{"damage_healed":0,"gold_gain":0,"player_choice":"Max HP","damage_taken":0,"max_hp_gain":0,"max_hp_loss":23,"event_name":"Winding Halls","floor":38,"gold_loss":0},{"damage_healed":0,"gold_gain":0,"player_choice":"Copied","damage_taken":0,"max_hp_gain":0,"max_hp_loss":0,"event_name":"Duplicator","floor":39,"gold_loss":0,"cards_obtained":["Noxious Fumes"]}],"is_beta":false,"boss_relics":[{"not_picked":["Pandora\u0027s Box","Ring of Chaos","Velvet Choker"]},{"not_picked":["HoveringKite","Snecko Eye","Sozu"]}],"items_purged_floors":[3,3,3,3,3,3,3,3,36,46,46,46],"is_endless":false,"potions_floor_spawned":[2,7,10,13,14,21,27,29,31,41,44,47,48],"ascension_level":0}}