{"host":"hfxp6ue4pvwo3fit","time":1614312537,"event":{"mods":["AchievementEnabler","BaseMod","Colored Map","Colored Powertips","Highlight Path","Minty Spire (QoL Compilation)","Relic Stats","StSLib","SuperFastMode"],"gold_per_floor":[110,110,25,44,59,59,94,107,107,107,142,162,162,212,212,286,286,286,286,286,286,286,286,286],"floor_reached":23,"language":"ENG","playtime":1063,"items_purged":[],"score":410,"play_id":"929739a2-13ae-4281-9df3-c2f3a5fc6968","local_time":"20210225220857","is_ascension_mode":true,"campfire_choices":[{"data":"Zap","floor":6,"key":"SMITH"},{"data":"Fusion","floor":10,"key":"SMITH"},{"data":"Defragment","floor":13,"key":"SMITH"},{"data":"Beam Cell","floor":15,"key":"SMITH"}],"circlet_count":0,"master_deck":["AscendersBane","Strike_B","Strike_B","Strike_B","Strike_B","Defend_B","Defend_B","Defend_B","Defend_B","Zap+1","Dualcast","Beam Cell+1","Self Repair","Undo","Compile Driver","Fusion+1","Glacier","Sunder","Defragment+1","Creative AI","Glacier","Cold Snap","Hologram","Machine Learning"],"relics":["Cracked Core","NeowsBlessing","Matryoshka","Incense Burner","Symbiotic Virus","Pen Nib","Happy Flower","Ectoplasm"],"acts_visited":["Exordium","TheCity"],"potions_floor_usage":[11,18,21,23,23],"damage_taken":[{"damage":0,"enemies":"Cultist","floor":1,"turns":1},{"damage":0,"enemies":"Small Slimes","floor":4,"turns":1},{"damage":0,"enemies":"2 Louse","floor":5,"turns":1},{"damage":14,"enemies":"Lagavulin","floor":7,"turns":7},{"damage":0,"enemies":"Blue Slaver","floor":8,"turns":4},{"damage":27,"enemies":"Gremlin Nob","floor":11,"turns":5},{"damage":0,"enemies":"3 Louse","floor":12,"turns":4},{"damage":11,"enemies":"The Guardian","floor":16,"turns":10},{"damage":1,"enemies":"3 Byrds","floor":18,"turns":6},{"damage":0,"enemies":"Shell Parasite","floor":19,"turns":10},{"damage":23,"enemies":"Shelled Parasite and Fungi","floor":20,"turns":9},{"damage":12,"enemies":"Cultist and Chosen","floor":21,"turns":9},{"damage":17,"enemies":"Snake Plant","floor":22,"turns":5},{"damage":57,"enemies":"Gremlin Leader","floor":23,"turns":7}],"seed_played":"1937738592814732372","potions_obtained":[{"floor":5,"key":"EssenceOfSteel"},{"floor":8,"key":"FearPotion"},{"floor":12,"key":"EssenceOfSteel"},{"floor":18,"key":"Regen Potion"},{"floor":21,"key":"BlessingOfTheForge"},{"floor":22,"key":"LiquidMemories"}],"is_trial":false,"path_per_floor":["M","T","$","M","M","R","E","M","T","R","E","M","R","?","R","B",null,"M","M","M","M","M","E"],"character_chosen":"DEFECT","items_purchased":["Self Repair"],"campfire_rested":0,"item_purchase_floors":[3],"current_hp_per_floor":[64,64,64,64,64,64,57,64,64,64,37,44,44,44,44,40,63,69,71,55,65,55,0,0],"gold":286,"neow_bonus":"THREE_ENEMY_KILL","is_daily":false,"chose_seed":false,"campfire_upgraded":4,"win_rate":0.0,"timestamp":1614312537,"path_taken":["M","?","$","M","?","R","E","M","T","R","E","M","R","?","R","BOSS","M","M","?","M","M","E"],"items_purchased_type":["Card"],"build_version":"2020-12-22","purchased_purges":0,"victory":false,"max_hp_per_floor":[71,71,71,71,71,71,71,71,71,71,71,71,71,71,71,71,71,71,71,71,71,71,71,71],"relic_stats":{"Happy Flower":[20],"counters":[14,79],"Pen Nib":[7],"Ectoplasm":68,"obtain_stats":[{"Matryoshka":2,"NeowsBlessing":0,"Happy Flower":11,"Pen Nib":9,"Ectoplasm":17,"Incense Burner":7,"Cracked Core":0,"Symbiotic Virus":9},{"Matryoshka":1,"NeowsBlessing":0,"Happy Flower":6,"Pen Nib":5,"Ectoplasm":8,"Incense Burner":4,"Cracked Core":0,"Symbiotic Virus":5},{"Matryoshka":1,"NeowsBlessing":0,"Happy Flower":19,"Pen Nib":14,"Ectoplasm":33,"Incense Burner":10,"Cracked Core":0,"Symbiotic Virus":14}]},"card_choices":[{"not_picked":["Conserve Battery","Rebound"],"picked":"Beam Cell","floor":1},{"not_picked":["Steam","Fusion"],"picked":"Undo","floor":4},{"not_picked":["Heatsinks","Streamline"],"picked":"Compile Driver","floor":5},{"not_picked":["Storm","Barrage"],"picked":"Fusion","floor":7},{"not_picked":["Go for the Eyes","Conserve Battery"],"picked":"Glacier","floor":8},{"not_picked":["Darkness","Scrape"],"picked":"Sunder","floor":11},{"not_picked":["FTL","Stack"],"picked":"Defragment","floor":12},{"not_picked":["Hyperbeam","Meteor Strike"],"picked":"Creative AI","floor":16},{"not_picked":["Turbo","Force Field"],"picked":"Glacier","floor":18},{"not_picked":["Turbo","Go for the Eyes"],"picked":"Cold Snap","floor":19},{"not_picked":["Gash","Stack","Darkness"],"picked":"SKIP","floor":20},{"not_picked":["Lockon","Sweeping Beam"],"picked":"Hologram","floor":21},{"not_picked":["Ball Lightning","Chaos"],"picked":"Machine Learning","floor":22}],"player_experience":530258,"relics_obtained":[{"floor":2,"key":"Matryoshka"},{"floor":7,"key":"Incense Burner"},{"floor":9,"key":"Symbiotic Virus"},{"floor":9,"key":"Pen Nib"},{"floor":11,"key":"Happy Flower"}],"event_choices":[{"damage_healed":0,"gold_gain":50,"player_choice":"Pray","damage_taken":0,"max_hp_gain":0,"max_hp_loss":0,"event_name":"Golden Shrine","floor":14,"gold_loss":0}],"is_beta":false,"boss_relics":[{"not_picked":["Busted Crown","SacredBark"],"picked":"Ectoplasm"}],"items_purged_floors":[],"is_endless":false,"potions_floor_spawned":[5,8,12,16,18,21,22],"killed_by":"Gremlin Leader","ascension_level":20}}