{"host":"j4js999tahsli5mc","time":1614350965,"event":{"mods":["AchievementEnabler","Act Like it!","Aspiration","BaseMod","Better Note","Better Silent Start","Energized Spire","GifTheSpireLib","Halation","Hermit","Hubris","Library of Ruina","Library of Ruina Extra","Marked Mod","Minty Spire (QoL Compilation)","Pale of the Ancients","Rare Cards Sparkle","Reliquary","Replay The Spire","Ruina","StSLib","The Blue Laboratory"],"gold_per_floor":[116,131,147,147,147,147,159,159,159,173,173,202,202,231,231,335,335,350,359,384,384,247,247,267,267,335,335,335,376,376,63,63,158,158,183,209,233,242,267,307,307,307,307,307,307,307,341,255,255,255,255,255,255,85,122,122],"floor_reached":57,"language":"ENG","playtime":3579,"items_purged":["Doubt"],"score":1231,"play_id":"f2ad88a5-ed69-4965-8ec4-5e1a2b354634","local_time":"20210226094925","is_ascension_mode":false,"campfire_choices":[{"floor":6,"key":"RECALL"},{"floor":8,"key":"REST"},{"floor":11,"key":"REST"},{"floor":13,"key":"REST"},{"floor":15,"key":"REST"},{"floor":23,"key":"REST"},{"floor":28,"key":"REST"},{"floor":30,"key":"REST"},{"data":"Cruelty","floor":32,"key":"SMITH"},{"data":"FlyingSword","floor":41,"key":"SMITH"},{"data":"DarkCloud","floor":44,"key":"SMITH"},{"data":"SharpenedBlade","floor":46,"key":"SMITH"},{"floor":49,"key":"REST"},{"data":"ExtremeEdge","floor":53,"key":"SMITH"}],"circlet_count":0,"master_deck":["Dodge","LightDefense","LightAttack+1","LightAttack","LightAttack","LightDefense","LightDefense","LightDefense","ChargeAndCover","FocusedStrikes","CrackOfDawn+1","Parry2","ExtremeEdge+1","DarkCloud+1","PreemptiveStrike","FrontalAssault","QuickSuppression","Cruelty+1","RatsGuideToSurvival","SharpenedBlade+1","DarkCloud+1","ClassAndRespect","Slice_lor","FlyingSword+1","ClassAndRespect+1","SpearedSweep+1","Decapitation","CoordinatedAssault","CrackOfDawn","Parasite","SnakesPrey","Parry2","VenomousFangs","GuardingStance+1"],"relics":["PageOfLibrarian","Tiny Chest","PageOfNosferatu","energizedSpire:DeadBattery","CeramicFish","Whetstone","PageOfBigBadWolf","PageOfPinocchio","aspiration:HatOfInfinitePower","Pear","energizedSpire:EnergizedDie","halation:LettersToHer","halation:AfternoonTea","Mango","PageOfScorchedGirl","aspiration:SeaSaltIceCream","aspiration:RitualStick"],"acts_visited":["Exordium","ruina:Briah","TheBeyond","TheEnding"],"potions_floor_usage":[20,21,33,33,51,56],"damage_taken":[{"damage":0,"enemies":"2 Louse","floor":1,"turns":3},{"damage":1,"enemies":"Small Slimes","floor":2,"turns":4},{"damage":0,"enemies":"Cultist","floor":3,"turns":3},{"damage":7,"enemies":"Blue Slaver","floor":7,"turns":5},{"damage":11,"enemies":"Exordium Wildlife","floor":10,"turns":4},{"damage":11,"enemies":"Gremlin Nob","floor":12,"turns":4},{"damage":20,"enemies":"3 Sentries","floor":14,"turns":14},{"damage":26,"enemies":"The Guardian","floor":16,"turns":11},{"damage":8,"enemies":"ruina:2_Scarecrows","floor":18,"turns":4},{"damage":30,"enemies":"ruina:BadWolf","floor":20,"turns":4},{"damage":5,"enemies":"ruina:KingOfGreed","floor":21,"turns":3},{"damage":31,"enemies":"ruina:3_Scarecrows","floor":24,"turns":9},{"damage":14,"enemies":"ruina:RoadHome","floor":29,"turns":3},{"damage":49,"enemies":"ruina:Red_and_Wolf","floor":33,"turns":9},{"damage":35,"enemies":"3 Darklings","floor":35,"turns":5},{"damage":0,"enemies":"Orb Walker","floor":37,"turns":2},{"damage":3,"enemies":"4 Shapes","floor":39,"turns":4},{"damage":0,"enemies":"R_Hoarder","floor":40,"turns":4},{"damage":16,"enemies":"Writhing Mass","floor":47,"turns":4},{"damage":42,"enemies":"Donu and Deca","floor":50,"turns":7},{"damage":18,"enemies":"Donu and Deca","floor":51,"turns":6},{"damage":25,"enemies":"Shield and Spear","floor":55,"turns":5},{"damage":79,"enemies":"The Heart","floor":56,"turns":7}],"seed_played":"-1691777593832316603","potions_obtained":[{"floor":7,"key":"SmokeBomb"},{"floor":10,"key":"Energy Potion"},{"floor":14,"key":"blueLaboratory:PhilterOfMotion"},{"floor":16,"key":"PowerPotion"},{"floor":29,"key":"blueLaboratory:HorrorPotion"},{"floor":33,"key":"AttackPotion"},{"floor":37,"key":"blueLaboratory:Moonshine"}],"is_trial":false,"path_per_floor":["M","M","M","?","?","R","M","R","T","M","R","E","R","E","R","B",null,"M","?","M","M","$","R","M","T","T","T","R","E","R","$","R","B",null,"M","T","M","?","M","E","R","?","T","R","T","R","M","$","R","B",null,null,"R","$","E","B",null],"character_chosen":"Librarian","items_purchased":["DarkCloud","SteroidPotion","FlyingSword","Pear","Parry2","Block Potion","VenomousFangs","FairyPotion"],"campfire_rested":8,"item_purchase_floors":[22,22,31,31,48,48,54,54],"current_hp_per_floor":[60,60,61,64,64,64,57,66,66,55,66,55,66,46,67,52,71,65,65,40,42,42,63,49,49,49,49,70,68,73,83,83,62,83,78,78,83,83,83,83,83,83,97,97,97,97,90,90,97,97,96,97,97,97,92,97],"gold":122,"neow_bonus":"ONE_RANDOM_RARE_CARD","is_daily":false,"chose_seed":false,"campfire_upgraded":5,"win_rate":0.0,"timestamp":1614350965,"path_taken":["M","M","M","?","?","R","?","R","T","M","R","E","R","E","R","BOSS","M","?","M","M","$","R","M","?","T","?","R","E","R","$","R","BOSS","M","?","M","?","?","E","R","?","T","R","?","R","M","$","R","BOSS","R","$","E","BOSS"],"items_purchased_type":["Card","Potion","Card","Relic","Card","Potion","Card","Potion"],"build_version":"2020-12-22","purchased_purges":1,"victory":true,"max_hp_per_floor":[63,63,63,66,66,66,66,66,66,66,66,66,66,71,71,71,71,71,71,71,71,71,71,73,73,73,73,73,73,73,83,83,83,83,83,83,83,83,83,83,83,83,97,97,97,97,97,97,97,97,97,97,97,97,97,97],"card_choices":[{"not_picked":["BackAttack","FeelinGood","QuickSuppression","FieryDragonSlash","Faith","PreemptiveStrike","EndlessBattle","UnavoidableGaze"],"picked":"Parry2","floor":1},{"not_picked":["SmokingPipe","IngredientHunt","FleetEdge","Observe","TrimTheIngredients","HiddenBlade","SerpentineBarrier","AsThePrescriptOrders"],"picked":"ExtremeEdge","floor":2},{"not_picked":["FrontalAssault","Castigation","NightInTheBackstreets","CoordinatedAssault","ChopItOff","StrikeDown","Quickness","SnakesPrey"],"picked":"DarkCloud","floor":3},{"not_picked":["FleetEdge","AutonomousRush","RhinoRam","SharpNails","BindingArms","Overpower","Thrust","MultiHit"],"picked":"PreemptiveStrike","floor":7},{"not_picked":["Marionette","Multislash","Duel_lor","QuickAttack","Observe","HiddenBlade","ForTheFamily","Rampage_lor"],"picked":"DarkCloud","floor":10},{"not_picked":["GutHarvesting","BiAn","LawAndOrder","Faith","Execute_lor","BoundaryOfDeath","FieryWaltz","AlloutWar"],"picked":"FrontalAssault","floor":12},{"not_picked":["Clone","DefenseOrder","BoundaryOfDeath","Faith","Struggle","GuidanceOfTheGears","ForcefulGesture","Rewind"],"picked":"QuickSuppression","floor":14},{"not_picked":["Decapitation","ChargeUp"],"picked":"Cruelty","floor":16},{"not_picked":["UpbeatPerformance","BindingArms","AutomatedMovement","EndlessBattle","IngredientHunt","NightInTheBackstreets+1","ToOvercomeCrisis","RapidGashes"],"picked":"RatsGuideToSurvival","floor":18},{"not_picked":["TendonChords","SerpentSwordTechnique","FleetEdge","StrikeDown","Crush","NightInTheBackstreets","DriedUp+1","FeatherShield"],"picked":"SharpenedBlade","floor":20},{"not_picked":["FendThisOffIfYouCan+1","SunsetBlade+1","FleetFootsteps","GuardingStance","StrikeDown","RagingStormLove","Parry+1","DevastatingThrash"],"picked":"ClassAndRespect","floor":24},{"not_picked":["GreatSerpentsImpact","AbsorbImpact","SharpSwipe","WillOfThePrescript","TieShanKao","UpbeatPerformance","Eliminate+1","LawAndOrder"],"picked":"Slice_lor","floor":29},{"not_picked":["CutIn","Endure+1","EnergyShield","HighSpeedStabbing+1","Multislash+1","SetFire","SerpentSwordTechnique+1","Outburst+1"],"picked":"ClassAndRespect+1","floor":35},{"not_picked":["WillOfThePrescript","BindingChains+1","Castigation","StrikeDown","StrongStrike","EnergyConversion+1","HeavyPeaks+1","SunsetBlade+1"],"picked":"SpearedSweep+1","floor":37},{"not_picked":["BlazingStrike","WaitUp","EnergyStrike+1","EnergyCycle+1","DarkCloud","AsThePrescriptOrders+1","ButterflySlash","MultiBlock+1"],"picked":"CoordinatedAssault","floor":39},{"not_picked":["HandleRequest+1","BulkyImpact+1","Leap_lor+1","SharpNails","Wallop_lor","SerpentSwordTechnique","ViolentFlame+1","Eject"],"picked":"CrackOfDawn","floor":40},{"not_picked":["YoureAHindrance","CombatPreparation+1","BiteOff","FrontalAssault+1","TendonChords+1","AutonomousRush+1","FlowOfTheSword","GroundSmash"],"picked":"SnakesPrey","floor":47},{"not_picked":["PinpointShot+1","FierceCharge+1","Leap_lor+1","GaleKick","Wallop_lor+1","EnergyCycle+1","Struggle","LeRegole"],"picked":"GuardingStance+1","floor":55}],"player_experience":484810,"relics_obtained":[{"floor":12,"key":"Tiny Chest"},{"floor":14,"key":"PageOfNosferatu"},{"floor":25,"key":"Whetstone"},{"floor":26,"key":"PageOfBigBadWolf"},{"floor":27,"key":"PageOfPinocchio"},{"floor":29,"key":"aspiration:HatOfInfinitePower"},{"floor":36,"key":"halation:LettersToHer"},{"floor":40,"key":"halation:AfternoonTea"},{"floor":43,"key":"halation:LettersToHer"},{"floor":43,"key":"Mango"},{"floor":45,"key":"halation:LettersToHer"},{"floor":45,"key":"PageOfScorchedGirl"},{"floor":55,"key":"aspiration:SeaSaltIceCream"}],"event_choices":[{"damage_healed":0,"gold_gain":0,"player_choice":"Forge","damage_taken":0,"max_hp_gain":0,"max_hp_loss":0,"event_name":"Accursed Blacksmith","floor":5,"gold_loss":0,"cards_upgraded":["DarkCloud"]},{"damage_healed":0,"gold_gain":0,"player_choice":"1 cards matched","damage_taken":0,"max_hp_gain":0,"max_hp_loss":0,"event_name":"Match and Keep!","floor":38,"gold_loss":0,"cards_obtained":["Decapitation"]},{"cards_removed":["DarkCloud"],"damage_healed":0,"gold_gain":0,"player_choice":"Removed Power","damage_taken":0,"max_hp_gain":0,"max_hp_loss":0,"event_name":"Falling","floor":42,"gold_loss":0}],"is_beta":false,"boss_relics":[{"not_picked":["Painkiller Herb","reliquary:RedCape"],"picked":"energizedSpire:DeadBattery"},{"not_picked":["halation:LoveArrow","halation:PinkAlligatorPlush"],"picked":"energizedSpire:EnergizedDie"}],"items_purged_floors":[22],"is_endless":false,"potions_floor_spawned":[7,10,14,16,21,29,33,37,39],"ascension_level":0}}