{"host":"r6t4fwpf30hgqgjl","time":1614358135,"event":{"mods":["BaseMod","Colored Map","Colored Powertips","Minty Spire (QoL Compilation)","StSLib"],"gold_per_floor":[113,113,113,133,144,174,184,184,184],"floor_reached":8,"language":"ENG","playtime":270,"items_purged":[],"score":58,"play_id":"36d4a792-5e3b-49c5-9d80-668a930db7ea","local_time":"20210226174855","is_ascension_mode":false,"campfire_choices":[],"circlet_count":0,"master_deck":["Strike_B","Strike_B","Strike_B","Strike_B","Defend_B","Defend_B","Defend_B","Defend_B","Zap","Dualcast","Gash","Ball Lightning","Capacitor","Leap","Steam"],"relics":["Cracked Core","NeowsBlessing","Gremlin Horn","Eternal Feather"],"acts_visited":["Exordium"],"potions_floor_usage":[8,8],"damage_taken":[{"damage":0,"enemies":"Small Slimes","floor":1,"turns":1},{"damage":0,"enemies":"2 Louse","floor":4,"turns":1},{"damage":0,"enemies":"Jaw Worm","floor":5,"turns":1},{"damage":31,"enemies":"3 Sentries","floor":6,"turns":7},{"damage":14,"enemies":"Exordium Thugs","floor":7,"turns":4},{"damage":22,"enemies":"Lagavulin","floor":8,"turns":6}],"seed_played":"-3915357776395978253","potions_obtained":[{"floor":4,"key":"EntropicBrew"},{"floor":6,"key":"AttackPotion"},{"floor":7,"key":"SkillPotion"}],"is_trial":false,"path_per_floor":["M","?","?","M","M","E","M","E"],"character_chosen":"DEFECT","items_purchased":[],"campfire_rested":0,"item_purchase_floors":[],"current_hp_per_floor":[75,63,63,63,63,32,18,0,0],"gold":184,"neow_bonus":"THREE_ENEMY_KILL","is_daily":false,"chose_seed":false,"campfire_upgraded":0,"win_rate":0.0,"timestamp":1614358135,"path_taken":["M","?","?","M","M","E","M","E"],"items_purchased_type":[],"build_version":"2020-12-22","purchased_purges":0,"victory":false,"max_hp_per_floor":[75,75,75,75,75,75,75,75,75],"card_choices":[{"not_picked":["Streamline","Compile Driver"],"picked":"Gash","floor":1},{"not_picked":["Go for the Eyes","Sweeping Beam"],"picked":"Ball Lightning","floor":4},{"not_picked":["Force Field","Genetic Algorithm"],"picked":"Capacitor","floor":5},{"not_picked":["Self Repair","Go for the Eyes"],"picked":"Leap","floor":6},{"not_picked":["Compile Driver","Streamline"],"picked":"Steam","floor":7}],"player_experience":16012,"relics_obtained":[{"floor":6,"key":"Eternal Feather"}],"event_choices":[{"damage_healed":0,"gold_gain":0,"player_choice":"Success","damage_taken":12,"relics_obtained":["Gremlin Horn"],"max_hp_gain":0,"max_hp_loss":0,"event_name":"Scrap Ooze","floor":2,"gold_loss":0},{"damage_healed":0,"gold_gain":0,"player_choice":"Ignored","damage_taken":0,"max_hp_gain":0,"max_hp_loss":0,"event_name":"Liars Game","floor":3,"gold_loss":0}],"is_beta":false,"boss_relics":[],"items_purged_floors":[],"is_endless":false,"potions_floor_spawned":[4,6,7],"killed_by":"Lagavulin","ascension_level":0}}