{"host":"u2zgzag0koeblr9v","time":1614372943,"event":{"mods":["AchievementEnabler","BaseMod","Colored Map","Key Reminder","Minty Spire (QoL Compilation)"],"gold_per_floor":[119,194,22,22,22,53,64,64,64],"floor_reached":8,"language":"ENG","playtime":259,"items_purged":[],"score":84,"play_id":"d90b28d0-8d07-4f00-a2f7-6ada5d0e33df","local_time":"20210226155543","is_ascension_mode":true,"campfire_choices":[],"circlet_count":0,"master_deck":["AscendersBane","Strike_P","Strike_P","Strike_P","Strike_P","Defend_P","Defend_P","Defend_P","Eruption","Vigilance","CutThroughFate","Weave","TalkToTheHand","EmptyFist"],"relics":["Cursed Key","Medical Kit","PreservedInsect","Darkstone Periapt"],"acts_visited":["Exordium"],"potions_floor_usage":[],"damage_taken":[{"damage":2,"enemies":"Jaw Worm","floor":1,"turns":3},{"damage":30,"enemies":"Gremlin Nob","floor":6,"turns":4},{"damage":0,"enemies":"2 Louse","floor":7,"turns":1},{"damage":10,"enemies":"3 Sentries","floor":8,"turns":4}],"seed_played":"-7426288941380229803","potions_obtained":[],"is_trial":false,"path_per_floor":["M","?","$","?","?","E","M","E"],"character_chosen":"WATCHER","items_purchased":["CutThroughFate","Medical Kit"],"campfire_rested":0,"item_purchase_floors":[3,3],"current_hp_per_floor":[63,52,52,45,45,15,15,5,5],"gold":64,"neow_bonus":"BOSS_RELIC","is_daily":false,"chose_seed":false,"campfire_upgraded":0,"win_rate":0.0,"timestamp":1614372943,"path_taken":["M","?","$","?","?","E","M","E"],"items_purchased_type":["Card","Relic"],"build_version":"2020-12-22","purchased_purges":0,"victory":false,"max_hp_per_floor":[72,72,72,72,72,72,72,72,72],"card_choices":[{"not_picked":["Halt","Protect","ForeignInfluence"],"picked":"SKIP","floor":1},{"not_picked":["BattleHymn","CarveReality"],"picked":"TalkToTheHand","floor":6},{"not_picked":["Prostrate","Protect"],"picked":"EmptyFist","floor":7}],"player_experience":383538,"relics_obtained":[{"floor":6,"key":"Darkstone Periapt"}],"event_choices":[{"damage_healed":0,"gold_gain":75,"player_choice":"Gather Gold","damage_taken":11,"max_hp_gain":0,"max_hp_loss":0,"event_name":"World of Goop","floor":2,"gold_loss":0},{"damage_healed":0,"gold_gain":0,"player_choice":"Success","damage_taken":7,"relics_obtained":["PreservedInsect"],"max_hp_gain":0,"max_hp_loss":0,"event_name":"Scrap Ooze","floor":4,"gold_loss":0},{"damage_healed":0,"gold_gain":0,"cards_transformed":["Defend_P"],"player_choice":"Change","damage_taken":0,"max_hp_gain":0,"max_hp_loss":0,"event_name":"Living Wall","floor":5,"gold_loss":0,"cards_obtained":["Weave"]}],"is_beta":false,"boss_relics":[],"items_purged_floors":[],"is_endless":false,"potions_floor_spawned":[],"killed_by":"3 Sentries","ascension_level":11}}