{"host":"jx3f6ezc0g3s9edc","time":1614302050,"event":{"mods":["AchievementEnabler","BaseMod","Bestiary","Colored Map","Highlight Path","Minty Spire (QoL Compilation)","StSLib"],"gold_per_floor":[117,137,156,167,167,167,181,181,181,212,63,73,73,104,104,104,104],"floor_reached":16,"language":"ENG","playtime":792,"items_purged":["Strike_B"],"score":112,"play_id":"0b00431e-776c-4b3e-b587-6822899f9128","local_time":"20210225201410","is_ascension_mode":false,"campfire_choices":[{"data":"Dualcast","floor":6,"key":"SMITH"},{"data":"Ball Lightning","floor":8,"key":"SMITH"},{"data":"Consume","floor":15,"key":"SMITH"}],"circlet_count":0,"master_deck":["Strike_B","Strike_B","Strike_B","Defend_B","Defend_B","Defend_B","Defend_B","Zap","Dualcast+1","Coolheaded","Ball Lightning+1","Cold Snap","FTL","Glacier","Streamline","Ball Lightning","Redo","Consume+1","Parasite","Hologram"],"relics":["SlaversCollar","Calipers"],"acts_visited":["Exordium"],"potions_floor_usage":[14],"damage_taken":[{"damage":1,"enemies":"Cultist","floor":1,"turns":4},{"damage":10,"enemies":"Jaw Worm","floor":2,"turns":7},{"damage":0,"enemies":"2 Louse","floor":3,"turns":3},{"damage":0,"enemies":"Large Slime","floor":4,"turns":4},{"damage":0,"enemies":"Exordium Thugs","floor":7,"turns":3},{"damage":11,"enemies":"Lagavulin","floor":10,"turns":6},{"damage":0,"enemies":"Gremlin Gang","floor":12,"turns":5},{"damage":8,"enemies":"Gremlin Nob","floor":14,"turns":3},{"damage":3,"enemies":"The Guardian","floor":16,"turns":4}],"seed_played":"-1087851800928328645","potions_obtained":[{"floor":1,"key":"AttackPotion"},{"floor":2,"key":"FocusPotion"},{"floor":10,"key":"ColorlessPotion"}],"is_trial":false,"path_per_floor":["M","M","M","M","?","R","M","R","T","E","$","M","?","E","R","B"],"character_chosen":"DEFECT","items_purchased":["Ball Lightning","Redo"],"campfire_rested":0,"item_purchase_floors":[11,11],"current_hp_per_floor":[74,64,64,64,75,75,75,75,75,64,64,64,75,67,67,64,64],"gold":104,"neow_bonus":"BOSS_RELIC","is_daily":false,"chose_seed":false,"campfire_upgraded":3,"win_rate":0.0,"timestamp":1614302050,"path_taken":["M","?","M","M","?","R","M","R","T","E","$","M","?","E","R","BOSS"],"items_purchased_type":["Card","Card"],"build_version":"2020-12-22","purchased_purges":1,"victory":false,"max_hp_per_floor":[75,75,75,75,75,75,75,75,75,75,75,75,75,75,75,75,75],"card_choices":[{"not_picked":["BootSequence","Capacitor"],"picked":"Coolheaded","floor":1},{"not_picked":["Steam","Conserve Battery"],"picked":"Ball Lightning","floor":2},{"not_picked":["Rebound","Barrage"],"picked":"Cold Snap","floor":3},{"not_picked":["Conserve Battery","Scrape"],"picked":"FTL","floor":4},{"not_picked":["Go for the Eyes","Sweeping Beam"],"picked":"Glacier","floor":7},{"not_picked":["Auto Shields","Gash"],"picked":"Streamline","floor":10},{"not_picked":["Doom and Gloom","Streamline"],"picked":"Consume","floor":12},{"not_picked":["Fission","Gash"],"picked":"Hologram","floor":14}],"player_experience":902024,"relics_obtained":[{"floor":14,"key":"Calipers"}],"event_choices":[{"damage_healed":25,"gold_gain":0,"player_choice":"Banana","damage_taken":0,"max_hp_gain":0,"max_hp_loss":0,"event_name":"Big Fish","floor":5,"gold_loss":0},{"damage_healed":18,"gold_gain":0,"player_choice":"Healed and dodged fight","damage_taken":0,"max_hp_gain":0,"max_hp_loss":0,"event_name":"Mushrooms","floor":13,"gold_loss":0,"cards_obtained":["Parasite"]}],"is_beta":false,"boss_relics":[],"items_purged_floors":[11],"is_endless":false,"potions_floor_spawned":[1,2,10],"killed_by":"The Guardian","ascension_level":0}}