{"host":"3z4ju2qnfrhpg6py","time":1614337343,"event":{"mods":["Act Like it!","Arknights","BaseMod","Colored Powertips","Minty Spire (QoL Compilation)","Spicy Shops","StSLib","UnlockEverythingMod","Wide Potions","noobMod","¡¾ÒÅÎï¿¨ÅÆ¡¿REMEMod"],"gold_per_floor":[116,128,140,193,208,243,255,265,340,363,374,400,350,379,379,479,479,498,517,517,533,533,565,585,610,610,628,662,662,694,210,210,313,313,325,343,343,353,364,364,392,392,392,89,107,132,132,159,159,159,159,159,80,105,105],"floor_reached":56,"language":"ZHS","playtime":2733,"items_purged":["Pain"],"score":2060,"play_id":"3d2c3260-ca15-4c67-bc6d-4871ad5b3149","local_time":"20210226190223","is_ascension_mode":true,"campfire_choices":[{"data":"ats:Emotion Absorption","floor":15,"key":"SMITH"},{"data":"ats:Phantom","floor":32,"key":"SMITH"},{"data":"ats:Absolute Focus","floor":40,"key":"SMITH"},{"data":"ats:Ignite","floor":42,"key":"SMITH"},{"floor":49,"key":"RECALL"},{"data":"ats:Absolute Focus","floor":52,"key":"SMITH"}],"circlet_count":0,"master_deck":["AscendersBane","ats:Armor Crushing Shot","ats:Emotion Absorption+1","ats:Sashimi Platter","ats:Ignite","ats:Sword Rain","ats:Support Order","ats:Hook Shot","ats:Hook Shot","ats:Apocalypse","ats:Phantom+1","ats:Curse Doll","ats:Sunburst","ats:Volcano","ats:Blood Oath","ats:Sashimi Platter","ats:Durian","ats:Soul Rend","ats:Guardian Obelisk","ats:Sunburst+1","ats:Leaping Hammer","Bite","Bite","Bite","ats:Ignite","ats:Automatic Cover+1","ats:Very Hot Blade","ats:Flame Of Heaven+1","ats:Ignite+1","ats:Absolute Focus+1","ats:Very Hot Blade","ats:Sunburst+1","ats:Assault Order","ats:Ignite+1","ats:Guardian Obelisk+1","ats:Absolute Focus+1","ats:Volcano","ats:Apocalypse+1","Apotheosis","ats:Apocalypse","ats:Serious Mode+1"],"relics":["ats:Sanity","REME_ComplimentaryCards","ice","ats:Originium","REME_HandOfSuture","ats:Military Tradition","Tiny Chest","CaptainsWheel","Lantern","Pandora\u0027s Box","Strawberry","Oddly Smooth Stone","Eternal Feather","Ginger","Smiling Mask","Akabeko","ats:Rhine Circuitry","Letter Opener","Empty Cage","Juzu Bracelet","Happy Flower","Bird Faced Urn","Toy Ornithopter","WarpedTongs","PreservedInsect","Bottled Tornado"],"acts_visited":["Exordium","TheCity","TheBeyond","TheEnding"],"potions_floor_usage":[16,55],"damage_taken":[{"damage":11,"enemies":"Cultist","floor":1,"turns":4},{"damage":12,"enemies":"Jaw Worm","floor":2,"turns":3},{"damage":22,"enemies":"ats:Genji","floor":3,"turns":4},{"damage":12,"enemies":"Looter","floor":5,"turns":3},{"damage":39,"enemies":"Lagavulin","floor":6,"turns":7},{"damage":16,"enemies":"3 Louse","floor":7,"turns":2},{"damage":23,"enemies":"Exordium Wildlife","floor":8,"turns":4},{"damage":11,"enemies":"Looter","floor":11,"turns":3},{"damage":11,"enemies":"3 Sentries","floor":12,"turns":4},{"damage":6,"enemies":"Lagavulin","floor":14,"turns":4},{"damage":25,"enemies":"Hexaghost","floor":16,"turns":8},{"damage":11,"enemies":"Shell Parasite","floor":18,"turns":4},{"damage":27,"enemies":"2 Thieves","floor":19,"turns":3},{"damage":25,"enemies":"Centurion and Healer","floor":21,"turns":3},{"damage":41,"enemies":"Book of Stabbing","floor":23,"turns":4},{"damage":18,"enemies":"Snecko","floor":24,"turns":5},{"damage":90,"enemies":"REME_1_Revenger","floor":25,"turns":6},{"damage":13,"enemies":"Shelled Parasite and Fungi","floor":27,"turns":3},{"damage":22,"enemies":"Book of Stabbing","floor":28,"turns":3},{"damage":30,"enemies":"REME_1_Revenger","floor":30,"turns":3},{"damage":12,"enemies":"Automaton","floor":33,"turns":4},{"damage":5,"enemies":"Orb Walker","floor":35,"turns":1},{"damage":5,"enemies":"3 Shapes","floor":36,"turns":1},{"damage":0,"enemies":"Writhing Mass","floor":38,"turns":3},{"damage":35,"enemies":"Maw","floor":39,"turns":4},{"damage":101,"enemies":"Reptomancer","floor":41,"turns":3},{"damage":17,"enemies":"Jaw Worm Horde","floor":45,"turns":3},{"damage":34,"enemies":"Nemesis","floor":46,"turns":3},{"damage":29,"enemies":"Giant Head","floor":48,"turns":3},{"damage":38,"enemies":"Donu and Deca","floor":50,"turns":5},{"damage":54,"enemies":"Shield and Spear","floor":54,"turns":3},{"damage":87,"enemies":"The Heart","floor":55,"turns":4}],"seed_played":"-5122448816778463753","potions_obtained":[{"floor":3,"key":"Regen Potion"},{"floor":24,"key":"Weak Potion"},{"floor":27,"key":"AttackPotion"}],"is_trial":false,"path_per_floor":["M","M","M","T","M","E","M","M","T","T","M","E","?","E","R","B",null,"M","M","?","M","?","E","M","E","T","M","E","T","E","$","R","B",null,"M","M","?","M","M","R","E","R","T","$","M","E","?","E","R","B",null,"R","$","E","B",null],"character_chosen":"DOCTOR_CLASS","items_purchased":["ats:Ignite","ats:Absolute Focus","ats:Rhine Circuitry","Letter Opener","ats:Very Hot Blade","Bird Faced Urn","ats:Apocalypse"],"campfire_rested":0,"item_purchase_floors":[31,31,31,31,31,44,53],"current_hp_per_floor":[59,52,35,35,28,59,49,33,33,33,35,36,36,46,46,78,92,97,89,68,72,72,66,69,96,96,91,81,81,74,74,92,108,108,103,98,98,111,115,115,35,56,56,56,77,51,51,52,73,90,122,132,132,94,100],"gold":105,"neow_bonus":"TRANSFORM_CARD","is_daily":false,"chose_seed":false,"campfire_upgraded":5,"win_rate":0.0,"timestamp":1614337343,"path_taken":["M","M","M","?","M","E","M","?","T","?","M","E","?","E","R","BOSS","M","M","?","M","?","E","M","E","T","M","E","?","E","?","R","BOSS","M","M","?","M","M","R","E","R","T","$","M","E","?","E","R","BOSS","R","$","E","BOSS"],"items_purchased_type":["Card","Card","Relic","Relic","Card","Relic","Card"],"build_version":"2020-12-22","purchased_purges":1,"victory":true,"max_hp_per_floor":[72,72,72,72,72,73,75,77,77,77,79,82,82,84,84,96,96,100,103,108,110,77,90,93,96,96,99,104,104,105,105,105,108,108,108,110,110,114,115,115,121,121,121,121,123,124,124,126,126,132,132,132,132,139,182],"card_choices":[{"not_picked":["ats:Very Hot Blade","ats:Encircling Forest"],"picked":"ats:Ignite","floor":1},{"not_picked":["ats:Collapsing Strike","ats:Defend Order"],"picked":"ats:Sword Rain","floor":2},{"not_picked":["ats:Hammer On","ats:Closed Bolt Burst Fire"],"picked":"ats:Support Order","floor":3},{"not_picked":["ats:Sashimi Platter","ats:Explosion Area Strengthen"],"picked":"ats:Hook Shot","floor":5},{"not_picked":["ats:Shell Defense","ats:Serious Mode"],"picked":"ats:Hook Shot","floor":6},{"not_picked":["ats:Powerful Strike","ats:Blood Oath","ats:Flexible Camouflage"],"picked":"SKIP","floor":7},{"not_picked":["ats:Shell Defense","ats:Demon Strength"],"picked":"ats:Apocalypse","floor":8},{"not_picked":["ats:Leaping Hammer","ats:Consecutive Shot Auto"],"picked":"ats:Phantom","floor":11},{"not_picked":["ats:Consecutive Shot Auto","ats:Rat Pack"],"picked":"ats:Curse Doll","floor":12},{"not_picked":["ats:Very Hot Blade","ats:Leaping Hammer"],"picked":"ats:Sunburst","floor":14},{"not_picked":["ats:Durian","ats:Rat Pack"],"picked":"ats:Volcano","floor":16},{"not_picked":["ats:Neurotoxin","ats:Counter Healing Mode"],"picked":"ats:Sunburst+1","floor":18},{"not_picked":["ats:Flexible Camouflage","ats:Powerful Strike+1"],"picked":"ats:Leaping Hammer","floor":19},{"not_picked":["ats:Revitalization+1","ats:Hammer On","ats:Curse Doll"],"picked":"SKIP","floor":21},{"not_picked":["ats:Spore Proliferation","ats:Consecutive Shot Auto","ats:Closed Bolt Burst Fire"],"picked":"SKIP","floor":23},{"not_picked":["ats:Hammer On","ats:Ambush"],"picked":"ats:Ignite","floor":24},{"not_picked":["ats:Poison Spread","ats:Roar Of Ursus","ats:Rapid Magazine"],"picked":"SKIP","floor":25},{"not_picked":["ats:Support Order+1","ats:Consecutive Shot Auto"],"picked":"ats:Automatic Cover+1","floor":27},{"not_picked":["ats:Demon Strength+1","ats:LN2 Cannon+1"],"picked":"ats:Very Hot Blade","floor":28},{"not_picked":["ats:Poison Spread","ats:Shadow Raid+1"],"picked":"ats:Flame Of Heaven+1","floor":30},{"not_picked":["ats:Shadow Raid+1","ats:Guard Mode+1"],"picked":"ats:Sunburst+1","floor":35},{"not_picked":["ats:Flexible Camouflage","ats:Blood Oath"],"picked":"ats:Assault Order","floor":36},{"not_picked":["ats:Beaten Up","ats:Thermite Blade","ats:Closed Bolt Burst Fire+1"],"picked":"SKIP","floor":38},{"not_picked":["ats:Poison Spread+1","ats:Thermite Blade+1"],"picked":"ats:Ignite+1","floor":39},{"not_picked":["ats:Revitalization+1","ats:Flexible Camouflage"],"picked":"ats:Guardian Obelisk+1","floor":41},{"not_picked":["ats:Magnetic Hammer+1","ats:Leaping Hammer+1"],"picked":"ats:Absolute Focus","floor":45},{"not_picked":["ats:Blood Oath+1","ats:Assault Order+1"],"picked":"ats:Volcano","floor":46},{"not_picked":["ats:Blood Oath+1","ats:Thermite Blade+1"],"picked":"ats:Apocalypse+1","floor":48},{"not_picked":["ats:Revitalization+1","ats:Encircling Forest"],"picked":"ats:Serious Mode+1","floor":54}],"player_experience":47138,"relics_obtained":[{"floor":6,"key":"ats:Originium"},{"floor":6,"key":"REME_HandOfSuture"},{"floor":9,"key":"ats:Military Tradition"},{"floor":10,"key":"Tiny Chest"},{"floor":12,"key":"ats:Originium"},{"floor":12,"key":"CaptainsWheel"},{"floor":14,"key":"ats:Originium"},{"floor":14,"key":"Lantern"},{"floor":23,"key":"ats:Originium"},{"floor":23,"key":"Strawberry"},{"floor":25,"key":"Oddly Smooth Stone"},{"floor":26,"key":"Eternal Feather"},{"floor":28,"key":"Ginger"},{"floor":29,"key":"Smiling Mask"},{"floor":30,"key":"Akabeko"},{"floor":41,"key":"Juzu Bracelet"},{"floor":43,"key":"Happy Flower"},{"floor":46,"key":"Toy Ornithopter"},{"floor":48,"key":"PreservedInsect"},{"floor":54,"key":"Bottled Tornado"}],"event_choices":[{"cards_removed":["ats:Defend"],"damage_healed":0,"gold_gain":0,"player_choice":"Card Removal","damage_taken":0,"max_hp_gain":0,"max_hp_loss":0,"event_name":"The Cleric","floor":13,"gold_loss":50},{"damage_healed":0,"gold_gain":0,"player_choice":"Shed Blood","damage_taken":26,"max_hp_gain":5,"max_hp_loss":0,"event_name":"Forgotten Altar","floor":20,"gold_loss":0},{"damage_healed":0,"gold_gain":0,"player_choice":"Became a vampire","damage_taken":0,"max_hp_gain":0,"max_hp_loss":33,"event_name":"Vampires","floor":22,"gold_loss":0,"cards_obtained":["Bite","Bite","Bite","Bite","Bite"]},{"cards_removed":["ats:Rapid Magazine"],"damage_healed":0,"gold_gain":0,"player_choice":"Card Removal","damage_taken":0,"max_hp_gain":0,"max_hp_loss":0,"event_name":"Wheel of Change","floor":37,"gold_loss":0},{"damage_healed":0,"gold_gain":0,"player_choice":"Rummage","damage_taken":0,"relics_obtained":["WarpedTongs"],"max_hp_gain":0,"max_hp_loss":0,"event_name":"Accursed Blacksmith","floor":47,"gold_loss":0,"cards_obtained":["Pain"]}],"is_beta":false,"boss_relics":[{"not_picked":["Sozu","Velvet Choker"],"picked":"Pandora\u0027s Box"},{"not_picked":["REME_DemonsWealth","Runic Dome"],"picked":"Empty Cage"}],"items_purged_floors":[53],"is_endless":false,"potions_floor_spawned":[3,6,7,8,12,24,27,30,33,36,39,41,45],"ascension_level":11}}