{"host":"5qewjvycy34u7aeo","time":1614319621,"event":{"mods":["BaseMod","Curses Come First","Downfall","GifTheSpireLib","Infinite Spire","Minty Spire (QoL Compilation)","Permanent Neow","Replay The Spire","StSLib"],"gold_per_floor":[119,119,119,148,171,211,234,246,281,293,318,365,377,389,401,516,528,556,568,580,602,630,642,667,679,737,749,761,791,842,904,916,1026,1038,1067,1079,721,753,753,787,802,873,873,889,911,941,956,972,972,972,972,972,716,754,760],"floor_reached":56,"language":"ENG","playtime":8565,"items_purged":["downfall:Bewildered","Defend_B","Defend_B","Defend_B"],"score":1558,"play_id":"260b7fe2-9f4b-479d-9ce5-a3584c00c6c7","local_time":"20210226000701","is_ascension_mode":true,"campfire_choices":[{"data":"Thunder Strike","floor":10.0,"key":"SMITH"},{"data":"Tempest","floor":13.0,"key":"SMITH"},{"data":"Decay","floor":15.0,"key":"PURGE"},{"data":"Buffer","floor":23.0,"key":"SMITH"},{"data":"Turbo","floor":25.0,"key":"SMITH"},{"floor":49,"key":"RECALL"},{"data":"Conserve Battery","floor":52,"key":"SMITH"}],"circlet_count":0,"master_deck":["Dualcast","Chaos+1","Conserve Battery+1","Thunder Strike+1","Turbo+1","Tempest+1","Buffer+1","Cold Snap","Conserve Battery+1","Tempest","BootSequence+1","Coolheaded","Echo Form","Conserve Battery+1","Leap","White Noise+1","ReplayTheSpireMod:Calculation Training+1","Ball Lightning","Lockon"],"relics":["Cracked Core","Anchor","MawBank","Happy Flower","Bronze Scales","Replay:Drink Me","Prayer Wheel","Nloth\u0027s Gift","Replay:Bandana","sneckomod:BabySnecko","Prayer Wheel","Bag of Marbles","Eternal Feather","Tiny House","Painkiller Herb","Replay:Frozen Program","infinitespire:Satchel","Toolbox","Runic Dome","Orichalcum","infinitespire:FocusingShard","DataDisk","Art of War","Torii"],"acts_visited":["Exordium","TheCity","TheBeyond","TheEnding"],"potions_floor_usage":[],"damage_taken":[{"damage":0.0,"enemies":"Small Slimes","floor":1.0,"turns":3.0},{"damage":23.0,"enemies":"infinitespire:Voidling","floor":4.0,"turns":4.0},{"damage":0.0,"enemies":"Cultist","floor":5.0,"turns":3.0},{"damage":10.0,"enemies":"Gremlin Nob","floor":6.0,"turns":3.0},{"damage":0.0,"enemies":"Blue Slaver","floor":7.0,"turns":2.0},{"damage":0.0,"enemies":"Red Slaver","floor":11.0,"turns":3.0},{"damage":17.0,"enemies":"Lagavulin","floor":12.0,"turns":4.0},{"damage":11.0,"enemies":"Fading Forest","floor":16.0,"turns":11.0},{"damage":11.0,"enemies":"Spheric Guardian","floor":18.0,"turns":3.0},{"damage":0.0,"enemies":"Shell Parasite","floor":21.0,"turns":4.0},{"damage":14.0,"enemies":"Snake Plant","floor":22.0,"turns":3.0},{"damage":12.0,"enemies":"3 Cultists","floor":24.0,"turns":6.0},{"damage":0.0,"enemies":"Snecko","floor":29.0,"turns":5.0},{"damage":7.0,"enemies":"Slavers","floor":30.0,"turns":4.0},{"damage":0.0,"enemies":"Automaton","floor":33.0,"turns":12.0},{"damage":0.0,"enemies":"Orb Walker","floor":35.0,"turns":3.0},{"damage":0.0,"enemies":"3 Darklings","floor":38.0,"turns":4.0},{"damage":3.0,"enemies":"Giant Head","floor":40.0,"turns":8.0},{"damage":0.0,"enemies":"4 Shapes","floor":41.0,"turns":3.0},{"damage":0,"enemies":"Nemesis","floor":42,"turns":3},{"damage":0,"enemies":"Transient","floor":44,"turns":5},{"damage":0,"enemies":"Maw","floor":45,"turns":5},{"damage":12,"enemies":"Nightmare","floor":46,"turns":5},{"damage":0,"enemies":"4 Shapes","floor":47,"turns":2},{"damage":0,"enemies":"Sphere and 2 Shapes","floor":48,"turns":3},{"damage":0,"enemies":"Donu and Deca","floor":50,"turns":8},{"damage":26,"enemies":"Shield and Spear","floor":54,"turns":4},{"damage":26,"enemies":"The Heart","floor":55,"turns":7}],"seed_played":"-2954925503283559895","potions_obtained":[{"floor":1.0,"key":"Swift Potion"},{"floor":4.0,"key":"SpeedPotion"},{"floor":11.0,"key":"Cursed Concoction"},{"floor":16.0,"key":"Milkshake"},{"floor":18.0,"key":"Ancient Potion"},{"floor":31.0,"key":"Fruit Juice"},{"floor":33.0,"key":"Explosive Potion"}],"is_trial":false,"path_per_floor":["M","?","?","M","M","E","M","$","T","R","M","E","R","?","R","B",null,"M","?","?","M","M","R","M","R","T","?","?","M","E","AVR","R","B",null,"?","?","T","?","AVR","E","?","E","T","?","?","NM","?","?","T","B",null,"T","T","E","B",null],"character_chosen":"DEFECT","items_purchased":["Replay:Frozen Program","infinitespire:Satchel","Art of War"],"campfire_rested":0,"item_purchase_floors":[37,37,53],"current_hp_per_floor":[75,75,75,61,61,51,51,51,51,51,51,34,34,34,34,31,57,46,46,46,46,32,32,20,20,20,20,20,20,13,23,52,52,67,67,67,67,67,67,64,64,64,64,64,64,52,52,52,64,64,67,67,67,41,15],"gold":760,"neow_bonus":"RANDOM_COMMON_RELIC","is_daily":false,"chose_seed":false,"campfire_upgraded":5,"win_rate":0.0,"timestamp":1614319621,"path_taken":["M","?","?","?","M","E","M","?","T","R","M","E","R","?","R","BOSS","M","?","?","M","?","R","M","R","T","?","?","M","E","AVR","R","BOSS","?","?","T","?","AVR","E","?","E","T","?","?","NM","?","?","T","BOSS","T","T","E","BOSS"],"items_purchased_type":["Relic","Relic","Relic"],"build_version":"2020-12-22","purchased_purges":4,"victory":true,"max_hp_per_floor":[75,75,75,75,75,75,75,75,75,75,75,75,75,75,75,75,57,57,57,57,57,57,57,57,57,57,57,57,57,57,67,67,67,67,67,67,67,67,67,67,67,67,67,67,67,67,67,67,67,67,67,67,67,67,67],"card_choices":[{"not_picked":["Barrage","ReplayTheSpireMod:Reroute Power"],"picked":"Ball Lightning","floor":1.0},{"not_picked":["BootSequence","ReplayTheSpireMod:Repulse","Scrape"],"picked":"SKIP","floor":4.0},{"not_picked":["Panic Button","Time Bomb"],"picked":"Conserve Battery","floor":5.0},{"not_picked":["Barrage","Chaos"],"picked":"Thunder Strike","floor":6.0},{"not_picked":["Beam Cell","Time Bomb"],"picked":"Turbo","floor":7.0},{"not_picked":["Genetic Algorithm","BasicCrystalCard","Time Bomb"],"picked":"SKIP","floor":11.0},{"not_picked":["Scrape","Stack"],"picked":"Tempest","floor":12.0},{"not_picked":["Rainbow","Reboot"],"picked":"ReplayTheSpireMod:Fabricate Wheel","floor":16.0},{"not_picked":["Compile Driver+1","Darkness","Go for the Eyes+1"],"picked":"SKIP","floor":18.0},{"not_picked":["Aggregate","BasicCrystalCard","Barrage"],"picked":"SKIP","floor":18.0},{"not_picked":["Barrage","Rebound"],"picked":"Buffer","floor":21.0},{"not_picked":["Cold Snap+1","Static Discharge","Hologram"],"picked":"SKIP","floor":21.0},{"not_picked":["Coolheaded","Go for the Eyes"],"picked":"Cold Snap","floor":22.0},{"not_picked":["Time Bomb+1","Heatsinks+1","Reprogram+1"],"picked":"SKIP","floor":22.0},{"not_picked":["Sweeping Beam","Barrage+1"],"picked":"Conserve Battery","floor":24.0},{"not_picked":["Beam Cell+1","Panic Button","ReplaySolidLightProjector"],"picked":"SKIP","floor":24.0},{"not_picked":["ReplayTheSpireMod:GoodbyeWorld","Redo","Skim"],"picked":"SKIP","floor":29.0},{"not_picked":["Darkness","Ball Lightning","Beam Cell"],"picked":"SKIP","floor":29.0},{"not_picked":["ReplayTheSpireMod:System Scan","Scrape+1","BootSequence+1"],"picked":"SKIP","floor":29.0},{"not_picked":["ReplayTheSpireMod:System Scan","Scrape+1"],"picked":"BootSequence+1","floor":29.0},{"not_picked":["ReplayTheSpireMod:GoodbyeWorld","Redo","Skim"],"picked":"SKIP","floor":29.0},{"not_picked":["Darkness","Ball Lightning","Beam Cell"],"picked":"SKIP","floor":29.0},{"not_picked":["Echo Form","Stack"],"picked":"Coolheaded","floor":30.0},{"not_picked":["Hyperbeam","Machine Learning"],"picked":"Echo Form","floor":33.0},{"not_picked":["Streamline+1","Melter+1"],"picked":"Conserve Battery","floor":35.0},{"not_picked":["Sunder","Consume+1","Turbo+1"],"picked":"SKIP","floor":35.0},{"not_picked":["Coolheaded","BasicCrystalCard","FTL"],"picked":"SKIP","floor":35.0},{"not_picked":["Steam+1","Sweeping Beam"],"picked":"Leap","floor":38.0},{"not_picked":["Fission","Redo","Gash+1"],"picked":"SKIP","floor":38.0},{"not_picked":["Static Discharge","Sweeping Beam","Steam+1"],"picked":"SKIP","floor":38.0},{"not_picked":["ReplayTheSpireMod:Repulse","Mirror Shield","Hyperbeam"],"picked":"SKIP","floor":40.0},{"not_picked":["Panic Button","Rip and Tear"],"picked":"White Noise+1","floor":41},{"not_picked":["Steam+1","Time Bomb+1","BasicCrystalCard+1"],"picked":"SKIP","floor":41},{"not_picked":["Gash","Conserve Battery","Consume"],"picked":"SKIP","floor":41},{"not_picked":["ReplayTheSpireMod:Omega Cannon","ReplayGash"],"picked":"ReplayTheSpireMod:Calculation Training+1","floor":42},{"not_picked":["Redo","Steam Power","Stack+1"],"picked":"SKIP","floor":44},{"not_picked":["Loop","Panic Button","Sunder+1"],"picked":"SKIP","floor":44},{"not_picked":["ReplayTheSpireMod:System Scan","BootSequence","Force Field"],"picked":"SKIP","floor":44},{"not_picked":["Machine Learning","Sweeping Beam+1"],"picked":"Ball Lightning","floor":45},{"not_picked":["Cold Snap+1","Lockon+1","Conserve Battery"],"picked":"SKIP","floor":45},{"not_picked":["Gash","Rebound","Turbo"],"picked":"SKIP","floor":45},{"not_picked":["FTL","Ball Lightning+1","Reinforced Body+1"],"picked":"SKIP","floor":46},{"not_picked":["Melter+1","Self Repair+1"],"picked":"Lockon","floor":47},{"not_picked":["Mirror Shield","Gash+1","Compile Driver+1"],"picked":"SKIP","floor":47},{"not_picked":["Barrage+1","Redo+1","Amplify"],"picked":"SKIP","floor":47},{"not_picked":["Seek","Time Bomb","Redo+1"],"picked":"SKIP","floor":48},{"not_picked":["Panic Button+1","Tempest","Darkness"],"picked":"SKIP","floor":48},{"not_picked":["ReplayGash+1","Steam+1","Heatsinks+1"],"picked":"SKIP","floor":48},{"not_picked":["Force Field+1","ReplayTheSpireMod:Fabricate Wheel","Aggregate"],"picked":"SKIP","floor":54}],"player_experience":535642,"relics_obtained":[{"floor":6.0,"key":"Happy Flower"},{"floor":9.0,"key":"Bronze Scales"},{"floor":12.0,"key":"StrikeDummy"},{"floor":26.0,"key":"Replay:Bandana"},{"floor":30.0,"key":"Bag of Marbles"},{"floor":40.0,"key":"Orichalcum"},{"floor":42,"key":"infinitespire:FocusingShard"},{"floor":46,"key":"DataDisk"},{"floor":54,"key":"Torii"}],"event_choices":[{"damage_healed":0.0,"max_hp_gain":0.0,"max_hp_loss":0.0,"gold_gain":0.0,"event_name":"WeMeetAgain","player_choice":"Gave Potion","floor":3.0,"gold_loss":0.0,"damage_taken":0.0,"relics_obtained":["MawBank"]},{"damage_healed":0.0,"max_hp_gain":0.0,"max_hp_loss":0.0,"gold_gain":0.0,"event_name":"Wheel of Change","player_choice":"Cursed","floor":14.0,"gold_loss":0.0,"damage_taken":0.0,"cards_obtained":["Decay"]},{"damage_healed":0.0,"max_hp_gain":0.0,"max_hp_loss":0.0,"gold_gain":0.0,"event_name":"N\u0027loth","player_choice":"Traded Relic","floor":20.0,"relics_lost":["StrikeDummy"],"gold_loss":0.0,"damage_taken":0.0,"relics_obtained":["Nloth\u0027s Gift"]},{"damage_healed":0.0,"max_hp_gain":0.0,"max_hp_loss":0.0,"gold_gain":0.0,"cards_transformed":["Defend_B","Strike_B"],"event_name":"Drug Dealer","player_choice":"Became Test Subject","floor":28.0,"gold_loss":0.0,"damage_taken":0.0,"cards_obtained":["ReplayTheSpireMod:Fabricate Wheel","Tempest"]},{"cards_removed":["Ball Lightning"],"damage_healed":0.0,"max_hp_gain":0.0,"max_hp_loss":0.0,"gold_gain":0.0,"event_name":"Falling","player_choice":"Removed Attack","floor":36.0,"gold_loss":0.0,"damage_taken":0.0}],"is_beta":false,"boss_relics":[{"not_picked":["Ectoplasm","Calling Bell"],"picked":"Replay:Drink Me"},{"not_picked":["Snecko Eye","Abe\u0027s Treasure"],"picked":"Painkiller Herb"}],"items_purged_floors":[31,37,39,53],"is_endless":false,"potions_floor_spawned":[1,4,11,16,18,22,29,30,33,35,40,45,47],"ascension_level":4}}