{"host":"oi6p1guiqfwwvxym","time":1614308019,"event":{"mods":["BaseMod","Bestiary","Colored Map","Minty Spire (QoL Compilation)","Relic Stats"],"gold_per_floor":[114,42,42,7,18,49,49,63,142,142,176,193,228,228,228,324,324,335,349,360,375,23,53,53,53,53,53,85,102,129,139,139,234,234,247,264,20,20,20,20,53,53,53,53,53,80,0,0,0,0],"floor_reached":51,"language":"ENG","playtime":3413,"items_purged":["Strike_G"],"score":1257,"play_id":"c42403af-5109-4e89-9a67-631e19b4a05b","local_time":"20210225185339","is_ascension_mode":true,"campfire_choices":[{"data":"Deadly Poison","floor":7.0,"key":"SMITH"},{"data":"Leg Sweep","floor":10.0,"key":"SMITH"},{"data":"Noxious Fumes","floor":15.0,"key":"SMITH"},{"floor":24.0,"key":"REST"},{"floor":27.0,"key":"REST"},{"floor":32.0,"key":"REST"},{"data":"Phantasmal Killer","floor":40,"key":"SMITH"},{"data":"Well Laid Plans","floor":42,"key":"SMITH"},{"data":"Doppelganger","floor":45,"key":"SMITH"},{"data":"Footwork","floor":49,"key":"SMITH"}],"circlet_count":0,"master_deck":["AscendersBane","Strike_G","Strike_G","Strike_G","Strike_G","Defend_G","Defend_G","Defend_G","Defend_G","Defend_G+1","Survivor","Neutralize","Quick Slash+1","Masterful Stab","Riddle With Holes","Leg Sweep+1","Deadly Poison+1","Dagger Throw","PiercingWail","Flying Knee","Noxious Fumes+1","Tools of the Trade","Doppelganger+1","Well Laid Plans+1","Dodge and Roll","PiercingWail","Heel Hook","Blur","Outmaneuver+1","Deadly Poison","Dash+1","Backflip+1","PiercingWail+1","Phantasmal Killer+1","Footwork+1","Malaise+1","Concentrate+1"],"relics":["Ring of the Serpent","NeowsBlessing","Boot","Kunai","Paper Crane","HornCleat","PreservedInsect","CaptainsWheel","Dream Catcher","Matryoshka","Gremlin Horn","InkBottle","Philosopher\u0027s Stone","Toxic Egg 2","Blue Candle","Toy Ornithopter","Meat on the Bone","War Paint","Ornamental Fan","Eternal Feather","Red Mask"],"acts_visited":["Exordium","TheCity","TheBeyond"],"potions_floor_usage":[50,50],"damage_taken":[{"damage":0.0,"enemies":"Jaw Worm","floor":1.0,"turns":1.0},{"damage":0.0,"enemies":"Cultist","floor":5.0,"turns":1.0},{"damage":0.0,"enemies":"Gremlin Nob","floor":6.0,"turns":1.0},{"damage":0.0,"enemies":"Small Slimes","floor":8.0,"turns":2.0},{"damage":3.0,"enemies":"Lagavulin","floor":11.0,"turns":6.0},{"damage":12.0,"enemies":"Exordium Wildlife","floor":12.0,"turns":4.0},{"damage":14.0,"enemies":"3 Sentries","floor":13.0,"turns":5.0},{"damage":6.0,"enemies":"Hexaghost","floor":16.0,"turns":10.0},{"damage":18.0,"enemies":"Spheric Guardian","floor":18.0,"turns":4.0},{"damage":10.0,"enemies":"2 Thieves","floor":19.0,"turns":4.0},{"damage":18.0,"enemies":"Shelled Parasite and Fungi","floor":20.0,"turns":8.0},{"damage":0.0,"enemies":"Cultist and Chosen","floor":21.0,"turns":6.0},{"damage":5.0,"enemies":"Slavers","floor":23.0,"turns":5.0},{"damage":27.0,"enemies":"Gremlin Leader","floor":28.0,"turns":7.0},{"damage":4.0,"enemies":"3 Cultists","floor":29.0,"turns":5.0},{"damage":6.0,"enemies":"Book of Stabbing","floor":30.0,"turns":5.0},{"damage":3.0,"enemies":"Snake Plant","floor":31.0,"turns":4.0},{"damage":43.0,"enemies":"Champ","floor":33.0,"turns":13.0},{"damage":2.0,"enemies":"Orb Walker","floor":35.0,"turns":4.0},{"damage":0.0,"enemies":"3 Shapes","floor":36.0,"turns":6.0},{"damage":0,"enemies":"Reptomancer","floor":41,"turns":6},{"damage":20,"enemies":"Giant Head","floor":46,"turns":10},{"damage":9,"enemies":"Time Eater","floor":50,"turns":16}],"seed_played":"7703873238529776136","potions_obtained":[{"floor":8.0,"key":"Fire Potion"},{"floor":12.0,"key":"Regen Potion"},{"floor":13.0,"key":"Explosive Potion"},{"floor":18.0,"key":"Explosive Potion"},{"floor":19.0,"key":"PowerPotion"},{"floor":29.0,"key":"Regen Potion"},{"floor":30.0,"key":"Fire Potion"},{"floor":31.0,"key":"Strength Potion"},{"floor":36.0,"key":"BlessingOfTheForge"},{"floor":41,"key":"Dexterity Potion"}],"is_trial":false,"path_per_floor":["M","$","?","$","M","E","R","M","T","R","E","M","E","?","R","B",null,"M","M","M","M","$","E","R","?","T","R","E","M","E","M","R","B",null,"M","M","$","?","$","R","E","R","T","T","R","E","?","?","R","B",null],"character_chosen":"THE_SILENT","items_purchased":["Masterful Stab","Riddle With Holes","PreservedInsect","AttackPotion","Blur","Toxic Egg 2"],"campfire_rested":3,"item_purchase_floors":[2,4,22,22,22,37],"current_hp_per_floor":[63,63,63,63,63,63,63,63,63,63,60,48,48,48,48,42,63,45,35,17,17,17,12,33,33,33,54,27,23,32,29,50,7,54,52,52,52,52,52,52,52,52,52,52,52,44,44,44,65,59],"gold":0,"neow_bonus":"THREE_ENEMY_KILL","is_daily":false,"chose_seed":false,"campfire_upgraded":7,"win_rate":0.0,"timestamp":1614308019,"path_taken":["M","$","?","$","M","E","R","?","T","R","E","M","E","?","R","BOSS","M","?","M","?","$","E","R","?","T","R","E","M","E","M","R","BOSS","M","M","$","?","$","R","E","R","T","?","R","E","?","?","R","BOSS"],"items_purchased_type":["Card","Card","Relic","Potion","Card","Relic"],"build_version":"2020-12-22","purchased_purges":1,"victory":true,"max_hp_per_floor":[70,70,70,70,70,70,70,70,70,70,70,70,70,70,70,70,70,70,70,70,70,70,70,70,70,70,70,70,70,70,70,70,70,70,70,70,70,70,70,70,70,70,70,70,70,70,70,66,66,66],"relic_stats":{"Gremlin Horn":[7,7],"counters":[23,133],"Blue Candle":[0],"Eternal Feather":21,"PreservedInsect":321,"War Paint":["Backflip","Defend_G"],"Boot":[255],"Dream Catcher":2,"Ornamental Fan":[28],"Kunai":[39],"obtain_stats":[{"NeowsBlessing":0,"Gremlin Horn":28,"Blue Candle":41,"Eternal Feather":46,"PreservedInsect":22,"Paper Crane":11,"War Paint":44,"Boot":6,"CaptainsWheel":23,"Dream Catcher":25,"HornCleat":13,"Matryoshka":26,"Ornamental Fan":44,"Philosopher\u0027s Stone":34,"Red Mask":47,"Kunai":9,"Toxic Egg 2":37,"Ring of the Serpent":17,"InkBottle":30,"Toy Ornithopter":43,"Ring of the Snake":0,"Meat on the Bone":43},{"NeowsBlessing":0,"Gremlin Horn":14,"Blue Candle":21,"Eternal Feather":22,"PreservedInsect":12,"Paper Crane":5,"War Paint":21,"Boot":3,"CaptainsWheel":13,"Dream Catcher":13,"HornCleat":7,"Matryoshka":13,"Ornamental Fan":21,"Philosopher\u0027s Stone":18,"Red Mask":22,"Kunai":4,"Toxic Egg 2":20,"Ring of the Serpent":8,"InkBottle":16,"Toy Ornithopter":21,"Ring of the Snake":0,"Meat on the Bone":21},{"NeowsBlessing":0,"Gremlin Horn":64,"Blue Candle":107,"Eternal Feather":117,"PreservedInsect":52,"Paper Crane":11,"War Paint":107,"Boot":3,"CaptainsWheel":57,"Dream Catcher":57,"HornCleat":20,"Matryoshka":57,"Ornamental Fan":107,"Philosopher\u0027s Stone":91,"Red Mask":117,"Kunai":5,"Toxic Egg 2":101,"Ring of the Serpent":30,"InkBottle":74,"Toy Ornithopter":107,"Ring of the Snake":0,"Meat on the Bone":107}],"InkBottle":[23],"Toy Ornithopter":3,"Meat on the Bone":12},"card_choices":[{"not_picked":["Well Laid Plans","Outmaneuver"],"picked":"Quick Slash","floor":1.0},{"not_picked":["Quick Slash","Slice"],"picked":"Leg Sweep","floor":5.0},{"not_picked":["Distraction","Finisher"],"picked":"Deadly Poison","floor":6.0},{"not_picked":["Deadly Poison","Bane"],"picked":"Dagger Throw","floor":8.0},{"not_picked":["Backflip","Corpse Explosion"],"picked":"PiercingWail","floor":11.0},{"not_picked":["Leg Sweep","Setup"],"picked":"Flying Knee","floor":12.0},{"not_picked":["Outmaneuver","Concentrate"],"picked":"Noxious Fumes","floor":13.0},{"not_picked":["A Thousand Cuts","Die Die Die"],"picked":"Doppelganger","floor":16.0},{"not_picked":["Underhanded Strike","Blade Dance"],"picked":"Well Laid Plans","floor":18.0},{"not_picked":["Sucker Punch","Well Laid Plans"],"picked":"Dodge and Roll","floor":19.0},{"not_picked":["Sucker Punch+1","Skewer+1"],"picked":"PiercingWail","floor":20.0},{"not_picked":["Distraction","Flechettes"],"picked":"Heel Hook","floor":21.0},{"not_picked":["Underhanded Strike","Quick Slash","Expertise"],"picked":"SKIP","floor":23.0},{"not_picked":["Flying Knee","Expertise"],"picked":"Outmaneuver+1","floor":27.0},{"not_picked":["Bane","Flying Knee+1"],"picked":"Deadly Poison","floor":28.0},{"not_picked":["Caltrops","Outmaneuver","Infinite Blades"],"picked":"SKIP","floor":29.0},{"not_picked":["Slice","Deadly Poison"],"picked":"Dash+1","floor":30.0},{"not_picked":["Prepared","Reflex"],"picked":"Backflip","floor":31.0},{"not_picked":["A Thousand Cuts","Reflex+1"],"picked":"PiercingWail+1","floor":32.0},{"not_picked":["A Thousand Cuts","Envenom"],"picked":"Phantasmal Killer","floor":33.0},{"not_picked":["Backflip","Dodge and Roll+1","Slice"],"picked":"SKIP","floor":35.0},{"not_picked":["Well Laid Plans","Sucker Punch"],"picked":"Footwork","floor":36.0},{"not_picked":["Predator+1","Slice"],"picked":"Malaise+1","floor":41},{"not_picked":["Malaise+1","Poisoned Stab"],"picked":"Concentrate+1","floor":46}],"player_experience":465355,"relics_obtained":[{"floor":6.0,"key":"Boot"},{"floor":9.0,"key":"Kunai"},{"floor":11.0,"key":"Paper Crane"},{"floor":13.0,"key":"HornCleat"},{"floor":23.0,"key":"CaptainsWheel"},{"floor":26.0,"key":"Matryoshka"},{"floor":28.0,"key":"Gremlin Horn"},{"floor":30.0,"key":"InkBottle"},{"floor":41,"key":"Blue Candle"},{"floor":43,"key":"Toy Ornithopter"},{"floor":43,"key":"Meat on the Bone"},{"floor":44,"key":"War Paint"},{"floor":44,"key":"Ornamental Fan"},{"floor":46,"key":"Eternal Feather"}],"event_choices":[{"damage_healed":0.0,"max_hp_gain":0.0,"max_hp_loss":0.0,"gold_gain":0.0,"event_name":"Accursed Blacksmith","player_choice":"Forge","floor":3.0,"gold_loss":0.0,"damage_taken":0.0,"cards_upgraded":["Quick Slash"]},{"damage_healed":0.0,"max_hp_gain":0.0,"max_hp_loss":0.0,"gold_gain":0.0,"event_name":"Match and Keep!","player_choice":"1 cards matched","floor":14.0,"gold_loss":0.0,"damage_taken":0.0,"cards_obtained":["Tools of the Trade"]},{"damage_healed":0.0,"max_hp_gain":0.0,"max_hp_loss":0.0,"gold_gain":0.0,"event_name":"The Mausoleum","player_choice":"Opened","floor":25.0,"gold_loss":0.0,"damage_taken":0.0,"relics_obtained":["Dream Catcher"]},{"damage_healed":0,"gold_gain":0,"player_choice":"Ignored","damage_taken":0,"max_hp_gain":0,"max_hp_loss":0,"event_name":"Mysterious Sphere","floor":38,"gold_loss":0},{"damage_healed":0,"gold_gain":0,"player_choice":"Paid","damage_taken":0,"relics_obtained":["Red Mask"],"max_hp_gain":0,"max_hp_loss":0,"event_name":"Tomb of Lord Red Mask","floor":47,"gold_loss":80},{"damage_healed":0,"gold_gain":0,"player_choice":"Max HP","damage_taken":0,"max_hp_gain":0,"max_hp_loss":4,"event_name":"Winding Halls","floor":48,"gold_loss":0}],"is_beta":false,"boss_relics":[{"not_picked":["Coffee Dripper","HoveringKite"],"picked":"Ring of the Serpent"},{"not_picked":["Empty Cage","Fusion Hammer"],"picked":"Philosopher\u0027s Stone"}],"items_purged_floors":[22],"is_endless":false,"potions_floor_spawned":[8,12,13,18,19,29,30,31,36,41],"ascension_level":11}}