{"host":"gsscz6k9fq2x5v2h","time":1614380309,"event":{"mods":["100% Spire Juice","AchievementEnabler","Act Like it!","BaseMod","Better Note","Better Skull","Better Synergies","Better Third Choice","Better Vampires","Block Reminder","Bossed Relics","Colored Map","Colored Powertips","Dark Map","Friendly Minions","Minty Spire (QoL Compilation)","Permanent Neow","Quick Restart","Reliquary","Replay The Spire","Retaliation","Ruina","Shop Mod","Spicy Shops","Spikes Relics","StSLib","SuperFastMode","TestMod","??????REMEMod","????"],"gold_per_floor":[113,0,0,0,0,40,53,82,82,82,44,57,57,77,77,203,203,225,225,225],"floor_reached":19,"language":"FRA","playtime":623,"items_purged":[],"score":225,"play_id":"efbe711f-9e01-4f32-989f-4ccf36b1a88d","local_time":"20210226235829","is_ascension_mode":false,"campfire_choices":[{"floor":10,"key":"REST"},{"data":"Chaos","floor":13,"key":"SMITH"},{"data":"Dualcast","floor":15,"key":"SMITH"}],"circlet_count":0,"master_deck":["Strike_B","Strike_B","Strike_B","Defend_B","Defend_B+1","Defend_B+1","Zap+1","Dualcast+1","Vault+1","Conserve Battery+1","Conserve Battery+1","Feed+1","FIFO Queue+1","BootSequence","Chaos+1","Loop+1","Cold Snap+1","Gash+1","REME_ForAll+1","Panic Button+1"],"relics":["Cracked Core","testmod-TestBox","REME_ComplimentaryCards","testmod-Nyarlathotep","Juzu Bracelet","testmod-TheFather","Bag of Preparation","Replay:Mystery Machine","CosmicIsotope"],"acts_visited":["Exordium","Exordium"],"potions_floor_usage":[14,16],"damage_taken":[{"damage":1.0,"enemies":"Cultist","floor":1.0,"turns":3.0},{"damage":0,"enemies":"Replay:BlueRogue","floor":6,"turns":7},{"damage":0,"enemies":"Small Slimes","floor":7,"turns":3},{"damage":0,"enemies":"Gremlin Nob","floor":8,"turns":4},{"damage":1,"enemies":"Jaw Worm","floor":12,"turns":3},{"damage":0,"enemies":"Exordium Wildlife","floor":14,"turns":3},{"damage":24,"enemies":"Slime Boss","floor":16,"turns":9},{"damage":16,"enemies":"ruina:BadWolf","floor":18,"turns":5}],"seed_played":"-7287881909737165125","potions_obtained":[{"floor":1.0,"key":"Block Potion"},{"floor":6,"key":"Strength Potion"},{"floor":14,"key":"AttackPotion"},{"floor":16,"key":"Weak Potion"}],"is_trial":false,"path_per_floor":["M","$","?","?","?","E","M","E","T","R","$","M","R","M","R","B",null,"M","?"],"character_chosen":"DEFECT","items_purchased":["Juzu Bracelet","Conserve Battery","Loop"],"campfire_rested":1,"item_purchase_floors":[2,2,11],"current_hp_per_floor":[53,53,38,38,29,29,33,37,37,61,61,60,60,60,60,40,87,71,0,0],"gold":225,"neow_bonus":"REMOVE_TWO","is_daily":false,"chose_seed":false,"campfire_upgraded":2,"win_rate":0.0,"timestamp":1614380309,"path_taken":["M","?","?","?","?","E","M","E","T","R","$","M","R","M","R","BOSS","M","?"],"items_purchased_type":["Relic","Card","Card"],"build_version":"2020-12-22","purchased_purges":0,"victory":false,"max_hp_per_floor":[75,75,75,75,75,75,79,83,83,83,83,83,83,83,83,87,87,87,87,87],"card_choices":[{"not_picked":["Compile Driver","Streamline"],"picked":"Conserve Battery","floor":1.0},{"not_picked":["Redo","Fusion"],"picked":"FIFO Queue","floor":6},{"not_picked":["Beam Cell","Go for the Eyes"],"picked":"BootSequence","floor":7},{"not_picked":["Compile Driver","Redo"],"picked":"Chaos","floor":8},{"not_picked":["Redo","Stack"],"picked":"Cold Snap","floor":12},{"not_picked":["Ball Lightning","Hologram"],"picked":"Gash","floor":14},{"not_picked":["Mirror Shield","Hyperbeam"],"picked":"REME_ForAll","floor":16},{"not_picked":["Fusion","Steam"],"picked":"Panic Button","floor":18}],"player_experience":1573239,"relics_obtained":[{"floor":6,"key":"Bag of Preparation"},{"floor":8,"key":"Replay:Mystery Machine"}],"event_choices":[{"damage_healed":53,"gold_gain":0,"player_choice":"Upgrade","damage_taken":15,"max_hp_gain":0,"max_hp_loss":75,"event_name":"betterThird:BetterShining","floor":3,"gold_loss":0,"cards_upgraded":["Defend_B","Defend_B"]},{"cards_removed":["Clumsy"],"damage_healed":0,"gold_gain":0,"player_choice":"Forget","damage_taken":0,"max_hp_gain":0,"max_hp_loss":0,"event_name":"Living Wall","floor":4,"gold_loss":0}],"is_beta":false,"boss_relics":[{"not_picked":["testmod-NegativeEmotionEnhancer","Calling Bell"],"picked":"CosmicIsotope"}],"items_purged_floors":[],"is_endless":false,"potions_floor_spawned":[1,6,14,16],"ascension_level":0}}