{"host":"1m3dfme8k5w8sg4k","time":1614383783,"event":{"mods":["AchievementEnabler","BaseMod","Colored Map","Colored Powertips","Minty Spire (QoL Compilation)","Random Character Button","Random Character Mod","Relic Stats","StSLib","everything is the same but u backflip on backflip"],"gold_per_floor":[109,119,119,133,133,133,162,182,182,202,232,232,245,270,270,373,373,391,391,401,326,343,343,361,395,395,93,93,126,138,172,172,277,277,293,303,320,335,335,370,370,386,386,403,415,446,465,515,515,515,515,515,94,124,124],"floor_reached":56,"language":"ENG","playtime":3020,"items_purged":["Pain","Cold Snap"],"score":1408,"play_id":"f3410a7f-2882-42fc-bc39-62dcc6103e0b","local_time":"20210226185623","daily_mods":["SealedDeck"],"is_ascension_mode":false,"campfire_choices":[{"data":"Consume","floor":6.0,"key":"SMITH"},{"data":"Glacier","floor":15.0,"key":"SMITH"},{"data":"Defragment","floor":23.0,"key":"SMITH"},{"data":"Sunder","floor":28.0,"key":"SMITH"},{"data":"Rainbow","floor":32,"key":"SMITH"},{"floor":41,"key":"RECALL"},{"data":"Amplify","floor":49,"key":"SMITH"},{"data":"Storm","floor":52,"key":"SMITH"}],"circlet_count":0,"master_deck":["Hologram","Auto Shields","Barrage+1","Conserve Battery","Consume+1","Capacitor+1","Ball Lightning+1","Capacitor","Glacier+1","Coolheaded","Rainbow+1","Self Repair","Heatsinks","Storm+1","Meteor Strike","Defragment+1","Doom and Gloom","Glacier","Sunder+1","Reinforced Body","Defragment","Loop","Loop+1","Defragment+1","Amplify+1","Tempest","Defragment"],"relics":["Cracked Core","Nunchaku","Whetstone","StrikeDummy","Snecko Eye","WarpedTongs","DataDisk","Ornamental Fan","Bag of Preparation","Mummified Hand","Letter Opener","SlaversCollar","MealTicket","HornCleat","Centennial Puzzle","Torii","Cables","Symbiotic Virus"],"acts_visited":["Exordium","TheCity","TheBeyond","TheEnding"],"potions_floor_usage":[55,55,55],"damage_taken":[{"damage":0.0,"enemies":"Small Slimes","floor":1.0,"turns":3.0},{"damage":2.0,"enemies":"2 Louse","floor":2.0,"turns":2.0},{"damage":0.0,"enemies":"Cultist","floor":4.0,"turns":3.0},{"damage":2.0,"enemies":"3 Sentries","floor":7.0,"turns":7.0},{"damage":8.0,"enemies":"Blue Slaver","floor":8.0,"turns":4.0},{"damage":2.0,"enemies":"Red Slaver","floor":10.0,"turns":3.0},{"damage":16.0,"enemies":"Gremlin Nob","floor":11.0,"turns":5.0},{"damage":7.0,"enemies":"3 Louse","floor":13.0,"turns":4.0},{"damage":15.0,"enemies":"Slime Boss","floor":16.0,"turns":7.0},{"damage":0.0,"enemies":"Shell Parasite","floor":18.0,"turns":1.0},{"damage":8.0,"enemies":"Chosen","floor":20.0,"turns":2.0},{"damage":0.0,"enemies":"Centurion and Healer","floor":22.0,"turns":3.0},{"damage":11.0,"enemies":"Snake Plant","floor":24.0,"turns":2.0},{"damage":16.0,"enemies":"Slavers","floor":25.0,"turns":3.0},{"damage":0.0,"enemies":"Gremlin Leader","floor":29.0,"turns":4.0},{"damage":0,"enemies":"Shelled Parasite and Fungi","floor":30,"turns":1},{"damage":0,"enemies":"Slavers","floor":31,"turns":2},{"damage":3,"enemies":"Automaton","floor":33,"turns":7},{"damage":0,"enemies":"3 Shapes","floor":35,"turns":2},{"damage":0,"enemies":"3 Darklings","floor":36,"turns":3},{"damage":0,"enemies":"Spire Growth","floor":37,"turns":2},{"damage":0,"enemies":"Jaw Worm Horde","floor":38,"turns":2},{"damage":0,"enemies":"Reptomancer","floor":40,"turns":3},{"damage":4,"enemies":"Writhing Mass","floor":42,"turns":4},{"damage":0,"enemies":"3 Darklings","floor":44,"turns":3},{"damage":0,"enemies":"Transient","floor":45,"turns":5},{"damage":0,"enemies":"Giant Head","floor":46,"turns":6},{"damage":0,"enemies":"Writhing Mass","floor":47,"turns":3},{"damage":0,"enemies":"Mind Bloom Boss Battle","floor":48,"turns":2},{"damage":6,"enemies":"Time Eater","floor":50,"turns":4},{"damage":0,"enemies":"Shield and Spear","floor":54,"turns":3},{"damage":15,"enemies":"The Heart","floor":55,"turns":4}],"seed_played":"-5689002625562856608","potions_obtained":[{"floor":1.0,"key":"ColorlessPotion"},{"floor":7.0,"key":"PotionOfCapacity"},{"floor":10.0,"key":"Strength Potion"},{"floor":11.0,"key":"LiquidMemories"},{"floor":25.0,"key":"FairyPotion"},{"floor":29.0,"key":"FocusPotion"},{"floor":42,"key":"DuplicationPotion"},{"floor":48,"key":"FocusPotion"}],"is_trial":true,"path_per_floor":["M","M","?","M","?","R","E","M","T","M","E","?","M","T","R","B",null,"M","?","M","$","M","R","M","E","T","$","R","E","M","E","R","B",null,"M","M","M","M","?","E","R","M","T","M","M","E","M","?","R","B",null,"R","$","E","B",null],"character_chosen":"DEFECT","items_purchased":["Bag of Preparation","Glacier","Sunder","Cables","Defragment"],"campfire_rested":0,"item_purchase_floors":[27,27,27,53,53],"current_hp_per_floor":[75,73,73,73,78,78,76,68,68,73,64,64,64,64,64,56,80,80,80,80,80,80,80,69,63,63,63,63,73,80,80,80,80,80,80,80,80,80,90,90,90,90,90,90,90,90,90,90,90,84,90,90,90,90,85],"gold":124,"neow_bonus":"","is_daily":false,"chose_seed":false,"campfire_upgraded":7,"win_rate":0.0,"timestamp":1614383783,"path_taken":["M","M","?","M","?","R","E","M","T","M","E","?","M","?","R","BOSS","M","?","M","$","M","R","M","E","T","$","R","E","M","E","R","BOSS","M","?","M","M","?","E","R","M","T","?","M","E","M","?","R","BOSS","R","$","E","BOSS"],"items_purchased_type":["Relic","Card","Card","Relic","Card"],"build_version":"2020-12-22","purchased_purges":2,"victory":true,"max_hp_per_floor":[75,75,75,75,80,80,80,80,80,80,80,80,80,80,80,80,80,80,80,80,80,80,80,80,80,80,80,80,80,80,80,80,80,80,80,80,80,80,90,90,90,90,90,90,90,90,90,90,90,90,90,90,90,90,90],"relic_stats":{"Torii":0,"counters":[32,108],"Bag of Preparation":[36],"Whetstone":["Barrage","Ball Lightning"],"Letter Opener":[198],"WarpedTongs":[69],"Cables":[5,2,2,0,1],"Nunchaku":[15],"Centennial Puzzle":[5],"Ornamental Fan":[72],"Mummified Hand":[255],"Snecko Eye":[139,142,155,142],"MealTicket":0,"obtain_stats":[{"Torii":48,"Bag of Preparation":27,"Whetstone":9,"Letter Opener":31,"WarpedTongs":19,"Cables":53,"SlaversCollar":34,"Nunchaku":7,"DataDisk":25,"Centennial Puzzle":46,"HornCleat":43,"Ornamental Fan":26,"Mummified Hand":29,"Snecko Eye":17,"MealTicket":40,"Cracked Core":0,"StrikeDummy":11,"Symbiotic Virus":54},{"Torii":29,"Bag of Preparation":14,"Whetstone":5,"Letter Opener":17,"WarpedTongs":10,"Cables":30,"SlaversCollar":18,"Nunchaku":4,"DataDisk":14,"Centennial Puzzle":27,"HornCleat":24,"Ornamental Fan":14,"Mummified Hand":15,"Snecko Eye":9,"MealTicket":23,"Cracked Core":0,"StrikeDummy":7,"Symbiotic Virus":31},{"Torii":98,"Bag of Preparation":49,"Whetstone":19,"Letter Opener":56,"WarpedTongs":39,"Cables":102,"SlaversCollar":63,"Nunchaku":15,"DataDisk":49,"Centennial Puzzle":93,"HornCleat":79,"Ornamental Fan":49,"Mummified Hand":53,"Snecko Eye":38,"MealTicket":75,"Cracked Core":0,"StrikeDummy":27,"Symbiotic Virus":105}]},"card_choices":[{"not_picked":["Scrape","Redo","Gash"],"picked":"SKIP","floor":1.0},{"not_picked":["Scrape","Leap","Melter"],"picked":"SKIP","floor":2.0},{"not_picked":["Conserve Battery","Leap"],"picked":"Coolheaded","floor":4.0},{"not_picked":["Gash","Capacitor"],"picked":"Rainbow","floor":7.0},{"not_picked":["Coolheaded","Heatsinks"],"picked":"Self Repair","floor":8.0},{"not_picked":["Cold Snap","Stack"],"picked":"Heatsinks","floor":10.0},{"not_picked":["Steam","Steam Power","Gash"],"picked":"SKIP","floor":11.0},{"not_picked":["Redo","Double Energy"],"picked":"Storm","floor":13.0},{"not_picked":["Core Surge","Thunder Strike"],"picked":"Meteor Strike","floor":16.0},{"not_picked":["Beam Cell+1","Reprogram","Ball Lightning+1"],"picked":"SKIP","floor":18.0},{"not_picked":["Cold Snap","Barrage"],"picked":"Defragment","floor":20.0},{"not_picked":["Self Repair","Sweeping Beam","Cold Snap"],"picked":"SKIP","floor":22.0},{"not_picked":["Gash","Compile Driver+1","Capacitor"],"picked":"SKIP","floor":24.0},{"not_picked":["Lockon+1","Undo"],"picked":"Doom and Gloom","floor":25.0},{"not_picked":["Leap","Rebound","Hello World"],"picked":"SKIP","floor":29.0},{"not_picked":["Stack","Hologram","Leap+1"],"picked":"SKIP","floor":30},{"not_picked":["Darkness+1","Steam Power"],"picked":"Reinforced Body","floor":31},{"not_picked":["Hyperbeam","Buffer"],"picked":"Creative AI","floor":33},{"not_picked":["Gash","Recycle+1","Steam+1"],"picked":"SKIP","floor":35},{"not_picked":["Rebound+1","Steam Power+1","Redo"],"picked":"SKIP","floor":36},{"not_picked":["Ball Lightning","Stack+1"],"picked":"Defragment","floor":37},{"not_picked":["FTL","Streamline+1","Ball Lightning"],"picked":"SKIP","floor":38},{"not_picked":["Go for the Eyes","Glacier"],"picked":"Loop","floor":40},{"not_picked":["Stack","Conserve Battery"],"picked":"Loop+1","floor":42},{"not_picked":["Conserve Battery+1","Leap+1"],"picked":"Defragment+1","floor":44},{"not_picked":["Lockon","Machine Learning","Rebound"],"picked":"SKIP","floor":45},{"not_picked":["Compile Driver+1","Hologram+1"],"picked":"Amplify","floor":46},{"not_picked":["Barrage+1","Go for the Eyes+1","Tempest"],"picked":"SKIP","floor":47},{"not_picked":["Barrage+1","Go for the Eyes+1"],"picked":"Tempest","floor":47},{"not_picked":["Scrape+1","Go for the Eyes+1","Streamline+1"],"picked":"SKIP","floor":54}],"player_experience":1635192,"relics_obtained":[{"floor":7.0,"key":"Nunchaku"},{"floor":9.0,"key":"Whetstone"},{"floor":11.0,"key":"StrikeDummy"},{"floor":25.0,"key":"DataDisk"},{"floor":26.0,"key":"Ornamental Fan"},{"floor":29.0,"key":"Mummified Hand"},{"floor":31,"key":"Letter Opener"},{"floor":40,"key":"MealTicket"},{"floor":43,"key":"HornCleat"},{"floor":46,"key":"Centennial Puzzle"},{"floor":48,"key":"Torii"},{"floor":54,"key":"Symbiotic Virus"}],"event_choices":[{"damage_healed":0.0,"max_hp_gain":0.0,"max_hp_loss":0.0,"gold_gain":0.0,"event_name":"Golden Wing","player_choice":"Ignored","floor":3.0,"gold_loss":0.0,"damage_taken":0.0},{"damage_healed":0.0,"max_hp_gain":5.0,"max_hp_loss":0.0,"gold_gain":0.0,"event_name":"Big Fish","player_choice":"Donut","floor":5.0,"gold_loss":0.0,"damage_taken":0.0},{"damage_healed":0.0,"max_hp_gain":0.0,"max_hp_loss":0.0,"gold_gain":0.0,"event_name":"Living Wall","player_choice":"Grow","floor":12.0,"gold_loss":0.0,"damage_taken":0.0,"cards_upgraded":["Capacitor"]},{"damage_healed":0.0,"max_hp_gain":0.0,"max_hp_loss":0.0,"gold_gain":0.0,"event_name":"Accursed Blacksmith","player_choice":"Rummage","floor":19.0,"gold_loss":0.0,"damage_taken":0.0,"relics_obtained":["WarpedTongs"],"cards_obtained":["Pain"]},{"cards_removed":["Creative AI"],"damage_healed":0,"gold_gain":0,"player_choice":"Offered Rare","damage_taken":0,"max_hp_gain":10,"max_hp_loss":0,"event_name":"Bonfire Elementals","floor":39,"gold_loss":0},{"damage_healed":0,"gold_gain":0,"player_choice":"Fight","damage_taken":0,"max_hp_gain":0,"max_hp_loss":0,"event_name":"MindBloom","floor":48,"gold_loss":0}],"is_beta":false,"boss_relics":[{"not_picked":["Calling Bell","Cursed Key"],"picked":"Snecko Eye"},{"not_picked":["Black Star","FrozenCore"],"picked":"SlaversCollar"}],"items_purged_floors":[21,53],"is_endless":false,"potions_floor_spawned":[1,7,10,11,16,25,29,30,40,42,44,47,48,54],"ascension_level":0}}