{"host":"Luke","time":1614342867,"event":{"mods":["BaseMod","Better Third Choice","Colored Map","Downfall","Hermit","Minty Spire (QoL Compilation)","Shade Mod","StSLib","The Exalted","The Hierophant","TheFirefly","TheHero","Unceasing Turn Reminder"],"gold_per_floor":[119,119,132,99,113,129,129,148,148,148,178,178,178,193,193,289,289,261,211,227,227,38,70,70,70,93,121,138,138,42,54,54,153,153,165,177,177,191,201,201,230,94,94,0,11,11,31,31,31,31,31,31,31,59,59],"floor_reached":56,"language":"ENG","playtime":3806,"items_purged":[],"score":1296,"play_id":"a471a4e5-64c8-4565-9eef-df3599544753","local_time":"20210226123427","is_ascension_mode":false,"campfire_choices":[{"data":"animeID:TetsuTetsu","floor":7,"key":"SMITH"},{"data":"animeID:RedRiot","floor":12,"key":"SMITH"},{"floor":15,"key":"REST"},{"floor":24,"key":"RECALL"},{"floor":32,"key":"REST"},{"floor":40,"key":"REST"},{"floor":49,"key":"REST"},{"floor":52,"key":"REST"}],"circlet_count":0,"master_deck":["animeID:Deku","animeID:Bakugo","animeID:Smash","animeID:Smash","animeID:Smash","animeID:Smash","animeID:DefendMH","animeID:DefendMH","animeID:DefendMH","animeID:Crystallize","animeID:TetsuTetsu+1","animeID:RecoveryGirl","animeID:Bakugo","animeID:DetroitDelaware","animeID:RedRiot+1","animeID:EraserHead","Wallop","animeID:ShootStyle","animeID:Shigaraki","animeID:Kirishima+1","animeID:FullCowl","animeID:FullCowl","animeID:Hatsume+1","animeID:NightEye","animeID:ToruHagakure","animeID:PlusUltra","animeID:Kaminari+1","animeID:TodorokiShoto","animeID:Kirishima+1","animeID:Crystallize+1","animeID:USA_Smash"],"relics":["animeID:HeroCostume","NeowsBlessing","GremlinMask","White Beast Statue","Bromod:ArcaneVictory","Omamori","Eternal Feather","Fusion Hammer","Potion Belt","Bag of Preparation","Mango","SlaversCollar","Oddly Smooth Stone","Bromod:ArcaneTempo","Red Mask","Art of War"],"acts_visited":["Exordium","TheCity","TheBeyond","TheEnding"],"potions_floor_usage":[6,8,18,20,23,25,27,28,31,31,36,36,37,38,39,45,47,50,55,55],"damage_taken":[{"damage":0,"enemies":"Jaw Worm","floor":1,"turns":1},{"damage":0,"enemies":"Cultist","floor":3,"turns":1},{"damage":0,"enemies":"2 Louse","floor":5,"turns":1},{"damage":0,"enemies":"Looter","floor":6,"turns":4},{"damage":6,"enemies":"Lots of Slimes","floor":8,"turns":3},{"damage":17,"enemies":"3 Sentries","floor":11,"turns":11},{"damage":13,"enemies":"3 Louse","floor":14,"turns":3},{"damage":3,"enemies":"Slime Boss","floor":16,"turns":19},{"damage":0,"enemies":"2 Thieves","floor":18,"turns":5},{"damage":0,"enemies":"Spheric Guardian","floor":20,"turns":6},{"damage":22,"enemies":"Book of Stabbing","floor":23,"turns":6},{"damage":0,"enemies":"Snake Plant","floor":25,"turns":1},{"damage":55,"enemies":"Slavers","floor":27,"turns":8},{"damage":0,"enemies":"Centurion and Healer","floor":28,"turns":5},{"damage":0,"enemies":"Cultist and Chosen","floor":31,"turns":5},{"damage":69,"enemies":"Automaton","floor":33,"turns":15},{"damage":0,"enemies":"3 Shapes","floor":35,"turns":7},{"damage":14,"enemies":"Orb Walker","floor":36,"turns":3},{"damage":0,"enemies":"3 Darklings","floor":37,"turns":1},{"damage":13,"enemies":"Jaw Worm Horde","floor":38,"turns":5},{"damage":0,"enemies":"Transient","floor":39,"turns":5},{"damage":0,"enemies":"Giant Head","floor":41,"turns":7},{"damage":0,"enemies":"Spire Growth","floor":45,"turns":6},{"damage":14,"enemies":"3 Darklings","floor":47,"turns":5},{"damage":0,"enemies":"Time Eater","floor":50,"turns":7},{"damage":47,"enemies":"Shield and Spear","floor":54,"turns":5},{"damage":78,"enemies":"The Heart","floor":55,"turns":12}],"seed_played":"-1198194169696218242","potions_obtained":[{"floor":5,"key":"AttackPotion"},{"floor":6,"key":"PowerPotion"},{"floor":11,"key":"SmokeBomb"},{"floor":14,"key":"SmokeBomb"},{"floor":16,"key":"sneckomod:MuddlingPotion"},{"floor":18,"key":"Weak Potion"},{"floor":20,"key":"hexamod:SoulburnPotion"},{"floor":23,"key":"Energy Potion"},{"floor":27,"key":"AttackPotion"},{"floor":28,"key":"AttackPotion"},{"floor":31,"key":"champ:CounterPotion"},{"floor":33,"key":"GamblersBrew"},{"floor":35,"key":"GamblersBrew"},{"floor":36,"key":"Block Potion"},{"floor":38,"key":"DistilledChaos"},{"floor":39,"key":"FairyPotion"},{"floor":41,"key":"sneckomod:MuddlingPotion"},{"floor":45,"key":"AttackPotion"},{"floor":47,"key":"GamblersBrew"},{"floor":54,"key":"BlessingOfTheForge"}],"is_trial":false,"path_per_floor":["M","?","M","$","M","M","R","M","T","T","E","R","?","M","R","B",null,"M","?","M","?","$","E","R","M","T","E","M","?","$","M","R","B",null,"M","M","M","M","M","R","E","$","T","?","M","?","M","$","R","B",null,"R","$","E","B",null],"character_chosen":"THE_HERO","items_purchased":["animeID:RecoveryGirl","animeID:FullCowl","Potion Belt","Fruit Juice","animeID:USA_Smash"],"campfire_rested":5,"item_purchase_floors":[4,22,22,30,42],"current_hp_per_floor":[75,75,75,75,75,75,75,73,73,73,69,69,42,36,67,75,75,75,75,75,61,61,48,60,60,60,32,40,40,40,55,99,47,99,99,86,86,84,95,99,99,99,99,99,99,99,99,99,99,99,99,99,99,62,30],"gold":59,"neow_bonus":"THREE_ENEMY_KILL","is_daily":false,"chose_seed":false,"campfire_upgraded":2,"win_rate":0.0,"timestamp":1614342867,"path_taken":["M","?","?","?","M","?","R","M","T","?","E","R","?","M","R","BOSS","M","?","?","?","$","E","R","M","T","E","M","?","$","?","R","BOSS","M","?","?","M","M","R","E","$","T","?","M","?","?","?","R","BOSS","R","$","E","BOSS"],"items_purchased_type":["Card","Card","Relic","Potion","Card"],"build_version":"2020-12-18","purchased_purges":0,"victory":true,"max_hp_per_floor":[75,75,75,75,75,75,75,75,75,75,75,75,75,75,75,75,75,75,75,75,80,80,80,80,80,80,94,94,94,94,99,99,99,99,99,99,99,99,99,99,99,99,99,99,99,99,99,99,99,99,99,99,99,99,99],"card_choices":[{"not_picked":["animeID:Ojiro","animeID:Kurono"],"picked":"animeID:Crystallize","floor":1},{"not_picked":["animeID:GentleCriminal","animeID:Bakugo"],"picked":"animeID:TetsuTetsu","floor":3},{"not_picked":["animeID:Mezo","animeID:Tengai"],"picked":"animeID:Bakugo","floor":5},{"not_picked":["animeID:Mina","animeID:Mezo"],"picked":"animeID:DetroitDelaware","floor":6},{"not_picked":["animeID:Tsuyu","animeID:Uraraka"],"picked":"animeID:RedRiot","floor":8},{"not_picked":["animeID:Iida","animeID:ToruHagakure"],"picked":"animeID:EraserHead","floor":11},{"not_picked":["animeID:Momo","animeID:Ojiro"],"picked":"animeID:ShootStyle","floor":14},{"not_picked":["animeID:PresentMic","animeID:Eri"],"picked":"animeID:Shigaraki","floor":16},{"not_picked":["animeID:Tsuyu","animeID:RecoveryGirl"],"picked":"animeID:Kirishima+1","floor":18},{"not_picked":["animeID:Iida","animeID:Momo"],"picked":"animeID:FullCowl","floor":20},{"not_picked":["animeID:EraserHead+1","animeID:GentleCriminal"],"picked":"animeID:Hatsume+1","floor":23},{"not_picked":["animeID:Kirishima","animeID:TetsuTetsu"],"picked":"animeID:NightEye","floor":27},{"not_picked":["animeID:Nomu","animeID:DelawareSmash","animeID:Ojiro"],"picked":"SKIP","floor":28},{"not_picked":["animeID:HowitzerImpact+1","animeID:ShootStyle"],"picked":"animeID:ToruHagakure","floor":31},{"not_picked":["animeID:Shigaraki","animeID:AllMight"],"picked":"animeID:PlusUltra","floor":33},{"not_picked":["animeID:ShootStyle+1","animeID:Bakugo+1"],"picked":"animeID:Kaminari+1","floor":35},{"not_picked":["animeID:Mina+1","animeID:FullCowl+1"],"picked":"animeID:TodorokiShoto","floor":36},{"not_picked":["animeID:ShootStyle","animeID:Rappa+1","animeID:Ojiro"],"picked":"SKIP","floor":38},{"not_picked":["animeID:Bakugo","animeID:Iida"],"picked":"animeID:Kirishima+1","floor":39},{"not_picked":["animeID:Iida","animeID:Aoyama+1"],"picked":"animeID:Crystallize+1","floor":41},{"not_picked":["animeID:Bakugo+1","animeID:Aoyama+1","animeID:Ojiro"],"picked":"SKIP","floor":45},{"not_picked":["animeID:Bakugo","animeID:DetroitDelaware+1","animeID:Ojiro+1"],"picked":"SKIP","floor":47},{"not_picked":["animeID:Thirteen","animeID:Tsuyu+1","animeID:Momo+1"],"picked":"SKIP","floor":54}],"player_experience":787291,"relics_obtained":[{"floor":9,"key":"White Beast Statue"},{"floor":10,"key":"Bromod:ArcaneVictory"},{"floor":11,"key":"Omamori"},{"floor":23,"key":"Bag of Preparation"},{"floor":27,"key":"Mango"},{"floor":41,"key":"Oddly Smooth Stone"},{"floor":43,"key":"Bromod:ArcaneTempo"},{"floor":54,"key":"Art of War"}],"event_choices":[{"damage_healed":0,"gold_gain":0,"player_choice":"Trade","damage_taken":0,"relics_obtained":["GremlinMask"],"max_hp_gain":0,"max_hp_loss":0,"event_name":"FaceTrader","floor":2,"gold_loss":0},{"damage_healed":0,"gold_gain":0,"player_choice":"Bet on Murderer","damage_taken":0,"max_hp_gain":0,"max_hp_loss":0,"event_name":"The Joust","floor":19,"gold_loss":50},{"damage_healed":0,"gold_gain":0,"player_choice":"Shed Blood","damage_taken":19,"max_hp_gain":5,"max_hp_loss":0,"event_name":"Forgotten Altar","floor":21,"gold_loss":0},{"cards_removed":["animeID:DefendMH"],"damage_healed":0,"gold_gain":0,"player_choice":"Purged","damage_taken":0,"max_hp_gain":0,"max_hp_loss":0,"event_name":"Purifier","floor":29,"gold_loss":0},{"damage_healed":0,"gold_gain":0,"player_choice":"Paid","damage_taken":0,"relics_obtained":["Red Mask"],"max_hp_gain":0,"max_hp_loss":0,"event_name":"Tomb of Lord Red Mask","floor":44,"gold_loss":94},{"damage_healed":0,"gold_gain":0,"player_choice":"Ignored","damage_taken":0,"max_hp_gain":0,"max_hp_loss":0,"event_name":"Purifier","floor":46,"gold_loss":0}],"is_beta":true,"boss_relics":[{"not_picked":["Ectoplasm","Empty Cage"],"picked":"Fusion Hammer"},{"not_picked":["Pandora\u0027s Box","Cursed Key"],"picked":"SlaversCollar"}],"items_purged_floors":[],"is_endless":false,"potions_floor_spawned":[5,6,11,14,16,18,20,23,25,27,28,31,33,35,36,37,38,39,41,45,47,54],"ascension_level":0}}