{"host":"xdbac5uiks898er5","time":1614346269,"event":{"mods":["2.2 Compatiblity","BaseMod","Become a monster ???","Lobotomy","LobotomyExtend","Minty Spire (QoL Compilation)","Spire Arcade","StSLib","SuperFastMode","Unknown Chances"],"gold_per_floor":[113,113,113,44,44,44,55,55,55,88,103,117,80,114,114,219,219,219,67,67,86,97,124,124,150,223,223,72,103,117,117,117,174,174,189,189,189],"floor_reached":36,"language":"ENG","playtime":853,"items_purged":[],"score":426,"play_id":"ede678a9-4fe0-4de6-aea3-d45a078c03a7","local_time":"20210226143109","is_ascension_mode":false,"campfire_choices":[{"data":"Rupture","floor":6,"key":"SMITH"},{"data":"Rupture","floor":8,"key":"SMITH"},{"floor":15,"key":"REST"},{"floor":27,"key":"REST"},{"data":"Offering","floor":32,"key":"SMITH"}],"circlet_count":0,"master_deck":["Strike_R","Strike_R","Strike_R","Strike_R","Defend_R","Defend_R","Defend_R","Defend_R","Bash","CrumblingArmor","Rupture+1","Rupture+1","Heavy Blade+1","Sword Boomerang+1","Pummel+1","Combust","DreamingCurrent","Offering+1","Freischutz","Sword Boomerang+1","Berserk","HappyTeddy"],"relics":["Burning Blood","CogitoBucket","LetterFromLob","Mummified Hand","Molten Egg 2","Ice Cream","White Beast Statue","Sozu","Bag of Marbles","Happy Flower","Boot","PreservedInsect","Darkstone Periapt","Sling","Champion Belt","Ancient Tea Set","Philosopher\u0027s Stone"],"acts_visited":["Exordium","TheCity","TheBeyond"],"potions_floor_usage":[14],"damage_taken":[{"damage":13,"enemies":"Small Slimes","floor":1,"turns":4},{"damage":19,"enemies":"Jaw Worm","floor":7,"turns":5},{"damage":42,"enemies":"Gremlin Nob","floor":10,"turns":5},{"damage":0,"enemies":"Cultist","floor":11,"turns":2},{"damage":26,"enemies":"Lots of Slimes","floor":12,"turns":7},{"damage":18,"enemies":"3 Sentries","floor":14,"turns":6},{"damage":33,"enemies":"Slime Boss","floor":16,"turns":6},{"damage":27,"enemies":"2 Thieves","floor":21,"turns":2},{"damage":36,"enemies":"3 Byrds","floor":22,"turns":5},{"damage":35,"enemies":"Gremlin Leader","floor":23,"turns":4},{"damage":47,"enemies":"Slavers","floor":25,"turns":3},{"damage":13,"enemies":"Book of Stabbing","floor":29,"turns":2},{"damage":26,"enemies":"Shelled Parasite and Fungi","floor":30,"turns":3},{"damage":44,"enemies":"Automaton","floor":33,"turns":5},{"damage":45,"enemies":"Orb Walker","floor":35,"turns":4},{"damage":76,"enemies":"3 Darklings","floor":36,"turns":3}],"seed_played":"-6677350780728115026","potions_obtained":[{"floor":1,"key":"FairyPotion"},{"floor":10,"key":"SteroidPotion"},{"floor":12,"key":"PowerPotion"},{"floor":16,"key":"Energy Potion"}],"is_trial":false,"path_per_floor":["M","?","?","$","T","R","M","R","T","E","M","M","$","E","R","B",null,"M","$","T","M","M","E","$","E","T","R","$","E","M","?","R","B",null,"M","M"],"character_chosen":"IRONCLAD","items_purchased":["Rupture","Combust","Bag of Marbles","Sling"],"campfire_rested":2,"item_purchase_floors":[4,13,19,28],"current_hp_per_floor":[73,66,66,66,66,66,53,53,53,17,23,27,27,15,39,12,80,80,80,80,65,59,48,48,25,25,49,49,49,48,48,48,40,80,53,0,0],"gold":189,"neow_bonus":"","is_daily":false,"chose_seed":false,"campfire_upgraded":3,"win_rate":0.0,"timestamp":1614346269,"path_taken":["M","?","?","$","?","R","M","R","T","E","M","?","$","E","R","BOSS","M","$","?","M","M","E","$","E","T","R","?","E","M","?","R","BOSS","M","?"],"items_purchased_type":["Card","Card","Relic","Relic"],"build_version":"2020-12-22","purchased_purges":0,"victory":false,"max_hp_per_floor":[80,80,80,80,80,80,80,80,80,80,80,80,80,80,80,80,80,80,80,80,80,80,80,80,80,80,80,80,80,80,80,80,80,80,80,80,80],"card_choices":[{"not_picked":["WallGazer","SpiderBud"],"picked":"CrumblingArmor","floor":1},{"not_picked":["Clothesline","Thunderclap","Shrug It Off"],"picked":"SKIP","floor":1},{"not_picked":["Clothesline","Cleave"],"picked":"Rupture","floor":7},{"not_picked":["Bludgeon+1","Armaments"],"picked":"Heavy Blade+1","floor":10},{"not_picked":["Seeing Red","Blood for Blood+1"],"picked":"Sword Boomerang+1","floor":11},{"not_picked":["Burning Pact","Cleave+1"],"picked":"Pummel+1","floor":12},{"not_picked":["Feel No Pain","Reckless Charge+1","Spot Weakness"],"picked":"SKIP","floor":14},{"not_picked":["Porccubus","NakedNest"],"picked":"DreamingCurrent","floor":16},{"not_picked":["Barricade","Corruption"],"picked":"Offering","floor":16},{"not_picked":["Woodsman","Variant"],"picked":"Freischutz","floor":21},{"not_picked":["Dropkick+1","Barricade"],"picked":"Sword Boomerang+1","floor":21},{"not_picked":["Seeing Red","Iron Wave+1","Clash+1"],"picked":"SKIP","floor":22},{"not_picked":["Demon Form","Anger+1","Iron Wave+1"],"picked":"SKIP","floor":23},{"not_picked":["BeautyBeast","Variant"],"picked":"Funeral","floor":25},{"not_picked":["Clothesline+1","True Grit+1","Carnage+1"],"picked":"SKIP","floor":25},{"not_picked":["Uppercut+1","True Grit","Second Wind"],"picked":"SKIP","floor":29},{"not_picked":["Shrug It Off","Perfected Strike+1","Rage"],"picked":"SKIP","floor":30},{"not_picked":["Juggernaut","Barricade"],"picked":"Berserk","floor":33},{"not_picked":["HeroicMonk","RedShoes"],"picked":"HappyTeddy","floor":35},{"not_picked":["Headbutt+1","Rampage+1","Armaments"],"picked":"SKIP","floor":35}],"player_experience":1500,"relics_obtained":[{"floor":1,"key":"LetterFromLob"},{"floor":5,"key":"Mummified Hand"},{"floor":9,"key":"Molten Egg 2"},{"floor":10,"key":"Ice Cream"},{"floor":14,"key":"White Beast Statue"},{"floor":20,"key":"Happy Flower"},{"floor":23,"key":"Boot"},{"floor":25,"key":"PreservedInsect"},{"floor":26,"key":"Darkstone Periapt"},{"floor":29,"key":"Champion Belt"}],"event_choices":[{"cards_removed":["Strike_R"],"damage_healed":0,"gold_gain":0,"player_choice":"Card Removal","damage_taken":7,"max_hp_gain":0,"max_hp_loss":0,"event_name":"Golden Wing","floor":2,"gold_loss":0},{"damage_healed":0,"gold_gain":0,"player_choice":"Leave","damage_taken":0,"max_hp_gain":0,"max_hp_loss":0,"event_name":"The Cleric","floor":3,"gold_loss":0},{"cards_removed":["Funeral"],"damage_healed":0,"gold_gain":0,"player_choice":"Gave Card","damage_taken":0,"relics_obtained":["Ancient Tea Set"],"max_hp_gain":0,"max_hp_loss":0,"event_name":"WeMeetAgain","floor":31,"gold_loss":0}],"is_beta":false,"boss_relics":[{"not_picked":["Mark of Pain","Snecko Eye"],"picked":"Sozu"},{"not_picked":["Black Blood","Tiny House"],"picked":"Philosopher\u0027s Stone"}],"items_purged_floors":[],"is_endless":false,"potions_floor_spawned":[1,10,12,16,21,22,23,25,29,30,33,35],"killed_by":"3 Darklings","ascension_level":0}}