{"host":"sav7uxregyirlf69","time":1614300632,"event":{"mods":["AchievementEnabler","BaseMod","Colored Map","DeckTracker","Keyboard Shortcuts","Minty Spire (QoL Compilation)","READ ME - Guardian Mod","StSLib","SuperFastMode"],"gold_per_floor":[118,137,212,33,33,33,33,46,99,115,115,134,14,24,24,98,98,115,135,185,198,3,3,3],"floor_reached":23,"language":"KOR","playtime":404,"items_purged":["Strike_B","Strike_B"],"score":466,"play_id":"db6304ce-a68f-4785-af2d-7670f901315a","local_time":"20210226095032","is_ascension_mode":true,"campfire_choices":[{"data":"Apotheosis","floor":6.0,"key":"SMITH"},{"floor":11.0,"key":"RECALL"},{"data":"Defragment","floor":15.0,"key":"SMITH"}],"circlet_count":0,"master_deck":["AscendersBane","Strike_B","Strike_B","Defend_B","Defend_B","Defend_B","Defend_B","Zap","Dualcast","Apotheosis+1","Self Repair","Cold Snap","Sweeping Beam","BootSequence","Ball Lightning","Streamline","Defragment+1","Genetic Algorithm","Biased Cognition","Fusion","Conserve Battery+1","Capacitor","Discovery","Leap"],"relics":["Cracked Core","Membership Card","Potion Belt","Ancient Tea Set","SacredBark","Runic Capacitor"],"acts_visited":["Exordium","TheCity"],"potions_floor_usage":[21,23,23],"damage_taken":[{"damage":7.0,"enemies":"Jaw Worm","floor":1.0,"turns":3.0},{"damage":1.0,"enemies":"2 Louse","floor":2.0,"turns":2.0},{"damage":0.0,"enemies":"Cultist","floor":8.0,"turns":3.0},{"damage":4.0,"enemies":"3 Louse","floor":10.0,"turns":4.0},{"damage":4.0,"enemies":"Red Slaver","floor":12.0,"turns":3.0},{"damage":4.0,"enemies":"Exordium Thugs","floor":14.0,"turns":4.0},{"damage":0.0,"enemies":"Slime Boss","floor":16.0,"turns":5.0},{"damage":20.0,"enemies":"Spheric Guardian","floor":18.0,"turns":5.0},{"damage":24.0,"enemies":"3 Byrds","floor":19.0,"turns":4.0},{"damage":31,"enemies":"3 Cultists","floor":21,"turns":6},{"damage":12,"enemies":"Gremlin Leader","floor":23,"turns":2}],"seed_played":"1023034764900735957","potions_obtained":[{"floor":1.0,"key":"AttackPotion"},{"floor":2.0,"key":"FocusPotion"},{"floor":12.0,"key":"PowerPotion"},{"floor":18.0,"key":"GamblersBrew"},{"floor":21,"key":"Ancient Potion"}],"is_trial":false,"path_per_floor":["M","M","?","$","?","R","?","M","T","M","R","M","$","M","R","B",null,"M","M","?","M","$","E"],"character_chosen":"DEFECT","items_purchased":["Membership Card","Sweeping Beam","Defragment","Genetic Algorithm","Runic Capacitor","Discovery","Leap"],"campfire_rested":0,"item_purchase_floors":[4,4,13,13,22,22,22],"current_hp_per_floor":[39,48,37,37,42,42,37,47,47,53,53,56,56,52,52,62,73,53,39,32,8,8,0,0],"gold":3,"neow_bonus":"RANDOM_COLORLESS_2","is_daily":false,"chose_seed":false,"campfire_upgraded":2,"win_rate":0.0,"timestamp":1614300632,"path_taken":["M","M","?","$","?","R","?","M","T","M","R","M","$","M","R","BOSS","M","M","?","M","$","E"],"items_purchased_type":["Relic","Card","Card","Card","Relic","Card","Card"],"build_version":"2020-12-22","purchased_purges":2,"victory":false,"max_hp_per_floor":[71,71,71,71,76,76,76,76,76,76,76,76,76,76,76,76,76,76,76,76,76,76,76,76],"card_choices":[{"not_picked":["Sadistic Nature","Transmutation"],"picked":"Apotheosis","floor":0.0},{"not_picked":["Compile Driver","Loop"],"picked":"Self Repair","floor":1.0},{"not_picked":["Ball Lightning","Lockon"],"picked":"Cold Snap","floor":2.0},{"not_picked":["Steam","Redo"],"picked":"BootSequence","floor":8.0},{"not_picked":["Hello World","Aggregate"],"picked":"Ball Lightning","floor":10.0},{"not_picked":["Redo","Tempest"],"picked":"Streamline","floor":12.0},{"not_picked":["Genetic Algorithm","Rebound","Doom and Gloom"],"picked":"SKIP","floor":14.0},{"not_picked":["Fission","Meteor Strike"],"picked":"Biased Cognition","floor":16.0},{"not_picked":["Steam Power","Conserve Battery"],"picked":"Fusion","floor":18.0},{"not_picked":["Hello World","Go for the Eyes"],"picked":"Conserve Battery+1","floor":19.0},{"not_picked":["Steam","Gash"],"picked":"Capacitor","floor":21}],"player_experience":1702780,"relics_obtained":[{"floor":9.0,"key":"Ancient Tea Set"}],"event_choices":[{"damage_healed":0.0,"max_hp_gain":0.0,"max_hp_loss":0.0,"gold_gain":75.0,"event_name":"World of Goop","player_choice":"Gather Gold","floor":3.0,"gold_loss":0.0,"damage_taken":11.0},{"damage_healed":0.0,"max_hp_gain":5.0,"max_hp_loss":0.0,"gold_gain":0.0,"event_name":"Big Fish","player_choice":"Donut","floor":5.0,"gold_loss":0.0,"damage_taken":0.0},{"damage_healed":0.0,"max_hp_gain":0.0,"max_hp_loss":0.0,"gold_gain":0.0,"event_name":"Scrap Ooze","player_choice":"Success","floor":7.0,"gold_loss":0.0,"damage_taken":5.0,"relics_obtained":["Potion Belt"]},{"damage_healed":0,"gold_gain":50,"player_choice":"Touch","damage_taken":7,"max_hp_gain":0,"max_hp_loss":0,"event_name":"FaceTrader","floor":20,"gold_loss":0}],"is_beta":false,"boss_relics":[{"not_picked":["Black Star","Sozu"],"picked":"SacredBark"}],"items_purged_floors":[13,22],"is_endless":false,"potions_floor_spawned":[1,2,12,18,21],"killed_by":"Gremlin Leader","ascension_level":20}}