{"host":"smvt3ad3q31g2j4m","time":1614376555,"event":{"mods":["BaseMod","Better Skull","Better Third Choice","Colored Map","Downfall","GifTheSpireLib","Minty Spire (QoL Compilation)","Replay The Spire","StSLib"],"gold_per_floor":[99,118,118,32,32,32,82,91,112,148,148,67,77,77,102,216,216,216,243,263,272,281,281,290,149,93,113,129,146,146,146,162,259,259,259,276,326,326,376,393,393,405,439,451,746,757,757,757,757],"floor_reached":47,"language":"ENG","playtime":2884,"items_purged":["Guardian:Strike_Guardian","Sickly"],"score":505,"play_id":"8cf63214-b1f1-4990-8a6e-43eb0c2de334","local_time":"20210226155555","is_ascension_mode":false,"campfire_choices":[{"data":"Guardian:TwinSlam","floor":1,"key":"SMITH"},{"data":"Guardian:Clone","floor":6,"key":"SMITH"},{"data":"Replay:GuardianBash","floor":11,"key":"SMITH"},{"data":"Guardian:TimeSifter","floor":18,"key":"SMITH"},{"data":"Guardian:TimeBomb","floor":23,"key":"SMITH"},{"data":"Guardian:Incinerate","floor":30,"key":"SMITH"},{"data":"Guardian:StasisField","floor":35,"key":"SMITH"}],"circlet_count":0,"master_deck":["Guardian:Strike_Guardian","Guardian:Strike_Guardian","Guardian:Defend_Guardian","Guardian:Defend_Guardian","Guardian:Defend_Guardian","Guardian:Defend_Guardian","Guardian:TwinSlam+1","Guardian:Clone+1","Guardian:TimeBomb+1","Replay:GuardianBash+1","Guardian:ChargeCore","Guardian:TemporalShield","Guardian:AncientConstruct","Guardian:TimeSifter+1","Guardian:ShieldCharger+1","Guardian:Planning","CommonCold","Ghostly","Guardian:Incinerate+1","Guardian:StasisField+1","Guardian:Gem_Yellow","Guardian:VentSteam+1","Guardian:Gem_Fragmented","Guardian:ShieldCharger","downfall:Malfunctioning","Languid","Looming Evil"],"relics":["MealTicket","Oddly Smooth Stone","m_GuardianBlood","Pen Nib","Replay:Grab Bag","Replay:Bronze Core","Cursed Key","Snecko Eye","Mummified Hand","downfall:RedIOU","Ring of Chaos","Ice Cream","Ring of Greed","Ring of Fury","Membership Card","Replay:Wax Seal","Turnip"],"acts_visited":["Exordium","TheCity","TheBeyond"],"potions_floor_usage":[16,16,16,36,46],"damage_taken":[{"damage":7,"enemies":"Jaw Worm","floor":2,"turns":4},{"damage":5,"enemies":"downfall:FleeingMerchant","floor":4,"turns":4},{"damage":6,"enemies":"2 Louse","floor":9,"turns":3},{"damage":42,"enemies":"3 Sentries","floor":10,"turns":10},{"damage":15,"enemies":"downfall:FleeingMerchant","floor":12,"turns":4},{"damage":0,"enemies":"Cultist","floor":13,"turns":3},{"damage":0,"enemies":"Exordium Thugs","floor":15,"turns":6},{"damage":52,"enemies":"DF_ARCHETYPE_STREAMLINE","floor":16,"turns":12},{"damage":4,"enemies":"Shell Parasite","floor":19,"turns":5},{"damage":10,"enemies":"Spheric Guardian","floor":20,"turns":3},{"damage":0,"enemies":"downfall:FleeingMerchant","floor":26,"turns":5},{"damage":0,"enemies":"3 Cultists","floor":27,"turns":3},{"damage":0,"enemies":"Snecko","floor":28,"turns":4},{"damage":9,"enemies":"Centurion and Healer","floor":29,"turns":3},{"damage":0,"enemies":"3 Cultists","floor":32,"turns":2},{"damage":27,"enemies":"SI_MIRROR_ARCHETYPE","floor":33,"turns":12},{"damage":0,"enemies":"3 Darklings","floor":36,"turns":9},{"damage":6,"enemies":"3 Darklings","floor":37,"turns":13},{"damage":4,"enemies":"Orb Walker","floor":40,"turns":4},{"damage":2,"enemies":"Writhing Mass","floor":42,"turns":5},{"damage":45,"enemies":"Giant Head","floor":43,"turns":14},{"damage":22,"enemies":"Sphere and 2 Shapes","floor":44,"turns":6},{"damage":0,"enemies":"downfall:FleeingMerchant","floor":45,"turns":4},{"damage":16,"enemies":"Transient","floor":46,"turns":5},{"damage":50,"enemies":"Spire Growth","floor":47,"turns":5}],"seed_played":"8847045536176446295","potions_obtained":[{"floor":10,"key":"Block Potion"},{"floor":13,"key":"Adrenaline Potion"},{"floor":15,"key":"Swift Potion"},{"floor":16,"key":"Energy Potion"},{"floor":19,"key":"FearPotion"},{"floor":20,"key":"Fruit Juice"},{"floor":37,"key":"Guardian:DefensiveModePotion"}],"is_trial":false,"path_per_floor":["R","M","?","$","?","R","T","?","M","E","R","$","M","?","M","B",null,"R_BF","M","M","?","?","R","T","?","$","M","M","M","R","?","M","B",null,"R","M","?","?","?","M","T","M","E","M","$","M","M"],"character_chosen":"GUARDIAN","items_purchased":["Guardian:TimeBomb","Guardian:Incinerate"],"campfire_rested":0,"item_purchase_floors":[4,26],"current_hp_per_floor":[80,73,61,71,71,71,71,71,71,35,35,41,47,47,53,7,80,80,80,76,76,76,76,76,76,80,80,80,77,77,77,80,59,80,80,80,80,80,80,80,80,80,41,25,46,36,0,0,0],"gold":757,"neow_bonus":"RANDOM_COMMON_RELIC","is_daily":false,"chose_seed":false,"campfire_upgraded":7,"win_rate":0.0,"timestamp":1614376555,"path_taken":["R","M","?","$","?","R","T","?","M","E","R","?","?","?","M","BOSS","R_BF","M","M","?","?","R","T","?","?","M","M","?","R","?","M","BOSS","R","M","?","?","?","M","T","M","E","M","?","?","?"],"items_purchased_type":["Card","Card"],"build_version":"2020-12-22","purchased_purges":2,"victory":false,"max_hp_per_floor":[80,80,80,80,80,80,80,80,80,80,80,80,80,80,80,80,80,80,80,80,80,80,80,80,80,80,80,80,80,80,80,80,80,80,80,80,80,80,80,80,80,80,80,80,80,80,80,80,80],"card_choices":[{"not_picked":["Guardian:WalkerClaw","Guardian:Reroute"],"picked":"Guardian:Gem_Fragmented","floor":2},{"not_picked":["Guardian:Incinerate","Guardian:Emergency"],"picked":"Guardian:Clone","floor":4},{"not_picked":["Guardian:TemporalShield","Guardian:Orbwalk"],"picked":"Guardian:ChargeCore","floor":9},{"not_picked":["Guardian:Gem_Red","Guardian:ShieldSpikes"],"picked":"Guardian:Gem_Cyan","floor":10},{"not_picked":["Body Slam","Guardian:FloatingOrbs"],"picked":"Guardian:TemporalShield","floor":12},{"not_picked":["Guardian:Gem_Fragmented","Guardian:Orbwalk","Guardian:PolyBeam"],"picked":"SKIP","floor":13},{"not_picked":["Guardian:Orbwalk","Guardian:TemporalStrike"],"picked":"Guardian:AncientConstruct","floor":15},{"not_picked":["Guardian:Gem_Synthetic","Guardian:FierceBash"],"picked":"Guardian:TimeSifter","floor":16},{"not_picked":["Guardian:PrimingBeam","Guardian:PiercingHide"],"picked":"Guardian:ShieldCharger+1","floor":19},{"not_picked":["Guardian:MultiBeam+1","Guardian:Gem_Cyan","Guardian:TemporalStrike+1"],"picked":"SKIP","floor":20},{"not_picked":["Guardian:RefractedBeam","Guardian:Gem_Red","Guardian:Recover"],"picked":"SKIP","floor":26},{"not_picked":["Guardian:Gem_Lightblue","Guardian:TemporalStrike","Guardian:ShieldCharger+1"],"picked":"SKIP","floor":27},{"not_picked":["Guardian:PiercingHide","Guardian:BaubleBeam","Guardian:TemporalShield"],"picked":"SKIP","floor":28},{"not_picked":["Guardian:WalkerClaw","Guardian:PrimingBeam+1","Guardian:MultiBeam"],"picked":"SKIP","floor":29},{"not_picked":["Guardian:TemporalShield","Guardian:Orbwalk","Guardian:PrismaticBeam"],"picked":"SKIP","floor":32},{"not_picked":["Guardian:ExploitGems","Guardian:Gem_Synthetic"],"picked":"Guardian:StasisField","floor":33},{"not_picked":["Guardian:Gem_Green","Guardian:CrystalBeam"],"picked":"Guardian:Gem_Yellow","floor":36},{"not_picked":["Guardian:WalkerClaw+1","Guardian:PrimingBeam+1"],"picked":"Guardian:VentSteam+1","floor":37},{"not_picked":["Guardian:Planning+1","Guardian:ShieldSpikes"],"picked":"Guardian:Gem_Fragmented","floor":40},{"not_picked":["Guardian:CrystalBeam","Guardian:WalkerClaw+1"],"picked":"Guardian:ShieldCharger","floor":42},{"not_picked":["Guardian:PiercingHide+1","Guardian:PrismaticBeam+1","Guardian:WalkerClaw"],"picked":"SKIP","floor":43},{"not_picked":["Guardian:ConstructionForm","Guardian:ArmoredProtocol+1","Guardian:Gem_Lightblue"],"picked":"SKIP","floor":44},{"not_picked":["Guardian:FloatingOrbs","Guardian:PolyBeam+1","Guardian:Gem_Cyan"],"picked":"SKIP","floor":45},{"not_picked":["Guardian:Gem_Red","Guardian:TemporalShield","Guardian:CrystalBeam"],"picked":"SKIP","floor":46}],"player_experience":145252,"relics_obtained":[{"floor":7,"key":"CeramicFish"},{"floor":10,"key":"Pen Nib"},{"floor":24,"key":"Mummified Hand"},{"floor":37,"key":"Ice Cream"},{"floor":39,"key":"Ring of Greed"},{"floor":39,"key":"Ring of Fury"},{"floor":39,"key":"Membership Card"},{"floor":39,"key":"Replay:Wax Seal"},{"floor":43,"key":"Turnip"}],"event_choices":[{"damage_healed":0,"gold_gain":0,"player_choice":"Read","damage_taken":0,"max_hp_gain":0,"max_hp_loss":0,"event_name":"The Library","floor":22,"gold_loss":0,"cards_obtained":["Guardian:Planning"]}],"is_beta":false,"boss_relics":[{"not_picked":["Calling Bell","Velvet Choker"],"picked":"Replay:Grab Bag"},{"not_picked":["ChewingGum","bronze:MakeshiftBattery"],"picked":"Replay:Bronze Core"},{"not_picked":["Sozu","Replay:Wanted Poster"],"picked":"Cursed Key"},{"not_picked":["Black Star","Runic Pyramid"],"picked":"Snecko Eye"},{"not_picked":["Tiny House","Kintsugi"],"picked":"Ring of Chaos"}],"items_purged_floors":[12,45],"is_endless":false,"potions_floor_spawned":[10,13,15,16,19,20,28,32,37,43,44],"killed_by":"Spire Growth","ascension_level":0}}