{"host":"2yqfi47fogfu1ic4","time":1614324985,"event":{"mods":["AchievementEnabler","BaseMod","Colored Map","Colored Powertips","Highlight Path","Minty Spire (QoL Compilation)","Permanent Neow","Relic Stats","StSLib"],"gold_per_floor":[112,122,132,132,146,34,34,53,77,97,108,142,142,171,171,246,246,264,75,275,288,304,304,304,304],"floor_reached":24,"language":"DEU","playtime":2192,"items_purged":["Pain","Strike_G"],"score":470,"play_id":"a50a5181-195c-41db-9477-74e0b3ede12e","local_time":"20210226083625","is_ascension_mode":true,"campfire_choices":[{"data":"Caltrops","floor":7.0,"key":"SMITH"},{"data":"Dagger Spray","floor":13,"key":"SMITH"},{"data":"Wraith Form v2","floor":15,"key":"SMITH"},{"data":"Wraith Form v2","floor":23,"key":"SMITH"}],"circlet_count":0,"master_deck":["AscendersBane","Strike_G","Strike_G","Strike_G","Strike_G","Defend_G","Defend_G","Defend_G","Defend_G","Defend_G","Survivor","Neutralize","CurseOfTheBell","Caltrops+1","Leg Sweep","Dagger Throw","Blade Dance","Tactician","Underhanded Strike","Underhanded Strike","Dagger Spray+1","Footwork","Wraith Form v2+1","Wraith Form v2+1","Dagger Spray","Reflex","Backflip","Caltrops","Backflip"],"relics":["Calling Bell","Potion Belt","White Beast Statue","Pocketwatch","WarpedTongs","Pen Nib","Regal Pillow","Black Star"],"acts_visited":["Exordium","TheCity"],"potions_floor_usage":[16,22,22,22,24,24],"damage_taken":[{"damage":5.0,"enemies":"Cultist","floor":1.0,"turns":5.0},{"damage":0.0,"enemies":"Jaw Worm","floor":2.0,"turns":5.0},{"damage":0.0,"enemies":"Small Slimes","floor":3.0,"turns":5.0},{"damage":5.0,"enemies":"Looter","floor":5.0,"turns":4.0},{"damage":0.0,"enemies":"Exordium Wildlife","floor":8.0,"turns":3.0},{"damage":0.0,"enemies":"Exordium Thugs","floor":10.0,"turns":7.0},{"damage":8.0,"enemies":"3 Louse","floor":11.0,"turns":3.0},{"damage":0.0,"enemies":"Gremlin Nob","floor":12.0,"turns":3.0},{"damage":4,"enemies":"3 Sentries","floor":14,"turns":4},{"damage":19,"enemies":"The Guardian","floor":16,"turns":13},{"damage":1,"enemies":"Chosen","floor":18,"turns":6},{"damage":0,"enemies":"3 Byrds","floor":21,"turns":5},{"damage":12,"enemies":"Sentry and Sphere","floor":22,"turns":9},{"damage":52,"enemies":"Slavers","floor":24,"turns":7}],"seed_played":"1663372689814154319","potions_obtained":[{"floor":1.0,"key":"Poison Potion"},{"floor":2.0,"key":"ColorlessPotion"},{"floor":3.0,"key":"Dexterity Potion"},{"floor":5.0,"key":"Explosive Potion"},{"floor":8.0,"key":"Block Potion"},{"floor":10.0,"key":"SteroidPotion"},{"floor":11.0,"key":"Fruit Juice"},{"floor":12.0,"key":"Block Potion"},{"floor":14,"key":"Swift Potion"},{"floor":16,"key":"PowerPotion"},{"floor":21,"key":"Fire Potion"},{"floor":22,"key":"LiquidBronze"}],"is_trial":false,"path_per_floor":["M","M","M","?","M","$","R","M","T","M","M","E","R","E","R","B",null,"M","$","?","M","M","R","E"],"character_chosen":"THE_SILENT","items_purchased":["Tactician","Reflex","Backflip"],"campfire_rested":0,"item_purchase_floors":[6,19,19],"current_hp_per_floor":[54,54,54,54,49,49,49,49,49,49,41,41,41,37,37,23,59,58,58,58,58,46,46,0,0],"gold":304,"neow_bonus":"BOSS_RELIC","is_daily":false,"chose_seed":false,"campfire_upgraded":4,"win_rate":0.0,"timestamp":1614324985,"path_taken":["M","M","M","?","?","$","R","M","T","M","M","E","R","E","R","BOSS","M","$","?","?","M","R","E"],"items_purchased_type":["Card","Card","Card"],"build_version":"2020-12-22","purchased_purges":2,"victory":false,"max_hp_per_floor":[66,66,66,66,66,66,66,66,66,66,66,66,66,66,66,71,71,71,71,71,71,71,71,71,71],"relic_stats":{"Regal Pillow":0,"counters":[14,79],"Pen Nib":[7],"Black Star":0,"obtain_stats":[{"Calling Bell":0,"Potion Belt":0,"Regal Pillow":14,"Pen Nib":12,"Black Star":17,"White Beast Statue":0,"Ring of the Snake":0,"Pocketwatch":0,"WarpedTongs":4},{"Calling Bell":0,"Potion Belt":0,"Regal Pillow":9,"Pen Nib":8,"Black Star":10,"White Beast Statue":0,"Ring of the Snake":0,"Pocketwatch":0,"WarpedTongs":3},{"Calling Bell":0,"Potion Belt":0,"Regal Pillow":39,"Pen Nib":35,"Black Star":52,"White Beast Statue":0,"Ring of the Snake":0,"Pocketwatch":0,"WarpedTongs":15}],"Pocketwatch":[138],"WarpedTongs":[64]},"card_choices":[{"not_picked":["Reflex","Setup"],"picked":"Caltrops","floor":1.0},{"not_picked":["Dodge and Roll","Bane"],"picked":"Leg Sweep","floor":2.0},{"not_picked":["Storm of Steel","Deadly Poison"],"picked":"Dagger Throw","floor":3.0},{"not_picked":["Slice","Distraction"],"picked":"Blade Dance","floor":5.0},{"not_picked":["Expertise","Flechettes"],"picked":"Underhanded Strike","floor":8.0},{"not_picked":["Bane","Expertise"],"picked":"Underhanded Strike","floor":10.0},{"not_picked":["Deadly Poison","Bane"],"picked":"Dagger Spray","floor":11.0},{"not_picked":["Outmaneuver","Expertise"],"picked":"Footwork","floor":12.0},{"not_picked":["Flying Knee","Dodge and Roll"],"picked":"Wraith Form v2","floor":14},{"not_picked":["Glass Knife","Bullet Time"],"picked":"Wraith Form v2","floor":16},{"not_picked":["Deadly Poison","Blade Dance","Dagger Spray"],"picked":"SKIP","floor":18},{"not_picked":["Deadly Poison","Blade Dance"],"picked":"Dagger Spray","floor":18},{"not_picked":["Blade Dance","Dagger Spray+1"],"picked":"Caltrops","floor":21},{"not_picked":["Prepared","Slice"],"picked":"Backflip","floor":22}],"player_experience":1998005,"relics_obtained":[{"floor":0.0,"key":"Potion Belt"},{"floor":0.0,"key":"White Beast Statue"},{"floor":0.0,"key":"Pocketwatch"},{"floor":12.0,"key":"Pen Nib"},{"floor":14,"key":"Regal Pillow"}],"event_choices":[{"damage_healed":0.0,"max_hp_gain":0.0,"max_hp_loss":0.0,"gold_gain":0.0,"event_name":"Accursed Blacksmith","player_choice":"Rummage","floor":4.0,"gold_loss":0.0,"damage_taken":0.0,"relics_obtained":["WarpedTongs"],"cards_obtained":["Pain"]},{"damage_healed":0,"gold_gain":250,"player_choice":"Bet on Owner","damage_taken":0,"max_hp_gain":0,"max_hp_loss":0,"event_name":"The Joust","floor":20,"gold_loss":50}],"is_beta":false,"boss_relics":[{"not_picked":["Velvet Choker","Runic Dome"],"picked":"Black Star"}],"items_purged_floors":[6,19],"is_endless":false,"potions_floor_spawned":[1,2,3,5,8,10,11,12,14,16,18,21,22],"killed_by":"Slavers","ascension_level":20}}