{"host":"ao8ok4k25npyixk7","time":1614361799,"event":{"mods":["BaseMod","Colored Map","Minty Spire (QoL Compilation)"],"gold_per_floor":[113,113,113,38,38,38,62,102,129,144,171,204,204,243,243,339,339,358,358,358],"floor_reached":19,"language":"ENG","playtime":680,"items_purged":["Regret"],"score":416,"play_id":"abe85ee9-bdfd-4e3b-8ef1-993419b2a875","local_time":"20210226184959","is_ascension_mode":true,"campfire_choices":[{"data":"Neutralize","floor":6,"key":"SMITH"},{"data":"Prepared","floor":13,"key":"SMITH"},{"floor":15,"key":"REST"}],"circlet_count":0,"master_deck":["AscendersBane","Strike_G","Strike_G","Strike_G","Strike_G","Strike_G","Defend_G","Defend_G","Defend_G","Defend_G","Defend_G","Survivor","Neutralize+1","Flechettes+1","PiercingWail","Endless Agony","Prepared+1","Glass Knife","Corpse Explosion","Terror"],"relics":["Ring of the Snake","NeowsBlessing","Paper Crane","Golden Idol","TungstenRod","PreservedInsect","Juzu Bracelet","Lantern","Bronze Scales","SlaversCollar"],"acts_visited":["Exordium","TheCity"],"potions_floor_usage":[16,16,16,16,19],"damage_taken":[{"damage":0,"enemies":"2 Louse","floor":1,"turns":1},{"damage":0,"enemies":"Small Slimes","floor":7,"turns":1},{"damage":0,"enemies":"Lagavulin","floor":8,"turns":1},{"damage":0,"enemies":"Jaw Worm","floor":10,"turns":2},{"damage":18,"enemies":"3 Sentries","floor":12,"turns":9},{"damage":19,"enemies":"Lagavulin","floor":14,"turns":7},{"damage":35,"enemies":"Slime Boss","floor":16,"turns":11},{"damage":44,"enemies":"Spheric Guardian","floor":18,"turns":8},{"damage":7,"enemies":"Chosen","floor":19,"turns":3}],"seed_played":"-79061060941774794","potions_obtained":[{"floor":7,"key":"SteroidPotion"},{"floor":12,"key":"EntropicBrew"},{"floor":18,"key":"SkillPotion"}],"is_trial":false,"path_per_floor":["M","?","?","$","?","R","M","E","T","M","T","E","R","E","R","B",null,"M","M"],"character_chosen":"THE_SILENT","items_purchased":[],"campfire_rested":1,"item_purchase_floors":[],"current_hp_per_floor":[59,59,59,59,59,59,59,59,59,59,59,41,41,22,40,5,46,2,0,0],"gold":358,"neow_bonus":"THREE_ENEMY_KILL","is_daily":false,"chose_seed":false,"campfire_upgraded":2,"win_rate":0.0,"timestamp":1614361799,"path_taken":["M","?","?","?","?","R","M","E","T","M","?","E","R","E","R","BOSS","M","M"],"items_purchased_type":[],"build_version":"2020-12-22","purchased_purges":1,"victory":false,"max_hp_per_floor":[66,66,66,66,60,60,60,60,60,60,60,60,60,60,60,60,60,60,60,60],"card_choices":[{"not_picked":["Quick Slash","Infinite Blades"],"picked":"Flechettes","floor":1},{"not_picked":["Dodge and Roll","Slice"],"picked":"PiercingWail","floor":7},{"not_picked":["All Out Attack","Quick Slash","Dagger Throw"],"picked":"SKIP","floor":8},{"not_picked":["Quick Slash","Deflect"],"picked":"Endless Agony","floor":10},{"not_picked":["Catalyst","Flying Knee"],"picked":"Prepared","floor":12},{"not_picked":["All Out Attack","Sucker Punch"],"picked":"Glass Knife","floor":14},{"not_picked":["After Image","Unload"],"picked":"Corpse Explosion","floor":16},{"not_picked":["Acrobatics","Distraction+1"],"picked":"Terror","floor":18}],"player_experience":279847,"relics_obtained":[{"floor":8,"key":"TungstenRod"},{"floor":9,"key":"PreservedInsect"},{"floor":11,"key":"Juzu Bracelet"},{"floor":12,"key":"Lantern"},{"floor":14,"key":"Bronze Scales"}],"event_choices":[{"damage_healed":0,"gold_gain":0,"player_choice":"Grow","damage_taken":0,"max_hp_gain":0,"max_hp_loss":0,"event_name":"Living Wall","floor":2,"gold_loss":0,"cards_upgraded":["Flechettes"]},{"damage_healed":0,"gold_gain":0,"player_choice":"Box","damage_taken":0,"relics_obtained":["Paper Crane"],"max_hp_gain":0,"max_hp_loss":0,"event_name":"Big Fish","floor":3,"gold_loss":0,"cards_obtained":["Regret"]},{"damage_healed":0,"gold_gain":0,"player_choice":"Lose Max HP","damage_taken":0,"relics_obtained":["Golden Idol"],"max_hp_gain":0,"max_hp_loss":6,"event_name":"Golden Idol","floor":5,"gold_loss":0}],"is_beta":false,"boss_relics":[{"not_picked":["Runic Pyramid","Coffee Dripper"],"picked":"SlaversCollar"}],"items_purged_floors":[4],"is_endless":false,"potions_floor_spawned":[7,12,14,18],"killed_by":"Chosen","ascension_level":20}}