{"host":"879u177vr8bnqwsn","time":1614382906,"event":{"mods":["BaseMod","Hubris","Minty Spire (QoL Compilation)","Reliquary","StSLib"],"gold_per_floor":[109,109,128,145,162,162,180,211,234,309,327,339,339,356,356,456,456,466,117,130,144,161,195,195,195,222,222,8,8,8,40,40,142,142,158,174,190,208,14,14,14,14],"floor_reached":41,"language":"ENG","playtime":1821,"items_purged":[],"score":437,"play_id":"ee7c51c1-0205-48fd-9881-79d9cb7a7ed0","local_time":"20210226204146","is_ascension_mode":false,"campfire_choices":[{"data":"Flame Barrier","floor":6,"key":"SMITH"},{"data":"Perfected Strike","floor":13,"key":"SMITH"},{"data":"Shockwave","floor":15,"key":"SMITH"},{"data":"Limit Break","floor":24,"key":"SMITH"},{"data":"1","floor":27,"key":"LIFT"},{"data":"2","floor":32,"key":"LIFT"}],"circlet_count":0,"master_deck":["Strike_R","Strike_R","Strike_R","Defend_R","Defend_R+1","Defend_R+1","Defend_R","Bash","Shockwave+1","Thunderclap","Flame Barrier+1","Perfected Strike","Limit Break+1","Clothesline","Perfected Strike+1","Shrug It Off","Headbutt","Berserk","Armaments+1","Blood for Blood","hubris:ReadiedAction+1","Spot Weakness","Iron Wave+1","Metallicize","Demon Form","Sentinel+1","Shockwave+1","Corruption+1","Ghostly Armor","Clothesline","Iron Wave+1","Disarm"],"relics":["Snecko Eye","Omamori","hubris:ToyBattleship","SacredBark","Girya","reliquary:IridiumChain","Bag of Marbles","War Paint","reliquary:JackalopeAntler","Oddly Smooth Stone","Astrolabe","Akabeko"],"acts_visited":["Exordium","TheCity","TheBeyond"],"potions_floor_usage":[8,14,23],"damage_taken":[{"damage":1,"enemies":"Jaw Worm","floor":1,"turns":3},{"damage":4,"enemies":"Cultist","floor":3,"turns":3},{"damage":10,"enemies":"Small Slimes","floor":4,"turns":3},{"damage":5,"enemies":"Exordium Thugs","floor":5,"turns":6},{"damage":0,"enemies":"2 Fungi Beasts","floor":7,"turns":2},{"damage":13,"enemies":"Gremlin Nob","floor":8,"turns":4},{"damage":0,"enemies":"Blue Slaver","floor":11,"turns":2},{"damage":7,"enemies":"Gremlin Gang","floor":12,"turns":6},{"damage":0,"enemies":"2 Fungi Beasts","floor":14,"turns":2},{"damage":13,"enemies":"The Guardian","floor":16,"turns":8},{"damage":10,"enemies":"3 Byrds","floor":18,"turns":4},{"damage":10,"enemies":"Spheric Guardian","floor":20,"turns":3},{"damage":1,"enemies":"Snecko","floor":21,"turns":3},{"damage":16,"enemies":"Centurion and Healer","floor":22,"turns":3},{"damage":16,"enemies":"Gremlin Leader","floor":23,"turns":5},{"damage":1,"enemies":"Book of Stabbing","floor":31,"turns":3},{"damage":26,"enemies":"Collector","floor":33,"turns":9},{"damage":10,"enemies":"Orb Walker","floor":35,"turns":3},{"damage":9,"enemies":"3 Darklings","floor":36,"turns":4},{"damage":1,"enemies":"Sphere and 2 Shapes","floor":37,"turns":7},{"damage":4,"enemies":"4 Shapes","floor":38,"turns":5},{"damage":73,"enemies":"Reptomancer","floor":41,"turns":3}],"seed_played":"4236738245411450792","potions_obtained":[{"floor":1,"key":"BlessingOfTheForge"},{"floor":3,"key":"EssenceOfSteel"},{"floor":5,"key":"Ancient Potion"},{"floor":14,"key":"Fruit Juice"},{"floor":16,"key":"SpeedPotion"},{"floor":31,"key":"Ancient Potion"}],"is_trial":false,"path_per_floor":["M","?","M","M","M","R","M","E","T","?","M","M","R","M","R","B",null,"M","$","M","M","M","E","R","?","T","R","$","T","?","E","R","B",null,"M","M","M","M","$","?","E"],"character_chosen":"IRONCLAD","items_purchased":["Blood for Blood","Girya","Metallicize","War Paint","Disarm","Akabeko"],"campfire_rested":0,"item_purchase_floors":[19,19,28,28,39,39],"current_hp_per_floor":[79,79,75,65,60,60,60,47,47,39,39,32,32,37,37,24,85,75,75,65,64,48,32,32,32,32,32,32,32,60,59,59,33,85,75,66,65,61,61,61,0,0],"gold":14,"neow_bonus":"BOSS_RELIC","is_daily":false,"chose_seed":false,"campfire_upgraded":4,"win_rate":0.0,"timestamp":1614382906,"path_taken":["M","?","M","M","?","R","M","E","T","?","M","?","R","M","R","BOSS","M","$","M","M","M","E","R","?","T","R","$","?","?","E","R","BOSS","M","?","M","M","$","?","E"],"items_purchased_type":["Card","Relic","Card","Relic","Card","Relic"],"build_version":"2020-12-22","purchased_purges":0,"victory":false,"max_hp_per_floor":[80,80,80,80,80,80,80,80,80,80,80,80,80,85,85,85,85,85,85,85,85,85,85,85,85,85,85,85,85,85,85,85,85,85,85,85,85,85,85,81,81,81],"card_choices":[{"not_picked":["Hemokinesis","Perfected Strike"],"picked":"Shockwave","floor":1},{"not_picked":["Clothesline","Flex"],"picked":"Thunderclap","floor":3},{"not_picked":["Armaments","Perfected Strike"],"picked":"Flame Barrier","floor":4},{"not_picked":["Intimidate","Sentinel"],"picked":"Perfected Strike","floor":5},{"not_picked":["Hemokinesis","Body Slam"],"picked":"Limit Break","floor":7},{"not_picked":["Thunderclap","Perfected Strike"],"picked":"Clothesline","floor":8},{"not_picked":["Dark Embrace","Twin Strike"],"picked":"Perfected Strike","floor":11},{"not_picked":["Havoc","Juggernaut"],"picked":"Shrug It Off","floor":12},{"not_picked":["Seeing Red","Clash"],"picked":"Headbutt","floor":14},{"not_picked":["Bludgeon","Limit Break"],"picked":"Berserk","floor":16},{"not_picked":["Havoc","hubris:ReadiedAction"],"picked":"Armaments","floor":18},{"not_picked":["Body Slam","Clothesline+1"],"picked":"hubris:ReadiedAction+1","floor":20},{"not_picked":["Twin Strike","Burning Pact"],"picked":"Spot Weakness","floor":21},{"not_picked":["Headbutt","Anger","Wild Strike+1"],"picked":"SKIP","floor":22},{"not_picked":["Pommel Strike","Headbutt+1"],"picked":"Iron Wave+1","floor":23},{"not_picked":["Anger+1","Headbutt+1"],"picked":"Exhume","floor":31},{"not_picked":["Juggernaut","Berserk"],"picked":"Demon Form","floor":33},{"not_picked":["Pommel Strike","Hemokinesis"],"picked":"Ghostly Armor","floor":35},{"not_picked":["Infernal Blade","Power Through+1"],"picked":"Clothesline","floor":36},{"not_picked":["Thunderclap+1","Rupture","Clothesline"],"picked":"SKIP","floor":37},{"not_picked":["Brutality","Seeing Red"],"picked":"Iron Wave+1","floor":38}],"player_experience":750741,"relics_obtained":[{"floor":8,"key":"Omamori"},{"floor":9,"key":"hubris:ToyBattleship"},{"floor":23,"key":"reliquary:IridiumChain"},{"floor":26,"key":"Bag of Marbles"},{"floor":29,"key":"reliquary:JackalopeAntler"},{"floor":31,"key":"Oddly Smooth Stone"}],"event_choices":[{"damage_healed":0,"gold_gain":0,"player_choice":"Ignored","damage_taken":0,"max_hp_gain":0,"max_hp_loss":0,"event_name":"Purifier","floor":2,"gold_loss":0},{"damage_healed":0,"gold_gain":75,"player_choice":"Touch","damage_taken":8,"max_hp_gain":0,"max_hp_loss":0,"event_name":"FaceTrader","floor":10,"gold_loss":0},{"damage_healed":0,"gold_gain":0,"player_choice":"Upgraded","damage_taken":0,"max_hp_gain":0,"max_hp_loss":0,"event_name":"Upgrade Shrine","floor":25,"gold_loss":0,"cards_upgraded":["Armaments"]},{"damage_healed":28,"gold_gain":0,"player_choice":"Heal","damage_taken":0,"max_hp_gain":0,"max_hp_loss":0,"event_name":"The Library","floor":30,"gold_loss":0},{"damage_healed":0,"gold_gain":0,"player_choice":"Max HP","damage_taken":0,"max_hp_gain":0,"max_hp_loss":4,"event_name":"Winding Halls","floor":40,"gold_loss":0}],"is_beta":false,"boss_relics":[{"not_picked":["Coffee Dripper","hubris:TerracottaHorce"],"picked":"SacredBark"},{"not_picked":["Pandora\u0027s Box","Runic Pyramid"],"picked":"Astrolabe"}],"items_purged_floors":[],"is_endless":false,"potions_floor_spawned":[1,3,5,7,14,16,20,21,31,36,37],"killed_by":"Reptomancer","ascension_level":0}}