{"host":"r4fh4z5myensb3zv","time":1614362014,"event":{"mods":["BaseMod","Better Third Choice","Colored Map","Colored Powertips","DeckTracker","Minty Spire (QoL Compilation)","Rare Cards Sparkle","Relic Stats","Replay The Spire","StSLib"],"gold_per_floor":[115,115,130,140,153,153,153],"floor_reached":6,"language":"ENG","playtime":323,"items_purged":[],"score":44,"play_id":"b82e8de7-29e9-4401-b552-f3aa9c6ee227","local_time":"20210226185334","is_ascension_mode":true,"campfire_choices":[],"circlet_count":0,"master_deck":["Strike_R","Strike_R","Strike_R+1","Strike_R","Strike_R+1","Defend_R","Defend_R","Defend_R","Defend_R","Bash","Body Slam","Flame Barrier"],"relics":["Burning Blood","NeowsBlessing","Simple Rune"],"acts_visited":["Exordium"],"potions_floor_usage":[],"damage_taken":[{"damage":0,"enemies":"Small Slimes","floor":1,"turns":1},{"damage":0,"enemies":"2 Louse","floor":3,"turns":1},{"damage":0,"enemies":"Cultist","floor":4,"turns":1},{"damage":15,"enemies":"Large Slime","floor":5,"turns":8},{"damage":46,"enemies":"Lagavulin","floor":6,"turns":7}],"seed_played":"1616020087885866345","potions_obtained":[{"floor":3,"key":"LiquidMemories"}],"is_trial":false,"path_per_floor":["M","?","M","M","M","E"],"character_chosen":"IRONCLAD","items_purchased":[],"campfire_rested":0,"item_purchase_floors":[],"current_hp_per_floor":[80,68,74,80,71,25,25],"gold":153,"neow_bonus":"THREE_ENEMY_KILL","is_daily":false,"chose_seed":false,"campfire_upgraded":0,"win_rate":0.0,"timestamp":1614362014,"path_taken":["M","?","M","M","M","E"],"items_purchased_type":[],"build_version":"2020-12-22","purchased_purges":0,"victory":false,"max_hp_per_floor":[80,80,80,80,80,80,80],"relic_stats":{"counters":[5,18],"obtain_stats":[{"NeowsBlessing":0,"Simple Rune":2,"Burning Blood":0},{"NeowsBlessing":0,"Simple Rune":1,"Burning Blood":0},{"NeowsBlessing":0,"Simple Rune":1,"Burning Blood":0}],"Burning Blood":18},"card_choices":[{"not_picked":["Clash","Anger"],"picked":"Body Slam","floor":1},{"not_picked":["True Grit","Searing Blow","Perfected Strike"],"picked":"SKIP","floor":3},{"not_picked":["Reckless Charge","Shrug It Off"],"picked":"Flame Barrier","floor":4},{"not_picked":["Thunderclap","Flex","Blood for Blood"],"picked":"SKIP","floor":5}],"player_experience":149590,"relics_obtained":[],"event_choices":[{"damage_healed":0,"gold_gain":0,"player_choice":"Relic ","damage_taken":12,"max_hp_gain":0,"max_hp_loss":0,"event_name":"betterThird:BetterScrap","floor":2,"gold_loss":0,"cards_obtained":["Creative AI"]}],"is_beta":false,"boss_relics":[],"items_purged_floors":[],"is_endless":false,"potions_floor_spawned":[3],"killed_by":"Lagavulin","ascension_level":3}}