{"host":"weghyrtrhzwgovqi","time":1614337164,"event":{"mods":["BaseMod","Defuse TimeMaze Blight","Library of Ruina","Library of Ruina Extra","Lobotomy","LobotomyExtend","Minty Spire (QoL Compilation)","StSLib","Uncapped","UnlockEverythingMod","noobMod"],"gold_per_floor":[110,185,135,151,230,262,279,291,291,291,291,305,317,353,353,462,462,488,587,200,231,267,299,299,343,343,343,343,370,370,387,387,501,501,525,544,544,544,544],"floor_reached":38,"language":"ZHS","playtime":1476,"items_purged":["LightAttack"],"score":574,"play_id":"19ce086c-4326-4389-8ad1-527cc06e21f8","local_time":"20210226185924","is_ascension_mode":false,"campfire_choices":[{"data":"GreatSerpentsImpact","floor":10,"key":"SMITH"},{"data":"FieryWaltz","floor":15,"key":"SMITH"},{"data":"DistortedBlade","floor":24,"key":"SMITH"},{"data":"JiaoTu","floor":32,"key":"SMITH"}],"circlet_count":0,"master_deck":["Woodsman","WhiteNight","BigBird","ApocalypseBird","PunishingBird","LongBird","QueenOfHatred","Funeral","Dodge","LightDefense","LightAttack","LightAttack","LightDefense","LightDefense","LightDefense","ChargeAndCover","HereticApostle","GreatSerpentsImpact+1","FieryWaltz+1","JiaoTu+1","DistortedBlade+1","GreatSerpentsImpact+1","BoundaryOfDeath"],"relics":["PageOfLibrarian","ice","CogitoBucket","LetterFromLob","PageOfScorchedGirl","PageOfAlriune","Justitia_r","SolemnVow_r","Peace Pipe","Ginger","TreeSap","WantedRequest","CeramicFish","SlaversCollar","InTheNameOfLoveAndHate_r","PageOfRedShoes","ChangeAnything","Red Mask","PageOfHappyTeddyBear","Ice Cream","Mummified Hand","Twilight","Lamp_r","SkinProphecy","AtMidnight","DeathAngel","Black Star","Logging_r"],"acts_visited":["Exordium","TheCity","TheBeyond"],"potions_floor_usage":[],"damage_taken":[{"damage":6,"enemies":"Jaw Worm","floor":1,"turns":7},{"damage":10,"enemies":"Small Slimes","floor":4,"turns":4},{"damage":25,"enemies":"3 Sentries","floor":6,"turns":6},{"damage":9,"enemies":"2 Louse","floor":7,"turns":4},{"damage":1,"enemies":"2 Fungi Beasts","floor":8,"turns":3},{"damage":10,"enemies":"Lots of Slimes","floor":12,"turns":3},{"damage":5,"enemies":"Blue Slaver","floor":13,"turns":3},{"damage":32,"enemies":"Gremlin Nob","floor":14,"turns":4},{"damage":13,"enemies":"The Guardian","floor":16,"turns":5},{"damage":20,"enemies":"2 Thieves","floor":18,"turns":4},{"damage":41,"enemies":"3 Byrds","floor":21,"turns":3},{"damage":0,"enemies":"Masked Bandits","floor":22,"turns":2},{"damage":11,"enemies":"Book of Stabbing","floor":23,"turns":2},{"damage":10,"enemies":"Slavers","floor":25,"turns":2},{"damage":32,"enemies":"3 Cultists","floor":28,"turns":5},{"damage":0,"enemies":"3 Cultists","floor":29,"turns":4},{"damage":6,"enemies":"Book of Stabbing","floor":30,"turns":4},{"damage":0,"enemies":"Cultist and Chosen","floor":31,"turns":1},{"damage":0,"enemies":"Collector","floor":33,"turns":3},{"damage":0,"enemies":"3 Darklings","floor":35,"turns":3},{"damage":0,"enemies":"3 Shapes","floor":36,"turns":1},{"damage":12,"enemies":"Jaw Worm Horde","floor":38,"turns":2}],"seed_played":"-5839015671438821934","potions_obtained":[{"floor":7,"key":"Ancient Potion"},{"floor":8,"key":"Block Potion"},{"floor":14,"key":"SneckoOil"}],"is_trial":false,"path_per_floor":["M","?","?","M","T","E","M","M","T","R","?","M","M","E","R","B",null,"M","?","$","M","?","E","R","E","T","?","M","M","E","M","R","B",null,"M","M","?","M"],"character_chosen":"Librarian","items_purchased":["PageOfRedShoes"],"campfire_rested":0,"item_purchase_floors":[20],"current_hp_per_floor":[54,43,43,37,37,12,63,65,65,65,62,59,55,28,28,17,93,73,73,73,28,29,25,25,22,22,16,260,74,75,86,86,93,93,97,77,77,76,76],"gold":544,"neow_bonus":"","is_daily":false,"chose_seed":false,"campfire_upgraded":4,"win_rate":0.0,"timestamp":1614337164,"path_taken":["M","?","?","M","?","E","?","M","T","R","?","M","M","E","R","BOSS","M","?","$","M","?","E","R","E","T","?","M","M","E","M","R","BOSS","M","M","?","M"],"items_purchased_type":["Relic"],"build_version":"2020-12-22","purchased_purges":1,"victory":false,"max_hp_per_floor":[63,63,63,63,63,63,78,65,65,80,80,74,72,89,89,93,93,253,253,253,258,258,260,260,261,261,261,269,113,133,135,276,281,281,286,290,290,294,294],"card_choices":[{"not_picked":["SnowQueen","VoidDream","OSAHOGD"],"picked":"Singing Bowl","floor":1},{"not_picked":["FairyFestival","Scorched"],"picked":"PunishingBird","floor":1},{"not_picked":["ChargeUp","Reload"],"picked":"FlashingStrike","floor":1},{"not_picked":["Bloodbath","OldLady","ShyLook"],"picked":"Singing Bowl","floor":4},{"not_picked":["CrumblingArmor","Murderer"],"picked":"QueenOfHatred","floor":4},{"not_picked":["DesperateStruggle","StrikeDown","BayonetCombat"],"picked":"SKIP","floor":4},{"not_picked":["Murderer","OldLady"],"picked":"LongBird","floor":6},{"not_picked":["ShrineToMusic","BurningFlash"],"picked":"GreatSerpentsImpact","floor":6},{"not_picked":["MHz","MeatLantern"],"picked":"Funeral","floor":7},{"not_picked":["ChargeUp","ViolentFlame","BayonetCombat"],"picked":"SKIP","floor":7},{"not_picked":["CrumblingArmor","Bloodbath","VoidDream"],"picked":"Singing Bowl","floor":8},{"not_picked":["SunsetBlade","SinglePointStab","GuardingStance"],"picked":"SKIP","floor":8},{"not_picked":["Bloodbath","HappyTeddy","Wellcheers"],"picked":"Singing Bowl","floor":12},{"not_picked":["GaleKick","EndlessBattle"],"picked":"Parry2","floor":12},{"not_picked":["ShyLook","LittlePrince","HeroicMonk"],"picked":"Singing Bowl","floor":13},{"not_picked":["SnowQueen","BeautyBeast"],"picked":"Mercenary","floor":13},{"not_picked":["GuardingStance","TheWillOfTheCity","EndlessBattle"],"picked":"SKIP","floor":13},{"not_picked":["BeautyBeast","Scarecrow","SilentOrchestra"],"picked":"Singing Bowl","floor":14},{"not_picked":["BiAn","SuanNi"],"picked":"FieryWaltz","floor":14},{"not_picked":["OldLady","Scarecrow"],"picked":"DespairKnight","floor":16},{"not_picked":["LaLuna","Porccubus","Variant"],"picked":"Singing Bowl","floor":18},{"not_picked":["BattleCommand","RapidGashes"],"picked":"JiaoTu","floor":18},{"not_picked":["DreamingCurrent","Murderer"],"picked":"BigBadWolf","floor":21},{"not_picked":["SerpentSwordTechnique+1","HighKick"],"picked":"DistortedBlade","floor":21},{"not_picked":["Scarecrow","Laetitia","OSAHOGD"],"picked":"Singing Bowl","floor":22},{"not_picked":["HighKick","TraceOfFumes"],"picked":"Clone","floor":22},{"not_picked":["Woodsman","LittleHelper","CrumblingArmor"],"picked":"Singing Bowl","floor":23},{"not_picked":["Reload","FocusFire","ExtremeEdge"],"picked":"SKIP","floor":23},{"not_picked":["SnowQueen","GreedKing","LittleHelper"],"picked":"Singing Bowl","floor":25},{"not_picked":["CherryBlossoms","Scorched"],"picked":"BigBird","floor":25},{"not_picked":["BlindFaith","GreatSerpentsImpact+1","ShrineToMusic"],"picked":"SKIP","floor":25},{"not_picked":["BlindFaith","ShrineToMusic"],"picked":"GreatSerpentsImpact+1","floor":25},{"not_picked":["RedShoes","LaLuna","ShyLook"],"picked":"Singing Bowl","floor":28},{"not_picked":["MeatLantern","GalaxyChild"],"picked":"WhiteNight","floor":29},{"not_picked":["SinglePointStab","FervidEmotions","MindWhip"],"picked":"SKIP","floor":29},{"not_picked":["QueenBee","LaLuna","SingingMachine"],"picked":"Singing Bowl","floor":30},{"not_picked":["GreedKing","BeautyBeast","CherryBlossoms"],"picked":"Singing Bowl","floor":31},{"not_picked":["IronWall","FlashingStrike+1","CoordinatedAssault"],"picked":"SKIP","floor":31},{"not_picked":["CherryBlossoms","Bloodbath","SnowQueen"],"picked":"Singing Bowl","floor":33},{"not_picked":["TieShanKao","FleshFillet"],"picked":"BoundaryOfDeath","floor":33},{"not_picked":["QueenBee","MeatLantern"],"picked":"Woodsman","floor":35},{"not_picked":["GuardingStance","SnakesPrey","SnakeSlit+1"],"picked":"SKIP","floor":35},{"not_picked":["VoidDream","RedShoes","SnowQueen"],"picked":"Singing Bowl","floor":36},{"not_picked":["GuardingStance","StrikeDown","SuppressingShot+1"],"picked":"SKIP","floor":36}],"player_experience":128183,"relics_obtained":[{"floor":1,"key":"LetterFromLob"},{"floor":5,"key":"PageOfScorchedGirl"},{"floor":6,"key":"PageOfAlriune"},{"floor":9,"key":"Peace Pipe"},{"floor":14,"key":"CeramicFish"},{"floor":22,"key":"Red Mask"},{"floor":23,"key":"PageOfHappyTeddyBear"},{"floor":25,"key":"Ice Cream"},{"floor":26,"key":"Mummified Hand"},{"floor":28,"key":"Twilight"},{"floor":29,"key":"AtMidnight"},{"floor":30,"key":"DeathAngel"}],"event_choices":[{"damage_healed":0,"gold_gain":75,"player_choice":"Gather Gold","damage_taken":11,"max_hp_gain":0,"max_hp_loss":0,"event_name":"World of Goop","floor":2,"gold_loss":0},{"cards_removed":["FocusedStrikes"],"damage_healed":0,"gold_gain":0,"player_choice":"Card Removal","damage_taken":0,"max_hp_gain":0,"max_hp_loss":0,"event_name":"The Cleric","floor":3,"gold_loss":50},{"damage_healed":0,"gold_gain":0,"player_choice":"Success","damage_taken":3,"relics_obtained":["Ginger"],"max_hp_gain":0,"max_hp_loss":0,"event_name":"Scrap Ooze","floor":11,"gold_loss":0},{"damage_healed":0,"gold_gain":99,"player_choice":"Stole From Cult","damage_taken":0,"max_hp_gain":0,"max_hp_loss":0,"event_name":"Nest","floor":19,"gold_loss":0},{"damage_healed":0,"gold_gain":0,"player_choice":"Fought Bandits","damage_taken":0,"max_hp_gain":0,"max_hp_loss":0,"event_name":"Masked Bandits","floor":22,"gold_loss":0},{"damage_healed":0,"gold_gain":0,"player_choice":"","damage_taken":6,"max_hp_gain":0,"max_hp_loss":0,"event_name":"Knowing Skull","floor":27,"potions_obtained":[],"gold_loss":0,"cards_obtained":[]},{"damage_healed":0,"gold_gain":0,"player_choice":"0 cards matched","damage_taken":0,"max_hp_gain":0,"max_hp_loss":0,"event_name":"Match and Keep!","floor":37,"gold_loss":0,"cards_obtained":[]}],"is_beta":false,"boss_relics":[{"not_picked":["Fusion Hammer","SacredBark"],"picked":"SlaversCollar"},{"not_picked":["Cursed Key","Snecko Eye"],"picked":"Black Star"}],"items_purged_floors":[20],"is_endless":false,"potions_floor_spawned":[7,8,14,18,21,22,25,31,36],"killed_by":"Jaw Worm Horde","ascension_level":0}}