{"host":"puhn14s7bdwcyqz6","time":1614307347,"event":{"mods":["BaseMod","CapriCore","Koishi","Marisa（霧雨　魔理沙）","Minty Spire (QoL Compilation)","Reimu（博丽灵梦）","Remilia（蕾米莉亚）","StSLib","The Administrix","The Immortal","The Senshi","The Servant 0.9.4"],"gold_per_floor":[112,132,146,116,130,130,140,140,140,140,153,170,170,188,188,285,285,303,320,320,320],"floor_reached":20,"language":"ENG","playtime":1666,"items_purged":[],"score":170,"play_id":"8e47cc98-f465-4f61-873c-1993f3519139","local_time":"20210225214227","is_ascension_mode":false,"campfire_choices":[{"floor":6,"key":"REST"},{"floor":8,"key":"REST"},{"floor":13,"key":"REST"},{"floor":15,"key":"REST"}],"circlet_count":0,"master_deck":["Strike_Lin:ReiMu","Strike_Lin:ReiMu","Strike_Lin:ReiMu","Strike_Lin:ReiMu","Defend_Lin:ReiMu","Defend_Lin:ReiMu","Defend_Lin:ReiMu","Defend_Lin:ReiMu","NB:ReiMu","Stagnation:ReiMu","SafetyPray:ReiMu","PhosphorusFlame:ReiMu","OctopathBindingBorder2:ReiMu","YinYangSange:ReiMu","RainPray2:ReiMu","Conquer:ReiMu","Parasite","Mountainwind:ReiMu","Crusade:ReiMu","TightArray:ReiMu","HakureiPhantom:ReiMu","YinYangSign:ReiMu+1","Amulet:ReiMu"],"relics":["FlyPower:ReiMu","Gremlin Horn","RedLine:ReiMu"],"acts_visited":["Exordium","TheCity"],"potions_floor_usage":[11,16,18],"damage_taken":[{"damage":10,"enemies":"Jaw Worm","floor":1,"turns":5},{"damage":6,"enemies":"2 Louse","floor":2,"turns":7},{"damage":12,"enemies":"Cultist","floor":3,"turns":6},{"damage":10,"enemies":"Looter","floor":4,"turns":4},{"damage":24,"enemies":"3 Louse","floor":5,"turns":5},{"damage":16,"enemies":"Large Slime","floor":7,"turns":10},{"damage":11,"enemies":"Lots of Slimes","floor":11,"turns":2},{"damage":26,"enemies":"Gremlin Gang","floor":12,"turns":4},{"damage":9,"enemies":"Large Slime","floor":14,"turns":7},{"damage":44,"enemies":"The Guardian","floor":16,"turns":8},{"damage":25,"enemies":"3 Byrds","floor":18,"turns":5},{"damage":41,"enemies":"Spheric Guardian","floor":19,"turns":7},{"damage":11,"enemies":"Cultist and Chosen","floor":20,"turns":3}],"seed_played":"2121595762357762869","potions_obtained":[{"floor":5,"key":"Explosive Potion"},{"floor":7,"key":"Dexterity Potion"},{"floor":11,"key":"Ancient Potion"},{"floor":12,"key":"LiquidMemories"},{"floor":14,"key":"DistilledChaos"},{"floor":18,"key":"Energy Potion"},{"floor":19,"key":"GrandPatriotsElixir:ReiMu"}],"is_trial":false,"path_per_floor":["M","M","M","M","M","R","M","R","T","?","M","M","R","M","R","B",null,"M","M","M"],"character_chosen":"REIMU","items_purchased":[],"campfire_rested":4,"item_purchase_floors":[],"current_hp_per_floor":[61,55,43,33,9,30,14,35,35,52,41,15,36,27,48,4,71,46,5,0,0],"gold":320,"neow_bonus":"TEN_PERCENT_HP_BONUS","is_daily":false,"chose_seed":false,"campfire_upgraded":0,"win_rate":0.0,"timestamp":1614307347,"path_taken":["M","M","M","M","M","R","M","R","T","?","M","M","R","M","R","BOSS","M","M","M"],"items_purchased_type":[],"build_version":"2020-12-22","purchased_purges":0,"victory":false,"max_hp_per_floor":[71,71,71,71,71,71,71,71,71,71,71,71,71,71,71,71,71,71,71,71,71],"card_choices":[{"not_picked":["WonderfulDomain:ReiMu","SubAcupoint:ReiMu"],"picked":"SafetyPray:ReiMu","floor":1},{"not_picked":["WonderfulDomain:ReiMu","Intuition:ReiMu"],"picked":"PhosphorusFlame:ReiMu","floor":2},{"not_picked":["Crusade:ReiMu","AirStrike:ReiMu"],"picked":"OctopathBindingBorder2:ReiMu","floor":3},{"not_picked":["Amulet:ReiMu","AlertArray:ReiMu"],"picked":"YinYangSange:ReiMu","floor":4},{"not_picked":["TightArray:ReiMu","OctopathBindingBorder2:ReiMu"],"picked":"RainPray2:ReiMu","floor":5},{"not_picked":["FantasyMoon:ReiMu","SubAcupoint:ReiMu"],"picked":"Conquer:ReiMu","floor":7},{"not_picked":["WonderfulDomain:ReiMu","CareerPray:ReiMu"],"picked":"Mountainwind:ReiMu","floor":11},{"not_picked":["LearningPray:ReiMu","AirManeuver:ReiMu"],"picked":"Crusade:ReiMu","floor":12},{"not_picked":["SafetyPray:ReiMu","SpreadBorder2:ReiMu"],"picked":"TightArray:ReiMu","floor":14},{"not_picked":["YinYang:ReiMu","CleanRite:ReiMu"],"picked":"HakureiPhantom:ReiMu","floor":16},{"not_picked":["OrbThrow:ReiMu","ShadowOfCrow2:ReiMu"],"picked":"YinYangSign:ReiMu+1","floor":18},{"not_picked":["AlertArray:ReiMu","Conquer:ReiMu"],"picked":"Amulet:ReiMu","floor":19}],"player_experience":85975,"relics_obtained":[{"floor":9,"key":"Gremlin Horn"}],"event_choices":[{"damage_healed":17,"gold_gain":0,"player_choice":"Healed and dodged fight","damage_taken":0,"max_hp_gain":0,"max_hp_loss":0,"event_name":"Mushrooms","floor":10,"gold_loss":0,"cards_obtained":["Parasite"]}],"is_beta":false,"boss_relics":[{"not_picked":["SacredBark","Runic Pyramid"],"picked":"RedLine:ReiMu"}],"items_purged_floors":[],"is_endless":false,"potions_floor_spawned":[5,7,11,12,14,18,19],"killed_by":"Cultist and Chosen","ascension_level":0}}