{"host":"prxrhpgaxnj4om9r","time":1614301665,"event":{"mods":["AchievementEnabler","BaseMod","Colored Map","DeckTracker","Keyboard Shortcuts","Minty Spire (QoL Compilation)"],"gold_per_floor":[212,112,123,123,139,172,188,188,188,33,106,127,127,202,202,322,385,400,82,100,100,26,61,61,76,101,101,119,219,219,237,237,340,340,359,377,377,377,423,423,423],"floor_reached":40,"language":"KOR","playtime":2123,"items_purged":[],"score":529,"play_id":"0119de73-6a05-40ab-87c0-eac014bd9b74","local_time":"20210226100745","is_ascension_mode":false,"campfire_choices":[{"floor":8.0,"key":"REST"},{"data":"Defragment","floor":15.0,"key":"SMITH"},{"data":"Echo Form","floor":24.0,"key":"SMITH"},{"data":"Ghostly","floor":32.0,"key":"SMITH"}],"circlet_count":0,"master_deck":["Strike_B","Strike_B","Strike_B+1","Defend_B","Defend_B","Zap","Dualcast","Cold Snap","Force Field","Hello World","Defragment+1","Ball Lightning+1","Self Repair","Parasite","Echo Form+1","Beam Cell+1","Doom and Gloom+1","Steam Power","Leap+1","Ghostly+1","Ghostly","Ghostly","Ghostly","Ghostly","Reboot","Sweeping Beam+1","Sweeping Beam+1","Necronomicurse","Compile Driver+1","All For One+1","Buffer+1","All For One+1","Genetic Algorithm+1","Turbo+1","Beam Cell+1","Sunder+1","Steam","Enlightenment","Trip","Capacitor+1"],"relics":["Cracked Core","Bloody Idol","Gremlin Horn","Molten Egg 2","Juzu Bracelet","Gambling Chip","Tiny House","Membership Card","Blood Vial","Bronze Scales","Lantern","FossilizedHelix","Prayer Wheel","Symbiotic Virus","Necronomicon","Astrolabe","Unceasing Top"],"acts_visited":["Exordium","TheCity","TheBeyond"],"potions_floor_usage":[39],"damage_taken":[{"damage":6.0,"enemies":"Cultist","floor":1.0,"turns":3.0},{"damage":9.0,"enemies":"Jaw Worm","floor":3.0,"turns":3.0},{"damage":1.0,"enemies":"2 Louse","floor":5.0,"turns":3.0},{"damage":34.0,"enemies":"Gremlin Nob","floor":6.0,"turns":5.0},{"damage":1.0,"enemies":"Exordium Thugs","floor":7.0,"turns":4.0},{"damage":5.0,"enemies":"3 Sentries","floor":11.0,"turns":5.0},{"damage":9.0,"enemies":"Blue Slaver","floor":12.0,"turns":3.0},{"damage":0.0,"enemies":"Slime Boss","floor":16.0,"turns":8.0},{"damage":26.0,"enemies":"2 Thieves","floor":18.0,"turns":3.0},{"damage":22.0,"enemies":"Shell Parasite","floor":20.0,"turns":3.0},{"damage":7.0,"enemies":"Gremlin Leader","floor":23.0,"turns":6.0},{"damage":0.0,"enemies":"3 Cultists","floor":25.0,"turns":6.0},{"damage":11.0,"enemies":"Shelled Parasite and Fungi","floor":28.0,"turns":7.0},{"damage":13.0,"enemies":"Colosseum Slavers","floor":29.0,"turns":4.0},{"damage":7.0,"enemies":"Colosseum Nobs","floor":29.0,"turns":5.0},{"damage":20.0,"enemies":"Centurion and Healer","floor":31.0,"turns":4.0},{"damage":53.0,"enemies":"Champ","floor":33.0,"turns":11.0},{"damage":1.0,"enemies":"Orb Walker","floor":35.0,"turns":4.0},{"damage":0,"enemies":"3 Darklings","floor":36,"turns":3},{"damage":1,"enemies":"2 Orb Walkers","floor":39,"turns":4},{"damage":50,"enemies":"Nemesis","floor":40,"turns":3}],"seed_played":"-1611574685093463501","potions_obtained":[{"floor":5.0,"key":"DistilledChaos"},{"floor":6.0,"key":"BlessingOfTheForge"},{"floor":7.0,"key":"Weak Potion"},{"floor":11.0,"key":"SkillPotion"},{"floor":17.0,"key":"EntropicBrew"},{"floor":18.0,"key":"SpeedPotion"},{"floor":23.0,"key":"SmokeBomb"},{"floor":28.0,"key":"GamblersBrew"},{"floor":36,"key":"Fire Potion"}],"is_trial":false,"path_per_floor":["M","$","M","?","M","E","M","R","T","$","?","M","?","?","R","B",null,"M","$","M","?","$","E","R","M","T","?","M","?","?","M","R","B",null,"M","M","?","?","?","E"],"character_chosen":"DEFECT","items_purchased":["FairyPotion","Juzu Bracelet","Membership Card","Blood Vial","Bronze Scales","Steam Power","Lantern"],"campfire_rested":1,"item_purchase_floors":[2,10,19,19,19,19,22],"current_hp_per_floor":[69,69,60,42,41,7,6,28,28,28,30,28,46,35,35,42,80,61,61,55,40,40,33,33,40,40,40,40,40,24,25,25,38,40,40,40,40,35,40,0,0],"gold":423,"neow_bonus":"HUNDRED_GOLD","is_daily":false,"chose_seed":false,"campfire_upgraded":3,"win_rate":0.0,"timestamp":1614301665,"path_taken":["M","?","?","?","M","E","M","R","T","$","?","M","?","?","R","BOSS","M","$","M","?","$","E","R","M","T","?","M","?","?","M","R","BOSS","M","M","?","?","?","E"],"items_purchased_type":["Potion","Relic","Relic","Relic","Relic","Card","Relic"],"build_version":"2020-12-22","purchased_purges":0,"victory":false,"max_hp_per_floor":[75,75,75,75,75,75,75,75,75,75,75,75,75,75,75,75,80,80,80,80,40,40,40,40,40,40,40,40,40,40,40,40,40,40,40,40,40,40,40,40,40],"card_choices":[{"not_picked":["Redo","Turbo"],"picked":"Cold Snap","floor":1.0},{"not_picked":["Rebound","Gash"],"picked":"Force Field","floor":3.0},{"not_picked":["Compile Driver","Cold Snap"],"picked":"Hello World","floor":5.0},{"not_picked":["Lockon","Chaos"],"picked":"Defragment","floor":6.0},{"not_picked":["Lockon","Compile Driver"],"picked":"Self Repair","floor":7.0},{"not_picked":["BootSequence","Conserve Battery"],"picked":"Ball Lightning+1","floor":11.0},{"not_picked":["Rebound+1","Conserve Battery"],"picked":"Self Repair","floor":12.0},{"not_picked":["Reboot","Biased Cognition"],"picked":"Echo Form","floor":16.0},{"not_picked":["Gash+1","Coolheaded"],"picked":"Beam Cell+1","floor":17.0},{"not_picked":["Fusion+1","Glacier+1"],"picked":"Doom and Gloom+1","floor":18.0},{"not_picked":["Stack","Sweeping Beam+1"],"picked":"Leap+1","floor":20.0},{"not_picked":["Rebound+1","Ball Lightning+1"],"picked":"Reboot","floor":23.0},{"not_picked":["Tempest","Coolheaded","Conserve Battery"],"picked":"SKIP","floor":25.0},{"not_picked":["Turbo+1","Redo"],"picked":"Sweeping Beam+1","floor":28.0},{"not_picked":["Hologram","Leap"],"picked":"Sweeping Beam+1","floor":29.0},{"not_picked":["Force Field","Gash+1"],"picked":"Compile Driver+1","floor":31.0},{"not_picked":["Leap","Blizzard+1","Rebound+1"],"picked":"SKIP","floor":31.0},{"not_picked":["Reboot","Biased Cognition"],"picked":"All For One+1","floor":33.0},{"not_picked":["Streamline+1","Steam"],"picked":"Turbo+1","floor":35},{"not_picked":["Rebound+1","Scrape+1"],"picked":"Beam Cell+1","floor":35},{"not_picked":["Force Field+1","Glacier+1"],"picked":"Sunder+1","floor":36},{"not_picked":["Chill","Turbo"],"picked":"Steam","floor":36},{"not_picked":["Finesse","Purity"],"picked":"Enlightenment","floor":38},{"not_picked":["Forethought","Thinking Ahead"],"picked":"Trip","floor":38},{"not_picked":["Steam+1","Go for the Eyes+1"],"picked":"Capacitor+1","floor":39}],"player_experience":661107,"relics_obtained":[{"floor":6.0,"key":"Gremlin Horn"},{"floor":9.0,"key":"Molten Egg 2"},{"floor":11.0,"key":"Gambling Chip"},{"floor":23.0,"key":"FossilizedHelix"},{"floor":29.0,"key":"Prayer Wheel"},{"floor":29.0,"key":"Symbiotic Virus"},{"floor":30.0,"key":"Necronomicon"},{"floor":39,"key":"Unceasing Top"}],"event_choices":[{"damage_healed":0.0,"max_hp_gain":0.0,"max_hp_loss":0.0,"gold_gain":0.0,"event_name":"Golden Idol","player_choice":"Take Damage","floor":4.0,"gold_loss":0.0,"damage_taken":18.0,"relics_obtained":["Golden Idol"]},{"damage_healed":0.0,"max_hp_gain":0.0,"max_hp_loss":0.0,"gold_gain":30.0,"event_name":"Dead Adventurer","player_choice":"Searched \u00272\u0027 times","floor":11.0,"gold_loss":0.0,"damage_taken":0.0},{"damage_healed":18.0,"max_hp_gain":0.0,"max_hp_loss":0.0,"gold_gain":0.0,"event_name":"Mushrooms","player_choice":"Healed and dodged fight","floor":13.0,"gold_loss":0.0,"damage_taken":0.0,"cards_obtained":["Parasite"]},{"damage_healed":0.0,"max_hp_gain":0.0,"max_hp_loss":0.0,"gold_gain":75.0,"event_name":"World of Goop","player_choice":"Gather Gold","floor":14.0,"gold_loss":0.0,"damage_taken":11.0},{"damage_healed":0.0,"max_hp_gain":0.0,"max_hp_loss":40.0,"gold_gain":0.0,"event_name":"Ghosts","player_choice":"Became a Ghost","floor":21.0,"gold_loss":0.0,"damage_taken":0.0,"cards_obtained":["Ghostly","Ghostly","Ghostly","Ghostly","Ghostly"]},{"damage_healed":0.0,"max_hp_gain":0.0,"max_hp_loss":0.0,"gold_gain":0.0,"event_name":"Forgotten Altar","player_choice":"Gave Idol","floor":27.0,"relics_lost":["Golden Idol"],"gold_loss":0.0,"damage_taken":0.0,"relics_obtained":["Bloody Idol"]},{"damage_healed":0.0,"max_hp_gain":0.0,"max_hp_loss":0.0,"gold_gain":0.0,"event_name":"Colosseum","player_choice":"Fight","floor":29.0,"gold_loss":0.0,"damage_taken":0.0},{"damage_healed":0.0,"max_hp_gain":0.0,"max_hp_loss":0.0,"gold_gain":0.0,"event_name":"Colosseum","player_choice":"Fought Nobs","floor":29.0,"gold_loss":0.0,"damage_taken":0.0},{"damage_healed":0.0,"max_hp_gain":0.0,"max_hp_loss":0.0,"gold_gain":0.0,"event_name":"Cursed Tome","player_choice":"Obtained Book","floor":30.0,"gold_loss":0.0,"damage_taken":16.0},{"cards_removed":["Self Repair"],"damage_healed":0,"gold_gain":0,"player_choice":"Removed Power","damage_taken":0,"max_hp_gain":0,"max_hp_loss":0,"event_name":"Falling","floor":37,"gold_loss":0},{"damage_healed":0,"gold_gain":0,"player_choice":"Memory 2","damage_taken":5,"max_hp_gain":0,"max_hp_loss":0,"event_name":"SensoryStone","floor":38,"gold_loss":0},{"damage_healed":0,"gold_gain":0,"player_choice":"Fight","damage_taken":0,"max_hp_gain":0,"max_hp_loss":0,"event_name":"Mysterious Sphere","floor":39,"gold_loss":0}],"is_beta":false,"boss_relics":[{"not_picked":["Black Star","Runic Dome"],"picked":"Tiny House"},{"not_picked":["Pandora\u0027s Box","Runic Pyramid"],"picked":"Astrolabe"}],"items_purged_floors":[],"is_endless":false,"potions_floor_spawned":[5,6,7,11,18,23,28,36],"killed_by":"Nemesis","ascension_level":0}}