{"host":"tod","time":1614336975,"event":{"mods":["ATMod(∞¢Ë™Mod)","AchievementEnabler","Act Like it!","BaseMod","CapriCore","Energized Spire","Highlight Path","Lobotomy","Marisa£®ÏF”Í°°ƒß¿Ì…≥£©","Minty Spire (QoL Compilation)","Quick Restart","Reimu£®≤©¿ˆ¡È√Œ£©","Relic Filter Mod","Relic Stats","Remilia£®¿Ÿ√◊¿Ú—«£©","Replay The Spire","Shop Mod","StSLib","The Cursed","The Immortal","Yakumo Yukari mod","Youmu£®ªÍ∆«—˝√Œ£©"],"gold_per_floor":[115,128,138,150,170,199,199,214,214,234,234,110,110,130,130,233,233,244,244,144,144,155,180,180,214,239,274,286,286,211,211,211,308,308,324,49,66,79,94,127,127,127,127,146,162,162,193,203,203,203],"floor_reached":51,"language":"ZHS","playtime":5408,"items_purged":["Defend_G","Survivor"],"score":944,"play_id":"0426c81b-d191-4e08-bd3a-5bee613aa443","local_time":"20210226185615","is_ascension_mode":true,"campfire_choices":[{"floor":13.0,"key":"REST"},{"data":"Cloak And Dagger","floor":15.0,"key":"SMITH"},{"data":"Cloak And Dagger","floor":24.0,"key":"SMITH"},{"floor":29.0,"key":"REST"},{"data":"1","floor":32.0,"key":"LIFT"},{"data":"2","floor":41.0,"key":"LIFT"},{"data":"3","floor":42.0,"key":"LIFT"},{"floor":46.0,"key":"REST"}],"circlet_count":0,"master_deck":["Strike_G","Strike_G","Strike_G","Strike_G","Strike_G","Defend_G","Defend_G","Defend_G","Defend_G","Neutralize","AT_BreakingExtremeWeapon","AT_ArcaneSupremacy","Dagger Spray","Blade Dance","Cloak And Dagger+1","Blur","Cloak And Dagger+1","Blade Dance+1","After Image","Cloak And Dagger","Blur+1","Adrenaline","Hidden Blade","Envenom","AT_BreakingExtremeWeapon","Blade Dance","Replay:Poison Smokescreen"],"relics":["Ring of the Snake","AT_ATBox","RuthlessExorcism:ReiMu","ScarletDevilRocket","AT_BellowingDragoncrestRing","Sozu","Bronze Scales","Girya","Blue Doll","Happy Flower","Fusion Hammer","AT_SeraphEmbrace","ReplayTheSpireMod:ShopPack","Replay:Baseball","CaptainsWheel","Replay:Multitool"],"acts_visited":["Exordium","TheCity","TheBeyond"],"potions_floor_usage":[50],"damage_taken":[{"damage":8.0,"enemies":"Small Slimes","floor":1.0,"turns":4.0},{"damage":0.0,"enemies":"Cultist","floor":2.0,"turns":2.0},{"damage":0.0,"enemies":"Jaw Worm","floor":3.0,"turns":3.0},{"damage":12.0,"enemies":"Exordium Wildlife","floor":4.0,"turns":2.0},{"damage":0.0,"enemies":"Looter","floor":5.0,"turns":2.0},{"damage":15.0,"enemies":"3 Sentries","floor":6.0,"turns":4.0},{"damage":5.0,"enemies":"Blue Slaver","floor":8.0,"turns":2.0},{"damage":0.0,"enemies":"3 Louse","floor":10.0,"turns":1.0},{"damage":8.0,"enemies":"Large Slime","floor":14.0,"turns":3.0},{"damage":6.0,"enemies":"The Guardian","floor":16.0,"turns":7.0},{"damage":0.0,"enemies":"Shell Parasite","floor":18.0,"turns":4.0},{"damage":6.0,"enemies":"2 Thieves","floor":22.0,"turns":2.0},{"damage":0.0,"enemies":"Replay:Snechameleon","floor":23.0,"turns":6.0},{"damage":9.0,"enemies":"Slavers","floor":25.0,"turns":3.0},{"damage":10.0,"enemies":"Gremlin Leader","floor":27.0,"turns":7.0},{"damage":0.0,"enemies":"Centurion and Healer","floor":28.0,"turns":4.0},{"damage":0.0,"enemies":"Automaton","floor":33.0,"turns":7.0},{"damage":0.0,"enemies":"3 Shapes","floor":35.0,"turns":2.0},{"damage":0.0,"enemies":"3 Darklings","floor":37.0,"turns":3.0},{"damage":2.0,"enemies":"Jaw Worm Horde","floor":38.0,"turns":3.0},{"damage":13.0,"enemies":"Transient","floor":39.0,"turns":5.0},{"damage":0.0,"enemies":"Reptomancer","floor":40.0,"turns":3.0},{"damage":4.0,"enemies":"R_Hoarder","floor":42.0,"turns":3.0},{"damage":0.0,"enemies":"Sphere and 2 Shapes","floor":44.0,"turns":3.0},{"damage":0.0,"enemies":"3 Darklings","floor":45.0,"turns":4.0},{"damage":2.0,"enemies":"R_Hoarder","floor":47.0,"turns":4.0},{"damage":12.0,"enemies":"4 Shapes","floor":48.0,"turns":3.0},{"damage":36,"enemies":"Replay:Hell Engine","floor":50,"turns":5},{"damage":7,"enemies":"Malkuth","floor":51,"turns":8},{"damage":0,"enemies":"Netzach","floor":51,"turns":6},{"damage":41,"enemies":"Chesed","floor":51,"turns":8},{"damage":47,"enemies":"Binah","floor":51,"turns":15}],"seed_played":"-5072660317790880404","potions_obtained":[{"floor":1.0,"key":"LifebloodPotion"},{"floor":4.0,"key":"Fire Potion"},{"floor":6.0,"key":"Energy Potion"},{"floor":14.0,"key":"Dexterity Potion"},{"floor":16.0,"key":"Block Potion"}],"is_trial":false,"path_per_floor":["M","M","M","M","M","E","?","M","T","M","?","$","R","M","R","B",null,"M","?","$","?","M","E","R","E","T","E","M","R","?","$","R","B",null,"M","$","M","M","M","E","R","E","T","M","M","R","E","M","R","B",null],"character_chosen":"THE_SILENT","items_purchased":["Cloak And Dagger","AT_ArchangelStaff","ReplayTheSpireMod:ShopPack"],"campfire_rested":3,"item_purchase_floors":[12,36,36],"current_hp_per_floor":[55,55,55,43,43,28,28,23,23,23,23,23,41,33,33,27,54,54,54,54,54,48,48,48,39,39,29,29,47,47,47,47,51,60,60,60,60,58,45,45,45,41,41,45,45,63,61,49,63,30],"gold":203,"neow_bonus":"RANDOM_COLORLESS_2","is_daily":false,"chose_seed":false,"campfire_upgraded":2,"win_rate":0.0,"timestamp":1614336975,"path_taken":["M","M","M","M","M","E","?","?","T","M","?","$","R","M","R","BOSS","M","?","$","?","M","E","R","E","T","E","M","R","?","$","R","BOSS","M","$","M","M","M","E","R","E","T","M","M","R","E","M","R","BOSS"],"items_purchased_type":["Card","Relic","Relic"],"build_version":"2020-12-18","purchased_purges":2,"victory":true,"max_hp_per_floor":[63,63,63,63,63,63,63,63,63,63,63,63,63,63,63,63,63,63,63,63,63,63,63,63,63,63,63,63,63,63,63,63,63,63,63,63,63,63,63,63,63,63,63,63,63,63,63,63,63,63],"relic_stats":{"Sozu":8,"Happy Flower":[30],"counters":[33,142],"Bronze Scales":[279],"obtain_stats":[{"AT_SeraphEmbrace":51,"Girya":25,"AT_ATBox":0,"ScarletDevilRocket":7,"Happy Flower":27,"Blue Doll":26,"Replay:Multitool":47,"AT_ArchangelStaff":36,"Sozu":17,"Replay:Baseball":40,"CaptainsWheel":43,"AT_BellowingDragoncrestRing":9,"Bronze Scales":23,"Fusion Hammer":34,"Ring of the Snake":0,"RuthlessExorcism:ReiMu":6,"ReplayTheSpireMod:ShopPack":36},{"AT_SeraphEmbrace":29,"Girya":14,"AT_ATBox":0,"ScarletDevilRocket":6,"Happy Flower":15,"Blue Doll":14,"Replay:Multitool":26,"AT_ArchangelStaff":18,"Sozu":10,"Replay:Baseball":22,"CaptainsWheel":23,"AT_BellowingDragoncrestRing":7,"Bronze Scales":13,"Fusion Hammer":17,"Ring of the Snake":0,"RuthlessExorcism:ReiMu":6,"ReplayTheSpireMod:ShopPack":18},{"AT_SeraphEmbrace":102,"Girya":45,"AT_ATBox":0,"ScarletDevilRocket":17,"Happy Flower":52,"Blue Doll":45,"Replay:Multitool":93,"AT_ArchangelStaff":65,"Sozu":30,"Replay:Baseball":79,"CaptainsWheel":82,"AT_BellowingDragoncrestRing":19,"Bronze Scales":42,"Fusion Hammer":63,"Ring of the Snake":0,"RuthlessExorcism:ReiMu":17,"ReplayTheSpireMod:ShopPack":65}],"Ring of the Snake":[66]},"card_choices":[{"not_picked":["The Bomb","ReplayUltimateDefense"],"picked":"AT_BreakingExtremeWeapon","floor":0.0},{"not_picked":["AT_WindRun","Accuracy"],"picked":"Dagger Spray","floor":1.0},{"not_picked":["Dagger Spray","AT_WindFlip"],"picked":"Blade Dance","floor":2.0},{"not_picked":["Prepared","Dodge and Roll"],"picked":"Accuracy","floor":3.0},{"not_picked":["Backstab","Bane"],"picked":"Accuracy","floor":4.0},{"not_picked":["Concentrate","ReplayTheSpireMod:Exploit Weakness","Dodge and Roll"],"picked":"SKIP","floor":5.0},{"not_picked":["Skewer","All Out Attack","Underhanded Strike"],"picked":"SKIP","floor":6.0},{"not_picked":["Dagger Throw","Riddle With Holes"],"picked":"Cloak And Dagger","floor":8.0},{"not_picked":["ReplayTheSpireMod:Necrosis","ReplayTheSpireMod:Tripwire"],"picked":"Blur","floor":10.0},{"not_picked":["Fluid Movement","Tactician"],"picked":"Blade Dance","floor":14.0},{"not_picked":["Grand Finale","Unload"],"picked":"After Image","floor":16.0},{"not_picked":["AT_WindFlip","Bane","Deflect"],"picked":"SKIP","floor":18.0},{"not_picked":["Bane","Sucker Punch"],"picked":"Cloak And Dagger","floor":22.0},{"not_picked":["Underhanded Strike","ReplayTheSpireMod:Necrosis","Deflect"],"picked":"SKIP","floor":23.0},{"not_picked":["Underhanded Strike","ReplayTheSpireMod:Necrosis","Deflect"],"picked":"SKIP","floor":23.0},{"not_picked":["Crippling Poison","PiercingWail"],"picked":"Blur+1","floor":25.0},{"not_picked":["Skewer","Escape Plan+1"],"picked":"Adrenaline","floor":27.0},{"not_picked":["Calculated Gamble","ReplayTheSpireMod:Exploit Weakness"],"picked":"Hidden Blade","floor":28.0},{"not_picked":["Adrenaline","AT_MyraUnstableElement"],"picked":"Envenom","floor":33.0},{"not_picked":["Cloak And Dagger","Underhanded Strike","Slice"],"picked":"SKIP","floor":35.0},{"not_picked":["Thinking Ahead","Secret Technique"],"picked":"AT_BreakingExtremeWeapon","floor":36.0},{"not_picked":["Acrobatics+1","Dodge and Roll+1","Crippling Poison"],"picked":"SKIP","floor":37.0},{"not_picked":["Slice","Accuracy+1","Dagger Spray+1"],"picked":"SKIP","floor":38.0},{"not_picked":["AT_WindFlip","AT_ThistleTea","PiercingWail"],"picked":"SKIP","floor":39.0},{"not_picked":["Expertise+1","Dodge and Roll+1","Burst"],"picked":"SKIP","floor":40.0},{"not_picked":["Dagger Spray","Concentrate+1","AT_WindFlip"],"picked":"SKIP","floor":44.0},{"not_picked":["Dagger Spray","Crippling Poison"],"picked":"Blade Dance","floor":45.0},{"not_picked":["Cloak And Dagger","Dagger Spray+1","AT_WindFlip+1"],"picked":"SKIP","floor":47.0},{"not_picked":["Dash+1","Dagger Throw"],"picked":"Replay:Poison Smokescreen","floor":48.0}],"player_experience":430396,"relics_obtained":[{"floor":6.0,"key":"RuthlessExorcism:ReiMu"},{"floor":9.0,"key":"AT_BellowingDragoncrestRing"},{"floor":23.0,"key":"Bronze Scales"},{"floor":25.0,"key":"Girya"},{"floor":26.0,"key":"Blue Doll"},{"floor":27.0,"key":"Happy Flower"},{"floor":40.0,"key":"Replay:Baseball"},{"floor":43.0,"key":"CaptainsWheel"},{"floor":47.0,"key":"Replay:Multitool"}],"event_choices":[{"cards_removed":["Accuracy"],"damage_healed":0.0,"max_hp_gain":0.0,"max_hp_loss":0.0,"gold_gain":0.0,"event_name":"WeMeetAgain","player_choice":"Gave Card","floor":7.0,"gold_loss":0.0,"damage_taken":0.0,"relics_obtained":["ScarletDevilRocket"]},{"damage_healed":0.0,"max_hp_gain":0.0,"max_hp_loss":0.0,"gold_gain":0.0,"event_name":"Golden Idol","player_choice":"Ignored","floor":11.0,"gold_loss":0.0,"damage_taken":0.0},{"damage_healed":0.0,"max_hp_gain":0.0,"max_hp_loss":0.0,"gold_gain":0.0,"event_name":"Ghosts","player_choice":"Ignored","floor":19.0,"gold_loss":0.0,"damage_taken":0.0},{"cards_removed":["Accuracy"],"damage_healed":0.0,"max_hp_gain":0.0,"max_hp_loss":0.0,"gold_gain":0.0,"event_name":"Beggar","player_choice":"Gave Gold","floor":30.0,"gold_loss":75.0,"damage_taken":0.0}],"is_beta":true,"boss_relics":[{"not_picked":["Honey Jar","ReplayTheSpireMod:DimensionalGlitch"],"picked":"Sozu"},{"not_picked":["energizedSpire:HugeHouse","energizedSpire:HighHeels"],"picked":"Fusion Hammer"}],"items_purged_floors":[12,20],"is_endless":false,"potions_floor_spawned":[1,4,6,14,16,18,23,27,28,35,38,40,42,48],"ascension_level":6}}