{"host":"9h5iyctwfxwfihmv","time":1614352841,"event":{"mods":["100% Spire Juice","2.2 Compatiblity","Act Like it!","BaseMod","Better Note","Better Third Choice","BetterRewards","Colored Map","Colored Powertips","Custom Start","Defective Defect","Disable Question Mark Monsters","Energized Spire","Friendly Minions","Gensokyo","Hallownest","Ironclad Rager","MarisaÅiñ∂âJÅ@ñÇóùçπÅj","Minty Spire (QoL Compilation)","Permanent Neow","Quick Restart","Random Character Button","Rare Cards Sparkle","Relic Filter","Relic Stats","Ruina","StSLib","Td1madao Mod","The Awakened One except there are too many feathers","The Jungle","The Servant 0.9.4","Transform Curses","Uncapped","Unceasing Turn Reminder","UnlockEverythingMod","Waifu the Spire","egg","everything is the same but u backflip on backflip","slay the spire mod where everything is the same but ironclad has a cowboy hat"],"gold_per_floor":[114,114,114,13,33,65,65,8,8,8,8,38,38,49,49,351,111,127,7,25,25,25],"floor_reached":21,"language":"ENG","playtime":1303,"items_purged":[],"score":187,"play_id":"fc641e97-7fc0-4646-b6a4-6bc2c4c5f7d2","local_time":"20210226102041","is_ascension_mode":false,"campfire_choices":[{"floor":7,"key":"REST"},{"data":"Moonworks:UnpaidWork","floor":11,"key":"SMITH"},{"data":"Moonworks:Accelerator","floor":13,"key":"SMITH"},{"floor":15,"key":"REST"}],"circlet_count":0,"master_deck":["Moonworks:Strike","Moonworks:Strike","Moonworks:Strike","Moonworks:Strike","Moonworks:Defend","Moonworks:Defend","Moonworks:Defend","Moonworks:Defend","Moonworks:Ambush","Moonworks:LongDistanceShot","Moonworks:Assault+1","Moonworks:UnpaidWork+1","Gensokyo:CrescentMoonSlash+1","Moonworks:JonathanRush","Moonworks:Poppoformation","Moonworks:JonathanRush","Moonworks:Accelerator+1","Moonworks:Bloodlust","Moonworks:BigBangBell","Moonworks:BeyondHell","Gensokyo:RPG","Moonworks:JonathanRush","Moonworks:HolyNight","Moonworks:RedAndBlue"],"relics":["Moonworks:BrokenBomb","Moonworks:Homemark","Prayer Wheel","StrikeDummy","Whetstone","Moonworks:LittleGull","Kunai","energizedSpire:DeadBattery"],"acts_visited":["Exordium","Gensokyo:Gensokyo"],"potions_floor_usage":[],"damage_taken":[{"damage":4,"enemies":"Gensokyo:2_Kodama","floor":1,"turns":5},{"damage":7,"enemies":"Gensokyo:Gryphon","floor":4,"turns":4},{"damage":0,"enemies":"Gensokyo:3_Fairies","floor":5,"turns":4},{"damage":18,"enemies":"Gensokyo:Cirno","floor":6,"turns":5},{"damage":21,"enemies":"Gensokyo:Mamizou","floor":12,"turns":6},{"damage":4,"enemies":"Gensokyo:VengefulSpirit","floor":14,"turns":4},{"damage":31,"enemies":"Gensokyo:Reimu","floor":16,"turns":6},{"damage":32,"enemies":"theJungle:GiantWrat","floor":18,"turns":4},{"damage":31,"enemies":"theJungle:Flameango_and_Byrd","floor":20,"turns":4},{"damage":11,"enemies":"theJungle:SlimyTreeVines","floor":21,"turns":2}],"seed_played":"-3217640115188203892","potions_obtained":[{"floor":5,"key":"LiquidMemories"},{"floor":6,"key":"Dexterity Potion"},{"floor":14,"key":"CultistPotion"}],"is_trial":false,"path_per_floor":["M","?","?","M","M","E","R","COS","T","T","R","E","R","M","R","B",null,"M","$","M","M"],"character_chosen":"THE_STARBREAKER","items_purchased":[],"campfire_rested":2,"item_purchase_floors":[],"current_hp_per_floor":[38,29,29,22,22,10,28,28,28,28,28,17,17,15,33,16,60,36,36,5,0,0],"gold":25,"neow_bonus":"ONE_RARE_RELIC","is_daily":false,"chose_seed":false,"campfire_upgraded":2,"win_rate":0.0,"timestamp":1614352841,"path_taken":["M","?","?","M","M","E","R","COS","T","?","R","E","R","M","R","BOSS","M","$","M","M"],"items_purchased_type":[],"build_version":"2020-12-22","purchased_purges":0,"victory":false,"max_hp_per_floor":[60,60,60,60,60,60,60,60,60,60,60,60,60,60,60,60,60,60,60,60,60,60],"relic_stats":{"counters":[10,43],"Prayer Wheel":6,"Whetstone":["Moonworks:Assault","Gensokyo:CrescentMoonSlash"],"Kunai":[7],"obtain_stats":[{"Moonworks:LittleGull":10,"Moonworks:Homemark":0,"Prayer Wheel":0,"Whetstone":9,"Kunai":12,"StrikeDummy":6,"energizedSpire:DeadBattery":17,"Moonworks:BrokenBomb":0},{"Moonworks:LittleGull":4,"Moonworks:Homemark":0,"Prayer Wheel":0,"Whetstone":4,"Kunai":5,"StrikeDummy":4,"energizedSpire:DeadBattery":7,"Moonworks:BrokenBomb":0},{"Moonworks:LittleGull":18,"Moonworks:Homemark":0,"Prayer Wheel":0,"Whetstone":18,"Kunai":24,"StrikeDummy":18,"energizedSpire:DeadBattery":34,"Moonworks:BrokenBomb":0}]},"card_choices":[{"not_picked":["Moonworks:NicePresent","Moonworks:CastOff"],"picked":"Moonworks:Assault","floor":1},{"not_picked":["Moonworks:CloudOfSeagulls","Moonworks:FinalSurgery"],"picked":"Moonworks:UnpaidWork","floor":1},{"not_picked":["Moonworks:DeployBits","Moonworks:ForcedRevival"],"picked":"Moonworks:JonathanRush","floor":3},{"not_picked":["Moonworks:NicePresent","Moonworks:SakisCookie"],"picked":"Moonworks:Poppoformation","floor":3},{"not_picked":["Moonworks:Assault","Moonworks:SealedMemories"],"picked":"Moonworks:JonathanRush","floor":4},{"not_picked":["Moonworks:MixPhenomenon","Moonworks:EvilSpyWorkPreparation"],"picked":"Moonworks:Accelerator","floor":4},{"not_picked":["Moonworks:LulusLuckyEgg","Moonworks:IndiscriminateFireSupport"],"picked":"Moonworks:Bloodlust","floor":5},{"not_picked":["Moonworks:ImOnFire","Moonworks:Assault"],"picked":"Moonworks:BigBangBell","floor":5},{"not_picked":["Moonworks:UnpaidWork","Moonworks:x16BigRocket"],"picked":"Moonworks:BeyondHell","floor":6},{"not_picked":["Moonworks:DeployBits","Moonworks:ImOnFire","Moonworks:BigMagnum"],"picked":"SKIP","floor":12},{"not_picked":["Moonworks:MixPhenomenon","Moonworks:TreasureThief"],"picked":"Moonworks:JonathanRush","floor":14},{"not_picked":["Moonworks:SelfDestruct","Moonworks:CloudOfSeagulls","Moonworks:Poppoformation"],"picked":"SKIP","floor":14},{"not_picked":["Moonworks:RocketCannon","Moonworks:FinalBattle"],"picked":"Moonworks:HolyNight","floor":16},{"not_picked":["Moonworks:SealedMemories","Moonworks:AngelHand+1"],"picked":"Moonworks:RedAndBlue","floor":18},{"not_picked":["Moonworks:Poppoformation","Moonworks:SakisCookie","Moonworks:CloudOfSeagulls"],"picked":"SKIP","floor":18},{"not_picked":["Moonworks:IndiscriminateFireSupport","Moonworks:CloudOfSeagulls+1","Moonworks:Assault"],"picked":"SKIP","floor":20},{"not_picked":["Moonworks:BigMagnum","Moonworks:SealedMemories+1","Moonworks:LulusLuckyEgg"],"picked":"SKIP","floor":20}],"player_experience":193515,"relics_obtained":[{"floor":6,"key":"StrikeDummy"},{"floor":9,"key":"Whetstone"},{"floor":10,"key":"Moonworks:LittleGull"},{"floor":12,"key":"Kunai"}],"event_choices":[],"is_beta":false,"boss_relics":[{"not_picked":["energizedSpire:RedRose","energizedSpire:SpiderWeb"],"picked":"energizedSpire:DeadBattery"}],"items_purged_floors":[],"is_endless":false,"potions_floor_spawned":[5,6,14],"killed_by":"theJungle:SlimyTreeVines","ascension_level":0}}