{"host":"vrsxkkch9ccrec7k","time":1614332532,"event":{"mods":["Act Like it!","BaseMod","Bestiary","Better Altar","Better Match","Better Note","Better Sensory Stone","Better Skull","Better Third Choice","Better Vampires","Downfall","Minty Spire (QoL Compilation)","Permanent Neow","Relic Stats","Spicy Shops","StSLib"],"gold_per_floor":[99,117,117,136,236,236,260,290,290,290,290,309,309,320,334,411,411,411,421,433,449,6,20,20,20,20,20,5,16,16,33,52,126,126,126,145,170,188,188,17,44,44,44,70,70,85,85,100,113,113],"floor_reached":51,"language":"ENG","playtime":4293,"items_purged":["Guardian:Strike_Guardian"],"score":1137,"play_id":"444cf475-0e82-44e1-a76d-2516a4fcbe92","local_time":"20210226044212","is_ascension_mode":true,"campfire_choices":[{"data":"Guardian:TwinSlam","floor":1,"key":"SMITH"},{"floor":6,"key":"REST"},{"floor":11,"key":"REST"},{"data":"Guardian:SentryBeam","floor":13,"key":"SMITH"},{"data":"Guardian:Emergency","floor":18,"key":"SMITH"},{"floor":26,"key":"REST"},{"floor":30,"key":"REST"},{"data":"Guardian:BaubleBeam","floor":35,"key":"SMITH"},{"data":"Guardian:CompilePackage","floor":43,"key":"SMITH"},{"data":"Guardian:TimeCapacitor","floor":45,"key":"SMITH"},{"data":"Guardian:BronzeArmor","floor":47,"key":"SMITH"}],"circlet_count":0,"master_deck":["AscendersBane","Guardian:Defend_Guardian","Guardian:Defend_Guardian","Guardian:Defend_Guardian","Guardian:CurlUp","Guardian:TwinSlam+1","Guardian:BronzeArmor","Guardian:Reroute","Guardian:RefractedBeam","Guardian:MultiBeam","Guardian:BronzeArmor+1","Guardian:SentryBeam+1","Guardian:Emergency+1","Guardian:CompilePackage+1","Guardian:RollAttack","Guardian:TemporalStrike","Guardian:BaubleBeam+1","Guardian:Suspension","Guardian:Planning","Guardian:ShieldCharger","Guardian:Recover+1","Guardian:ShieldCharger","Guardian:ArmoredProtocol+1","Guardian:ShieldCharger+1","Guardian:TimeCapacitor+1","Guardian:ShieldCharger","Guardian:Suspension"],"relics":["Guardian:ModeShifter","Toy Ornithopter","Juzu Bracelet","Vajra","Bag of Preparation","Sundial","Runic Pyramid","Bottled Lightning","Shuriken","Empty Cage","Torii","Guardian:StasisUpgradeRelic","Happy Flower"],"acts_visited":["Exordium","TheCity","TheBeyond"],"potions_floor_usage":[14,16,21,28,33,49],"damage_taken":[{"damage":7,"enemies":"Small Slimes","floor":2,"turns":3},{"damage":1,"enemies":"Cultist","floor":4,"turns":4},{"damage":16,"enemies":"Gremlin Nob","floor":8,"turns":4},{"damage":0,"enemies":"2 Louse","floor":12,"turns":2},{"damage":14,"enemies":"Exordium Thugs","floor":14,"turns":3},{"damage":0,"enemies":"2 Fungi Beasts","floor":15,"turns":2},{"damage":13,"enemies":"IC_STATUS_ARCHETYPE","floor":16,"turns":10},{"damage":0,"enemies":"Spheric Guardian","floor":19,"turns":3},{"damage":12,"enemies":"downfall:LooterAlt2","floor":20,"turns":3},{"damage":10,"enemies":"Snecko","floor":21,"turns":4},{"damage":5,"enemies":"downfall:FleeingMerchant","floor":22,"turns":4},{"damage":11,"enemies":"Snake Plant","floor":23,"turns":5},{"damage":0,"enemies":"downfall:FleeingMerchant","floor":28,"turns":4},{"damage":9,"enemies":"Centurion and Healer","floor":29,"turns":4},{"damage":0,"enemies":"Snecko","floor":31,"turns":6},{"damage":4,"enemies":"Shelled Parasite and Fungi","floor":32,"turns":4},{"damage":19,"enemies":"WA_ARCHETYPE_CALM","floor":33,"turns":10},{"damage":6,"enemies":"3 Shapes","floor":36,"turns":4},{"damage":0,"enemies":"3 Shapes","floor":37,"turns":9},{"damage":1,"enemies":"3 Darklings","floor":38,"turns":4},{"damage":0,"enemies":"downfall:FleeingMerchant","floor":40,"turns":4},{"damage":0,"enemies":"Giant Head","floor":44,"turns":8},{"damage":17,"enemies":"4 Shapes","floor":46,"turns":4},{"damage":0,"enemies":"Maw","floor":48,"turns":7},{"damage":1,"enemies":"Spire Growth","floor":49,"turns":6},{"damage":23,"enemies":"DF_ARCHETYPE_ORBS","floor":50,"turns":12}],"seed_played":"4273650891239698629","potions_obtained":[{"floor":2,"key":"Fire Potion"},{"floor":4,"key":"SpeedPotion"},{"floor":8,"key":"GamblersBrew"},{"floor":19,"key":"sneckomod:MuddlingPotion"},{"floor":21,"key":"ColorlessPotion"},{"floor":23,"key":"bronze:BurnAndBuffPotion"},{"floor":29,"key":"SteroidPotion"},{"floor":33,"key":"BlessingOfTheForge"},{"floor":38,"key":"Dexterity Potion"},{"floor":48,"key":"BlessingOfTheForge"}],"is_trial":false,"path_per_floor":["R","M","?","M","?","R","T","E","T","?","R","M","R","M","M","B",null,"R","M","M","M","$","M","T","?","R","?","$","M","R","M","M","B",null,"R","M","?","M","?","$","T","?","R","E","R","M","R","M","M","B",null],"character_chosen":"GUARDIAN","items_purchased":["Bottled Lightning","Guardian:Suspension","Guardian:Planning","Guardian:StasisUpgradeRelic"],"campfire_rested":4,"item_purchase_floors":[22,22,22,40],"current_hp_per_floor":[65,58,27,26,26,47,47,31,31,31,52,52,52,43,43,35,63,63,63,51,46,41,30,30,30,51,38,43,34,57,57,53,39,68,68,62,62,61,77,77,77,77,77,77,77,60,60,60,64,41],"gold":113,"neow_bonus":"TRANSFORM_CARD","is_daily":false,"chose_seed":false,"campfire_upgraded":7,"win_rate":0.0,"timestamp":1614332532,"path_taken":["R","M","?","M","?","R","T","E","?","?","R","M","R","M","M","BOSS","R","M","M","M","$","M","T","?","R","?","?","M","R","M","M","BOSS","R","M","?","M","?","$","T","?","R","E","R","M","R","M","M","BOSS"],"items_purchased_type":["Relic","Card","Card","Relic"],"build_version":"2020-12-22","purchased_purges":1,"victory":true,"max_hp_per_floor":[72,72,72,72,72,72,72,72,72,72,72,72,72,72,72,72,72,72,72,72,72,72,72,72,72,72,77,77,77,77,77,77,77,77,77,77,77,77,77,77,77,77,77,77,77,77,77,77,77,77],"relic_stats":{"Torii":3,"Happy Flower":[9],"counters":[26,133],"Sundial":[12],"Shuriken":[38],"Juzu Bracelet":2,"Bag of Preparation":[46],"obtain_stats":[{"Torii":37,"Happy Flower":44,"Guardian:ModeShifter":0,"Vajra":7,"Juzu Bracelet":3,"Bag of Preparation":8,"Empty Cage":34,"Guardian:StasisUpgradeRelic":40,"Sundial":9,"Shuriken":24,"Bottled Lightning":22,"Toy Ornithopter":3,"Runic Pyramid":17},{"Torii":19,"Happy Flower":22,"Guardian:ModeShifter":0,"Vajra":2,"Juzu Bracelet":1,"Bag of Preparation":3,"Empty Cage":17,"Guardian:StasisUpgradeRelic":21,"Sundial":3,"Shuriken":12,"Bottled Lightning":11,"Toy Ornithopter":1,"Runic Pyramid":7},{"Torii":88,"Happy Flower":104,"Guardian:ModeShifter":0,"Vajra":7,"Juzu Bracelet":3,"Bag of Preparation":11,"Empty Cage":75,"Guardian:StasisUpgradeRelic":96,"Sundial":11,"Shuriken":47,"Bottled Lightning":42,"Toy Ornithopter":3,"Runic Pyramid":28}],"Toy Ornithopter":30},"card_choices":[{"not_picked":["Guardian:Gem_Crimson","Guardian:Gem_Purple"],"picked":"Guardian:Reroute","floor":2},{"not_picked":["Guardian:DecasProtection","Guardian:TemporalShield"],"picked":"Guardian:RefractedBeam","floor":4},{"not_picked":["Guardian:PrimingBeam","Guardian:Orbwalk"],"picked":"Guardian:MultiBeam","floor":8},{"not_picked":["Guardian:Incinerate","Guardian:Gem_Cyan"],"picked":"Guardian:SentryBeam","floor":12},{"not_picked":["Guardian:PrismaticBarrier","Guardian:Incinerate"],"picked":"Guardian:BronzeOrb","floor":14},{"not_picked":["Guardian:RefractedBeam","Guardian:RollAttack"],"picked":"Guardian:Emergency","floor":15},{"not_picked":["Guardian:FierceBash","Guardian:StasisStrike"],"picked":"Guardian:CompilePackage","floor":16},{"not_picked":["Guardian:Clone","Guardian:SentryBeam+1"],"picked":"Guardian:Gem_Red","floor":19},{"not_picked":["Guardian:VentSteam+1","Guardian:Reroute"],"picked":"Guardian:RollAttack","floor":20},{"not_picked":["Guardian:Gem_Lightblue","Guardian:Gem_Blue"],"picked":"Guardian:TemporalStrike","floor":21},{"not_picked":["Guardian:TemporalStrike","Guardian:CrystalBeam"],"picked":"Guardian:BaubleBeam","floor":22},{"not_picked":["Guardian:PolyBeam","Guardian:Harden"],"picked":"Guardian:ShieldCharger","floor":23},{"not_picked":["Guardian:FierceBash","Guardian:GuardianWhirl+1"],"picked":"Guardian:Recover+1","floor":28},{"not_picked":["Guardian:TemporalStrike","Guardian:TemporalShield"],"picked":"Guardian:Gem_Yellow","floor":29},{"not_picked":["Guardian:ChargeCore","Guardian:Gem_Cyan"],"picked":"Guardian:Gem_Green","floor":31},{"not_picked":["Guardian:PrismaticBeam","Guardian:DonusPower"],"picked":"Guardian:ShieldCharger","floor":32},{"not_picked":["Guardian:CompilePackage","Guardian:ExploitGems"],"picked":"Guardian:Gem_Synthetic","floor":33},{"not_picked":["Guardian:Clone","Guardian:Recover"],"picked":"Guardian:EvasiveProtocol","floor":36},{"not_picked":["Guardian:TemporalShield+1","Guardian:TemporalStrike"],"picked":"Guardian:Gem_Red","floor":37},{"not_picked":["Guardian:Gem_Red","Guardian:Gem_Cyan"],"picked":"Guardian:ArmoredProtocol+1","floor":38},{"not_picked":["Guardian:ShieldSpikes+1","Guardian:ChargeCore"],"picked":"Guardian:ShieldCharger+1","floor":40},{"not_picked":["Guardian:PolyBeam","Guardian:BronzeOrb"],"picked":"Guardian:TimeCapacitor","floor":44},{"not_picked":["Guardian:Recover","Guardian:ArmoredProtocol"],"picked":"Guardian:Gem_Blue","floor":46},{"not_picked":["Guardian:Gem_Green","Guardian:Recover"],"picked":"Guardian:ShieldCharger","floor":48},{"not_picked":["Guardian:Preprogram","Guardian:ShieldCharger"],"picked":"Guardian:Suspension","floor":49}],"player_experience":2042456,"relics_obtained":[{"floor":7,"key":"Vajra"},{"floor":8,"key":"Bag of Preparation"},{"floor":9,"key":"Sundial"},{"floor":24,"key":"Shuriken"},{"floor":37,"key":"Torii"},{"floor":44,"key":"Happy Flower"}],"event_choices":[{"damage_healed":0,"gold_gain":0,"player_choice":"RE RE ","damage_taken":35,"relics_obtained":["Toy Ornithopter","Juzu Bracelet"],"max_hp_gain":0,"max_hp_loss":0,"event_name":"betterSkull:BetterSkull","floor":3,"gold_loss":0,"cards_upgraded":[]},{"cards_removed":["Guardian:BronzeOrb"],"damage_healed":16,"gold_gain":0,"player_choice":"Offered Uncommon","damage_taken":0,"max_hp_gain":0,"max_hp_loss":0,"event_name":"Bonfire Elementals","floor":39,"gold_loss":0},{"cards_removed":["Guardian:EvasiveProtocol"],"damage_healed":0,"gold_gain":0,"player_choice":"Removed Power","damage_taken":0,"max_hp_gain":0,"max_hp_loss":0,"event_name":"Falling","floor":42,"gold_loss":0}],"is_beta":false,"boss_relics":[{"not_picked":["Astrolabe","Sozu"],"picked":"Runic Pyramid"},{"not_picked":["Busted Crown","SacredBark"],"picked":"Empty Cage"}],"items_purged_floors":[22],"is_endless":false,"potions_floor_spawned":[2,4,8,12,19,21,23,29,31,33,38,46,48],"ascension_level":14}}