{"host":"rm0ctv8qd8mnbkg1","time":1614343513,"event":{"mods":["Act Like it!","Aspiration","BaseMod","Beaked The Cultist","BetterRewards","Colored Map","DNKmod","Dark Map","Defuse TimeMaze Blight","Downfall","Friendly Minions","Gensokyo","Hubris","Library of Ruina","Library of Ruina Extra","Marisa????????","Minty Spire (QoL Compilation)","MostiFishMod","Permanent Neow","Rare Cards Sparkle","Relic Sorter","Reliquary","Replay The Spire","Ruina","RumiaBox-????????","Shade Mod","Shop Mod","Spicy Shops","Spire Arcade","StSLib","The Animator","The Construct","The Servant 0.9.4","TheVacant","Wandering Minibosses","??????REMEMod"],"gold_per_floor":[10100,10119,10183,10183,9426,9426,9426,9426,9437,9455,9455,8532,8532,8544,8562,8661,8661,8661,8679,8679,8679,8696,8015,8039,7056,7056,7069,7080,7115,7115,7141,7160,7257,7357,7357,7357,7371,6554,6554,6589,6660,6680,6480,6491,6507,6536,6436,6452,6467,6467,6467,6467,6497,6261,6261,6261,6261],"floor_reached":58,"language":"ENG","playtime":3370,"items_purged":[],"score":1547,"play_id":"8edad8f0-3bc9-4462-ac27-a21e99910a27","local_time":"20210226124513","is_ascension_mode":false,"campfire_choices":[{"data":"animator:Father","floor":1,"key":"SMITH"},{"data":"Slimebound:RainOfGoop","floor":8,"key":"SMITH"},{"data":"Slimebound:LevelUp","floor":13,"key":"SMITH"},{"data":"Slimebound:LevelUp","floor":18,"key":"SMITH"},{"data":"Slimebound:Overexert","floor":26,"key":"SMITH"},{"data":"Slimebound:AcidTongue","floor":30,"key":"SMITH"},{"data":"Slimebound:LevelUp","floor":35,"key":"SMITH"},{"floor":43,"key":"RECALL"},{"data":"Slimebound:Grow","floor":47,"key":"SMITH"},{"data":"Slimebound:Overexert","floor":47,"key":"SMITH"},{"data":"Slimebound:SplitSpecialist","floor":55,"key":"SMITH"},{"data":"Slimebound:FormOfPuddle","floor":55,"key":"SMITH"}],"circlet_count":0,"master_deck":["Slimebound:Strike_Slimebound","Slimebound:Strike_Slimebound","Slimebound:Strike_Slimebound+1","Slimebound:Tackle+1","Slimebound:Defend_Slimebound","Slimebound:Defend_Slimebound","Slimebound:Defend_Slimebound","Slimebound:Defend_Slimebound","Slimebound:Split","Slimebound:CorrosiveSpit","Slimebound:RainOfGoop+1","Slimebound:Replication","Slimebound:LevelUp+1","Slimebound:SplitLeeching","Slimebound:GoopSpray+1","Slimebound:SlimeBarrage","Slimebound:HauntingLick","Slimebound:SplitBruiser","Slimebound:SamplingLick","Slimebound:LeadByExample","Panacea","Slimebound:LevelUp","Slimebound:AcidTongue+1","Slimebound:SlimeSlap","Slimebound:Prepare+1","Slimebound:LeechEnergy","Slimebound:Overexert+1","Slimebound:ItLooksTasty","Slimebound:OozeBath","Slimebound:OozeBath","Slimebound:SpikyOuterGoop","Slimebound:ProtectTheBoss","Slimebound:GoopSpray","Slimebound:MinionMaster","Slimebound:RejuvenatingLick","Slimebound:Darklings+1","Slimebound:SamplingLick","Slimebound:LevelUp","Slimebound:Overexert+1","Slimebound:LivingWall+1","Slimebound:TagTeam","Slimebound:SplitSpecialist+1","Slimebound:Grow+1","Slimebound:LivingWall+1","Slimebound:Recycling","hubris:DuctTapeCard","Slimebound:FormOfPuddle+1"],"relics":["Slimebound:AbsorbEndCombat","REME_ComplimentaryCards","DaveBox","ArrowTower","Philosopher\u0027s Stone","hubris:Towel","REME_LimitBreaker","PageOfMountain","PageOfWizard","ImprovedEquipment","Mirror","reliquary:Sod","FeatherPendant","aspiration:RitualStick","downfall:RedIOU","wanderingMiniBosses:CarrionFlame","TungstenRod","Boot","MealTicket","Whetstone","hexamod:BolsterEngine","BirthdayGift-Tetrahedron","hubris:SlimyHat","Replay:Baseball","Replay:Wanted Poster","Replay:Arrowhead","Sling","aspiration:HatOfInfinitePower","PageOfQueenBee","Ancient Tea Set","downfall:HeartBlessingGreen","downfall:HeartBlessingBlue","Pen Nib","downfall:HeartBlessingRed","hubris:DuctTape","reliquary:PartyBalloon"],"acts_visited":["Exordium","TheCity","TheBeyond","TheEnding"],"potions_floor_usage":[],"damage_taken":[{"damage":4,"enemies":"Jaw Worm","floor":2,"turns":3},{"damage":16,"enemies":"Gremlin Nob","floor":3,"turns":3},{"damage":5,"enemies":"downfall:FleeingMerchant","floor":5,"turns":4},{"damage":7,"enemies":"Small Slimes","floor":9,"turns":2},{"damage":4,"enemies":"Cultist","floor":10,"turns":2},{"damage":15,"enemies":"downfall:FleeingMerchant","floor":12,"turns":4},{"damage":0,"enemies":"Blue Slaver","floor":14,"turns":1},{"damage":10,"enemies":"downfall:LooterAlt","floor":15,"turns":3},{"damage":17,"enemies":"DF_ARCHETYPE_STREAMLINE","floor":16,"turns":5},{"damage":0,"enemies":"Chosen","floor":19,"turns":2},{"damage":12,"enemies":"downfall:LooterAlt2","floor":22,"turns":4},{"damage":0,"enemies":"downfall:FleeingMerchant","floor":23,"turns":4},{"damage":0,"enemies":"downfall:FleeingMerchant","floor":25,"turns":1},{"damage":0,"enemies":"Snake Plant","floor":27,"turns":1},{"damage":0,"enemies":"Centurion and Healer","floor":28,"turns":2},{"damage":19,"enemies":"Slavers","floor":29,"turns":2},{"damage":0,"enemies":"Book of Stabbing","floor":31,"turns":1},{"damage":0,"enemies":"3 Cultists","floor":32,"turns":2},{"damage":0,"enemies":"SI_MIRROR_ARCHETYPE","floor":33,"turns":3},{"damage":0,"enemies":"3 Shapes","floor":37,"turns":2},{"damage":0,"enemies":"Giant Head","floor":40,"turns":2},{"damage":0,"enemies":"3 Darklings","floor":42,"turns":1},{"damage":0,"enemies":"Writhing Mass","floor":44,"turns":2},{"damage":0,"enemies":"Spire Growth","floor":45,"turns":2},{"damage":0,"enemies":"Reptomancer","floor":46,"turns":1},{"damage":0,"enemies":"3 Darklings","floor":48,"turns":2},{"damage":0,"enemies":"Sphere and 2 Shapes","floor":49,"turns":2},{"damage":0,"enemies":"WA_ARCHETYPE_DIVINITY","floor":50,"turns":1},{"damage":0,"enemies":"downfall:CharBossMerchant","floor":53,"turns":2},{"damage":0,"enemies":"downfall:NeowBoss","floor":56,"turns":5},{"damage":62,"enemies":"downfall:NeowBossFinal","floor":57,"turns":6}],"seed_played":"-5573574496726945123","potions_obtained":[{"floor":3,"key":"FairyPotion"},{"floor":14,"key":"PowerPotion"},{"floor":16,"key":"sneckomod:MuddlingPotion"},{"floor":48,"key":"PowerPotion"}],"is_trial":false,"path_per_floor":["R","M","?","?","$","?","T","R","M","M","?","$","R","M","M","B",null,"R","M","?","?","M","$","T","$","R","M","M","E","R","E","M","B",null,"R","?","M","$","T","E","T","M","R","M","M","E","R","M","M","B",null,null,"E","$","R","B","B",null],"character_chosen":"SLIMEBOUND","items_purchased":["REME_LimitBreaker","PageOfMountain","Slimebound:SplitLeeching","Slimebound:GoopSpray","Slimebound:SlimeBarrage","Slimebound:LeadByExample","ImprovedEquipment","Mirror","reliquary:Sod","Panacea","TungstenRod","Slimebound:LevelUp","Boot","MealTicket","hexamod:BolsterEngine","Slimebound:OozeBath","BirthdayGift-Tetrahedron","Replay:Arrowhead","Sling","Slimebound:LevelUp","aspiration:HatOfInfinitePower","reliquary:PartyBalloon","Slimebound:FormOfPuddle"],"campfire_rested":0,"item_purchase_floors":[5,5,5,5,5,12,12,12,12,12,23,23,23,23,25,25,25,38,38,38,38,54,54],"current_hp_per_floor":[1000,580,566,566,565,565,565,565,560,560,560,549,549,551,543,528,580,580,580,464,464,454,456,456,473,473,473,473,454,454,454,456,464,580,580,580,580,580,580,580,580,580,590,590,590,590,590,590,590,590,590,590,590,590,590,590,534],"gold":6261,"neow_bonus":"HUNDRED_GOLD","is_daily":false,"chose_seed":false,"campfire_upgraded":11,"win_rate":0.0,"timestamp":1614343513,"path_taken":["R","M","?","?","$","?","T","R","M","?","?","$","R","M","M","BOSS","R","M","?","?","M","$","T","?","R","?","M","E","R","E","M","BOSS","R","?","M","$","?","E","T","?","R","M","M","E","R","M","M","BOSS","E","$","R","BOSS","BOSS"],"items_purchased_type":["Relic","Relic","Card","Card","Card","Card","Relic","Relic","Relic","Card","Relic","Card","Relic","Relic","Relic","Card","Relic","Relic","Relic","Card","Relic","Relic","Card"],"build_version":"2020-12-22","purchased_purges":0,"victory":true,"max_hp_per_floor":[1000,580,580,580,580,580,580,580,580,580,580,580,580,580,580,580,580,580,580,580,580,580,580,580,580,580,580,580,580,580,580,580,580,580,580,580,580,580,580,580,580,580,590,590,590,590,590,590,590,590,590,590,590,590,590,590,590],"card_choices":[{"not_picked":["Slimebound:SamplingLick","Slimebound:TongueLash"],"picked":"Slimebound:RainOfGoop","floor":2},{"not_picked":["Slimebound:ItLooksTasty","Slimebound:Prepare"],"picked":"Slimebound:Replication","floor":3},{"not_picked":["Slimebound:FinishingTackle","Slimebound:Gluttony"],"picked":"Slimebound:LevelUp","floor":5},{"not_picked":["Slimebound:BestDefense","Slimebound:DuplicatedForm"],"picked":"Slimebound:HauntingLick","floor":9},{"not_picked":["Slimebound:LevelUp","Slimebound:ComboTackle"],"picked":"Slimebound:SplitBruiser","floor":10},{"not_picked":["Slimebound:HungryTackle","Slimebound:WasteNot"],"picked":"Slimebound:SamplingLick","floor":12},{"not_picked":["Slimebound:FlameTackle","Slimebound:DivideAndConquer"],"picked":"Slimebound:LevelUp","floor":14},{"not_picked":["Slimebound:Schlurp","Slimebound:SplitMire"],"picked":"Slimebound:AcidTongue","floor":15},{"not_picked":["Slimebound:LeechLife","Slimebound:OneTwoCombo"],"picked":"Slimebound:SlimeSlap","floor":16},{"not_picked":["Slimebound:DouseInSlime","Slimebound:Chomp"],"picked":"Slimebound:Prepare+1","floor":19},{"not_picked":["Slimebound:Recollect+1","Slimebound:PressTheAttack"],"picked":"Slimebound:LeechEnergy","floor":22},{"not_picked":["Slimebound:Equalize+1","Slimebound:SlimeTap"],"picked":"Slimebound:Overexert","floor":23},{"not_picked":["Slimebound:SlimeBrawl","Slimebound:Dissolve"],"picked":"Slimebound:ItLooksTasty","floor":25},{"not_picked":["Slimebound:Chomp","Slimebound:ServeAndProtect+1"],"picked":"Slimebound:SpikyOuterGoop","floor":27},{"not_picked":["Slimebound:Prepare","Slimebound:ComboTackle"],"picked":"Slimebound:ProtectTheBoss","floor":28},{"not_picked":["Slimebound:RollThrough+1","Slimebound:SpikyOuterGoop"],"picked":"Slimebound:GoopSpray","floor":29},{"not_picked":["Slimebound:SlimeBrawl","Slimebound:RejuvenatingLick"],"picked":"Slimebound:MinionMaster","floor":31},{"not_picked":["Slimebound:ComboTackle+1","Slimebound:LeechingTouch"],"picked":"Slimebound:RejuvenatingLick","floor":32},{"not_picked":["Slimebound:OozeBath","Slimebound:OneTwoCombo"],"picked":"Slimebound:Darklings","floor":33},{"not_picked":["Slimebound:RollThrough","Slimebound:SplitLeeching"],"picked":"Slimebound:SamplingLick","floor":37},{"not_picked":["Slimebound:Prepare+1","Slimebound:LeadByExample"],"picked":"Slimebound:Overexert","floor":40},{"not_picked":["Slimebound:Recollect+1","Slimebound:SplitMire+1"],"picked":"Slimebound:LivingWall+1","floor":42},{"not_picked":["Slimebound:SplitBruiser","Slimebound:SplitAcid"],"picked":"Slimebound:TagTeam","floor":44},{"not_picked":["Slimebound:ProtectTheBoss","Slimebound:FinishingTackle"],"picked":"Slimebound:SplitSpecialist","floor":45},{"not_picked":["Slimebound:SplitMire+1","Slimebound:FormOfPuddle"],"picked":"Slimebound:Grow","floor":46},{"not_picked":["Slimebound:ViciousTackle","Slimebound:ForwardTackle+1"],"picked":"Slimebound:LivingWall+1","floor":48},{"not_picked":["Slimebound:Schlurp","Slimebound:SplitLeeching+1"],"picked":"Slimebound:Recycling","floor":49},{"not_picked":["Slimebound:SlimeBrawl","Slimebound:LeechLife","Slimebound:PressTheAttack+1"],"picked":"SKIP","floor":53}],"player_experience":442121,"relics_obtained":[{"floor":7,"key":"PageOfWizard"},{"floor":22,"key":"wanderingMiniBosses:CarrionFlame"},{"floor":24,"key":"Whetstone"},{"floor":29,"key":"hubris:SlimyHat"},{"floor":31,"key":"Replay:Baseball"},{"floor":39,"key":"PageOfQueenBee"},{"floor":40,"key":"Ancient Tea Set"},{"floor":46,"key":"Pen Nib"},{"floor":53,"key":"hubris:DuctTape"}],"event_choices":[{"damage_healed":0,"gold_gain":0,"player_choice":"Grow","damage_taken":0,"max_hp_gain":0,"max_hp_loss":0,"event_name":"Living Wall","floor":11,"gold_loss":0,"cards_upgraded":["Slimebound:GoopSpray"]}],"is_beta":false,"boss_relics":[{"not_picked":["aspiration:SecretTechniqueScroll","Ring of Chaos"],"picked":"FeatherPendant"},{"not_picked":["HereWithMe","ExusiaiGun"],"picked":"Replay:Wanted Poster"}],"items_purged_floors":[],"is_endless":false,"potions_floor_spawned":[3,10,14,16,27,28,29,33,37,44,45,48],"ascension_level":0}}