{"host":"lyzyr6cv4ove76ms","time":1614362645,"event":{"mods":["BaseMod","Colored Map","Downfall","Hubris","Infinite Spire","Minty Spire (QoL Compilation)","Replay The Spire","Robot Space Explorer","StSLib"],"gold_per_floor":[117,137,62,62,62,90,119,119,193,193,225,252,62,97,97,200,200,15,28,41,41,55,88,115,115,115,115,146,146,171,204,204,308,308,322,322,367,121,121,153,153,178,178,213,58,112,144,175,175,185],"floor_reached":51,"language":"ENG","playtime":5444,"items_purged":["Slimebound:DivideAndConquer"],"score":1145,"play_id":"82edf01f-7599-4e64-a861-b9d84a073749","local_time":"20210226190405","daily_mods":["Heirloom","Flight"],"is_ascension_mode":true,"campfire_choices":[{"data":"Slimebound:SplitSpecialist","floor":8.0,"key":"SMITH"},{"data":"Slimebound:CorrosiveSpit","floor":8.0,"key":"SMITH"},{"floor":10.0,"key":"REST"},{"data":"Slimebound:GoopSpray","floor":15.0,"key":"SMITH"},{"data":"Slimebound:Tackle","floor":15.0,"key":"SMITH"},{"floor":25,"key":"REST"},{"data":"Slimebound:OozeBath","floor":27,"key":"SMITH"},{"data":"Slimebound:ViciousTackle","floor":27,"key":"SMITH"},{"data":"Slimebound:SplitSpecialist","floor":32,"key":"SMITH"},{"data":"Slimebound:FlameTackle","floor":32,"key":"SMITH"},{"data":"Slimebound:OozeBath","floor":41,"key":"SMITH"},{"data":"Slimebound:MassRepurpose","floor":41,"key":"SMITH"},{"floor":49,"key":"REST"}],"circlet_count":0,"master_deck":["Slimebound:Tackle+1","Slimebound:Defend_Slimebound+1","Slimebound:Defend_Slimebound+1","Slimebound:Defend_Slimebound+1","Slimebound:Defend_Slimebound+1","Slimebound:Split+1","Slimebound:CorrosiveSpit+1","Slimebound:GoopSpray+1","Slimebound:SplitSpecialist+1","Slimebound:LeadByExample+1","Slimebound:ViciousTackle+1","Slimebound:OozeBath+1","Slimebound:LevelUp+1","Slimebound:DuplicatedForm+1","Slimebound:Tackle+1","Slimebound:Tackle+1","Slimebound:Tackle+1","Slimebound:FlameTackle+1","Slimebound:SplitSpecialist+1","Slimebound:OozeBath+1","Slimebound:MassRepurpose+1"],"relics":["Slimebound:AbsorbEndCombat","Replay:Arrowhead","infinitespire:Satchel","Frozen Egg 2","Potion Belt","Juzu Bracelet","Replay:Wax Seal","hubris:Potato","Eternal Feather","StoneCalendar","hubris:ToyBattleship","ReplayTheSpireMod:Lightbulb","Replay:WaspNest","Ancient Tea Set","Tiny Chest","hubris:Teleporter","Replay:Bottled Eggs","infinitespire:FocusingShard","hubris:PeanutButter","Incense Burner","hubris:TinFlute","CeramicFish","Replay:Bandana","Molten Egg 2","Lantern"],"acts_visited":["Exordium","TheCity","TheBeyond"],"potions_floor_usage":[24,30,37,37,50,50,50],"damage_taken":[{"damage":1.0,"enemies":"Jaw Worm","floor":1.0,"turns":4.0},{"damage":0.0,"enemies":"2 Louse","floor":2.0,"turns":3.0},{"damage":15.0,"enemies":"Lagavulin","floor":6.0,"turns":8.0},{"damage":25.0,"enemies":"Gremlin Nob","floor":7.0,"turns":5.0},{"damage":17.0,"enemies":"3 Sentries","floor":11.0,"turns":8.0},{"damage":0.0,"enemies":"Lagavulin","floor":12.0,"turns":6.0},{"damage":2.0,"enemies":"Gremlin Nob","floor":14.0,"turns":4.0},{"damage":9.0,"enemies":"The Guardian","floor":16.0,"turns":8.0},{"damage":2.0,"enemies":"Shell Parasite","floor":18.0,"turns":3.0},{"damage":0.0,"enemies":"Chosen","floor":19.0,"turns":4.0},{"damage":6.0,"enemies":"Snake Plant","floor":20.0,"turns":3.0},{"damage":9.0,"enemies":"3 Cultists","floor":22.0,"turns":5.0},{"damage":9.0,"enemies":"Book of Stabbing","floor":23.0,"turns":5.0},{"damage":27,"enemies":"Slavers","floor":24,"turns":6},{"damage":3,"enemies":"Replay:Snechameleon","floor":28,"turns":4},{"damage":0,"enemies":"Book of Stabbing","floor":30,"turns":4},{"damage":36,"enemies":"Slavers","floor":31,"turns":5},{"damage":36,"enemies":"hubris:MusketHawk","floor":33,"turns":7},{"damage":7,"enemies":"Orb Walker","floor":35,"turns":3},{"damage":10,"enemies":"Orb Walker","floor":36,"turns":4},{"damage":21,"enemies":"2 Orb Walkers","floor":37,"turns":5},{"damage":0,"enemies":"R_Hoarder","floor":40,"turns":7},{"damage":24,"enemies":"Nemesis","floor":42,"turns":7},{"damage":0,"enemies":"Giant Head","floor":44,"turns":8},{"damage":20,"enemies":"Nemesis","floor":47,"turns":6},{"damage":0,"enemies":"R_Hoarder","floor":48,"turns":5},{"damage":20,"enemies":"Time Eater","floor":50,"turns":6}],"seed_played":"-4150581221813412315","potions_obtained":[{"floor":2.0,"key":"GamblersBrew"},{"floor":7.0,"key":"DuplicationPotion"},{"floor":12.0,"key":"FearPotion"},{"floor":14.0,"key":"Milkshake"},{"floor":16.0,"key":"AttackPotion"},{"floor":18.0,"key":"LiquidMemories"},{"floor":24,"key":"Elixir"},{"floor":30,"key":"ColorlessPotion"},{"floor":35,"key":"Ancient Potion"},{"floor":37,"key":"Elixir"},{"floor":42,"key":"ColorlessPotion"}],"is_trial":true,"path_per_floor":["M","M","$","?","?","E","E","R","T","R","E","E","$","E","R","B",null,"M","M","M","?","M","E","E","R","T","R","E","?","E","E","R","B",null,"M","?","?","$","?","E","R","E","T","E","$","T","E","E","R","B",null],"character_chosen":"SLIMEBOUND","items_purchased":["Replay:Wax Seal","hubris:Potato","Slimebound:ViciousTackle","Replay:Bottled Eggs","CeramicFish"],"campfire_rested":3,"item_purchase_floors":[13,13,13,38,45],"current_hp_per_floor":[65,65,65,65,65,56,37,37,37,56,47,55,55,59,65,60,65,65,65,61,61,60,53,30,58,58,65,65,65,65,33,42,14,65,62,61,48,48,48,65,65,45,45,64,64,64,48,65,65,53],"gold":185,"neow_bonus":"","is_daily":false,"chose_seed":false,"campfire_upgraded":10,"win_rate":0.0,"timestamp":1614362645,"path_taken":["M","M","$","?","?","E","E","R","T","R","E","E","$","E","R","BOSS","M","M","M","?","M","E","E","R","T","R","E","?","E","E","R","BOSS","M","?","?","$","?","E","R","E","T","E","$","?","E","E","R","BOSS"],"items_purchased_type":["Relic","Relic","Card","Relic","Relic"],"build_version":"2020-12-22","purchased_purges":1,"victory":true,"max_hp_per_floor":[65,65,65,65,65,65,65,65,65,65,65,65,65,65,65,65,65,65,65,65,65,65,65,65,65,65,65,65,65,65,65,65,65,65,65,65,65,65,65,65,65,65,65,65,65,65,65,65,65,65],"card_choices":[{"not_picked":["Slimebound:FlameTackle","Slimebound:FinishingTackle"],"picked":"Slimebound:GoopSpray","floor":1.0},{"not_picked":["Slimebound:FinishingTackle","Slimebound:GoopSpray"],"picked":"Slimebound:DivideAndConquer","floor":2.0},{"not_picked":["Slimebound:GoopSpray","Slimebound:FormOfPuddle"],"picked":"Slimebound:SplitSpecialist","floor":6.0},{"not_picked":["Slimebound:SplitAcid","Slimebound:Recollect","Slimebound:LeechingTouch"],"picked":"SKIP","floor":7.0},{"not_picked":["Slimebound:AcidTongue+1","Slimebound:FinishingTackle"],"picked":"Slimebound:LeadByExample+1","floor":11.0},{"not_picked":["Slimebound:SplitMire","Slimebound:GrowthPunch","Slimebound:SlimeSlap"],"picked":"SKIP","floor":12.0},{"not_picked":["Slimebound:SplitMire","Slimebound:SamplingLick","Slimebound:Equalize"],"picked":"SKIP","floor":14.0},{"not_picked":["Slimebound:SlimeSlap","Slimebound:Teamwork"],"picked":"Slimebound:OozeBath","floor":16.0},{"not_picked":["Slimebound:SpikyOuterGoop+1","Slimebound:RollThrough"],"picked":"Slimebound:LevelUp+1","floor":18.0},{"not_picked":["Slimebound:DisruptingSlam","Slimebound:GrowthPunch","Slimebound:SamplingLick"],"picked":"SKIP","floor":19.0},{"not_picked":["Slimebound:LivingWall","Slimebound:GoopTackle","Slimebound:SamplingLick"],"picked":"SKIP","floor":20.0},{"not_picked":["Slimebound:SamplingLick","Slimebound:Replication+1","Slimebound:DisruptingSlam"],"picked":"SKIP","floor":22.0},{"not_picked":["Slimebound:DisruptingSlam+1","Slimebound:Prepare+1"],"picked":"Slimebound:DuplicatedForm+1","floor":23.0},{"not_picked":["Slimebound:RollThrough","Slimebound:Repurpose","Slimebound:Prepare+1"],"picked":"SKIP","floor":24},{"not_picked":["Slimebound:Gluttony+1","Slimebound:ComboTackle","Slimebound:Chomp"],"picked":"SKIP","floor":28},{"not_picked":["Slimebound:Darklings","Slimebound:SplitAcid+1"],"picked":"Slimebound:FlameTackle","floor":30},{"not_picked":["Slimebound:ViciousTackle","Slimebound:TongueLash"],"picked":"Slimebound:SplitSpecialist","floor":31},{"not_picked":["Slimebound:MinionMaster+1","Slimebound:Darklings"],"picked":"Slimebound:OozeBath","floor":33},{"not_picked":["Slimebound:LeechingTouch+1","Slimebound:Replication+1","Slimebound:ComboTackle"],"picked":"SKIP","floor":35},{"not_picked":["Slimebound:ComboTackle","Slimebound:Chomp+1"],"picked":"Slimebound:MassRepurpose","floor":40},{"not_picked":["Slimebound:RainOfGoop+1","Slimebound:ItLooksTasty+1","Slimebound:PressTheAttack+1"],"picked":"SKIP","floor":42},{"not_picked":["Slimebound:SplitSpecialist+1","Slimebound:PressTheAttack","Slimebound:LeechingTouch"],"picked":"SKIP","floor":44},{"not_picked":["Slimebound:ComboTackle+1","Slimebound:FinishingTackle+1","Slimebound:RallyTheTroops+1"],"picked":"SKIP","floor":47},{"not_picked":["Slimebound:SplitBruiser+1","Slimebound:Equalize+1","Slimebound:PressTheAttack+1"],"picked":"SKIP","floor":48}],"player_experience":803671,"relics_obtained":[{"floor":7.0,"key":"infinitespire:Satchel"},{"floor":9.0,"key":"Frozen Egg 2"},{"floor":11.0,"key":"Potion Belt"},{"floor":12.0,"key":"Juzu Bracelet"},{"floor":14.0,"key":"Eternal Feather"},{"floor":23.0,"key":"StoneCalendar"},{"floor":24,"key":"hubris:ToyBattleship"},{"floor":26,"key":"ReplayTheSpireMod:Lightbulb"},{"floor":28,"key":"Replay:WaspNest"},{"floor":30,"key":"Ancient Tea Set"},{"floor":31,"key":"Tiny Chest"},{"floor":37,"key":"hubris:Teleporter"},{"floor":40,"key":"infinitespire:FocusingShard"},{"floor":42,"key":"hubris:PeanutButter"},{"floor":43,"key":"Incense Burner"},{"floor":44,"key":"hubris:TinFlute"},{"floor":46,"key":"Replay:Bandana"},{"floor":47,"key":"Molten Egg 2"},{"floor":48,"key":"Lantern"}],"event_choices":[{"damage_healed":0.0,"max_hp_gain":0.0,"max_hp_loss":0.0,"gold_gain":0.0,"event_name":"Living Wall","player_choice":"Grow","floor":4.0,"gold_loss":0.0,"damage_taken":0.0,"cards_upgraded":["Slimebound:Split"]},{"damage_healed":0.0,"max_hp_gain":0.0,"max_hp_loss":0.0,"gold_gain":0.0,"event_name":"Transmorgrifier","player_choice":"Ignored","floor":21.0,"gold_loss":0.0,"damage_taken":0.0},{"damage_healed":0,"gold_gain":0,"player_choice":"Fight","damage_taken":0,"max_hp_gain":0,"max_hp_loss":0,"event_name":"Mysterious Sphere","floor":37,"gold_loss":0},{"damage_healed":0,"gold_gain":0,"player_choice":"Memory 1","damage_taken":0,"max_hp_gain":0,"max_hp_loss":0,"event_name":"SensoryStone","floor":39,"gold_loss":0}],"is_beta":false,"boss_relics":[{"not_picked":["Sozu","Replay:Grab Bag","ChewingGum"]},{"not_picked":["Ring of Chaos","Replay:Bronze Core","Runic Dome"]}],"items_purged_floors":[3],"is_endless":false,"potions_floor_spawned":[2,7,12,14,16,18,19,24,30,35,37,42,48],"ascension_level":1}}