{"host":"gcjbq24aew6ut89u","time":1614322393,"event":{"mods":["BaseMod","Colored Powertips","Highlight Path","KomeijiMod","Lobotomy","Marisa£®ÏF”Í°°ƒß¿Ì…≥£©","Minty Spire (QoL Compilation)","Replay The Spire","Shop Mod","StSLib","The Jungle","Waifu the Spire"],"gold_per_floor":[113,129,129,129,143,143,143],"floor_reached":6,"language":"ZHS","playtime":428,"items_purged":[],"score":40,"play_id":"d1f0b260-29e5-40fd-ad5f-5349b86466f6","local_time":"20210226145313","is_ascension_mode":true,"campfire_choices":[],"circlet_count":0,"master_deck":["Strike_R","Strike_R","Strike_R","Strike_R","Defend_R","Defend_R","Defend_R","Defend_R","Bash","MHz","ReplayTheSpireMod:Muscle Training","Rudolta","Armaments","Murderer","Flex"],"relics":["Burning Blood","CogitoBucket"],"acts_visited":["Exordium"],"potions_floor_usage":[],"damage_taken":[{"damage":1.0,"enemies":"Cultist","floor":1.0,"turns":3.0},{"damage":10.0,"enemies":"2 Louse","floor":2.0,"turns":3.0},{"damage":7,"enemies":"Small Slimes","floor":5,"turns":5},{"damage":79,"enemies":"Lagavulin","floor":6,"turns":9}],"seed_played":"-8364589544450396414","potions_obtained":[{"floor":2.0,"key":"FearPotion"}],"is_trial":false,"path_per_floor":["M","M","?","?","M","E"],"character_chosen":"IRONCLAD","items_purchased":[],"campfire_rested":0,"item_purchase_floors":[],"current_hp_per_floor":[80,76,76,76,75,0,0],"gold":143,"neow_bonus":"","is_daily":false,"chose_seed":false,"campfire_upgraded":0,"win_rate":0.0,"timestamp":1614322393,"path_taken":["M","?","?","?","M","E"],"items_purchased_type":[],"build_version":"2020-12-22","purchased_purges":0,"victory":false,"max_hp_per_floor":[80,80,80,80,80,80,80],"card_choices":[{"not_picked":["NakedNest","WallGazer"],"picked":"MHz","floor":1.0},{"not_picked":["Anger","Reckless Charge"],"picked":"ReplayTheSpireMod:Muscle Training","floor":1.0},{"not_picked":["MeatLantern","HappyTeddy"],"picked":"Rudolta","floor":2.0},{"not_picked":["Body Slam","Wild Strike"],"picked":"Armaments","floor":2.0},{"not_picked":["SpiderBud","Bloodbath"],"picked":"Murderer","floor":5},{"not_picked":["Havoc","Inflame"],"picked":"Flex","floor":5}],"player_experience":80663,"relics_obtained":[],"event_choices":[{"cards_removed":["Strike_R"],"damage_healed":0,"gold_gain":0,"player_choice":"Purged","damage_taken":0,"max_hp_gain":0,"max_hp_loss":0,"event_name":"Purifier","floor":4,"gold_loss":0}],"is_beta":false,"boss_relics":[],"items_purged_floors":[],"is_endless":false,"potions_floor_spawned":[2],"killed_by":"Lagavulin","ascension_level":2}}