{"host":"dhv3u8yhd2rnugsp","time":1614381293,"event":{"mods":["BaseMod","Block Reminder","Colored Map","Googly Eyes","Highlight Path","Minty Spire (QoL Compilation)","Permanent Neow","Quick Restart","Random Character Button","StSLib"],"gold_per_floor":[119,119,138,151,171,171,201,201,224,149,183,183,202,234,234,308,308,318,318,328,308,318,349,349,349,349],"floor_reached":25,"language":"ENG","playtime":1214,"items_purged":["Strike_G"],"score":482,"play_id":"cb2db44a-f54c-44ab-9eb0-83aacc74cd27","local_time":"20210226171453","is_ascension_mode":true,"campfire_choices":[{"data":"Dash","floor":6,"key":"SMITH"},{"data":"Predator","floor":8,"key":"SMITH"},{"data":"Acrobatics","floor":15,"key":"SMITH"},{"data":"Envenom","floor":24,"key":"SMITH"}],"circlet_count":0,"master_deck":["AscendersBane","Strike_G+1","Strike_G+1","Strike_G+1","Defend_G+1","Defend_G+1","Defend_G+1","Defend_G+1","Defend_G+1","Survivor","Neutralize","Quick Slash","Quick Slash","Dash+1","Predator+1","Acrobatics+1","Backflip","Adrenaline","Envenom+1","Caltrops","Poisoned Stab","Bouncing Flask"],"relics":["Velvet Choker","Ancient Tea Set","Blood Vial","Strawberry","Ice Cream","WingedGreaves","Black Star","Shuriken","Bottled Tornado"],"acts_visited":["Exordium","TheCity"],"potions_floor_usage":[11,18,23,23],"damage_taken":[{"damage":4,"enemies":"Jaw Worm","floor":1,"turns":5},{"damage":0,"enemies":"2 Louse","floor":3,"turns":3},{"damage":0,"enemies":"Cultist","floor":4,"turns":3},{"damage":2,"enemies":"2 Fungi Beasts","floor":5,"turns":4},{"damage":9,"enemies":"3 Sentries","floor":7,"turns":10},{"damage":2,"enemies":"Lagavulin","floor":11,"turns":4},{"damage":3,"enemies":"Gremlin Gang","floor":13,"turns":4},{"damage":7,"enemies":"3 Sentries","floor":14,"turns":9},{"damage":7,"enemies":"The Guardian","floor":16,"turns":11},{"damage":1,"enemies":"Spheric Guardian","floor":18,"turns":4},{"damage":6,"enemies":"Shell Parasite","floor":20,"turns":7},{"damage":0,"enemies":"Centurion and Healer","floor":22,"turns":5},{"damage":31,"enemies":"Slavers","floor":23,"turns":7},{"damage":38,"enemies":"Book of Stabbing","floor":25,"turns":5}],"seed_played":"-215990513271932209","potions_obtained":[{"floor":1,"key":"Block Potion"},{"floor":5,"key":"FearPotion"},{"floor":11,"key":"Swift Potion"},{"floor":21,"key":"DistilledChaos"},{"floor":22,"key":"EssenceOfSteel"}],"is_trial":false,"path_per_floor":["M","?","M","M","M","R","E","R","T","$","E","T","M","E","R","B",null,"M","?","M","?","M","E","R","E"],"character_chosen":"THE_SILENT","items_purchased":[],"campfire_rested":0,"item_purchase_floors":[],"current_hp_per_floor":[55,55,55,55,53,53,44,44,44,44,51,51,50,45,45,40,65,66,66,62,62,64,35,35,0,0],"gold":349,"neow_bonus":"BOSS_RELIC","is_daily":false,"chose_seed":false,"campfire_upgraded":4,"win_rate":0.0,"timestamp":1614381293,"path_taken":["M","?","M","M","M","R","E","R","T","$","E","?","M","E","R","BOSS","M","?","M","?","?","E","R","E"],"items_purchased_type":[],"build_version":"2020-12-22","purchased_purges":1,"victory":false,"max_hp_per_floor":[66,66,66,66,66,66,66,66,66,66,73,73,73,73,73,73,73,73,73,73,73,73,73,73,73,73],"card_choices":[{"not_picked":["Endless Agony","Prepared"],"picked":"Quick Slash","floor":1},{"not_picked":["Backflip","Footwork"],"picked":"Dash","floor":3},{"not_picked":["Backstab","Expertise"],"picked":"Predator","floor":4},{"not_picked":["Cloak And Dagger","Calculated Gamble"],"picked":"Acrobatics","floor":5},{"not_picked":["Bane","Setup","Escape Plan"],"picked":"SKIP","floor":7},{"not_picked":["Catalyst","Blade Dance"],"picked":"Backflip","floor":11},{"not_picked":["Dodge and Roll","Cloak And Dagger","Bane"],"picked":"SKIP","floor":13},{"not_picked":["Dagger Throw","Dodge and Roll"],"picked":"Adrenaline","floor":14},{"not_picked":["After Image","Grand Finale"],"picked":"Envenom","floor":16},{"not_picked":["Tactician","Deflect"],"picked":"Caltrops","floor":18},{"not_picked":["Flechettes","Bane","Eviscerate"],"picked":"SKIP","floor":20},{"not_picked":["Dagger Spray","Caltrops"],"picked":"Poisoned Stab","floor":22},{"not_picked":["PiercingWail","Dash"],"picked":"Bouncing Flask","floor":23}],"player_experience":1716900,"relics_obtained":[{"floor":7,"key":"Ancient Tea Set"},{"floor":9,"key":"Blood Vial"},{"floor":11,"key":"Strawberry"},{"floor":12,"key":"Ice Cream"},{"floor":14,"key":"WingedGreaves"},{"floor":23,"key":"Shuriken"},{"floor":23,"key":"Bottled Tornado"}],"event_choices":[{"damage_healed":0,"gold_gain":0,"cards_transformed":["Strike_G"],"player_choice":"Change","damage_taken":0,"max_hp_gain":0,"max_hp_loss":0,"event_name":"Living Wall","floor":2,"gold_loss":0,"cards_obtained":["Quick Slash"]},{"damage_healed":0,"gold_gain":0,"player_choice":"Simplicity","damage_taken":0,"max_hp_gain":0,"max_hp_loss":0,"event_name":"Back to Basics","floor":19,"gold_loss":0,"cards_upgraded":["Strike_G","Strike_G","Strike_G","Defend_G","Defend_G","Defend_G","Defend_G","Defend_G"]},{"damage_healed":0,"gold_gain":0,"player_choice":"Bought 1 Potion","damage_taken":0,"max_hp_gain":0,"max_hp_loss":0,"event_name":"The Woman in Blue","floor":21,"gold_loss":0}],"is_beta":false,"boss_relics":[{"not_picked":["Fusion Hammer","Sozu"],"picked":"Black Star"}],"items_purged_floors":[10],"is_endless":false,"potions_floor_spawned":[1,5,11,14,22],"killed_by":"Book of Stabbing","ascension_level":20}}