{"host":"x3q4ieql2tr7v8o6","time":1614344249,"event":{"mods":["BaseMod","Bestiary","Better Altar","Better Match","Better Note","Better Sensory Stone","Better Skull","Better Third Choice","Colored Map","Colored Powertips","Curses Come First","Minty Spire (QoL Compilation)","StSLib"],"gold_per_floor":[112,130,130,1,19,19,51,51,51,51,68,68,83,100,100,172,172,188,199,124,124,134,134,160,176,176,10,10,42,42,42,42,117,117,137,1136,335,210,3,34,34,34,34,34,54,54,83,95,95,95,95],"floor_reached":50,"language":"ENG","playtime":1978,"items_purged":["Normality","Normality"],"score":1067,"play_id":"5fce4ddc-e32c-4acd-a177-588f3035bda9","local_time":"20210226125729","is_ascension_mode":true,"campfire_choices":[{"data":"Enlightenment","floor":6.0,"key":"SMITH"},{"floor":10.0,"key":"REST"},{"floor":12.0,"key":"REST"},{"data":"Eviscerate","floor":15.0,"key":"SMITH"},{"floor":23.0,"key":"REST"},{"data":"Neutralize","floor":28.0,"key":"SMITH"},{"data":"Backflip","floor":30.0,"key":"SMITH"},{"floor":32.0,"key":"REST"},{"floor":41.0,"key":"REST"},{"floor":49.0,"key":"REST"}],"circlet_count":0,"master_deck":["AscendersBane","Survivor","Neutralize+1","Enlightenment+1","Underhanded Strike+1","Heel Hook","Riddle With Holes","Infinite Blades","Eviscerate+1","Eviscerate+1","Acrobatics","Sucker Punch+1","Flying Knee+1","Glass Knife+1","PiercingWail+1","Bite+1","Bite+1","Bite+1","Bite+1","Bite+1","Riddle With Holes+1","Choke+1","Outmaneuver","Backflip+1","RitualDagger+1","Malaise","Concentrate","Tactician","Accuracy","Die Die Die+1","Deadly Poison","Footwork","Apotheosis+1","Terror+1","Deflect+1","Discovery+1","Malaise+1","Choke+1","Crippling Poison+1","Footwork","Flying Knee+1","Madness+1","Madness+1","Envenom","Calculated Gamble+1"],"relics":["Ring of the Snake","Molten Egg 2","Snecko Eye","Gremlin Horn","Darkstone Periapt","Pen Nib","Happy Flower","Pandora\u0027s Box","Toxic Egg 2","Membership Card","Ornamental Fan","StrikeDummy","Letter Opener"],"acts_visited":["Exordium","TheCity","TheBeyond"],"potions_floor_usage":[50,50],"damage_taken":[{"damage":4.0,"enemies":"Small Slimes","floor":1.0,"turns":5.0},{"damage":4.0,"enemies":"Jaw Worm","floor":2.0,"turns":5.0},{"damage":0.0,"enemies":"2 Louse","floor":5.0,"turns":2.0},{"damage":36.0,"enemies":"Gremlin Nob","floor":7.0,"turns":5.0},{"damage":0.0,"enemies":"Blue Slaver","floor":11.0,"turns":2.0},{"damage":0.0,"enemies":"Exordium Wildlife","floor":13.0,"turns":3.0},{"damage":0.0,"enemies":"2 Fungi Beasts","floor":14.0,"turns":2.0},{"damage":58.0,"enemies":"The Guardian","floor":16.0,"turns":11.0},{"damage":11.0,"enemies":"Spheric Guardian","floor":18.0,"turns":3.0},{"damage":2.0,"enemies":"Shell Parasite","floor":19.0,"turns":2.0},{"damage":15.0,"enemies":"Chosen and Byrds","floor":22.0,"turns":4.0},{"damage":18.0,"enemies":"Gremlin Leader","floor":24.0,"turns":8.0},{"damage":0.0,"enemies":"Cultist and Chosen","floor":25.0,"turns":3.0},{"damage":21.0,"enemies":"Slavers","floor":29.0,"turns":3.0},{"damage":51.0,"enemies":"Collector","floor":33.0,"turns":8.0},{"damage":0.0,"enemies":"Orb Walker","floor":35.0,"turns":1.0},{"damage":64.0,"enemies":"Nemesis","floor":40.0,"turns":7.0},{"damage":0.0,"enemies":"3 Darklings","floor":45.0,"turns":2.0},{"damage":18.0,"enemies":"Reptomancer","floor":47.0,"turns":4.0},{"damage":48.0,"enemies":"Transient","floor":48.0,"turns":6.0},{"damage":69,"enemies":"Awakened One","floor":50,"turns":12}],"seed_played":"2219417984517672731","potions_obtained":[{"floor":5.0,"key":"PowerPotion"},{"floor":7.0,"key":"Energy Potion"},{"floor":16.0,"key":"PowerPotion"},{"floor":22.0,"key":"Block Potion"},{"floor":25.0,"key":"Explosive Potion"},{"floor":33.0,"key":"Explosive Potion"},{"floor":47.0,"key":"EssenceOfSteel"},{"floor":48.0,"key":"FearPotion"}],"is_trial":false,"path_per_floor":["M","M","?","$","M","R","E","$","T","R","M","R","M","M","R","B",null,"M","M","?","?","M","R","E","M","T","$","R","E","R","?","R","B",null,"M","?","$","?","$","E","R","?","T","$","M","?","E","M","R","B"],"character_chosen":"THE_SILENT","items_purchased":["Riddle With Holes","Infinite Blades","Pen Nib","Toxic Egg 2","Apotheosis+1","Terror+1","Deflect+1","Block Potion","Discovery+1","Membership Card"],"campfire_rested":6,"item_purchase_floors":[4,4,27,37,37,37,37,37,37,39],"current_hp_per_floor":[55,51,51,51,51,51,15,15,15,34,36,55,57,59,59,3,50,41,41,41,41,41,60,62,66,66,66,66,48,48,42,61,28,57,57,69,69,69,69,17,40,78,78,78,78,64,49,19,42,0,0],"gold":95,"neow_bonus":"RANDOM_COLORLESS","is_daily":false,"chose_seed":false,"campfire_upgraded":4,"win_rate":0.0,"timestamp":1614344249,"path_taken":["M","M","?","?","M","R","E","$","T","R","M","R","M","M","R","BOSS","M","M","?","?","M","R","E","M","T","?","R","E","R","?","R","BOSS","M","?","$","?","?","E","R","?","T","$","?","?","E","M","R","BOSS"],"items_purchased_type":["Card","Card","Relic","Relic","Card","Card","Card","Potion","Card","Relic"],"build_version":"2020-12-22","purchased_purges":2,"victory":false,"max_hp_per_floor":[66,66,66,66,66,66,66,66,66,66,66,66,66,66,66,66,66,66,66,66,66,66,66,66,66,66,66,66,66,66,66,66,66,66,66,78,78,78,78,78,78,78,78,78,78,78,78,78,78,78,78],"card_choices":[{"not_picked":["Trip","Panacea"],"picked":"Enlightenment","floor":0.0},{"not_picked":["Deadly Poison","Blur"],"picked":"Underhanded Strike","floor":1.0},{"not_picked":["Prepared","Slice"],"picked":"Heel Hook","floor":2.0},{"not_picked":["Dagger Spray","Tactician"],"picked":"Eviscerate","floor":5.0},{"not_picked":["Reflex","PiercingWail"],"picked":"Eviscerate+1","floor":7.0},{"not_picked":["Dodge and Roll","Deflect"],"picked":"Acrobatics","floor":11.0},{"not_picked":["Skewer+1","Cloak And Dagger"],"picked":"Sucker Punch+1","floor":13.0},{"not_picked":["Setup","Finisher+1"],"picked":"Flying Knee+1","floor":14.0},{"not_picked":["Doppelganger","Tools of the Trade"],"picked":"Glass Knife+1","floor":16.0},{"not_picked":["Deadly Poison","Calculated Gamble"],"picked":"PiercingWail+1","floor":18.0},{"not_picked":["Underhanded Strike+1","Backflip"],"picked":"Eviscerate+1","floor":19.0},{"not_picked":["Unload+1","Expertise"],"picked":"Riddle With Holes+1","floor":22.0},{"not_picked":["Poisoned Stab+1","Tools of the Trade"],"picked":"Choke+1","floor":24.0},{"not_picked":["Prepared","Calculated Gamble"],"picked":"Outmaneuver","floor":25.0},{"not_picked":["Prepared","Distraction"],"picked":"Backflip","floor":29.0},{"not_picked":["Grand Finale+1","Tools of the Trade"],"picked":"Malaise","floor":33.0},{"not_picked":["Infinite Blades","Sucker Punch+1"],"picked":"Footwork","floor":35.0},{"not_picked":["Storm of Steel+1","Envenom+1"],"picked":"Malaise+1","floor":38.0},{"not_picked":["Distraction+1","Crippling Poison+1"],"picked":"Choke+1","floor":38.0},{"not_picked":["Accuracy+1","Well Laid Plans+1"],"picked":"Crippling Poison+1","floor":38.0},{"not_picked":["Flechettes+1","Dagger Throw+1"],"picked":"Footwork","floor":40.0},{"not_picked":["Masterful Stab+1","Slice+1"],"picked":"Flying Knee+1","floor":45.0},{"not_picked":["Flying Knee+1","Dagger Throw+1"],"picked":"Envenom","floor":47.0},{"not_picked":["Dodge and Roll+1","Backflip+1"],"picked":"Calculated Gamble+1","floor":48.0}],"player_experience":764731,"relics_obtained":[{"floor":7.0,"key":"Molten Egg 2"},{"floor":9.0,"key":"Blood Vial"},{"floor":24.0,"key":"Gremlin Horn"},{"floor":26.0,"key":"Darkstone Periapt"},{"floor":29.0,"key":"Happy Flower"},{"floor":40.0,"key":"Ornamental Fan"},{"floor":43.0,"key":"StrikeDummy"},{"floor":47.0,"key":"Letter Opener"}],"event_choices":[{"damage_healed":0.0,"max_hp_gain":0.0,"max_hp_loss":0.0,"gold_gain":0.0,"event_name":"Living Wall","player_choice":"Grow","floor":3.0,"gold_loss":0.0,"damage_taken":0.0,"cards_upgraded":["Underhanded Strike"]},{"cards_removed":["Strike_G"],"damage_healed":0.0,"max_hp_gain":0.0,"max_hp_loss":0.0,"gold_gain":0.0,"event_name":"Beggar","player_choice":"Gave Gold","floor":20.0,"gold_loss":75.0,"damage_taken":0.0},{"damage_healed":0.0,"max_hp_gain":0.0,"max_hp_loss":0.0,"gold_gain":0.0,"event_name":"Vampires","player_choice":"Became a vampire (Vial)","floor":21.0,"relics_lost":["Blood Vial"],"gold_loss":0.0,"damage_taken":0.0,"cards_obtained":["Bite","Bite","Bite","Bite","Bite"]},{"damage_healed":0.0,"max_hp_gain":0.0,"max_hp_loss":0.0,"gold_gain":0.0,"event_name":"betterThird:BetterNest","player_choice":"Dagger","floor":31.0,"gold_loss":0.0,"damage_taken":6.0,"cards_obtained":["RitualDagger"]},{"damage_healed":0.0,"max_hp_gain":0.0,"max_hp_loss":0.0,"gold_gain":999.0,"event_name":"MindBloom","player_choice":"Gold","floor":36.0,"gold_loss":0.0,"damage_taken":0.0,"cards_obtained":["Normality","Normality"]},{"damage_healed":0.0,"max_hp_gain":0.0,"max_hp_loss":0.0,"gold_gain":0.0,"event_name":"betterMatch:BetterMatch","player_choice":"2","floor":38.0,"gold_loss":0.0,"damage_taken":0.0,"cards_obtained":["betterMatch:RareCard","betterMatch:UncommonCard","betterMatch:UncommonCard"]},{"cards_removed":["Eviscerate"],"damage_healed":38.0,"max_hp_gain":0.0,"max_hp_loss":0.0,"gold_gain":0.0,"event_name":"Bonfire Elementals","player_choice":"Offered Uncommon","floor":42.0,"gold_loss":0.0,"damage_taken":0.0},{"damage_healed":0.0,"max_hp_gain":0.0,"max_hp_loss":0.0,"gold_gain":0.0,"event_name":"Winding Halls","player_choice":"Embrace Madness","floor":46.0,"gold_loss":0.0,"damage_taken":14.0,"cards_obtained":["Madness","Madness"]}],"is_beta":false,"boss_relics":[{"not_picked":["Sozu","Fusion Hammer"],"picked":"Snecko Eye"},{"not_picked":["Empty Cage","Ring of the Serpent"],"picked":"Pandora\u0027s Box"}],"items_purged_floors":[37,39],"is_endless":false,"potions_floor_spawned":[5,7,16,22,25,33,40,47,48],"killed_by":"Awakened One","ascension_level":17}}