{"host":"2d69zsihwnsihkt1","time":1614360057,"event":{"mods":["AchievementEnabler","Act Like it!","BaseMod","Better Altar","Better Note","Better Skull","Bossed Relics","Colored Map","Colored Powertips","Curses Come First","Displayed Cursed Tome","Googly Eyes","Hermit","Minty Spire (QoL Compilation)","Rare Cards Sparkle","Relic Stats","Replay The Spire","Robot Space Explorer","Shapeshifter Mod","Shop Mod","StSLib","The Forsaken","The Hayseed","The Runesmith"],"gold_per_floor":[114,114,114,131,38,64,82,82,82,109,109,109,124,151,151,151,151],"floor_reached":16,"language":"ENG","playtime":893,"items_purged":[],"score":195,"play_id":"8caee0fa-9d25-42b8-a404-d39b433fd34b","local_time":"20210226112057","is_ascension_mode":true,"campfire_choices":[{"floor":8,"key":"REST"},{"floor":12,"key":"REST"},{"floor":15,"key":"REST"}],"circlet_count":0,"master_deck":["AscendersBane","theForsaken:TheForsaken_Strike","theForsaken:TheForsaken_Strike","theForsaken:TheForsaken_Strike","theForsaken:TheForsaken_Strike","theForsaken:TheForsaken_Defend","theForsaken:TheForsaken_Defend","theForsaken:TheForsaken_Defend","theForsaken:Smite","theForsaken:Penitence","Enlightenment","theForsaken:Terrorize"],"relics":["theForsaken:JudgementScales","The Courier","ReplayTheSpireMod:Lightbulb","Replay:Ringing Soul","Matryoshka"],"acts_visited":["Exordium"],"potions_floor_usage":[10,10,14],"damage_taken":[{"damage":0,"enemies":"2 Louse","floor":1,"turns":2},{"damage":6,"enemies":"Jaw Worm","floor":4,"turns":5},{"damage":61,"enemies":"Lagavulin","floor":6,"turns":12},{"damage":0,"enemies":"Cultist","floor":7,"turns":4},{"damage":30,"enemies":"3 Sentries","floor":10,"turns":13},{"damage":9,"enemies":"2 Fungi Beasts","floor":13,"turns":5},{"damage":48,"enemies":"Gremlin Nob","floor":14,"turns":7},{"damage":48,"enemies":"Fading Forest","floor":16,"turns":7}],"seed_played":"3073325880420953154","potions_obtained":[{"floor":4,"key":"Dexterity Potion"},{"floor":7,"key":"Reflective Coating"},{"floor":13,"key":"FearPotion"}],"is_trial":false,"path_per_floor":["M","?","$","M","$","E","M","R","T","E","?","R","M","E","R","B"],"character_chosen":"THE_FORSAKEN","items_purchased":["Enlightenment"],"campfire_rested":3,"item_purchase_floors":[5],"current_hp_per_floor":[65,65,65,62,62,19,22,43,43,24,24,45,43,3,24,0,0],"gold":151,"neow_bonus":"TEN_PERCENT_HP_BONUS","is_daily":false,"chose_seed":false,"campfire_upgraded":0,"win_rate":0.0,"timestamp":1614360057,"path_taken":["M","?","$","M","$","E","M","R","T","E","?","R","M","E","R","BOSS"],"items_purchased_type":["Card"],"build_version":"2020-12-22","purchased_purges":0,"victory":false,"max_hp_per_floor":[71,71,71,71,71,71,71,71,71,71,71,71,71,71,71,71,71],"relic_stats":{"counters":[8,55],"obtain_stats":[{"Replay:Ringing Soul":10,"Matryoshka":14,"The Courier":6,"theForsaken:JudgementScales":0,"ReplayTheSpireMod:Lightbulb":9},{"Replay:Ringing Soul":5,"Matryoshka":7,"The Courier":3,"theForsaken:JudgementScales":0,"ReplayTheSpireMod:Lightbulb":4},{"Replay:Ringing Soul":36,"Matryoshka":48,"The Courier":19,"theForsaken:JudgementScales":0,"ReplayTheSpireMod:Lightbulb":23}]},"card_choices":[{"not_picked":["theForsaken:HorrifyingStrike","theForsaken:Eulogy","theForsaken:Bolster"],"picked":"SKIP","floor":1},{"not_picked":["theForsaken:HealingLight","theForsaken:PowerUp","theForsaken:HymnOfPatience"],"picked":"SKIP","floor":4},{"not_picked":["theForsaken:Eulogy","theForsaken:MagicWeapon","theForsaken:SacrificeSoul"],"picked":"SKIP","floor":6},{"not_picked":["theForsaken:BottledPlague","theForsaken:Preservation"],"picked":"theForsaken:Terrorize","floor":7},{"not_picked":["theForsaken:Eulogy","theForsaken:CreepingInfection","theForsaken:FuryStrikes"],"picked":"SKIP","floor":10},{"not_picked":["theForsaken:SpinAttack","theForsaken:NobleSacrifice","theForsaken:Eulogy"],"picked":"SKIP","floor":13},{"not_picked":["theForsaken:InspiringBlow","theForsaken:ShieldCharge","theForsaken:RainingSunlight"],"picked":"SKIP","floor":14}],"player_experience":1943279,"relics_obtained":[{"floor":6,"key":"The Courier"},{"floor":9,"key":"ReplayTheSpireMod:Lightbulb"},{"floor":10,"key":"Replay:Ringing Soul"},{"floor":14,"key":"Matryoshka"}],"event_choices":[{"damage_healed":0,"gold_gain":0,"player_choice":"Leave","damage_taken":0,"max_hp_gain":0,"max_hp_loss":0,"event_name":"The Cleric","floor":2,"gold_loss":0},{"cards_removed":["theForsaken:TheForsaken_Defend"],"damage_healed":0,"gold_gain":0,"player_choice":"Card Removal","damage_taken":0,"max_hp_gain":0,"max_hp_loss":0,"event_name":"Wheel of Change","floor":11,"gold_loss":0}],"is_beta":false,"boss_relics":[],"items_purged_floors":[],"is_endless":false,"potions_floor_spawned":[4,7,13],"killed_by":"Fading Forest","ascension_level":13}}