{"host":"r9n4bwsh0iioe8bo","time":1614304915,"event":{"mods":["2.2 Compatiblity","BaseMod","Bestiary","Colored Map","Colored Powertips","Curses Come First","Highlight Path","Minty Spire (QoL Compilation)","Relic Stats","StSLib","SuperFastMode"],"gold_per_floor":[118,118,133,133,149,149,149,165,190,201,213,213,225,235,235,335,335,347,359,369,383,383,383,383,383],"floor_reached":24,"language":"ENG","playtime":2071,"items_purged":[],"score":194,"play_id":"0f8f0b1e-5d71-4337-819d-4330defa2a60","local_time":"20210226020155","is_ascension_mode":false,"campfire_choices":[{"data":"Finisher","floor":6,"key":"SMITH"},{"data":"Riddle With Holes","floor":12,"key":"SMITH"},{"data":"Blade Dance","floor":15,"key":"SMITH"},{"floor":23,"key":"REST"}],"circlet_count":0,"master_deck":["Strike_G","Strike_G","Strike_G","Strike_G","Strike_G","Defend_G","Defend_G","Defend_G","Defend_G","Defend_G","Survivor","Neutralize","Finisher+1","Quick Slash","Noxious Fumes","Blade Dance+1","Riddle With Holes+1","Infinite Blades","Phantasmal Killer","Deadly Poison","Dodge and Roll+1","Terror","Outmaneuver"],"relics":["Ring of the Snake","Toy Ornithopter","HoveringKite","Toxic Egg 2"],"acts_visited":["Exordium","TheCity"],"potions_floor_usage":[8,16,16,16,19],"damage_taken":[{"damage":8,"enemies":"Small Slimes","floor":1,"turns":3},{"damage":2,"enemies":"2 Louse","floor":3,"turns":3},{"damage":0,"enemies":"Cultist","floor":5,"turns":3},{"damage":6,"enemies":"Lots of Slimes","floor":8,"turns":3},{"damage":4,"enemies":"Red Slaver","floor":10,"turns":4},{"damage":7,"enemies":"Blue Slaver","floor":11,"turns":3},{"damage":11,"enemies":"3 Louse","floor":13,"turns":3},{"damage":0,"enemies":"2 Fungi Beasts","floor":14,"turns":2},{"damage":35,"enemies":"The Guardian","floor":16,"turns":9},{"damage":0,"enemies":"Spheric Guardian","floor":18,"turns":2},{"damage":16,"enemies":"Chosen","floor":19,"turns":5},{"damage":25,"enemies":"Shelled Parasite and Fungi","floor":20,"turns":4},{"damage":22,"enemies":"Centurion and Healer","floor":21,"turns":7},{"damage":31,"enemies":"Sentry and Sphere","floor":24,"turns":5}],"seed_played":"888552125220005614","potions_obtained":[{"floor":1,"key":"EssenceOfSteel"},{"floor":5,"key":"SkillPotion"},{"floor":13,"key":"Block Potion"},{"floor":14,"key":"CunningPotion"},{"floor":18,"key":"CunningPotion"}],"is_trial":false,"path_per_floor":["M","?","M","?","M","R","?","M","T","M","M","R","M","M","R","B",null,"M","M","M","M","T","R","M"],"character_chosen":"THE_SILENT","items_purchased":[],"campfire_rested":1,"item_purchase_floors":[],"current_hp_per_floor":[62,62,60,60,60,60,60,54,54,50,43,43,32,32,32,12,70,70,54,29,7,7,28,0,0],"gold":383,"neow_bonus":"THREE_CARDS","is_daily":false,"chose_seed":false,"campfire_upgraded":3,"win_rate":0.0,"timestamp":1614304915,"path_taken":["M","?","M","?","M","R","?","M","T","?","M","R","?","M","R","BOSS","M","M","M","M","?","R","M"],"items_purchased_type":[],"build_version":"2020-12-22","purchased_purges":0,"victory":false,"max_hp_per_floor":[70,70,70,70,70,70,70,70,70,70,70,70,70,70,70,70,70,70,70,70,70,70,70,70,70],"relic_stats":{"counters":[14,56],"HoveringKite":[2],"obtain_stats":[{"HoveringKite":17,"Toxic Egg 2":22,"Toy Ornithopter":9,"Ring of the Snake":0},{"HoveringKite":9,"Toxic Egg 2":13,"Toy Ornithopter":4,"Ring of the Snake":0},{"HoveringKite":33,"Toxic Egg 2":51,"Toy Ornithopter":12,"Ring of the Snake":0}],"Toy Ornithopter":15,"Ring of the Snake":[28]},"card_choices":[{"not_picked":["Deflect","Poisoned Stab"],"picked":"Finisher","floor":0},{"not_picked":["Eviscerate","Distraction","Leg Sweep"],"picked":"SKIP","floor":1},{"not_picked":["Poisoned Stab","Finisher"],"picked":"Quick Slash","floor":3},{"not_picked":["Flying Knee","Acrobatics"],"picked":"Noxious Fumes","floor":5},{"not_picked":["Deflect","Reflex"],"picked":"Blade Dance","floor":8},{"not_picked":["Leg Sweep","Acrobatics"],"picked":"Riddle With Holes","floor":10},{"not_picked":["Acrobatics","Flechettes","Underhanded Strike"],"picked":"SKIP","floor":11},{"not_picked":["Flechettes","Dagger Throw","Heel Hook"],"picked":"SKIP","floor":13},{"not_picked":["Quick Slash","Dodge and Roll"],"picked":"Infinite Blades","floor":14},{"not_picked":["Glass Knife","Unload"],"picked":"Phantasmal Killer","floor":16},{"not_picked":["Skewer","Crippling Poison"],"picked":"Deadly Poison","floor":18},{"not_picked":["Prepared+1","Predator"],"picked":"Dodge and Roll+1","floor":19},{"not_picked":["Heel Hook","Expertise"],"picked":"Terror","floor":20},{"not_picked":["Blade Dance","Poisoned Stab"],"picked":"Outmaneuver","floor":21}],"player_experience":55806,"relics_obtained":[{"floor":9,"key":"Toy Ornithopter"},{"floor":22,"key":"Toxic Egg 2"}],"event_choices":[{"damage_healed":0,"gold_gain":0,"player_choice":"Ignored","damage_taken":0,"max_hp_gain":0,"max_hp_loss":0,"event_name":"Liars Game","floor":2,"gold_loss":0},{"damage_healed":0,"gold_gain":0,"player_choice":"Leave","damage_taken":0,"max_hp_gain":0,"max_hp_loss":0,"event_name":"The Cleric","floor":4,"gold_loss":0},{"damage_healed":0,"gold_gain":0,"player_choice":"Leave","damage_taken":0,"max_hp_gain":0,"max_hp_loss":0,"event_name":"FaceTrader","floor":7,"gold_loss":0}],"is_beta":false,"boss_relics":[{"not_picked":["Ectoplasm","Coffee Dripper"],"picked":"HoveringKite"}],"items_purged_floors":[],"is_endless":false,"potions_floor_spawned":[1,5,13,14,18],"killed_by":"Sentry and Sphere","ascension_level":0}}