{"host":"029ju9bxe3h4e27y","time":1614304419,"event":{"mods":["BaseMod","Friendly Minions","Grow up Mod","KinomotoSakuraMod(木之本樱)","Marisa（F雨　魔理沙）","Minty Spire (QoL Compilation)","Reliquary","Remilia（蕾米莉亚）","StSLib","The Fake Hero","The Servant 0.9.4","UnlockEverythingMod"],"gold_per_floor":[110,122,47,47,47,77,97,128,128,153,163,190,210,239,239,343,343,361,361,361,105,105,131,150,150,175,50,81,113,141,156,156,261,261,279,501,151,166,192,223,273,283,283,314,329,329,154,171,171,171,171,171,171,205,205],"floor_reached":56,"language":"ZHS","playtime":1704,"items_purged":["Strike_RM","Defend_RM","Strike_RM","Writhe","Defend_RM"],"score":2206,"play_id":"b08b1131-b4b7-4689-b8cb-fae23956d468","local_time":"20210226095339","is_ascension_mode":true,"campfire_choices":[{"data":"MastersStateliness","floor":15,"key":"SMITH"},{"data":"RedNightlessCastle","floor":25,"key":"SMITH"},{"floor":32,"key":"RECALL"},{"data":"MastersStateliness","floor":49,"key":"SMITH"},{"data":"ScarletShoot","floor":52,"key":"SMITH"}],"circlet_count":0,"master_deck":["Strike_RM+1","Strike_RM+1","Defend_RM+1","RedMoon+1","ScarletShoot+1","MastersStateliness+1","BombardNight+1","BloodyCatastrophe+1","MastersStateliness+1","RedNightlessCastle+1","MastersStateliness+1","MastersStateliness+1","MastersStateliness+1"],"relics":["ScarletHat","War Paint","WarpedTongs","RedBat","Tiny Chest","Gremlin Horn","Matryoshka","Ornamental Fan","Dead Branch","Empty Cage","Turnip","Sling","Question Card","Blue Candle","Blood Vial","reliquary:IridiumChain","Kunai","Red Mask","Happy Flower","SlaversCollar","Juzu Bracelet","Whetstone","Bottled Flame","reliquary:OuijaBoard","Eternal Feather","reliquary:RosewoodLute","Bag of Preparation"],"acts_visited":["Exordium","TheCity","TheBeyond","TheEnding"],"potions_floor_usage":[55,55],"damage_taken":[{"damage":0.0,"enemies":"Cultist","floor":1.0,"turns":3.0},{"damage":0.0,"enemies":"Jaw Worm","floor":2.0,"turns":4.0},{"damage":4,"enemies":"3 Sentries","floor":6,"turns":4},{"damage":4,"enemies":"2 Louse","floor":7,"turns":2},{"damage":22,"enemies":"Lagavulin","floor":8,"turns":6},{"damage":13,"enemies":"3 Sentries","floor":10,"turns":5},{"damage":10,"enemies":"Large Slime","floor":11,"turns":3},{"damage":12,"enemies":"Gremlin Nob","floor":12,"turns":4},{"damage":9,"enemies":"Lots of Slimes","floor":13,"turns":2},{"damage":2,"enemies":"3 Sentries","floor":14,"turns":2},{"damage":40,"enemies":"The Guardian","floor":16,"turns":7},{"damage":5,"enemies":"2 Thieves","floor":18,"turns":2},{"damage":5,"enemies":"Slavers","floor":23,"turns":2},{"damage":1,"enemies":"Shell Parasite","floor":24,"turns":2},{"damage":1,"enemies":"Book of Stabbing","floor":28,"turns":3},{"damage":0,"enemies":"Masked Bandits","floor":29,"turns":3},{"damage":0,"enemies":"Slavers","floor":30,"turns":4},{"damage":0,"enemies":"Snake Plant","floor":31,"turns":2},{"damage":4,"enemies":"Collector","floor":33,"turns":2},{"damage":16,"enemies":"3 Shapes","floor":35,"turns":2},{"damage":0,"enemies":"Orb Walker","floor":38,"turns":3},{"damage":4,"enemies":"Nemesis","floor":40,"turns":3},{"damage":0,"enemies":"Mind Bloom Boss Battle","floor":41,"turns":2},{"damage":0,"enemies":"Spire Growth","floor":42,"turns":2},{"damage":0,"enemies":"Giant Head","floor":44,"turns":4},{"damage":16,"enemies":"4 Shapes","floor":45,"turns":2},{"damage":0,"enemies":"Maw","floor":48,"turns":3},{"damage":0,"enemies":"Time Eater","floor":50,"turns":4},{"damage":0,"enemies":"Shield and Spear","floor":54,"turns":3},{"damage":13,"enemies":"The Heart","floor":55,"turns":5}],"seed_played":"-3634133129193022933","potions_obtained":[{"floor":2.0,"key":"Explosive Potion"},{"floor":8,"key":"SkillPotion"},{"floor":10,"key":"Energy Potion"},{"floor":11,"key":"DuplicationPotion"},{"floor":16,"key":"Fire Potion"},{"floor":18,"key":"AttackPotion"},{"floor":28,"key":"Dexterity Potion"},{"floor":54,"key":"DestinyDice"}],"is_trial":false,"path_per_floor":["M","M","$","?","?","E","M","E","T","E","M","E","M","E","R","B",null,"M","?","?","$","T","E","M","R","T","$","E","?","E","M","R","B",null,"M","?","$","M","T","E","?","M","T","E","M","?","$","M","R","B",null,"R","$","E","B",null],"character_chosen":"REMILIA","items_purchased":["Sling","Juzu Bracelet","MastersStateliness"],"campfire_rested":0,"item_purchase_floors":[21,37,37],"current_hp_per_floor":[89,100,110,97,107,113,119,127,137,135,142,147,148,156,166,144,230,237,247,257,267,277,284,295,305,315,325,336,348,360,372,382,390,419,415,425,435,452,462,474,486,498,508,520,516,518,528,538,548,558,568,578,588,598,596],"gold":205,"neow_bonus":"RANDOM_COMMON_RELIC","is_daily":false,"chose_seed":false,"campfire_upgraded":4,"win_rate":0.0,"timestamp":1614304419,"path_taken":["M","M","?","?","?","E","M","E","T","E","M","E","?","E","R","BOSS","M","?","?","$","?","E","M","R","T","?","E","?","E","M","R","BOSS","M","?","$","M","?","E","?","M","T","E","M","?","$","M","R","BOSS","R","$","E","BOSS"],"items_purchased_type":["Relic","Relic","Card"],"build_version":"2020-12-22","purchased_purges":5,"victory":true,"max_hp_per_floor":[95,105,115,125,135,145,155,165,175,185,195,205,215,225,235,245,255,265,275,285,295,305,315,325,335,345,355,365,375,385,395,405,415,425,435,445,455,465,475,485,495,505,515,525,535,518,528,538,548,558,568,578,588,598,608],"card_choices":[{"not_picked":["ScarletImprint","DevilSight"],"picked":"MastersStateliness","floor":1.0},{"not_picked":["NightDance","FavorOfDestiny"],"picked":"BombardNight","floor":2.0},{"not_picked":["Stigmanizer","SuperhumanBloodyKnife"],"picked":"BloodyCatastrophe","floor":6},{"not_picked":["DevilSight","NightDance","StarOfDavid"],"picked":"SKIP","floor":7},{"not_picked":["ScarletGensokyo","Maim","UnstableMagic"],"picked":"SKIP","floor":8},{"not_picked":["KillingBlow","ChainGang","TricksterDevil"],"picked":"SKIP","floor":10},{"not_picked":["BombardNight","Stigmanizer","BlasphemousPunishment"],"picked":"SKIP","floor":11},{"not_picked":["LeisurelyOfLord","EternalNight"],"picked":"MastersStateliness","floor":12},{"not_picked":["BlasphemousPunishment","Maim"],"picked":"RedNightlessCastle","floor":13},{"not_picked":["FavorOfDestiny","RedNightlessCastle","DevilSight"],"picked":"SKIP","floor":14},{"not_picked":["BloodyTrap+1","ScarletSymphony+1","UnderTheZenith"],"picked":"SKIP","floor":18},{"not_picked":["ScarletSymphony+1","BloodHunter","ForecastOfChange"],"picked":"MastersStateliness+1","floor":23},{"not_picked":["ScarletImprint+1","UnstableMagic+1","AfternoonTea","TwelveNightmare"],"picked":"SKIP","floor":24},{"not_picked":["VampireKiss","EmergencyRegeneration","BadLadyScramble","RedMagic"],"picked":"SKIP","floor":28},{"not_picked":["Stigmanizer","BombardNight","Maim","StarOfDavid"],"picked":"SKIP","floor":30},{"not_picked":["SuperhumanBloodyKnife","ScarletImprint","ScarletDevilSign","EternalNight"],"picked":"SKIP","floor":31},{"not_picked":["ScarletDevilSign+1","EndlessAdversity","BombardNight+1","UltimateOffering"],"picked":"SKIP","floor":35},{"not_picked":["EndlessAdversity","BombardNight+1","DiffusionOfMisfortune"],"picked":"MastersStateliness+1","floor":38},{"not_picked":["UnstableMagic","HeartBreak","FavorOfDestiny+1","ScarletDevil"],"picked":"SKIP","floor":40},{"not_picked":["EndlessAdversity+1","ScarletDevil","Ultimatum","NightDance"],"picked":"SKIP","floor":42},{"not_picked":["FavorOfDestiny","BlasphemousPunishment+1","GlobalNightmare+1","DiffusionOfMisfortune+1"],"picked":"SKIP","floor":44},{"not_picked":["AfternoonTea","NightDance","DiffusionOfMisfortune","EndlessAdversity+1"],"picked":"SKIP","floor":45},{"not_picked":["LeisurelyOfLord+1","ScarletSymphony+1","NightDance+1","UltimateOffering+1"],"picked":"SKIP","floor":48},{"not_picked":["CurseOfVladTepes","DiffusionOfMisfortune+1","ScarletImprint","BloodyTrap"],"picked":"SKIP","floor":54}],"player_experience":120424,"relics_obtained":[{"floor":6,"key":"RedBat"},{"floor":8,"key":"Tiny Chest"},{"floor":9,"key":"Gremlin Horn"},{"floor":10,"key":"Matryoshka"},{"floor":12,"key":"Ornamental Fan"},{"floor":14,"key":"Dead Branch"},{"floor":22,"key":"Question Card"},{"floor":22,"key":"Blue Candle"},{"floor":23,"key":"Blood Vial"},{"floor":26,"key":"reliquary:IridiumChain"},{"floor":28,"key":"Kunai"},{"floor":29,"key":"Red Mask"},{"floor":30,"key":"Happy Flower"},{"floor":39,"key":"Whetstone"},{"floor":40,"key":"Bottled Flame"},{"floor":41,"key":"reliquary:OuijaBoard"},{"floor":43,"key":"Eternal Feather"},{"floor":44,"key":"reliquary:RosewoodLute"},{"floor":54,"key":"Bag of Preparation"}],"event_choices":[{"damage_healed":0.0,"max_hp_gain":0.0,"max_hp_loss":0.0,"gold_gain":0.0,"event_name":"Shining Light","player_choice":"Entered Light","floor":4.0,"gold_loss":0.0,"damage_taken":23.0,"cards_upgraded":["BombardNight","MastersStateliness"]},{"damage_healed":0,"gold_gain":0,"player_choice":"Rummage","damage_taken":0,"relics_obtained":["WarpedTongs"],"max_hp_gain":0,"max_hp_loss":0,"event_name":"Accursed Blacksmith","floor":5,"gold_loss":0,"cards_obtained":["Pain"]},{"damage_healed":0,"gold_gain":0,"player_choice":"Opened","damage_taken":0,"relics_obtained":["Turnip"],"max_hp_gain":0,"max_hp_loss":0,"event_name":"The Mausoleum","floor":19,"gold_loss":0,"cards_obtained":["Writhe"]},{"damage_healed":0,"gold_gain":0,"player_choice":"Upgraded","damage_taken":0,"max_hp_gain":0,"max_hp_loss":0,"event_name":"Upgrade Shrine","floor":20,"gold_loss":0,"cards_upgraded":["BloodyCatastrophe"]},{"damage_healed":0,"gold_gain":0,"player_choice":"Fought Bandits","damage_taken":0,"max_hp_gain":0,"max_hp_loss":0,"event_name":"Masked Bandits","floor":29,"gold_loss":0},{"damage_healed":0,"gold_gain":222,"player_choice":"Wore Mask","damage_taken":0,"max_hp_gain":0,"max_hp_loss":0,"event_name":"Tomb of Lord Red Mask","floor":36,"gold_loss":0},{"damage_healed":0,"gold_gain":0,"player_choice":"Fight","damage_taken":0,"max_hp_gain":0,"max_hp_loss":0,"event_name":"MindBloom","floor":41,"gold_loss":0},{"damage_healed":0,"gold_gain":0,"player_choice":"Max HP","damage_taken":0,"max_hp_gain":0,"max_hp_loss":27,"event_name":"Winding Halls","floor":46,"gold_loss":0}],"is_beta":false,"boss_relics":[{"not_picked":["reliquary:Craggleroot","reliquary:WritOfMandamus"],"picked":"Empty Cage"},{"not_picked":["Runic Pyramid","Runic Dome"],"picked":"SlaversCollar"}],"items_purged_floors":[3,21,27,37,47],"is_endless":false,"potions_floor_spawned":[2,8,10,11,16,18,28,29,31,40,42,45,54],"ascension_level":7}}