{"host":"g11d3x3m0pyxfasu","time":1614340735,"event":{"mods":["BaseMod","Block Reminder","Hubris","Infinite Spire","Minty Spire (QoL Compilation)","Quick Restart","Reliquary","Replay The Spire","StSLib","SuperFastMode"],"gold_per_floor":[113,63,83,101,151,184,184,197,197,209,211,59,59,6,6,122,222,241,258,281,283,297,297,297,297,297,197,197,221,221,221,221,241,241],"floor_reached":33,"language":"ENG","playtime":1277,"items_purged":["Amnesia","Regret"],"score":245,"play_id":"b98c2607-8d6e-45cf-9075-96aa0a90b251","local_time":"20210226125855","daily_mods":["Heirloom","Flight"],"is_ascension_mode":false,"campfire_choices":[{"floor":23.0,"key":"REST"},{"data":"Loop","floor":28.0,"key":"SMITH"},{"data":"infinitespire:Menacing","floor":32.0,"key":"SMITH"}],"circlet_count":0,"master_deck":["Strike_B","Strike_B","Strike_B","Defend_B+1","Defend_B","Defend_B+1","Zap+1","Dualcast","hubris:Ukulele","Glacier+1","Loop+1","Conserve Battery","ReplayTheSpireMod:Doomed","Parasite","Ball Lightning","Capacitor","infinitespire:Menacing+1","Barrage+1","Self Repair","ReplayTheSpireMod:Splinters"],"relics":["Cracked Core","FossilizedHelix","Ring of Greed","ReplayTheSpireMod:Ring of Addiction","infinitespire:Midas Blood","Tiny Chest","Potion Belt","hubris:EmptyBottle","Pear","infinitespire:Broken Mirror","infinitespire:Bottled Soul","Prayer Wheel","Replay:Wanted Poster","Mercury Hourglass","War Paint","SsserpentHead"],"acts_visited":["Exordium","TheCity"],"potions_floor_usage":[33,33,33,33,33],"damage_taken":[{"damage":0.0,"enemies":"Small Slimes","floor":1.0,"turns":3.0},{"damage":0.0,"enemies":"Cultist","floor":3.0,"turns":3.0},{"damage":0.0,"enemies":"Jaw Worm","floor":4.0,"turns":2.0},{"damage":6.0,"enemies":"Gremlin Nob","floor":6.0,"turns":5.0},{"damage":5.0,"enemies":"Looter","floor":8.0,"turns":3.0},{"damage":0.0,"enemies":"Blue Slaver","floor":10.0,"turns":2.0},{"damage":39.0,"enemies":"Hexaghost","floor":16.0,"turns":15.0},{"damage":7.0,"enemies":"2 Thieves","floor":18.0,"turns":3.0},{"damage":3.0,"enemies":"3 Byrds","floor":19.0,"turns":4.0},{"damage":11.0,"enemies":"Snake Plant","floor":20.0,"turns":5.0},{"damage":13.0,"enemies":"Cultist and Chosen","floor":22.0,"turns":5.0},{"damage":6.0,"enemies":"Centurion and Healer","floor":29.0,"turns":5.0},{"damage":49,"enemies":"Pondfish","floor":33,"turns":8}],"seed_played":"7940060651103474225","potions_obtained":[{"floor":5.0,"key":"LifebloodPotion"},{"floor":5.0,"key":"Swift Potion"},{"floor":5.0,"key":"Weak Potion"},{"floor":6.0,"key":"SkillPotion"},{"floor":16.0,"key":"Weak Potion"},{"floor":22.0,"key":"Doom Potion"}],"is_trial":true,"path_per_floor":["M","?","M","M","?","E","?","M","T","M","?","$","T","$","R","B",null,"M","M","M","?","M","R","T","R","T","$","R","M","?","?","R","B"],"character_chosen":"DEFECT","items_purchased":["Loop","Conserve Battery"],"campfire_rested":1,"item_purchase_floors":[12,14],"current_hp_per_floor":[75,75,75,75,75,79,79,74,74,74,57,57,57,57,57,18,79,72,69,58,40,27,50,50,50,50,50,50,44,44,44,44,0,0],"gold":241,"neow_bonus":"","is_daily":false,"chose_seed":false,"campfire_upgraded":2,"win_rate":0.0,"timestamp":1614340735,"path_taken":["M","?","M","M","?","E","?","?","T","M","?","$","?","?","R","BOSS","M","?","M","?","M","R","?","R","T","$","R","?","?","?","R","BOSS"],"items_purchased_type":["Card","Card"],"build_version":"2020-12-22","purchased_purges":2,"victory":false,"max_hp_per_floor":[75,75,75,75,75,85,85,85,85,83,83,83,81,81,81,79,79,79,79,79,79,77,77,77,77,75,75,75,73,73,73,71,71,71],"card_choices":[{"not_picked":["Chaos","Steam","Redo"],"picked":"SKIP","floor":1.0},{"not_picked":["Cold Snap","FIFO Queue"],"picked":"hubris:Ukulele","floor":3.0},{"not_picked":["Barrage","Rebound"],"picked":"Glacier","floor":4.0},{"not_picked":["Crystallizer","Thunder Strike"],"picked":"ReplayTheSpireMod:Fabricate Wheel","floor":6.0},{"not_picked":["Reinforced Body","Redo","Melter"],"picked":"SKIP","floor":8.0},{"not_picked":["Compile Driver","Hologram","Cold Snap"],"picked":"SKIP","floor":10.0},{"not_picked":["Chaos","Turbo"],"picked":"Ball Lightning","floor":18.0},{"not_picked":["Redo+1","Beam Cell","Coolheaded"],"picked":"SKIP","floor":18.0},{"not_picked":["Chaos","Panic Button"],"picked":"Capacitor","floor":19.0},{"not_picked":["Hologram+1","Rebound","BootSequence"],"picked":"SKIP","floor":19.0},{"not_picked":["Reinforced Body+1","Stack","Scrape"],"picked":"SKIP","floor":20.0},{"not_picked":["Auto Shields","Stack+1","Hologram"],"picked":"SKIP","floor":20.0},{"not_picked":["infinitespire:FinalStrike","ReplayTheSpireMod:Echoes of Time"],"picked":"infinitespire:Menacing","floor":21.0},{"not_picked":["Fusion","Hologram"],"picked":"Barrage+1","floor":22.0},{"not_picked":["Conserve Battery","Redo+1","Hologram"],"picked":"SKIP","floor":22.0},{"not_picked":["hubris:SpecializedCircuitry","Ball Lightning"],"picked":"Self Repair","floor":29.0},{"not_picked":["Redo","Sweeping Beam","Rip and Tear+1"],"picked":"SKIP","floor":29.0}],"player_experience":13805,"relics_obtained":[{"floor":5.0,"key":"Ring of Greed"},{"floor":5.0,"key":"ReplayTheSpireMod:Ring of Addiction"},{"floor":5.0,"key":"infinitespire:Midas Blood"},{"floor":5.0,"key":"Tiny Chest"},{"floor":5.0,"key":"Potion Belt"},{"floor":5.0,"key":"hubris:EmptyBottle"},{"floor":6.0,"key":"Pear"},{"floor":9.0,"key":"infinitespire:Broken Mirror"},{"floor":13.0,"key":"infinitespire:Bottled Soul"},{"floor":24.0,"key":"Mercury Hourglass"},{"floor":26.0,"key":"War Paint"}],"event_choices":[{"cards_removed":["Strike_B"],"damage_healed":0.0,"max_hp_gain":0.0,"max_hp_loss":0.0,"gold_gain":0.0,"event_name":"The Cleric","player_choice":"Card Removal","floor":2.0,"gold_loss":50.0,"damage_taken":0.0},{"cards_removed":["Defend_B"],"damage_healed":0.0,"max_hp_gain":0.0,"max_hp_loss":0.0,"gold_gain":0.0,"event_name":"Purifier","player_choice":"Purged","floor":7.0,"gold_loss":0.0,"damage_taken":0.0},{"damage_healed":0.0,"max_hp_gain":0.0,"max_hp_loss":0.0,"gold_gain":0.0,"event_name":"Shining Light","player_choice":"Entered Light","floor":11.0,"gold_loss":0.0,"damage_taken":17.0,"cards_upgraded":["Zap","Defend_B"]},{"damage_healed":0.0,"max_hp_gain":0.0,"max_hp_loss":0.0,"gold_gain":0.0,"event_name":"NoteForYourself","player_choice":"Ignored","floor":15.0,"gold_loss":0.0,"damage_taken":0.0},{"damage_healed":0.0,"max_hp_gain":0.0,"max_hp_loss":0.0,"gold_gain":0.0,"event_name":"Ghosts","player_choice":"Ignored","floor":30.0,"gold_loss":0.0,"damage_taken":0.0},{"damage_healed":0.0,"max_hp_gain":0.0,"max_hp_loss":0.0,"gold_gain":0.0,"event_name":"FaceTrader","player_choice":"Trade","floor":31.0,"gold_loss":0.0,"damage_taken":0.0,"relics_obtained":["SsserpentHead"]}],"is_beta":false,"boss_relics":[{"not_picked":["Abe\u0027s Treasure","Replay:Drink Me"],"picked":"Replay:Wanted Poster"}],"items_purged_floors":[12,27],"is_endless":false,"potions_floor_spawned":[6,16,22],"killed_by":"Pondfish","ascension_level":0}}