{"host":"ugys05tpep779cl6","time":1614339862,"event":{"mods":["AchievementEnabler","Aspiration","BaseMod","Beaked The Cultist","CatGirl Mod","Colored Powertips","HololiveMod","Lobotomy","Minty Spire (QoL Compilation)","Quick Restart","Replay The Spire","Spicy Shops","StSLib","The Druid"],"gold_per_floor":[109,31,53,53,73,118,118,128,128],"floor_reached":8,"language":"ENG","playtime":331,"items_purged":[],"score":70,"play_id":"767b9d57-68ec-46ef-ab35-bf6c42825984","local_time":"20210226124422","is_ascension_mode":true,"campfire_choices":[{"floor":7,"key":"RECALL"}],"circlet_count":0,"master_deck":["Strike_R","Strike_R","Strike_R","Strike_R","Strike_R+1","Defend_R+1","Defend_R","Defend_R","Defend_R","Bash","Anger"],"relics":["Burning Blood","aspiration:DSix","Replay:Bandana","MealTicket"],"acts_visited":["Exordium"],"potions_floor_usage":[6,8],"damage_taken":[{"damage":8,"enemies":"2 Louse","floor":1,"turns":4},{"damage":0,"enemies":"Small Slimes","floor":3,"turns":3},{"damage":2,"enemies":"Jaw Worm","floor":5,"turns":3},{"damage":27,"enemies":"Gremlin Nob","floor":6,"turns":4},{"damage":37,"enemies":"3 Sentries","floor":8,"turns":10}],"seed_played":"3820363424323044241","potions_obtained":[{"floor":1,"key":"Venom Potion"},{"floor":6,"key":"Elixir"}],"is_trial":false,"path_per_floor":["M","$","M","?","M","E","R","E"],"character_chosen":"IRONCLAD","items_purchased":["Replay:Bandana"],"campfire_rested":0,"item_purchase_floors":[2],"current_hp_per_floor":[78,78,80,64,68,47,47,10,10],"gold":128,"neow_bonus":"DSIX","is_daily":false,"chose_seed":false,"campfire_upgraded":0,"win_rate":0.0,"timestamp":1614339862,"path_taken":["M","$","M","?","M","E","R","E"],"items_purchased_type":["Relic"],"build_version":"2020-12-22","purchased_purges":0,"victory":false,"max_hp_per_floor":[80,80,80,80,80,80,80,80,80],"card_choices":[{"not_picked":["Twin Strike","Defy Death","Shockwave"],"picked":"SKIP","floor":1},{"not_picked":["Clash","Life Link"],"picked":"Anger","floor":3},{"not_picked":["ReplayTheSpireMod:Muscle Training","Warcry","Wild Strike"],"picked":"SKIP","floor":5},{"not_picked":["Rupture","Replay:Many Hands","Rampage"],"picked":"SKIP","floor":6}],"player_experience":785884,"relics_obtained":[{"floor":6,"key":"MealTicket"}],"event_choices":[{"damage_healed":0,"gold_gain":0,"player_choice":"Entered Light","damage_taken":16,"max_hp_gain":0,"max_hp_loss":0,"event_name":"Shining Light","floor":4,"gold_loss":0,"cards_upgraded":["Strike_R","Defend_R"]}],"is_beta":false,"boss_relics":[],"items_purged_floors":[],"is_endless":false,"potions_floor_spawned":[1,6],"killed_by":"3 Sentries","ascension_level":5}}