{"host":"5ueuk67tsx07ylcu","time":1614367365,"event":{"mods":["BaseMod","Colored Map","Colored Powertips","Downfall","Duelist Mod","GifTheSpireLib","Hermit","Infinite Spire","Lobotomy","Minty Spire (QoL Compilation)","StSLib","The Animator"],"gold_per_floor":[113,113,133,58,78,78,104,104,176,202,202,202,229,241,253,365,377,407,434,446,458,157,157,32,32,32],"floor_reached":25,"language":"ENG","playtime":1383,"items_purged":["Strike_G","Strike_G","Strike_G"],"score":228,"play_id":"e210e856-56cc-4c28-b1a6-bac5921b025d","local_time":"20210226142245","is_ascension_mode":true,"campfire_choices":[{"floor":6,"key":"RECALL"},{"data":"Setup","floor":8,"key":"SMITH"},{"floor":12,"key":"REST"},{"floor":15,"key":"REST"},{"data":"Noxious Fumes","floor":23,"key":"SMITH"}],"circlet_count":0,"master_deck":["Strike_G","Defend_G","Defend_G","Defend_G","Defend_G","Defend_G","Survivor","Neutralize","Setup+1","Deadly Poison","After Image","Slice","Dagger Spray","Noxious Fumes+1","Grand Finale","Grand Finale","Riddle With Holes","Bane+1","Noxious Fumes"],"relics":["Ring of the Snake","Pen Nib","Bag of Marbles","MawBank","SacredBark","Tiny Chest"],"acts_visited":["Exordium","TheCity"],"potions_floor_usage":[7,10,15,16,16,20],"damage_taken":[{"damage":0,"enemies":"2 Louse","floor":1,"turns":2},{"damage":0,"enemies":"Cultist","floor":3,"turns":4},{"damage":0,"enemies":"Jaw Worm","floor":5,"turns":7},{"damage":37,"enemies":"Lagavulin","floor":7,"turns":12},{"damage":30,"enemies":"Gremlin Nob","floor":10,"turns":7},{"damage":39,"enemies":"Slime Boss","floor":16,"turns":12},{"damage":29,"enemies":"Chosen","floor":18,"turns":7},{"damage":20,"enemies":"Shell Parasite","floor":19,"turns":6},{"damage":0,"enemies":"Shelled Parasite and Fungi","floor":20,"turns":1},{"damage":28,"enemies":"Gremlin Leader","floor":25,"turns":2}],"seed_played":"-1367077426606334852","potions_obtained":[{"floor":5,"key":"SteroidPotion"},{"floor":7,"key":"Weak Potion"},{"floor":10,"key":"EntropicBrew"}],"is_trial":false,"path_per_floor":["M","?","M","$","M","R","E","R","T","E","?","R","T","$","R","B",null,"M","M","M","?","$","R","$","E"],"character_chosen":"THE_SILENT","items_purchased":["Tiny Chest","Noxious Fumes"],"campfire_rested":2,"item_purchase_floors":[22,22],"current_hp_per_floor":[70,70,70,70,70,70,33,33,33,3,3,24,24,24,45,6,70,41,21,21,21,21,21,21,0,0],"gold":32,"neow_bonus":"THREE_CARDS","is_daily":false,"chose_seed":false,"campfire_upgraded":2,"win_rate":0.0,"timestamp":1614367365,"path_taken":["M","?","?","$","?","R","E","R","T","E","?","R","?","$","R","BOSS","M","M","M","?","$","R","$","E"],"items_purchased_type":["Relic","Card"],"build_version":"2020-12-22","purchased_purges":3,"victory":false,"max_hp_per_floor":[70,70,70,70,70,70,70,70,70,70,70,70,70,70,70,70,70,70,70,70,70,70,70,70,70,70],"card_choices":[{"not_picked":["Escape Plan","Dodge and Roll"],"picked":"Setup","floor":0},{"not_picked":["Acrobatics","Bane"],"picked":"Deadly Poison","floor":1},{"not_picked":["Underhanded Strike","Endless Agony"],"picked":"Slice","floor":3},{"not_picked":["Outmaneuver","Bane"],"picked":"Dagger Spray","floor":5},{"not_picked":["Terror","Deadly Poison"],"picked":"Noxious Fumes","floor":7},{"not_picked":["Outmaneuver","Deadly Poison"],"picked":"Grand Finale","floor":10},{"not_picked":["A Thousand Cuts","Burst"],"picked":"Grand Finale","floor":16},{"not_picked":["Prepared","Dodge and Roll"],"picked":"Riddle With Holes","floor":18},{"not_picked":["Catalyst","Dagger Spray"],"picked":"Bane+1","floor":19}],"player_experience":347374,"relics_obtained":[{"floor":7,"key":"Pen Nib"},{"floor":10,"key":"Bag of Marbles"},{"floor":13,"key":"MawBank"}],"event_choices":[{"damage_healed":0,"gold_gain":0,"cards_transformed":["Strike_G"],"player_choice":"Transformed","damage_taken":0,"max_hp_gain":0,"max_hp_loss":0,"event_name":"Transmorgrifier","floor":2,"gold_loss":0,"cards_obtained":["After Image"]},{"damage_healed":0,"gold_gain":0,"player_choice":"Ignored","damage_taken":0,"max_hp_gain":0,"max_hp_loss":0,"event_name":"Liars Game","floor":11,"gold_loss":0}],"is_beta":false,"boss_relics":[{"not_picked":["Sozu","Busted Crown"],"picked":"SacredBark"}],"items_purged_floors":[4,22,24],"is_endless":false,"potions_floor_spawned":[5,7,10,20],"killed_by":"Gremlin Leader","ascension_level":2}}