{"host":"r9n4bwsh0iioe8bo","time":1614348339,"event":{"mods":["2.2 Compatiblity","BaseMod","Bestiary","Colored Map","Colored Powertips","Curses Come First","Highlight Path","Minty Spire (QoL Compilation)","Relic Stats","StSLib","SuperFastMode"],"gold_per_floor":[113,133,146,146,158,158,192,192,268,268,286,301,301,311,311,416,416,434,453,465,477,392,392,404,404,404,404,423,133,133,146,146,243,243,260,278,293,343,359,359,133,133,157,12,12,12,22,32,32,32,32],"floor_reached":50,"language":"ENG","playtime":5217,"items_purged":[],"score":475,"play_id":"f128d4fe-7322-467e-b2b7-790ee0233d34","local_time":"20210226140539","is_ascension_mode":false,"campfire_choices":[{"data":"Deflect","floor":6,"key":"SMITH"},{"floor":8,"key":"REST"},{"data":"Terror","floor":13,"key":"SMITH"},{"data":"Deflect","floor":15,"key":"SMITH"},{"data":"Die Die Die","floor":23,"key":"SMITH"},{"data":"Blade Dance","floor":25,"key":"SMITH"},{"data":"Deadly Poison","floor":30,"key":"SMITH"},{"data":"Dagger Spray","floor":32,"key":"SMITH"},{"data":"A Thousand Cuts","floor":40,"key":"SMITH"},{"data":"Caltrops","floor":42,"key":"SMITH"},{"data":"Catalyst","floor":45,"key":"SMITH"},{"floor":49,"key":"REST"}],"circlet_count":0,"master_deck":["Strike_G+1","Strike_G+1","Strike_G","Strike_G","Strike_G","Defend_G","Defend_G","Defend_G","Defend_G","Defend_G","Survivor","Neutralize","Blind","Crippling Poison","Slice","Blade Dance+1","Deflect+1","Slice","Terror+1","Dagger Spray+1","Deflect+1","Die Die Die+1","Footwork+1","Outmaneuver+1","Poisoned Stab+1","Flying Knee","Deadly Poison+1","Blade Dance+1","Distraction+1","A Thousand Cuts+1","Slice+1","Catalyst+1","Endless Agony+1","Caltrops+1","Writhe"],"relics":["Ring of the Snake","Gambling Chip","HornCleat","Runic Pyramid","Bag of Marbles","Peace Pipe","Happy Flower","Pen Nib","SacredBark","FossilizedHelix","Anchor","Juzu Bracelet","Sling"],"acts_visited":["Exordium","TheCity","TheBeyond"],"potions_floor_usage":[7,7,16,31,33,33,37,48,50,50],"damage_taken":[{"damage":0,"enemies":"Small Slimes","floor":1,"turns":4},{"damage":4,"enemies":"Jaw Worm","floor":2,"turns":6},{"damage":0,"enemies":"2 Louse","floor":3,"turns":3},{"damage":0,"enemies":"Exordium Thugs","floor":5,"turns":4},{"damage":26,"enemies":"3 Sentries","floor":7,"turns":8},{"damage":3,"enemies":"3 Louse","floor":11,"turns":3},{"damage":0,"enemies":"Blue Slaver","floor":12,"turns":3},{"damage":0,"enemies":"Looter","floor":14,"turns":3},{"damage":21,"enemies":"The Guardian","floor":16,"turns":14},{"damage":1,"enemies":"3 Byrds","floor":18,"turns":4},{"damage":0,"enemies":"Shell Parasite","floor":19,"turns":7},{"damage":7,"enemies":"Centurion and Healer","floor":20,"turns":11},{"damage":3,"enemies":"Cultist and Chosen","floor":21,"turns":7},{"damage":0,"enemies":"3 Cultists","floor":24,"turns":3},{"damage":3,"enemies":"Snake Plant","floor":28,"turns":4},{"damage":1,"enemies":"Shelled Parasite and Fungi","floor":31,"turns":4},{"damage":48,"enemies":"Automaton","floor":33,"turns":9},{"damage":0,"enemies":"Orb Walker","floor":35,"turns":3},{"damage":6,"enemies":"3 Shapes","floor":36,"turns":2},{"damage":20,"enemies":"Maw","floor":37,"turns":7},{"damage":4,"enemies":"Mind Bloom Boss Battle","floor":38,"turns":7},{"damage":0,"enemies":"Sphere and 2 Shapes","floor":39,"turns":4},{"damage":8,"enemies":"Spire Growth","floor":47,"turns":5},{"damage":6,"enemies":"3 Darklings","floor":48,"turns":5},{"damage":94,"enemies":"Awakened One","floor":50,"turns":7}],"seed_played":"-8850474183235986198","potions_obtained":[{"floor":1,"key":"PowerPotion"},{"floor":2,"key":"PowerPotion"},{"floor":7,"key":"Swift Potion"},{"floor":19,"key":"CultistPotion"},{"floor":21,"key":"ColorlessPotion"},{"floor":28,"key":"Energy Potion"},{"floor":33,"key":"AttackPotion"},{"floor":35,"key":"FearPotion"},{"floor":38,"key":"BlessingOfTheForge"},{"floor":47,"key":"Energy Potion"}],"is_trial":false,"path_per_floor":["M","M","M","?","M","R","E","R","T","?","M","M","R","M","R","B",null,"M","M","M","M","?","R","M","R","T","?","M","$","R","M","R","B",null,"M","M","M","?","M","R","$","R","T","$","R","?","M","M","R","B"],"character_chosen":"THE_SILENT","items_purchased":["Happy Flower","Pen Nib","Anchor","Caltrops","Sling"],"campfire_rested":2,"item_purchase_floors":[29,29,41,41,44],"current_hp_per_floor":[70,66,66,52,52,52,26,47,47,70,67,67,67,67,67,46,70,69,69,62,59,59,59,59,59,59,59,56,56,56,55,55,7,70,70,64,44,40,40,40,40,40,40,40,40,58,50,44,65,0,0],"gold":32,"neow_bonus":"RANDOM_COLORLESS","is_daily":false,"chose_seed":false,"campfire_upgraded":10,"win_rate":0.0,"timestamp":1614348339,"path_taken":["M","M","M","?","M","R","E","R","T","?","M","M","R","M","R","BOSS","M","M","M","M","?","R","M","R","T","?","M","$","R","M","R","BOSS","M","M","M","?","M","R","$","R","T","$","R","?","M","M","R","BOSS"],"items_purchased_type":["Relic","Relic","Relic","Card","Relic"],"build_version":"2020-12-22","purchased_purges":0,"victory":false,"max_hp_per_floor":[70,70,70,70,70,70,70,70,70,70,70,70,70,70,70,70,70,70,70,70,70,70,70,70,70,70,70,70,70,70,70,70,70,70,70,70,70,70,70,70,70,70,70,70,70,70,70,70,70,70,70],"relic_stats":{"Peace Pipe":0,"Happy Flower":[17],"counters":[25,137],"Gambling Chip":[20],"Pen Nib":[17],"Juzu Bracelet":0,"obtain_stats":[{"Happy Flower":29,"SacredBark":34,"Pen Nib":29,"Juzu Bracelet":43,"Sling":44,"Peace Pipe":26,"Anchor":41,"HornCleat":9,"Gambling Chip":7,"Bag of Marbles":22,"FossilizedHelix":38,"Ring of the Snake":0,"Runic Pyramid":17},{"Happy Flower":15,"SacredBark":17,"Pen Nib":15,"Juzu Bracelet":22,"Sling":22,"Peace Pipe":14,"Anchor":22,"HornCleat":5,"Gambling Chip":5,"Bag of Marbles":13,"FossilizedHelix":21,"Ring of the Snake":0,"Runic Pyramid":9},{"Happy Flower":84,"SacredBark":97,"Pen Nib":84,"Juzu Bracelet":120,"Sling":120,"Peace Pipe":80,"Anchor":120,"HornCleat":25,"Gambling Chip":25,"Bag of Marbles":77,"FossilizedHelix":116,"Ring of the Snake":0,"Runic Pyramid":48}],"Ring of the Snake":[50]},"card_choices":[{"not_picked":["Deep Breath","Mind Blast"],"picked":"Blind","floor":0},{"not_picked":["Poisoned Stab","Quick Slash"],"picked":"Crippling Poison","floor":1},{"not_picked":["Leg Sweep","Deflect"],"picked":"Slice","floor":2},{"not_picked":["Caltrops","Dash"],"picked":"Blade Dance","floor":3},{"not_picked":["Backflip","All Out Attack"],"picked":"Deflect","floor":5},{"not_picked":["Flying Knee","Riddle With Holes"],"picked":"Slice","floor":7},{"not_picked":["Flechettes","Dagger Throw"],"picked":"Terror","floor":11},{"not_picked":["Endless Agony","Backflip"],"picked":"Dagger Spray","floor":12},{"not_picked":["Finisher","Backflip"],"picked":"Deflect","floor":14},{"not_picked":["Venomology","Tools of the Trade"],"picked":"Die Die Die","floor":16},{"not_picked":["Quick Slash","Blade Dance"],"picked":"Footwork+1","floor":18},{"not_picked":["Riddle With Holes","Sucker Punch+1"],"picked":"Outmaneuver+1","floor":19},{"not_picked":["Backflip+1","Slice"],"picked":"Poisoned Stab","floor":20},{"not_picked":["Acrobatics","Backflip+1"],"picked":"Flying Knee","floor":21},{"not_picked":["Prepared","Expertise"],"picked":"Deadly Poison","floor":24},{"not_picked":["Eviscerate","Flying Knee+1"],"picked":"Blade Dance+1","floor":28},{"not_picked":["Dagger Spray","Dagger Throw+1"],"picked":"Distraction+1","floor":31},{"not_picked":["Tools of the Trade","Night Terror"],"picked":"A Thousand Cuts","floor":33},{"not_picked":["Dodge and Roll","Heel Hook+1"],"picked":"Slice+1","floor":35},{"not_picked":["Bane","Slice","Dagger Throw+1"],"picked":"SKIP","floor":36},{"not_picked":["Terror","Choke+1"],"picked":"Catalyst","floor":37},{"not_picked":["Outmaneuver","Dagger Throw+1"],"picked":"Endless Agony+1","floor":38},{"not_picked":["Quick Slash+1","Sucker Punch","Dagger Spray+1"],"picked":"SKIP","floor":39},{"not_picked":["Backflip","Acrobatics","Deflect"],"picked":"SKIP","floor":47},{"not_picked":["Flying Knee+1","Outmaneuver","Deadly Poison"],"picked":"SKIP","floor":48}],"player_experience":63070,"relics_obtained":[{"floor":7,"key":"Gambling Chip"},{"floor":9,"key":"HornCleat"},{"floor":26,"key":"Peace Pipe"},{"floor":38,"key":"FossilizedHelix"},{"floor":43,"key":"Juzu Bracelet"}],"event_choices":[{"damage_healed":0,"gold_gain":0,"player_choice":"Entered Light","damage_taken":14,"max_hp_gain":0,"max_hp_loss":0,"event_name":"Shining Light","floor":4,"gold_loss":0,"cards_upgraded":["Strike_G","Strike_G"]},{"damage_healed":23,"gold_gain":0,"player_choice":"Banana","damage_taken":0,"max_hp_gain":0,"max_hp_loss":0,"event_name":"Big Fish","floor":10,"gold_loss":0},{"damage_healed":0,"gold_gain":0,"player_choice":"Obtained Relic","damage_taken":0,"relics_obtained":["Bag of Marbles"],"max_hp_gain":0,"max_hp_loss":0,"event_name":"Addict","floor":22,"gold_loss":85},{"damage_healed":0,"gold_gain":0,"player_choice":"Upgraded","damage_taken":0,"max_hp_gain":0,"max_hp_loss":0,"event_name":"Upgrade Shrine","floor":27,"gold_loss":0,"cards_upgraded":["Poisoned Stab"]},{"damage_healed":0,"gold_gain":0,"player_choice":"Fight","damage_taken":0,"max_hp_gain":0,"max_hp_loss":0,"event_name":"MindBloom","floor":38,"gold_loss":0},{"damage_healed":18,"gold_gain":0,"player_choice":"Writhe","damage_taken":0,"max_hp_gain":0,"max_hp_loss":0,"event_name":"Winding Halls","floor":46,"gold_loss":0,"cards_obtained":["Writhe"]}],"is_beta":false,"boss_relics":[{"not_picked":["Snecko Eye","Busted Crown"],"picked":"Runic Pyramid"},{"not_picked":["Empty Cage","Astrolabe"],"picked":"SacredBark"}],"items_purged_floors":[],"is_endless":false,"potions_floor_spawned":[1,2,7,19,21,28,33,35,38,47],"killed_by":"Awakened One","ascension_level":0}}