{"host":"fwdkxxz7291ipt0p","time":1614344430,"event":{"mods":["Act Like it!","BaseMod","Bossed Relics","Dota2Spire","Energized Spire","Marked Mod","Minty Spire (QoL Compilation)","Relic Filter Mod","StSLib","The Cursed","The Hierophant","The Runesmith","Youmu£®ªÍ∆«—˝√Œ£©"],"gold_per_floor":[114,131,143,68,68,68,68,100,100,119,119,135,135,184,184,280,280,296,308,308,308,325,325,337,337,363,22,22,36,36,36,36,133,133,148,148,148,166,23,23,33,0,0,0,0,0,14,14,14,14],"floor_reached":51,"language":"ZHS","playtime":1856,"items_purged":["TheCursedMod:Strike_TheCursed","TheCursedMod:Strike_TheCursed"],"score":887,"play_id":"424f5636-bec1-4f31-80b5-f40f729e1209","local_time":"20210226210030","is_ascension_mode":true,"campfire_choices":[{"data":"TheCursedMod:CursedWand","floor":6.0,"key":"SMITH"},{"data":"TheCursedMod:CleanUpWorkshop","floor":11.0,"key":"SMITH"},{"data":"TheCursedMod:ReleasedStrength","floor":13.0,"key":"SMITH"},{"data":"TheCursedMod:Wield","floor":15.0,"key":"SMITH"},{"data":"TheCursedMod:CursedStaff","floor":23.0,"key":"SMITH"},{"data":"TheCursedMod:TacticalStrike","floor":25.0,"key":"SMITH"},{"data":"TheCursedMod:DemonSword","floor":28.0,"key":"SMITH"},{"data":"TheCursedMod:DemonicPact","floor":32.0,"key":"SMITH"},{"data":"TheCursedMod:RapidMovement","floor":40,"key":"SMITH"},{"data":"Secret Technique","floor":46,"key":"SMITH"},{"data":"TheCursedMod:Strike_TheCursed","floor":49,"key":"SMITH"}],"circlet_count":0,"master_deck":["TheCursedMod:Strike_TheCursed+1","TheCursedMod:Defend_TheCursed","TheCursedMod:Defend_TheCursed","TheCursedMod:Defend_TheCursed","TheCursedMod:Defend_TheCursed","TheCursedMod:CursedWand+1","TheCursedMod:CleanUpWorkshop+1","TheCursedMod:Dregs","TheCursedMod:Wield+1","TheCursedMod:ReleasedStrength+1","TheCursedMod:HellsGateOpen+1","TheCursedMod:SurpriseAttack","TheCursedMod:DemonSword+1","TheCursedMod:RapidMovement+1","TheCursedMod:CursedStaff+1","TheCursedMod:TacticalStrike+1","TheCursedMod:DemonicPact+1","TheCursedMod:Obscuration+1","Secret Technique+1","TheCursedMod:LuckyCharm+1"],"relics":["TheCursedMod:BlackMagic101","Eternal Feather","Dota2Spire:Dagon","Omamori","TheCursedMod:OminousMark","Dota2Spire:MaskOfMadness","Pantograph","Dota2Spire:ShadowBlade","Dota2Spire:Bloodstone","Membership Card","Red Mask","Calipers"],"acts_visited":["Exordium","TheCity","TheBeyond"],"potions_floor_usage":[50,50],"damage_taken":[{"damage":0.0,"enemies":"Cultist","floor":1.0,"turns":4.0},{"damage":6.0,"enemies":"Jaw Worm","floor":2.0,"turns":4.0},{"damage":3.0,"enemies":"Small Slimes","floor":3.0,"turns":3.0},{"damage":12.0,"enemies":"Gremlin Nob","floor":8.0,"turns":4.0},{"damage":2.0,"enemies":"Exordium Wildlife","floor":10.0,"turns":3.0},{"damage":0.0,"enemies":"2 Fungi Beasts","floor":12.0,"turns":2.0},{"damage":39.0,"enemies":"Hexaghost","floor":16.0,"turns":8.0},{"damage":18.0,"enemies":"Shell Parasite","floor":18.0,"turns":5.0},{"damage":9.0,"enemies":"2 Thieves","floor":19.0,"turns":4.0},{"damage":12.0,"enemies":"Cultist and Chosen","floor":22.0,"turns":4.0},{"damage":3.0,"enemies":"3 Cultists","floor":24.0,"turns":4.0},{"damage":0.0,"enemies":"Centurion and Healer","floor":29.0,"turns":3.0},{"damage":14.0,"enemies":"Colosseum Slavers","floor":30.0,"turns":4.0},{"damage":71.0,"enemies":"Collector","floor":33.0,"turns":5.0},{"damage":0.0,"enemies":"Orb Walker","floor":35.0,"turns":2.0},{"damage":7,"enemies":"3 Darklings","floor":38,"turns":4},{"damage":7,"enemies":"4 Shapes","floor":41,"turns":4},{"damage":0,"enemies":"Jaw Worm Horde","floor":47,"turns":3},{"damage":41,"enemies":"Donu and Deca","floor":50,"turns":6}],"seed_played":"-4632630978810186788","potions_obtained":[{"floor":0.0,"key":"FairyPotion"},{"floor":0.0,"key":"Weak Potion"},{"floor":0.0,"key":"SteroidPotion"},{"floor":8.0,"key":"Swift Potion"},{"floor":33.0,"key":"BlessingOfTheForge"},{"floor":47,"key":"CultistPotion"}],"is_trial":false,"path_per_floor":["M","M","M","$","?","R","?","E","T","M","R","M","R","T","R","B",null,"M","M","?","?","M","R","M","R","T","$","R","M","?","?","R","B",null,"M","?","?","M","$","R","M","?","T","$","?","R","M","$","R","B",null],"character_chosen":"THE_CURSED","items_purchased":["Pantograph","Membership Card"],"campfire_rested":0,"item_purchase_floors":[27,39],"current_hp_per_floor":[75,69,66,66,66,66,71,59,59,57,63,63,72,72,80,41,80,62,53,53,53,41,50,47,56,56,56,65,75,69,69,78,22,80,80,80,80,73,73,80,73,73,73,73,73,80,80,80,80,39],"gold":14,"neow_bonus":"THREE_SMALL_POTIONS","is_daily":false,"chose_seed":false,"campfire_upgraded":11,"win_rate":0.0,"timestamp":1614344430,"path_taken":["M","?","M","?","?","R","?","E","T","?","R","M","R","?","R","BOSS","M","M","?","?","?","R","M","R","T","$","R","?","?","?","R","BOSS","BOSS","M","?","?","M","?","R","M","?","T","$","?","R","M","?","R","BOSS"],"items_purchased_type":["Relic","Relic"],"build_version":"2020-12-22","purchased_purges":2,"victory":true,"max_hp_per_floor":[75,75,75,75,75,75,80,80,80,80,80,80,80,80,80,80,80,80,80,80,80,80,80,80,80,80,80,80,80,80,80,80,80,80,80,80,80,80,80,80,80,80,80,80,80,80,80,80,80,80],"card_choices":[{"not_picked":["TheCursedMod:DarkBarrier","TheCursedMod:CursedBoomerang"],"picked":"TheCursedMod:Wield","floor":1.0},{"not_picked":["TheCursedMod:WearCloak","TheCursedMod:CircleOfCorruption"],"picked":"TheCursedMod:ReleasedStrength","floor":2.0},{"not_picked":["TheCursedMod:Obscuration","TheCursedMod:CursedBlade"],"picked":"TheCursedMod:HellsGateOpen","floor":3.0},{"not_picked":["TheCursedMod:Stigma","TheCursedMod:SpitefulStrike"],"picked":"TheCursedMod:SurpriseAttack","floor":8.0},{"not_picked":["TheCursedMod:CursedMace","TheCursedMod:VitalStrike","TheCursedMod:SpreadPlague"],"picked":"SKIP","floor":10.0},{"not_picked":["TheCursedMod:Mangle","TheCursedMod:VitalStrike"],"picked":"TheCursedMod:CursedAmulet","floor":12.0},{"not_picked":["TheCursedMod:CollectTribute","TheCursedMod:DemonicPact"],"picked":"TheCursedMod:DemonSword","floor":16.0},{"not_picked":["TheCursedMod:CursedAmulet","TheCursedMod:SurpriseAttack"],"picked":"TheCursedMod:RapidMovement","floor":18.0},{"not_picked":["TheCursedMod:SpitefulPray","TheCursedMod:Torture"],"picked":"TheCursedMod:CursedStaff","floor":19.0},{"not_picked":["TheCursedMod:CursedAmulet","TheCursedMod:Torture","TheCursedMod:Wield+1"],"picked":"SKIP","floor":22.0},{"not_picked":["TheCursedMod:CursedAmulet","TheCursedMod:Stretching+1"],"picked":"TheCursedMod:TacticalStrike","floor":24.0},{"not_picked":["TheCursedMod:WearCloak","TheCursedMod:VitalStrike"],"picked":"TheCursedMod:DemonicPact","floor":29.0},{"not_picked":["TheCursedMod:AshesToAshes+1","TheCursedMod:CircleOfCorruption+1","TheCursedMod:CursedMace+1"],"picked":"SKIP","floor":35.0},{"not_picked":["TheCursedMod:Stigma+1","TheCursedMod:CircleOfCorruption+1"],"picked":"TheCursedMod:Obscuration+1","floor":38},{"not_picked":["TheCursedMod:TroublousMinions+1","TheCursedMod:CircleOfCorruption","TheCursedMod:Stigma+1"],"picked":"SKIP","floor":41},{"not_picked":["Metamorphosis","The Bomb"],"picked":"Secret Technique","floor":45},{"not_picked":["TheCursedMod:CursedMace","TheCursedMod:CursedBlade+1"],"picked":"TheCursedMod:LuckyCharm+1","floor":47}],"player_experience":557571,"relics_obtained":[{"floor":8.0,"key":"Eternal Feather"},{"floor":9.0,"key":"Dota2Spire:Dagon"},{"floor":14.0,"key":"Omamori"},{"floor":26.0,"key":"Dota2Spire:MaskOfMadness"},{"floor":43,"key":"Calipers"}],"event_choices":[{"damage_healed":0.0,"max_hp_gain":0.0,"max_hp_loss":0.0,"gold_gain":0.0,"event_name":"Living Wall","player_choice":"Grow","floor":5.0,"gold_loss":0.0,"damage_taken":0.0,"cards_upgraded":["TheCursedMod:HellsGateOpen"]},{"damage_healed":0.0,"max_hp_gain":5.0,"max_hp_loss":0.0,"gold_gain":0.0,"event_name":"Big Fish","player_choice":"Donut","floor":7.0,"gold_loss":0.0,"damage_taken":0.0},{"damage_healed":0.0,"max_hp_gain":0.0,"max_hp_loss":0.0,"gold_gain":0.0,"event_name":"Forgotten Altar","player_choice":"Smashed Altar","floor":20.0,"gold_loss":0.0,"damage_taken":0.0,"cards_obtained":["Decay"]},{"cards_removed":["TheCursedMod:Strike_TheCursed"],"damage_healed":0.0,"max_hp_gain":0.0,"max_hp_loss":0.0,"gold_gain":0.0,"event_name":"Purifier","player_choice":"Purged","floor":21.0,"gold_loss":0.0,"damage_taken":0.0},{"damage_healed":0.0,"max_hp_gain":0.0,"max_hp_loss":0.0,"gold_gain":0.0,"event_name":"Colosseum","player_choice":"Fight","floor":30.0,"gold_loss":0.0,"damage_taken":0.0},{"damage_healed":0.0,"max_hp_gain":0.0,"max_hp_loss":0.0,"gold_gain":0.0,"event_name":"Colosseum","player_choice":"Fled From Nobs","floor":30.0,"gold_loss":0.0,"damage_taken":0.0},{"damage_healed":0.0,"max_hp_gain":0.0,"max_hp_loss":0.0,"gold_gain":0.0,"event_name":"The Mausoleum","player_choice":"Opened","floor":31.0,"gold_loss":0.0,"damage_taken":0.0,"relics_obtained":["Dota2Spire:ShadowBlade"]},{"cards_removed":["TheCursedMod:CursedAmulet"],"damage_healed":0.0,"max_hp_gain":0.0,"max_hp_loss":0.0,"gold_gain":0.0,"event_name":"Falling","player_choice":"Removed Skill","floor":36.0,"gold_loss":0.0,"damage_taken":0.0},{"damage_healed":0.0,"max_hp_gain":0.0,"max_hp_loss":0.0,"gold_gain":0.0,"event_name":"Mysterious Sphere","player_choice":"Ignored","floor":37.0,"gold_loss":0.0,"damage_taken":0.0},{"damage_healed":0,"gold_gain":0,"player_choice":"Paid","damage_taken":0,"relics_obtained":["Red Mask"],"max_hp_gain":0,"max_hp_loss":0,"event_name":"Tomb of Lord Red Mask","floor":42,"gold_loss":33},{"damage_healed":0,"gold_gain":0,"player_choice":"Memory 1","damage_taken":0,"max_hp_gain":0,"max_hp_loss":0,"event_name":"SensoryStone","floor":45,"gold_loss":0}],"is_beta":false,"boss_relics":[{"not_picked":["Tiny House","SlaversCollar"],"picked":"TheCursedMod:OminousMark"},{"not_picked":["TheCursedMod:BlackMagicAdvanced","Coffee Dripper"],"picked":"Dota2Spire:Bloodstone"}],"items_purged_floors":[4,27],"is_endless":false,"potions_floor_spawned":[8,10,12,24,33,41,47],"ascension_level":4}}