{"host":"70zhvo5nwrhp1mbg","time":1614315649,"event":{"mods":["AchievementEnabler","BaseMod","Bestiary","Colored Map","Colored Powertips","Minty Spire (QoL Compilation)","Rare Cards Sparkle","Relic Stats","StSLib","ojb\u0027s Better Paths Mod","ojb\u0027s Info Mod: The sequel"],"gold_per_floor":[219,219,229,154,154,154,186,186,186,205,205,236,24,42,42,42,42],"floor_reached":16,"language":"ENG","playtime":649,"items_purged":[],"score":211,"play_id":"83634df7-a533-47e7-8d99-e2b2daebe45d","local_time":"20210226000049","is_ascension_mode":true,"campfire_choices":[{"data":"Rampage","floor":6,"key":"SMITH"},{"data":"Armaments","floor":8,"key":"SMITH"},{"floor":11,"key":"REST"},{"data":"Apotheosis","floor":15,"key":"SMITH"}],"circlet_count":0,"master_deck":["AscendersBane","Strike_R","Strike_R","Strike_R","Defend_R","Defend_R","Defend_R","Defend_R","Bash","Headbutt","Rampage+1","Brutality","Armaments+1","Fire Breathing","Dark Embrace","Apotheosis+1","Intimidate"],"relics":["Burning Blood","Bottled Flame","The Courier","Blood Vial","Membership Card"],"acts_visited":["Exordium"],"potions_floor_usage":[12,14],"damage_taken":[{"damage":11,"enemies":"Jaw Worm","floor":1,"turns":4},{"damage":4,"enemies":"Small Slimes","floor":3,"turns":4},{"damage":35,"enemies":"Gremlin Nob","floor":7,"turns":4},{"damage":1,"enemies":"Cultist","floor":10,"turns":3},{"damage":30,"enemies":"Lagavulin","floor":12,"turns":7},{"damage":19,"enemies":"Blue Slaver","floor":14,"turns":5},{"damage":33,"enemies":"Slime Boss","floor":16,"turns":3}],"seed_played":"-8052957464611186567","potions_obtained":[{"floor":10,"key":"HeartOfIron"},{"floor":12,"key":"Strength Potion"}],"is_trial":false,"path_per_floor":["M","?","M","?","?","R","E","R","T","M","R","E","$","M","R","B"],"character_chosen":"IRONCLAD","items_purchased":["Membership Card","Apotheosis"],"campfire_rested":1,"item_purchase_floors":[13,13],"current_hp_per_floor":[63,63,65,65,65,65,36,36,36,41,63,39,39,28,28,0,0],"gold":42,"neow_bonus":"HUNDRED_GOLD","is_daily":false,"chose_seed":false,"campfire_upgraded":3,"win_rate":0.0,"timestamp":1614315649,"path_taken":["M","?","M","?","?","R","E","R","T","M","R","E","$","M","R","BOSS"],"items_purchased_type":["Relic","Card"],"build_version":"2020-12-22","purchased_purges":0,"victory":false,"max_hp_per_floor":[75,75,75,75,75,75,75,75,75,75,75,75,75,75,75,75,75],"relic_stats":{"Blood Vial":4,"counters":[7,30],"obtain_stats":[{"Blood Vial":12,"Bottled Flame":7,"The Courier":9,"Membership Card":13,"Burning Blood":0},{"Blood Vial":5,"Bottled Flame":3,"The Courier":3,"Membership Card":5,"Burning Blood":0},{"Blood Vial":22,"Bottled Flame":12,"The Courier":12,"Membership Card":22,"Burning Blood":0}],"Burning Blood":36},"card_choices":[{"not_picked":["Thunderclap","Body Slam"],"picked":"Headbutt","floor":1},{"not_picked":["Rupture","Havoc"],"picked":"Rampage","floor":3},{"not_picked":["Rage","Reckless Charge"],"picked":"Armaments","floor":7},{"not_picked":["Sentinel","Heavy Blade"],"picked":"Fire Breathing","floor":10},{"not_picked":["Warcry","Ghostly Armor"],"picked":"Dark Embrace","floor":12},{"not_picked":["Armaments","Body Slam"],"picked":"Intimidate","floor":14}],"player_experience":734116,"relics_obtained":[{"floor":7,"key":"Bottled Flame"},{"floor":9,"key":"The Courier"},{"floor":12,"key":"Blood Vial"}],"event_choices":[{"damage_healed":0,"gold_gain":0,"player_choice":"Ignored","damage_taken":0,"max_hp_gain":0,"max_hp_loss":0,"event_name":"Liars Game","floor":2,"gold_loss":0},{"cards_removed":["Strike_R"],"damage_healed":0,"gold_gain":0,"player_choice":"Card Removal","damage_taken":0,"max_hp_gain":0,"max_hp_loss":0,"event_name":"The Cleric","floor":4,"gold_loss":75},{"damage_healed":0,"gold_gain":0,"cards_transformed":["Strike_R"],"player_choice":"Transformed","damage_taken":0,"max_hp_gain":0,"max_hp_loss":0,"event_name":"Transmorgrifier","floor":5,"gold_loss":0,"cards_obtained":["Brutality"]}],"is_beta":false,"boss_relics":[],"items_purged_floors":[],"is_endless":false,"potions_floor_spawned":[10,12],"killed_by":"Slime Boss","ascension_level":19}}