{"host":"yzy3lyltrgq1sam1","time":1614321441,"event":{"mods":["Act Like it!","BaseMod","CapriCore","Downfall","Gensokyo","Koishi","Marisa£®ÏF”Í°°ƒß¿Ì…≥£©","Minty Spire (QoL Compilation)","Quick Restart","Reimu£®≤©¿ˆ¡È√Œ£©","Reliquary","Remilia£®¿Ÿ√◊¿Ú—«£©","StSLib","The Administrix","The Alterego","The Gatherer","WarShipGirlsR/’ΩΩ¢…Ÿ≈ÆR mod","Youmu£®ªÍ∆«—˝√Œ£©","°æ“≈ŒÔø®≈∆°øREMEMod"],"gold_per_floor":[113,11,11,23,98,118,118,118],"floor_reached":7,"language":"ZHS","playtime":332,"items_purged":["Koishi:BasicDefend"],"score":62,"play_id":"7242cb67-f313-4a92-a45e-0b67bbf8ebe3","local_time":"20210226143721","is_ascension_mode":true,"campfire_choices":[],"circlet_count":0,"master_deck":["AscendersBane","Koishi:BasicStrike","Koishi:BasicStrike","Koishi:BasicStrike","Koishi:BasicStrike","Koishi:BasicDefend","Koishi:BasicDefend","Koishi:Provoke","Koishi:HauntingSlash","Koishi:Ego","Koishi:RorschachInDanmaku","Koishi:ReflexRadar","Koishi:HeartfeltFancy","Koishi:IdleWhim"],"relics":["Koishi:ImaginaryFriend","REME_ComplimentaryCards"],"acts_visited":["Exordium"],"potions_floor_usage":[7],"damage_taken":[{"damage":6,"enemies":"Cultist","floor":1,"turns":5},{"damage":0,"enemies":"Jaw Worm","floor":4,"turns":6},{"damage":12,"enemies":"Small Slimes","floor":6,"turns":4},{"damage":44,"enemies":"Gremlin Nob","floor":7,"turns":6}],"seed_played":"2386719315522315950","potions_obtained":[{"floor":4,"key":"Swift Potion"},{"floor":6,"key":"Guardian:BlockOnCardUsePotion"}],"is_trial":false,"path_per_floor":["M","$","?","M","?","M","E"],"character_chosen":"KOISHI","items_purchased":["Koishi:ReflexRadar"],"campfire_rested":0,"item_purchase_floors":[2],"current_hp_per_floor":[50,50,50,54,43,33,0,0],"gold":118,"neow_bonus":"TRANSFORM_CARD","is_daily":false,"chose_seed":false,"campfire_upgraded":0,"win_rate":0.0,"timestamp":1614321441,"path_taken":["M","$","?","M","?","M","E"],"items_purchased_type":["Card"],"build_version":"2020-12-22","purchased_purges":1,"victory":false,"max_hp_per_floor":[60,60,60,60,60,60,60,60],"card_choices":[{"not_picked":["Koishi:RacingHeart","Koishi:DreadfulBlow"],"picked":"Koishi:RorschachInDanmaku","floor":1},{"not_picked":["Koishi:UnconsciousUrges","Koishi:VengefulSpirit"],"picked":"Koishi:HeartfeltFancy","floor":4},{"not_picked":["Koishi:SpiritedAway","Koishi:BloodcurdlingScream"],"picked":"Koishi:IdleWhim","floor":6}],"player_experience":935164,"relics_obtained":[],"event_choices":[{"damage_healed":0,"gold_gain":0,"player_choice":"Ignored","damage_taken":0,"max_hp_gain":0,"max_hp_loss":0,"event_name":"Liars Game","floor":3,"gold_loss":0},{"damage_healed":0,"gold_gain":75,"player_choice":"Gather Gold","damage_taken":11,"max_hp_gain":0,"max_hp_loss":0,"event_name":"World of Goop","floor":5,"gold_loss":0}],"is_beta":false,"boss_relics":[],"items_purged_floors":[2],"is_endless":false,"potions_floor_spawned":[4,6],"killed_by":"Gremlin Nob","ascension_level":10}}