{"host":"kerxro2ytzukjey9","time":1614326271,"event":{"mods":["BaseMod","Colored Map","Minty Spire (QoL Compilation)","Permanent Neow","StSLib"],"gold_per_floor":[112,187,200,200,217,217,236,236,236,57,71,71,103,113,113,185,185,197,227,127,127,139,172,172,205,205,205,205,233,251,269,269,348,348,360,376,394,0,25,51,105,140,215,215,232,232,263,275,275,275,275,275,275,109,135,135],"floor_reached":57,"language":"ENG","playtime":5634,"items_purged":["Strike_B","Strike_B"],"score":3450,"play_id":"a507579e-2ddc-4339-9080-1e9e516afeb1","local_time":"20210226025751","is_ascension_mode":true,"campfire_choices":[{"data":"Barrage","floor":6.0,"key":"SMITH"},{"data":"Double Energy","floor":8.0,"key":"SMITH"},{"data":"Turbo","floor":12.0,"key":"SMITH"},{"data":"Buffer","floor":15.0,"key":"SMITH"},{"data":"Scrape","floor":24.0,"key":"SMITH"},{"floor":28.0,"key":"REST"},{"data":"Defragment","floor":32.0,"key":"SMITH"},{"floor":46.0,"key":"RECALL"},{"data":"Hologram","floor":49.0,"key":"SMITH"},{"data":"Capacitor","floor":53.0,"key":"SMITH"}],"circlet_count":0,"master_deck":["AscendersBane","Strike_B","Defend_B","Defend_B","Zap","Dualcast+1","Rainbow+1","Glacier+1","Machine Learning+1","Glacier","Sweeping Beam","Barrage+1","Double Energy+1","Turbo+1","Genetic Algorithm","Buffer+1","Meteor Strike","Loop","Sunder","Compile Driver","Scrape+1","Defragment+1","Creative AI","Reinforced Body+1","All For One","Capacitor+1","Electrodynamics","Skim","Genetic Algorithm+1","Hologram+1","Skim","Sunder+1","Scrape+1"],"relics":["Astrolabe","Pen Nib","Meat on the Bone","Snecko Eye","Red Mask","PreservedInsect","Oddly Smooth Stone","Mummified Hand","Enchiridion","Anchor","Runic Dome","Happy Flower","Gambling Chip","Toy Ornithopter","Emotion Chip","Unceasing Top","War Paint","Chemical X","Bottled Tornado"],"acts_visited":["Exordium","TheCity","TheBeyond","TheEnding"],"potions_floor_usage":[56],"damage_taken":[{"damage":5.0,"enemies":"Small Slimes","floor":1.0,"turns":4.0},{"damage":6.0,"enemies":"2 Louse","floor":3.0,"turns":2.0},{"damage":5.0,"enemies":"Cultist","floor":5.0,"turns":4.0},{"damage":8.0,"enemies":"Exordium Wildlife","floor":7.0,"turns":5.0},{"damage":0.0,"enemies":"2 Fungi Beasts","floor":11.0,"turns":5.0},{"damage":8.0,"enemies":"Lagavulin","floor":13.0,"turns":6.0},{"damage":13.0,"enemies":"Large Slime","floor":14.0,"turns":6.0},{"damage":0.0,"enemies":"The Guardian","floor":16.0,"turns":10.0},{"damage":0.0,"enemies":"Spheric Guardian","floor":18.0,"turns":4.0},{"damage":0.0,"enemies":"Masked Bandits","floor":19.0,"turns":6.0},{"damage":4.0,"enemies":"Shell Parasite","floor":22.0,"turns":4.0},{"damage":0.0,"enemies":"Slavers","floor":23.0,"turns":4.0},{"damage":23.0,"enemies":"Gremlin Leader","floor":25.0,"turns":6.0},{"damage":0.0,"enemies":"Book of Stabbing","floor":29.0,"turns":3.0},{"damage":0.0,"enemies":"3 Cultists","floor":30.0,"turns":4.0},{"damage":0.0,"enemies":"Snake Plant","floor":31.0,"turns":3.0},{"damage":0.0,"enemies":"Collector","floor":33.0,"turns":7.0},{"damage":0.0,"enemies":"3 Shapes","floor":35.0,"turns":4.0},{"damage":0.0,"enemies":"3 Darklings","floor":36.0,"turns":4.0},{"damage":0.0,"enemies":"Maw","floor":37.0,"turns":6.0},{"damage":0.0,"enemies":"Mind Bloom Boss Battle","floor":39.0,"turns":5.0},{"damage":0.0,"enemies":"Giant Head","floor":40.0,"turns":4.0},{"damage":0.0,"enemies":"2 Orb Walkers","floor":41.0,"turns":3.0},{"damage":0.0,"enemies":"Reptomancer","floor":42.0,"turns":2.0},{"damage":0.0,"enemies":"Spire Growth","floor":45.0,"turns":2.0},{"damage":0.0,"enemies":"Giant Head","floor":47.0,"turns":4.0},{"damage":0.0,"enemies":"Jaw Worm Horde","floor":48.0,"turns":2.0},{"damage":0.0,"enemies":"Time Eater","floor":50.0,"turns":9.0},{"damage":0.0,"enemies":"Donu and Deca","floor":51.0,"turns":4.0},{"damage":0,"enemies":"Shield and Spear","floor":55,"turns":4},{"damage":16,"enemies":"The Heart","floor":56,"turns":5}],"seed_played":"-7878453587156899890","potions_obtained":[{"floor":1.0,"key":"LiquidMemories"},{"floor":3.0,"key":"Energy Potion"},{"floor":4.0,"key":"Block Potion"},{"floor":7.0,"key":"Regen Potion"},{"floor":13.0,"key":"PowerPotion"},{"floor":30.0,"key":"DuplicationPotion"},{"floor":31.0,"key":"Energy Potion"},{"floor":37.0,"key":"LiquidBronze"},{"floor":41.0,"key":"Fruit Juice"},{"floor":42.0,"key":"CultistPotion"},{"floor":48.0,"key":"LiquidMemories"}],"is_trial":false,"path_per_floor":["M","?","M","?","M","R","M","R","T","$","M","R","E","M","R","B",null,"M","?","$","?","M","E","R","E","T","?","R","E","M","M","R","B",null,"M","M","M","$","?","E","?","E","T","?","M","R","E","M","R","B","B",null,"R","$","E","B",null],"character_chosen":"DEFECT","items_purchased":["Turbo","Genetic Algorithm","All For One","Capacitor","Happy Flower","Chemical X"],"campfire_rested":1,"item_purchase_floors":[10,10,38,38,38,54],"current_hp_per_floor":[59,48,42,42,37,37,29,29,29,29,43,43,35,34,34,46,65,65,65,65,65,61,61,61,38,38,17,38,38,38,38,38,38,63,63,63,63,63,63,63,63,73,73,73,73,73,73,73,73,73,73,75,75,75,75,60],"gold":135,"neow_bonus":"BOSS_RELIC","is_daily":false,"chose_seed":false,"campfire_upgraded":8,"win_rate":0.0,"timestamp":1614326271,"path_taken":["M","?","M","?","M","R","M","R","T","$","M","R","E","M","R","BOSS","M","?","$","?","M","E","R","E","T","?","R","E","M","M","R","BOSS","M","M","M","$","?","E","?","E","T","?","M","R","E","M","R","BOSS","BOSS","R","$","E","BOSS"],"items_purchased_type":["Card","Card","Card","Card","Relic","Relic"],"build_version":"2020-12-22","purchased_purges":2,"victory":true,"max_hp_per_floor":[71,71,71,71,71,71,71,71,71,71,71,71,71,71,71,71,71,71,71,71,71,71,71,71,71,71,71,71,71,71,71,71,71,71,71,71,71,71,71,71,71,76,76,76,76,76,76,76,76,76,76,76,76,76,76,76],"card_choices":[{"not_picked":["Blizzard","Beam Cell"],"picked":"Glacier","floor":1.0},{"not_picked":["Tempest","Reinforced Body"],"picked":"Sweeping Beam","floor":3.0},{"not_picked":["Leap","Skim"],"picked":"Barrage","floor":5.0},{"not_picked":["Coolheaded","Leap"],"picked":"Double Energy","floor":7.0},{"not_picked":["Sunder","Gash","Stack"],"picked":"SKIP","floor":11.0},{"not_picked":["Fusion","Rebound","Glacier"],"picked":"SKIP","floor":13.0},{"not_picked":["Streamline","Auto Shields"],"picked":"Buffer","floor":14.0},{"not_picked":["Rainbow","Amplify"],"picked":"Meteor Strike","floor":16.0},{"not_picked":["Sunder","Conserve Battery"],"picked":"Loop","floor":18.0},{"not_picked":["Sweeping Beam","Beam Cell"],"picked":"Sunder","floor":19.0},{"not_picked":["Beam Cell","Lockon"],"picked":"Compile Driver","floor":22.0},{"not_picked":["Stack","Rebound"],"picked":"Scrape","floor":23.0},{"not_picked":["Darkness+1","Tempest","Melter"],"picked":"SKIP","floor":25.0},{"not_picked":["Sunder","Rainbow"],"picked":"Defragment","floor":29.0},{"not_picked":["Auto Shields+1","Leap","Streamline"],"picked":"SKIP","floor":30.0},{"not_picked":["Steam","Compile Driver","Coolheaded"],"picked":"SKIP","floor":31.0},{"not_picked":["Core Surge","Machine Learning"],"picked":"Creative AI","floor":33.0},{"not_picked":["Genetic Algorithm+1","Blizzard","Conserve Battery"],"picked":"SKIP","floor":35.0},{"not_picked":["Genetic Algorithm+1","Blizzard","Conserve Battery"],"picked":"SKIP","floor":35.0},{"not_picked":["Turbo","Genetic Algorithm","Gash+1"],"picked":"SKIP","floor":36.0},{"not_picked":["Redo+1","Steam"],"picked":"Reinforced Body+1","floor":37.0},{"not_picked":["Storm","Undo"],"picked":"Electrodynamics","floor":40.0},{"not_picked":["Double Energy","Rebound"],"picked":"Skim","floor":42.0},{"not_picked":["Leap+1","Beam Cell"],"picked":"Hologram","floor":45.0},{"not_picked":["Sunder","Chill+1"],"picked":"Skim","floor":47.0},{"not_picked":["Steam","Storm"],"picked":"Sunder+1","floor":48.0},{"not_picked":["Static Discharge+1","Steam"],"picked":"Scrape+1","floor":55}],"player_experience":625686,"relics_obtained":[{"floor":9.0,"key":"Pen Nib"},{"floor":13.0,"key":"Meat on the Bone"},{"floor":19.0,"key":"Red Mask"},{"floor":23.0,"key":"PreservedInsect"},{"floor":25.0,"key":"Oddly Smooth Stone"},{"floor":26.0,"key":"Mummified Hand"},{"floor":27.0,"key":"Enchiridion"},{"floor":29.0,"key":"Anchor"},{"floor":39.0,"key":"Gambling Chip"},{"floor":40.0,"key":"Toy Ornithopter"},{"floor":41.0,"key":"Emotion Chip"},{"floor":42.0,"key":"Unceasing Top"},{"floor":47.0,"key":"War Paint"},{"floor":55,"key":"Bottled Tornado"}],"event_choices":[{"damage_healed":0.0,"max_hp_gain":0.0,"max_hp_loss":0.0,"gold_gain":75.0,"event_name":"World of Goop","player_choice":"Gather Gold","floor":2.0,"gold_loss":0.0,"damage_taken":11.0},{"damage_healed":0.0,"max_hp_gain":0.0,"max_hp_loss":0.0,"gold_gain":0.0,"event_name":"Lab","player_choice":"Got Potions","floor":4.0,"gold_loss":0.0,"damage_taken":0.0},{"damage_healed":0.0,"max_hp_gain":0.0,"max_hp_loss":0.0,"gold_gain":0.0,"event_name":"Masked Bandits","player_choice":"Fought Bandits","floor":19.0,"gold_loss":0.0,"damage_taken":0.0},{"damage_healed":0.0,"max_hp_gain":0.0,"max_hp_loss":0.0,"gold_gain":0.0,"event_name":"Ghosts","player_choice":"Ignored","floor":21.0,"gold_loss":0.0,"damage_taken":0.0},{"damage_healed":0.0,"max_hp_gain":0.0,"max_hp_loss":0.0,"gold_gain":0.0,"event_name":"Cursed Tome","player_choice":"Obtained Book","floor":27.0,"gold_loss":0.0,"damage_taken":21.0},{"damage_healed":0.0,"max_hp_gain":0.0,"max_hp_loss":0.0,"gold_gain":0.0,"event_name":"MindBloom","player_choice":"Fight","floor":39.0,"gold_loss":0.0,"damage_taken":0.0},{"damage_healed":0.0,"max_hp_gain":0.0,"max_hp_loss":0.0,"gold_gain":0.0,"event_name":"Mysterious Sphere","player_choice":"Fight","floor":41.0,"gold_loss":0.0,"damage_taken":0.0},{"damage_healed":0.0,"max_hp_gain":0.0,"max_hp_loss":0.0,"gold_gain":0.0,"event_name":"Duplicator","player_choice":"Copied","floor":44.0,"gold_loss":0.0,"damage_taken":0.0,"cards_obtained":["Genetic Algorithm"]}],"is_beta":false,"boss_relics":[{"not_picked":["Coffee Dripper","Calling Bell"],"picked":"Snecko Eye"},{"not_picked":["Busted Crown","Black Star"],"picked":"Runic Dome"}],"items_purged_floors":[10,20],"is_endless":false,"potions_floor_spawned":[1,3,7,13,30,31,33,37,41,42,47,48],"ascension_level":20}}