{"host":"rfvxwqmjnimh09wr","time":1614373683,"event":{"mods":["BaseMod","Colored Map","Minty Spire (QoL Compilation)","StSLib"],"gold_per_floor":[116,116,116,41,54,82,101,101,125,149,195,207,243,290,302,415,427,455,467,404,429,458,470,482,505,568,598,366,385,385,397,397,397,397],"floor_reached":33,"language":"ENG","playtime":1659,"items_purged":["Strike_P","Eruption"],"score":292,"play_id":"1f92e225-1b7b-4a32-ad68-3f1d2d1705d7","local_time":"20210226160803","is_ascension_mode":false,"campfire_choices":[{"floor":8,"key":"REST"},{"floor":12,"key":"REST"},{"floor":15,"key":"REST"},{"floor":23,"key":"REST"},{"floor":30,"key":"REST"},{"data":"Devotion","floor":32,"key":"SMITH"}],"circlet_count":0,"master_deck":["Strike_P","Defend_P","Defend_P","Vigilance","CarveReality","PathToVictory","PathToVictory","Wallop","Devotion+1","Prostrate","ClearTheMind","Consecrate"],"relics":["PureWater","Bag of Marbles","Orichalcum","MawBank","Gremlin Horn","MealTicket","Letter Opener","Empty Cage","Strawberry"],"acts_visited":["Exordium","TheCity"],"potions_floor_usage":[11,16,16,22,22,31,33],"damage_taken":[{"damage":0,"enemies":"2 Louse","floor":1,"turns":2},{"damage":0,"enemies":"Cultist","floor":5,"turns":2},{"damage":57,"enemies":"3 Sentries","floor":6,"turns":5},{"damage":0,"enemies":"Jaw Worm","floor":7,"turns":1},{"damage":0,"enemies":"Looter","floor":10,"turns":1},{"damage":0,"enemies":"Lagavulin","floor":11,"turns":2},{"damage":27,"enemies":"3 Sentries","floor":14,"turns":5},{"damage":3,"enemies":"The Guardian","floor":16,"turns":7},{"damage":7,"enemies":"Shell Parasite","floor":18,"turns":3},{"damage":19,"enemies":"Spheric Guardian","floor":21,"turns":4},{"damage":27,"enemies":"Cultist and Chosen","floor":22,"turns":6},{"damage":16,"enemies":"Snake Plant","floor":25,"turns":4},{"damage":6,"enemies":"Snecko","floor":27,"turns":5},{"damage":21,"enemies":"Centurion and Healer","floor":29,"turns":7},{"damage":8,"enemies":"Chosen and Byrds","floor":31,"turns":5},{"damage":67,"enemies":"Champ","floor":33,"turns":6}],"seed_played":"3987337090196929962","potions_obtained":[{"floor":7,"key":"AttackPotion"},{"floor":11,"key":"Strength Potion"},{"floor":14,"key":"SkillPotion"},{"floor":16,"key":"Dexterity Potion"},{"floor":18,"key":"Strength Potion"},{"floor":21,"key":"SkillPotion"},{"floor":27,"key":"Block Potion"}],"is_trial":false,"path_per_floor":["M","?","?","$","M","E","M","R","T","M","E","R","T","E","R","B",null,"M","?","?","M","M","R","$","M","T","M","$","M","R","M","R","B"],"character_chosen":"WATCHER","items_purchased":["Strawberry"],"campfire_rested":5,"item_purchase_floors":[28],"current_hp_per_floor":[79,72,72,72,72,15,15,38,38,38,38,61,61,34,57,54,79,72,72,72,53,26,49,64,48,48,42,64,43,68,60,60,0,0],"gold":397,"neow_bonus":"TEN_PERCENT_HP_BONUS","is_daily":false,"chose_seed":false,"campfire_upgraded":1,"win_rate":0.0,"timestamp":1614373683,"path_taken":["M","?","?","$","M","E","?","R","T","M","E","R","?","E","R","BOSS","M","?","?","M","M","R","$","M","T","M","?","?","R","M","R","BOSS"],"items_purchased_type":["Relic"],"build_version":"2020-12-22","purchased_purges":2,"victory":false,"max_hp_per_floor":[79,79,79,79,79,79,79,79,79,79,79,79,79,79,79,79,79,79,79,79,79,79,79,79,79,79,79,86,86,86,86,86,86,86],"card_choices":[{"not_picked":["SashWhip","FlurryOfBlows"],"picked":"Evaluate","floor":1},{"not_picked":["Prostrate","WreathOfFlame"],"picked":"CarveReality","floor":5},{"not_picked":["Crescendo","Weave"],"picked":"PathToVictory","floor":6},{"not_picked":["ReachHeaven","Swivel"],"picked":"PathToVictory","floor":7},{"not_picked":["SashWhip","BowlingBash","EmptyBody"],"picked":"SKIP","floor":10},{"not_picked":["SandsOfTime","DeusExMachina","FlurryOfBlows"],"picked":"SKIP","floor":11},{"not_picked":["EmptyFist","PathToVictory"],"picked":"Wallop","floor":14},{"not_picked":["Scrawl","Vault"],"picked":"Devotion","floor":16},{"not_picked":["Crescendo","Collect","PathToVictory"],"picked":"SKIP","floor":18},{"not_picked":["Tantrum","FlurryOfBlows"],"picked":"ClearTheMind","floor":21},{"not_picked":["Crescendo","Blasphemy","Conclude"],"picked":"SKIP","floor":22},{"not_picked":["Fasting2","PathToVictory","FlyingSleeves"],"picked":"SKIP","floor":25},{"not_picked":["Nirvana","Sanctity","Meditate"],"picked":"SKIP","floor":27},{"not_picked":["ThirdEye","WaveOfTheHand"],"picked":"Consecrate","floor":29},{"not_picked":["BowlingBash","Weave","WheelKick"],"picked":"SKIP","floor":31}],"player_experience":229971,"relics_obtained":[{"floor":6,"key":"Orichalcum"},{"floor":9,"key":"MawBank"},{"floor":11,"key":"Gremlin Horn"},{"floor":13,"key":"MealTicket"},{"floor":14,"key":"Letter Opener"}],"event_choices":[{"cards_removed":["Defend_P"],"damage_healed":0,"gold_gain":0,"player_choice":"Card Removal","damage_taken":7,"max_hp_gain":0,"max_hp_loss":0,"event_name":"Golden Wing","floor":2,"gold_loss":0},{"cards_removed":["Evaluate"],"damage_healed":0,"gold_gain":0,"player_choice":"Gave Card","damage_taken":0,"relics_obtained":["Bag of Marbles"],"max_hp_gain":0,"max_hp_loss":0,"event_name":"WeMeetAgain","floor":3,"gold_loss":0},{"damage_healed":0,"gold_gain":0,"player_choice":"Read","damage_taken":0,"max_hp_gain":0,"max_hp_loss":0,"event_name":"The Library","floor":19,"gold_loss":0,"cards_obtained":["Prostrate"]},{"cards_removed":["Defend_P"],"damage_healed":0,"gold_gain":0,"player_choice":"Gave Gold","damage_taken":0,"max_hp_gain":0,"max_hp_loss":0,"event_name":"Beggar","floor":20,"gold_loss":75}],"is_beta":false,"boss_relics":[{"not_picked":["Black Star","Snecko Eye"],"picked":"Empty Cage"}],"items_purged_floors":[4,28],"is_endless":false,"potions_floor_spawned":[7,11,14,16,18,21,27],"killed_by":"Champ","ascension_level":0}}