{"host":"1bzbl1adcbkdzqlf","time":1614302932,"event":{"mods":["BaseMod","Minty Spire (QoL Compilation)","Slay the Relics Exporter"],"gold_per_floor":[116,116,133,208,158,185,196,227,227,227,227,152,171,204,204,305,305,316,19,33,33,49,49,79,79,106,131,131,157,172,192,192,288,288,301,316,17,17,32,64,64,83,107,133,144,159,179,197,197,197,197,197,6,36,36],"floor_reached":56,"language":"ENG","playtime":7273,"items_purged":["Strike_G","Writhe"],"score":1462,"play_id":"ff6f7d3e-c8c7-489f-9319-904cb21208c8","local_time":"20210225192852","is_ascension_mode":true,"campfire_choices":[{"data":"Tools of the Trade","floor":10,"key":"SMITH"},{"data":"Footwork","floor":15,"key":"SMITH"},{"data":"Wraith Form v2","floor":23,"key":"SMITH"},{"data":"Catalyst","floor":25,"key":"SMITH"},{"floor":32,"key":"RECALL"},{"data":"Caltrops","floor":41,"key":"SMITH"},{"data":"Catalyst","floor":49,"key":"SMITH"},{"data":"Poisoned Stab","floor":52,"key":"SMITH"}],"circlet_count":0,"master_deck":["Defend_G","Defend_G","Defend_G+1","Defend_G","Defend_G","Survivor","Neutralize","Footwork+1","Dagger Throw","Bane","Poisoned Stab+1","Tools of the Trade+1","Poisoned Stab","Caltrops+1","Corpse Explosion","Sucker Punch+1","Wraith Form v2+1","Catalyst+1","Flechettes+1","Envenom+1","Bite+1","Bite+1","Bite+1","Bite+1","Bite+1","Blur","Dagger Spray+1","PiercingWail+1","Unload+1","Backflip","Backflip","Backstab+1","Slice+1","Poisoned Stab+1","Catalyst+1","Backflip+1","Die Die Die+1"],"relics":["Coffee Dripper","White Beast Statue","Singing Bowl","Gremlin Horn","Runic Pyramid","Turnip","Molten Egg 2","Smiling Mask","Strawberry","Ninja Scroll","Bag of Preparation","Busted Crown","Shuriken","Pear","Akabeko","Lantern","Oddly Smooth Stone"],"acts_visited":["Exordium","TheCity","TheBeyond","TheEnding"],"potions_floor_usage":[8,14,14,16,16,22,24,27,27,27,33,35,40,44,45,48,50,50,54,55,55],"damage_taken":[{"damage":0,"enemies":"2 Louse","floor":1,"turns":3},{"damage":0,"enemies":"Small Slimes","floor":3,"turns":4},{"damage":25,"enemies":"3 Sentries","floor":6,"turns":16},{"damage":0,"enemies":"Jaw Worm","floor":7,"turns":4},{"damage":1,"enemies":"Lagavulin","floor":8,"turns":8},{"damage":0,"enemies":"3 Louse","floor":13,"turns":3},{"damage":8,"enemies":"Gremlin Nob","floor":14,"turns":4},{"damage":11,"enemies":"The Guardian","floor":16,"turns":9},{"damage":9,"enemies":"2 Thieves","floor":18,"turns":4},{"damage":2,"enemies":"Shell Parasite","floor":20,"turns":6},{"damage":1,"enemies":"Cultist and Chosen","floor":22,"turns":5},{"damage":10,"enemies":"Gremlin Leader","floor":24,"turns":6},{"damage":5,"enemies":"Book of Stabbing","floor":27,"turns":5},{"damage":8,"enemies":"Gremlin Leader","floor":29,"turns":6},{"damage":4,"enemies":"Snecko","floor":30,"turns":5},{"damage":1,"enemies":"3 Cultists","floor":31,"turns":4},{"damage":24,"enemies":"Champ","floor":33,"turns":10},{"damage":0,"enemies":"3 Darklings","floor":35,"turns":1},{"damage":3,"enemies":"Orb Walker","floor":36,"turns":3},{"damage":0,"enemies":"4 Shapes","floor":39,"turns":1},{"damage":15,"enemies":"Giant Head","floor":40,"turns":9},{"damage":6,"enemies":"3 Darklings","floor":42,"turns":3},{"damage":44,"enemies":"Reptomancer","floor":44,"turns":4},{"damage":0,"enemies":"Spire Growth","floor":45,"turns":4},{"damage":0,"enemies":"Sphere and 2 Shapes","floor":46,"turns":4},{"damage":8,"enemies":"3 Darklings","floor":47,"turns":3},{"damage":2,"enemies":"4 Shapes","floor":48,"turns":4},{"damage":21,"enemies":"Donu and Deca","floor":50,"turns":5},{"damage":33,"enemies":"Shield and Spear","floor":54,"turns":6},{"damage":78,"enemies":"The Heart","floor":55,"turns":7}],"seed_played":"5674148103993767389","potions_obtained":[{"floor":1,"key":"Fruit Juice"},{"floor":7,"key":"EssenceOfSteel"},{"floor":8,"key":"SteroidPotion"},{"floor":13,"key":"CunningPotion"},{"floor":14,"key":"Regen Potion"},{"floor":16,"key":"Energy Potion"},{"floor":18,"key":"DistilledChaos"},{"floor":20,"key":"EssenceOfSteel"},{"floor":22,"key":"GamblersBrew"},{"floor":24,"key":"GhostInAJar"},{"floor":27,"key":"Fire Potion"},{"floor":29,"key":"Poison Potion"},{"floor":30,"key":"SneckoOil"},{"floor":31,"key":"SteroidPotion"},{"floor":33,"key":"LiquidMemories"},{"floor":35,"key":"SkillPotion"},{"floor":39,"key":"SpeedPotion"},{"floor":40,"key":"PowerPotion"},{"floor":42,"key":"Block Potion"},{"floor":44,"key":"DuplicationPotion"},{"floor":45,"key":"SteroidPotion"},{"floor":47,"key":"Poison Potion"},{"floor":48,"key":"Fire Potion"},{"floor":54,"key":"Block Potion"}],"is_trial":false,"path_per_floor":["M","?","M","?","?","E","M","E","T","R","?","$","M","E","R","B",null,"M","$","M","?","M","R","E","R","T","E","?","E","M","M","R","B",null,"M","M","$","?","M","E","R","M","T","E","M","M","M","M","R","B",null,"R","$","E","B",null],"character_chosen":"THE_SILENT","items_purchased":["Turnip","Shuriken","Lantern","ColorlessPotion"],"campfire_rested":0,"item_purchase_floors":[19,37,53,53],"current_hp_per_floor":[70,63,63,52,52,27,27,26,26,26,12,12,12,9,9,15,75,66,66,66,66,67,67,59,59,66,63,63,76,80,82,82,73,82,82,82,82,82,82,91,91,87,87,50,59,73,71,75,75,57,96,96,96,80,17],"gold":36,"neow_bonus":"BOSS_RELIC","is_daily":false,"chose_seed":false,"campfire_upgraded":7,"win_rate":0.0,"timestamp":1614302932,"path_taken":["M","?","M","?","?","E","?","E","T","R","?","$","M","E","R","BOSS","M","$","M","?","M","R","E","R","T","E","?","E","M","M","R","BOSS","M","M","$","?","?","E","R","M","T","E","M","M","M","?","R","BOSS","R","$","E","BOSS"],"items_purchased_type":["Relic","Relic","Relic","Potion"],"build_version":"2020-12-22","purchased_purges":2,"victory":true,"max_hp_per_floor":[70,70,70,70,70,70,70,70,70,70,70,70,70,75,75,75,75,75,75,75,75,75,75,75,75,82,82,82,82,82,82,82,82,82,82,82,82,82,82,92,92,94,94,94,94,96,96,96,96,96,96,96,96,98,98],"card_choices":[{"not_picked":["Quick Slash","Deadly Poison"],"picked":"Footwork","floor":1},{"not_picked":["PiercingWail","Outmaneuver"],"picked":"Dagger Throw","floor":3},{"not_picked":["Deadly Poison","Choke"],"picked":"Bane","floor":6},{"not_picked":["Backflip","Predator"],"picked":"Poisoned Stab","floor":7},{"not_picked":["Infinite Blades","Prepared"],"picked":"Tools of the Trade","floor":8},{"not_picked":["Deadly Poison","Backstab"],"picked":"Poisoned Stab","floor":13},{"not_picked":["Dodge and Roll","Deadly Poison"],"picked":"Caltrops","floor":14},{"not_picked":["Storm of Steel","Malaise"],"picked":"Corpse Explosion","floor":16},{"not_picked":["PiercingWail","Riddle With Holes"],"picked":"Sucker Punch+1","floor":18},{"not_picked":["Caltrops+1","Prepared+1"],"picked":"Wraith Form v2","floor":20},{"not_picked":["Slice+1","Finisher+1"],"picked":"Catalyst","floor":22},{"not_picked":["Malaise","Slice+1"],"picked":"Flechettes+1","floor":24},{"not_picked":["Quick Slash+1","Setup+1"],"picked":"Envenom","floor":27},{"not_picked":["Slice+1","PiercingWail"],"picked":"Blur","floor":29},{"not_picked":["Endless Agony+1","Flying Knee+1"],"picked":"Dagger Spray+1","floor":30},{"not_picked":["Finisher+1","Masterful Stab+1"],"picked":"PiercingWail+1","floor":31},{"not_picked":["Wraith Form v2","Venomology"],"picked":"Unload+1","floor":33},{"not_picked":[],"picked":"Backflip","floor":35},{"not_picked":[],"picked":"Backflip","floor":36},{"not_picked":[],"picked":"Backstab+1","floor":39},{"not_picked":[],"picked":"Slice+1","floor":40},{"not_picked":["Deflect+1"],"picked":"Singing Bowl","floor":42},{"not_picked":[],"picked":"Poisoned Stab+1","floor":44},{"not_picked":[],"picked":"Catalyst","floor":45},{"not_picked":["Sucker Punch+1"],"picked":"Singing Bowl","floor":46},{"not_picked":[],"picked":"Backflip+1","floor":47},{"not_picked":[],"picked":"Die Die Die+1","floor":48},{"not_picked":["Quick Slash+1"],"picked":"Singing Bowl","floor":54}],"player_experience":562375,"relics_obtained":[{"floor":6,"key":"White Beast Statue"},{"floor":8,"key":"Singing Bowl"},{"floor":9,"key":"Gremlin Horn"},{"floor":14,"key":"Blood Vial"},{"floor":24,"key":"Smiling Mask"},{"floor":26,"key":"Strawberry"},{"floor":27,"key":"Ninja Scroll"},{"floor":29,"key":"Bag of Preparation"},{"floor":40,"key":"Pear"},{"floor":44,"key":"Akabeko"},{"floor":54,"key":"Oddly Smooth Stone"}],"event_choices":[{"cards_removed":["Strike_G"],"damage_healed":0,"gold_gain":0,"player_choice":"Card Removal","damage_taken":7,"max_hp_gain":0,"max_hp_loss":0,"event_name":"Golden Wing","floor":2,"gold_loss":0},{"damage_healed":0,"gold_gain":75,"player_choice":"Gather Gold","damage_taken":11,"max_hp_gain":0,"max_hp_loss":0,"event_name":"World of Goop","floor":4,"gold_loss":0},{"cards_removed":["Strike_G"],"damage_healed":0,"gold_gain":0,"player_choice":"Card Removal","damage_taken":0,"max_hp_gain":0,"max_hp_loss":0,"event_name":"The Cleric","floor":5,"gold_loss":50},{"damage_healed":0,"gold_gain":0,"player_choice":"Entered Light","damage_taken":14,"max_hp_gain":0,"max_hp_loss":0,"event_name":"Shining Light","floor":11,"gold_loss":0,"cards_upgraded":["Defend_G","Strike_G"]},{"damage_healed":0,"gold_gain":0,"player_choice":"Opened","damage_taken":0,"relics_obtained":["Molten Egg 2"],"max_hp_gain":0,"max_hp_loss":0,"event_name":"The Mausoleum","floor":21,"gold_loss":0,"cards_obtained":["Writhe"]},{"damage_healed":0,"gold_gain":0,"player_choice":"Became a vampire (Vial)","damage_taken":0,"max_hp_gain":0,"max_hp_loss":0,"event_name":"Vampires","floor":28,"relics_lost":["Blood Vial"],"gold_loss":0,"cards_obtained":["Bite","Bite","Bite","Bite","Bite"]},{"damage_healed":0,"gold_gain":0,"player_choice":"Upgraded","damage_taken":0,"max_hp_gain":0,"max_hp_loss":0,"event_name":"Upgrade Shrine","floor":38,"gold_loss":0,"cards_upgraded":["Envenom"]}],"is_beta":false,"boss_relics":[{"not_picked":["Tiny House","Empty Cage"],"picked":"Runic Pyramid"},{"not_picked":["Cursed Key","SacredBark"],"picked":"Busted Crown"}],"items_purged_floors":[12,37],"is_endless":false,"potions_floor_spawned":[1,7,8,13,14,16,18,20,22,24,27,29,30,31,33,35,36,39,40,42,44,45,46,47,48,54],"ascension_level":3}}