{"host":"siu98xj5u8nq6xdu","time":1614315601,"event":{"mods":["AchievementEnabler","BaseMod","Colored Map","Colored Powertips","Minty Spire (QoL Compilation)"],"gold_per_floor":[113,113,29,29,29,29,73,73,73,94,127,127,142,157,157,253,253,271,271,289,289,307,339,339,380,380,51,51,51,94,108,108,195,195,208,234,247,297,314,314,339,30,55,55,0,0,329,356,356,356],"floor_reached":51,"language":"ENG","playtime":4386,"items_purged":["Injury"],"score":1498,"play_id":"c4d3e9f7-ae18-40f8-b76c-283b1ba3ae02","local_time":"20210226000001","is_ascension_mode":true,"campfire_choices":[{"data":"Dash","floor":6.0,"key":"SMITH"},{"data":"Skewer","floor":8.0,"key":"SMITH"},{"data":"Venomology","floor":15.0,"key":"SMITH"},{"data":"Burst","floor":24.0,"key":"SMITH"},{"data":"Adrenaline","floor":29.0,"key":"SMITH"},{"data":"Tools of the Trade","floor":32.0,"key":"SMITH"},{"data":"Calculated Gamble","floor":40.0,"key":"SMITH"},{"data":"Riddle With Holes","floor":44.0,"key":"SMITH"},{"data":"Adrenaline","floor":46.0,"key":"SMITH"},{"data":"Setup","floor":49,"key":"SMITH"}],"circlet_count":0,"master_deck":["AscendersBane","Strike_G","Strike_G","Strike_G+1","Defend_G","Defend_G","Defend_G","Defend_G","Defend_G","Survivor","Neutralize+1","Heel Hook","Dash+1","Skewer+1","Calculated Gamble+1","Eviscerate","Venomology+1","Flying Knee","Adrenaline+1","Leg Sweep","Underhanded Strike","Phantasmal Killer","Burst+1","Reflex","Tools of the Trade+1","Adrenaline+1","Underhanded Strike+1","Riddle With Holes+1","Setup+1"],"relics":["Ring of the Serpent","Lizard Tail","Bloody Idol","Happy Flower","Akabeko","Tough Bandages","WristBlade","Omamori","CeramicFish","Pear","Chemical X","Vajra","Paper Crane","Anchor","Incense Burner","MawBank","Bag of Marbles","Regal Pillow","Red Mask","Old Coin"],"acts_visited":["Exordium","TheCity","TheBeyond"],"potions_floor_usage":[47,48,50,50],"damage_taken":[{"damage":4.0,"enemies":"Jaw Worm","floor":1.0,"turns":7.0},{"damage":34.0,"enemies":"3 Sentries","floor":7.0,"turns":11.0},{"damage":0.0,"enemies":"2 Louse","floor":10.0,"turns":2.0},{"damage":1.0,"enemies":"Lagavulin","floor":11.0,"turns":5.0},{"damage":0.0,"enemies":"Small Slimes","floor":13.0,"turns":2.0},{"damage":4.0,"enemies":"Exordium Thugs","floor":14.0,"turns":5.0},{"damage":15.0,"enemies":"Hexaghost","floor":16.0,"turns":9.0},{"damage":5.0,"enemies":"Shell Parasite","floor":18.0,"turns":4.0},{"damage":0.0,"enemies":"Chosen","floor":20.0,"turns":5.0},{"damage":8.0,"enemies":"Snecko","floor":22.0,"turns":3.0},{"damage":19.0,"enemies":"Book of Stabbing","floor":23.0,"turns":7.0},{"damage":17.0,"enemies":"Gremlin Leader","floor":25.0,"turns":4.0},{"damage":14.0,"enemies":"Book of Stabbing","floor":30.0,"turns":6.0},{"damage":0.0,"enemies":"Snake Plant","floor":31.0,"turns":1.0},{"damage":107.0,"enemies":"Automaton","floor":33.0,"turns":8.0},{"damage":24.0,"enemies":"3 Darklings","floor":35.0,"turns":5.0},{"damage":1.0,"enemies":"Orb Walker","floor":36.0,"turns":2.0},{"damage":12.0,"enemies":"3 Darklings","floor":37.0,"turns":5.0},{"damage":1.0,"enemies":"2 Orb Walkers","floor":38.0,"turns":4.0},{"damage":15.0,"enemies":"Spire Growth","floor":39.0,"turns":4.0},{"damage":8.0,"enemies":"Nemesis","floor":41.0,"turns":7.0},{"damage":0,"enemies":"Reptomancer","floor":47,"turns":4},{"damage":0,"enemies":"Sphere and 2 Shapes","floor":48,"turns":3},{"damage":0,"enemies":"Donu and Deca","floor":50,"turns":3}],"seed_played":"-3079639563173777639","potions_obtained":[{"floor":7.0,"key":"Strength Potion"},{"floor":10.0,"key":"EntropicBrew"},{"floor":11.0,"key":"GamblersBrew"},{"floor":18.0,"key":"BlessingOfTheForge"},{"floor":30.0,"key":"AttackPotion"},{"floor":31.0,"key":"BlessingOfTheForge"},{"floor":33.0,"key":"Weak Potion"},{"floor":38.0,"key":"AttackPotion"},{"floor":48,"key":"DistilledChaos"}],"is_trial":false,"path_per_floor":["M","?","$","?","?","R","E","R","T","M","E","?","M","M","R","B",null,"M","?","M","?","M","E","R","E","T","$","?","R","E","M","R","B",null,"M","M","M","?","M","R","E","$","T","R","?","R","E","M","R","B",null],"character_chosen":"THE_SILENT","items_purchased":["Dash","Chemical X","Vajra","Bag of Marbles","Riddle With Holes"],"campfire_rested":0,"item_purchase_floors":[3,27,27,42,42],"current_hp_per_floor":[55,37,37,37,57,57,23,23,23,23,22,22,22,18,18,3,46,41,41,46,46,43,29,29,27,37,37,37,37,48,53,53,45,64,45,59,52,56,46,46,43,53,58,58,58,58,68,70,70,70],"gold":356,"neow_bonus":"ONE_RARE_RELIC","is_daily":false,"chose_seed":false,"campfire_upgraded":10,"win_rate":0.0,"timestamp":1614315601,"path_taken":["M","?","$","?","?","R","E","R","T","M","E","?","?","M","R","BOSS","M","?","M","?","M","E","R","E","T","$","?","R","E","M","R","BOSS","M","M","M","?","M","R","E","$","T","R","?","R","E","M","R","BOSS"],"items_purchased_type":["Card","Relic","Relic","Relic","Card"],"build_version":"2020-12-22","purchased_purges":1,"victory":true,"max_hp_per_floor":[60,60,60,60,60,60,60,60,60,60,60,60,60,60,60,60,60,60,60,60,60,60,60,60,60,70,70,70,70,70,70,70,70,70,70,70,70,70,70,70,70,70,70,70,70,70,70,70,70,70],"card_choices":[{"not_picked":["Poisoned Stab","Calculated Gamble"],"picked":"Heel Hook","floor":1.0},{"not_picked":["Expertise","Distraction"],"picked":"Skewer","floor":7.0},{"not_picked":["Outmaneuver","Backflip"],"picked":"Calculated Gamble","floor":10.0},{"not_picked":["Bane","Dodge and Roll"],"picked":"Eviscerate","floor":11.0},{"not_picked":["Quick Slash","Deadly Poison"],"picked":"Venomology","floor":13.0},{"not_picked":["Deadly Poison","Cloak And Dagger"],"picked":"Flying Knee","floor":14.0},{"not_picked":["Venomology","Storm of Steel"],"picked":"Adrenaline","floor":16.0},{"not_picked":["Dagger Spray","Deadly Poison"],"picked":"Leg Sweep","floor":18.0},{"not_picked":["Caltrops","Deadly Poison","Bane"],"picked":"SKIP","floor":20.0},{"not_picked":["Underhanded Strike","Backflip","Outmaneuver"],"picked":"SKIP","floor":22.0},{"not_picked":["Prepared","Backflip"],"picked":"Burst","floor":23.0},{"not_picked":["Quick Slash","Finisher"],"picked":"Reflex","floor":25.0},{"not_picked":["Dodge and Roll","PiercingWail"],"picked":"Tools of the Trade","floor":30.0},{"not_picked":["Prepared","Bane","Dodge and Roll+1"],"picked":"SKIP","floor":31.0},{"not_picked":["Unload","Glass Knife"],"picked":"Adrenaline","floor":33.0},{"not_picked":["Choke","Blade Dance","Bane"],"picked":"SKIP","floor":35.0},{"not_picked":["Acrobatics","Concentrate"],"picked":"Underhanded Strike+1","floor":36.0},{"not_picked":["Deflect+1","Deadly Poison+1","Acrobatics"],"picked":"SKIP","floor":37.0},{"not_picked":["Eviscerate","Deadly Poison","Well Laid Plans"],"picked":"SKIP","floor":39.0},{"not_picked":["Deadly Poison","Quick Slash","All Out Attack+1"],"picked":"SKIP","floor":41.0},{"not_picked":["Finisher+1","All Out Attack","Outmaneuver"],"picked":"SKIP","floor":47},{"not_picked":["PiercingWail","Underhanded Strike"],"picked":"Setup","floor":48}],"player_experience":780700,"relics_obtained":[{"floor":7.0,"key":"Happy Flower"},{"floor":9.0,"key":"Akabeko"},{"floor":11.0,"key":"Tough Bandages"},{"floor":23.0,"key":"Omamori"},{"floor":25.0,"key":"CeramicFish"},{"floor":26.0,"key":"Pear"},{"floor":30.0,"key":"Anchor"},{"floor":38.0,"key":"Incense Burner"},{"floor":41.0,"key":"MawBank"},{"floor":43.0,"key":"Regal Pillow"},{"floor":47,"key":"Old Coin"}],"event_choices":[{"damage_healed":0.0,"max_hp_gain":0.0,"max_hp_loss":0.0,"gold_gain":0.0,"event_name":"Shining Light","player_choice":"Entered Light","floor":2.0,"gold_loss":0.0,"damage_taken":18.0,"cards_upgraded":["Strike_G","Neutralize"]},{"damage_healed":0.0,"max_hp_gain":0.0,"max_hp_loss":0.0,"gold_gain":0.0,"event_name":"Golden Idol","player_choice":"Take Wound","floor":4.0,"gold_loss":0.0,"damage_taken":0.0,"relics_obtained":["Golden Idol"],"cards_obtained":["Injury"]},{"damage_healed":20.0,"max_hp_gain":0.0,"max_hp_loss":0.0,"gold_gain":0.0,"event_name":"Big Fish","player_choice":"Banana","floor":5.0,"gold_loss":0.0,"damage_taken":0.0},{"damage_healed":0.0,"max_hp_gain":0.0,"max_hp_loss":0.0,"gold_gain":0.0,"event_name":"Match and Keep!","player_choice":"0 cards matched","floor":12.0,"gold_loss":0.0,"damage_taken":0.0,"cards_obtained":[]},{"damage_healed":0.0,"max_hp_gain":0.0,"max_hp_loss":0.0,"gold_gain":0.0,"event_name":"Forgotten Altar","player_choice":"Gave Idol","floor":19.0,"relics_lost":["Golden Idol"],"gold_loss":0.0,"damage_taken":0.0,"relics_obtained":["Bloody Idol"]},{"damage_healed":0.0,"max_hp_gain":0.0,"max_hp_loss":0.0,"gold_gain":0.0,"cards_transformed":["Strike_G","Strike_G"],"event_name":"Drug Dealer","player_choice":"Became Test Subject","floor":21.0,"gold_loss":0.0,"damage_taken":0.0,"cards_obtained":["Underhanded Strike","Phantasmal Killer"]},{"damage_healed":0.0,"max_hp_gain":0.0,"max_hp_loss":0.0,"gold_gain":0.0,"event_name":"The Mausoleum","player_choice":"Opened","floor":28.0,"gold_loss":0.0,"damage_taken":0.0,"relics_obtained":["Paper Crane"],"cards_obtained":["Writhe"]},{"damage_healed":0.0,"max_hp_gain":0.0,"max_hp_loss":0.0,"gold_gain":0.0,"event_name":"Mysterious Sphere","player_choice":"Fight","floor":38.0,"gold_loss":0.0,"damage_taken":0.0},{"damage_healed":0.0,"max_hp_gain":0.0,"max_hp_loss":0.0,"gold_gain":0.0,"event_name":"Tomb of Lord Red Mask","player_choice":"Paid","floor":45.0,"gold_loss":55.0,"damage_taken":0.0,"relics_obtained":["Red Mask"]}],"is_beta":false,"boss_relics":[{"not_picked":["Philosopher\u0027s Stone","Ectoplasm"],"picked":"WristBlade"},{"not_picked":["SlaversCollar","Fusion Hammer"],"picked":"Ring of the Serpent"}],"items_purged_floors":[42],"is_endless":false,"potions_floor_spawned":[7,10,11,14,18,30,31,33,38,39,48],"ascension_level":17}}