{"host":"qcf259yvvmr1jh6w","time":1614366129,"event":{"mods":["AchievementEnabler","Always Whale","BaseMod","BetterRewards","Colored Map","Downfall","Energized Spire","Hubris","Infinite Spire","Jorbs\u0027s Wanderer Trilogy","Minty Spire (QoL Compilation)","Quick Restart","Relic Sorter","Replay The Spire","Shop Mod","StSLib","SuperFastMode"],"gold_per_floor":[112,112,112,128,145,145,159,159,159,159,184,195,195,222,222,327,327,339,339,438,438,438,438,466,466,466,63,12,23,37,51,51,152,152,174,144,167,167,167,167,0,0,0,16,29,29,46,72,72,72],"floor_reached":51,"language":"ENG","playtime":3080,"items_purged":[],"score":873,"play_id":"6fdce774-d5fb-4e78-9a8a-c5c54ea4e339","local_time":"20210226200209","is_ascension_mode":false,"campfire_choices":[{"floor":6,"key":"REST"},{"data":"Zap","floor":8,"key":"SMITH"},{"data":"Genetic Algorithm","floor":10,"key":"SMITH"},{"floor":13,"key":"REST"},{"floor":15,"key":"REST"},{"floor":23,"key":"REST"},{"floor":32,"key":"REST"},{"floor":40,"key":"REST"},{"floor":42,"key":"REST"},{"floor":46,"key":"REST"},{"data":"infinitespire:Oblivion","floor":49,"key":"SMITH"}],"circlet_count":0,"master_deck":["Zap+1","Dualcast","Ball Lightning","infinitespire:FutureSight","Cold Snap","Genetic Algorithm+1","Buffer","Go for the Eyes","Echo Form+1","Capacitor","Barrage","downfall:Bewildered","Gash","Compile Driver","ReplayRNGCard","Self Repair+1","Loop+1","infinitespire:Oblivion+1","Rip and Tear","Double Energy","Echo Form","Barrage","Creative AI","Rainbow","ReplayTheSpireMod:GoodbyeWorld"],"relics":["Cracked Core","hubris:ToyBattleship","WingedGreaves","Smiling Mask","infinitespire:SolderingIron","hubris:GrandSneckoEye","MutagenicStrength","Pet Ghost","sneckomod:BabySnecko","Bottled Flame","Chemical X","Carrot","infinitespire:EvilPickle","Replay:Grab Bag","energizedSpire:OldTV","energizedSpire:UnstableMolecules","hubris:Backtick","Unceasing Top","hubris:BundleOfHerbs","Pandora\u0027s Box","hubris:Icosahedron","Red Mask","Toxic Egg 2","Blood Vial"],"acts_visited":["Exordium","TheCity","TheBeyond"],"potions_floor_usage":[11,16,33,33,33,50,50,50],"damage_taken":[{"damage":3,"enemies":"Small Slimes","floor":1,"turns":3},{"damage":0,"enemies":"2 Louse","floor":4,"turns":2},{"damage":4,"enemies":"Jaw Worm","floor":5,"turns":3},{"damage":6,"enemies":"Large Slime","floor":7,"turns":4},{"damage":23,"enemies":"Gremlin Nob","floor":11,"turns":4},{"damage":3,"enemies":"Looter","floor":12,"turns":3},{"damage":18,"enemies":"3 Sentries","floor":14,"turns":6},{"damage":42,"enemies":"The Guardian","floor":16,"turns":10},{"damage":0,"enemies":"3 Byrds","floor":18,"turns":4},{"damage":11,"enemies":"Book of Stabbing","floor":24,"turns":5},{"damage":7,"enemies":"2 Thieves","floor":29,"turns":3},{"damage":0,"enemies":"Sentry and Sphere","floor":30,"turns":3},{"damage":12,"enemies":"Centurion and Healer","floor":31,"turns":6},{"damage":33,"enemies":"Pondfish","floor":33,"turns":12},{"damage":27,"enemies":"3 Darklings","floor":35,"turns":4},{"damage":37,"enemies":"3 Shapes","floor":37,"turns":3},{"damage":0,"enemies":"Maw","floor":44,"turns":5},{"damage":19,"enemies":"4 Shapes","floor":45,"turns":4},{"damage":35,"enemies":"Transient","floor":47,"turns":5},{"damage":28,"enemies":"Awakened One","floor":50,"turns":6}],"seed_played":"-4036938133386592817","potions_obtained":[{"floor":4,"key":"PowerPotion"},{"floor":11,"key":"Fruit Juice"},{"floor":12,"key":"Toxic Potion"},{"floor":16,"key":"hexamod:SoulburnPotion"},{"floor":18,"key":"Explosive Potion"},{"floor":30,"key":"Fire Potion"},{"floor":35,"key":"Milkshake"},{"floor":36,"key":"Strength Potion"},{"floor":36,"key":"Flashbang"},{"floor":47,"key":"Energy Potion"}],"is_trial":false,"path_per_floor":["M","?","?","M","M","R","M","R","T","R","E","M","R","E","R","B",null,"M","?","?","?","?","R","E","?","T","$","$","M","M","M","R","B",null,"M","?","M","AVR","?","R","?","R","T","M","M","R","M","T","R","B",null],"character_chosen":"DEFECT","items_purchased":["Chemical X","Carrot","Energy Potion"],"campfire_rested":8,"item_purchase_floors":[27,27,28],"current_hp_per_floor":[72,54,54,54,50,72,66,66,66,66,48,45,69,51,75,33,80,80,80,80,65,65,85,74,74,74,74,74,67,67,55,80,47,85,58,58,21,21,21,46,46,71,71,71,62,85,70,70,70,54],"gold":72,"neow_bonus":"RANDOM_COMMON_RELIC","is_daily":false,"chose_seed":false,"campfire_upgraded":3,"win_rate":0.0,"timestamp":1614366129,"path_taken":["M","?","?","M","M","R","M","R","T","R","E","M","R","E","R","BOSS","M","?","?","?","?","R","E","?","T","?","$","M","M","M","R","BOSS","M","?","?","AVR","?","R","?","R","T","M","M","R","M","?","R","BOSS"],"items_purchased_type":["Relic","Relic","Potion"],"build_version":"2020-12-22","purchased_purges":0,"victory":true,"max_hp_per_floor":[75,75,75,75,75,75,75,75,75,75,80,80,80,80,80,80,80,80,80,80,85,85,85,85,85,85,85,85,85,85,85,85,85,85,85,85,85,85,85,85,85,85,85,85,85,85,85,85,85,85],"card_choices":[{"not_picked":["Rebound","BasicCrystalCard"],"picked":"Ball Lightning","floor":1},{"not_picked":["infinitespire:Menacing","infinitespire:NeuralNetwork"],"picked":"infinitespire:FutureSight","floor":2},{"not_picked":["Lockon","Coolheaded"],"picked":"Cold Snap","floor":4},{"not_picked":["Fusion","Redo"],"picked":"Genetic Algorithm","floor":5},{"not_picked":["BasicCrystalCard","Steam","Sweeping Beam"],"picked":"SKIP","floor":7},{"not_picked":["Genetic Algorithm","Reprogram"],"picked":"Buffer","floor":11},{"not_picked":["Compile Driver","Panic Button","hubris:Ukulele"],"picked":"SKIP","floor":12},{"not_picked":["Rebound","BasicCrystalCard"],"picked":"Go for the Eyes","floor":14},{"not_picked":["Meteor Strike","Rainbow"],"picked":"Echo Form","floor":16},{"not_picked":["Redo","Compile Driver"],"picked":"Capacitor","floor":18},{"not_picked":["Panic Button","ReplayTheSpireMod:Omega Cannon"],"picked":"Barrage","floor":24},{"not_picked":["Barrage+1","Double Energy"],"picked":"Gash","floor":29},{"not_picked":["Chill","Sunder+1","Steam"],"picked":"SKIP","floor":30},{"not_picked":["BasicCrystalCard+1","BootSequence+1"],"picked":"Compile Driver","floor":31},{"not_picked":["ReplayTheSpireMod:Fabricate Wheel","Seek"],"picked":"ReplayRNGCard","floor":33},{"not_picked":["Stack","Storm"],"picked":"Self Repair+1","floor":35},{"not_picked":["Aggregate","Compile Driver"],"picked":"Loop+1","floor":37},{"not_picked":["Scrape","Panic Button+1","Melter"],"picked":"SKIP","floor":44},{"not_picked":["Barrage","Force Field+1","Rebound+1"],"picked":"SKIP","floor":45},{"not_picked":["Doom and Gloom","Aggregate+1","Rebound"],"picked":"SKIP","floor":47}],"player_experience":140375,"relics_obtained":[{"floor":9,"key":"WingedGreaves"},{"floor":11,"key":"Smiling Mask"},{"floor":14,"key":"infinitespire:SolderingIron"},{"floor":24,"key":"Pet Ghost"},{"floor":26,"key":"Bottled Flame"},{"floor":43,"key":"Toxic Egg 2"},{"floor":48,"key":"Blood Vial"}],"event_choices":[{"damage_healed":0,"gold_gain":0,"player_choice":"Inject Mutagens","damage_taken":0,"relics_obtained":["MutagenicStrength"],"max_hp_gain":0,"max_hp_loss":0,"event_name":"Drug Dealer","floor":19,"gold_loss":0},{"damage_healed":0,"gold_gain":99,"player_choice":"Stole From Cult","damage_taken":0,"max_hp_gain":0,"max_hp_loss":0,"event_name":"Nest","floor":20,"gold_loss":0},{"damage_healed":0,"gold_gain":0,"player_choice":"Shed Blood","damage_taken":20,"max_hp_gain":5,"max_hp_loss":0,"event_name":"Forgotten Altar","floor":21,"gold_loss":0},{"damage_healed":0,"gold_gain":0,"player_choice":"Bought 2 Potions","damage_taken":0,"max_hp_gain":0,"max_hp_loss":0,"event_name":"The Woman in Blue","floor":36,"gold_loss":0},{"damage_healed":0,"gold_gain":0,"player_choice":"Paid","damage_taken":0,"relics_obtained":["Red Mask"],"max_hp_gain":0,"max_hp_loss":0,"event_name":"Tomb of Lord Red Mask","floor":41,"gold_loss":167}],"is_beta":false,"boss_relics":[{"not_picked":["infinitespire:Cupcake","ReplayTheSpireMod:DimensionalGlitch"],"picked":"hubris:GrandSneckoEye"},{"not_picked":["hubris:HollowSoul","Velvet Choker"],"picked":"Replay:Grab Bag"},{"not_picked":["energizedSpire:EnergizedDie","Abe\u0027s Treasure"],"picked":"energizedSpire:OldTV"},{"not_picked":["bronze:MakeshiftBattery","Cursed Key"],"picked":"energizedSpire:UnstableMolecules"},{"not_picked":["Black Star","Astrolabe"],"picked":"hubris:Backtick"}],"items_purged_floors":[],"is_endless":false,"potions_floor_spawned":[4,11,12,16,18,30,31,35,45,47],"ascension_level":0}}