{"host":"7s0ipaqx8m4pdduf","time":1614381527,"event":{"mods":["BaseMod","BetterRewards","Colored Map","Infinite Spire","Minty Spire (QoL Compilation)","StSLib","SuperFastMode"],"gold_per_floor":[109,129,129,145,62,62,62],"floor_reached":6,"language":"ENG","playtime":196,"items_purged":[],"score":68,"play_id":"e05da5d6-5689-4097-8733-a68457a448d5","local_time":"20210227001847","is_ascension_mode":true,"campfire_choices":[],"circlet_count":0,"master_deck":["AscendersBane","Strike_G","Strike_G","Strike_G","Strike_G","Strike_G","Defend_G","Defend_G","Defend_G","Defend_G","Defend_G","Survivor","Neutralize","Infinite Blades","Terror","Dagger Spray","Sucker Punch","PiercingWail","Tools of the Trade","All Out Attack","Accuracy"],"relics":["Ring of the Snake","Lantern","Letter Opener","TungstenRod"],"acts_visited":["Exordium"],"potions_floor_usage":[6],"damage_taken":[{"damage":4,"enemies":"2 Louse","floor":1,"turns":3},{"damage":0,"enemies":"Cultist","floor":2,"turns":3},{"damage":10,"enemies":"Jaw Worm","floor":4,"turns":5},{"damage":27,"enemies":"Gremlin Nob","floor":6,"turns":3}],"seed_played":"5052757749005978669","potions_obtained":[{"floor":2,"key":"ColorlessPotion"}],"is_trial":false,"path_per_floor":["M","M","?","M","$","E"],"character_chosen":"THE_SILENT","items_purchased":["Lantern","Infinite Blades","Letter Opener","Terror","Dagger Spray","Accuracy"],"campfire_rested":0,"item_purchase_floors":[0,0,0,0,0,5],"current_hp_per_floor":[21,21,21,11,11,0,0],"gold":62,"neow_bonus":"","is_daily":false,"chose_seed":false,"campfire_upgraded":0,"win_rate":0.0,"timestamp":1614381527,"path_taken":["M","M","?","M","?","E"],"items_purchased_type":["Relic","Card","Relic","Card","Card","Card"],"build_version":"2020-12-22","purchased_purges":0,"victory":false,"max_hp_per_floor":[66,66,66,66,66,66,66],"card_choices":[{"not_picked":["Dagger Throw","Quick Slash"],"picked":"Sucker Punch","floor":1},{"not_picked":["Underhanded Strike","Sucker Punch"],"picked":"PiercingWail","floor":2},{"not_picked":["Riddle With Holes","Predator"],"picked":"All Out Attack","floor":4}],"player_experience":2146566,"relics_obtained":[],"event_choices":[{"damage_healed":0,"gold_gain":0,"player_choice":"1 cards matched","damage_taken":0,"max_hp_gain":0,"max_hp_loss":0,"event_name":"Match and Keep!","floor":3,"gold_loss":0,"cards_obtained":["Tools of the Trade"]}],"is_beta":false,"boss_relics":[],"items_purged_floors":[],"is_endless":false,"potions_floor_spawned":[2],"killed_by":"Gremlin Nob","ascension_level":18}}