{"host":"h2gxemxa99wv6yfu","time":1614315936,"event":{"mods":["AchievementEnabler","BaseMod","Better Note","Better Skull","BetterRewards","Block Reminder","Colored Powertips","Friendly Minions","Googly Eyes","Highlight Path","Infinite Spire","Minty Spire (QoL Compilation)","Permanent Neow","Quick Restart","Relic Sorter","Relic Stats","Reliquary","Replay The Spire","Shop Mod","StSLib","Uncapped"],"gold_per_floor":[119,119,119,44,64,89,89,114,114,114,114,114,114,127,27,27,27,127,127,146,146,166,166,166,200,200,210,255,255,285,297,297,314,314,314,314],"floor_reached":35,"language":"ENG","playtime":1241,"items_purged":["Bash","Strike_B","Strike_B"],"score":369,"play_id":"8cd9ded0-207b-4dbd-9f8d-fcfc9ec37272","local_time":"20210225230536","is_ascension_mode":true,"campfire_choices":[{"floor":7.0,"key":"REST"},{"data":"ReplayTheSpireMod:Fabricate Wheel","floor":10.0,"key":"SMITH"},{"floor":17.0,"key":"REST"},{"floor":26.0,"key":"REST"},{"data":"Heatsinks","floor":29.0,"key":"SMITH"},{"data":"infinitespire:Fortify","floor":32.0,"key":"SMITH"},{"floor":34,"key":"DIG"}],"circlet_count":0,"master_deck":["Defend_B","Defend_B","Defend_B","Defend_B","Zap","Dualcast","Zap","Storm","Melter","Electrodynamics","FIFO Queue","Heatsinks+1","Buffer","Double Energy","infinitespire:Fortify+1","infinitespire:FutureSight","Storm"],"relics":["Replay:M_StaffOfTheSnake","infinitespire:Cubic Diamond","PreservedInsect","Chameleon Ring","Eternal Feather","Prayer Wheel","Runic Pyramid","MutagenicStrength","reliquary:Aerogel","reliquary:ExpiredCoupon","Bag of Marbles","Bird Faced Urn"],"acts_visited":["Exordium","TheCity"],"potions_floor_usage":[35,35],"damage_taken":[{"damage":8.0,"enemies":"Jaw Worm","floor":1.0,"turns":3.0},{"damage":5.0,"enemies":"2 Louse","floor":5.0,"turns":3.0},{"damage":44.0,"enemies":"Lagavulin","floor":6.0,"turns":7.0},{"damage":30.0,"enemies":"3 Sentries","floor":8.0,"turns":7.0},{"damage":7.0,"enemies":"Cultist","floor":14.0,"turns":5.0},{"damage":28.0,"enemies":"Fading Forest","floor":18.0,"turns":11.0},{"damage":40.0,"enemies":"Shell Parasite","floor":20.0,"turns":6.0},{"damage":22.0,"enemies":"2 Thieves","floor":22.0,"turns":4.0},{"damage":0.0,"enemies":"Slavers","floor":25.0,"turns":3.0},{"damage":10.0,"enemies":"Cultist and Chosen","floor":27.0,"turns":4.0},{"damage":0.0,"enemies":"Gremlin Leader","floor":30.0,"turns":4.0},{"damage":27.0,"enemies":"Chosen and Byrds","floor":31.0,"turns":5.0},{"damage":2,"enemies":"Centurion and Healer","floor":33,"turns":4},{"damage":46,"enemies":"Pondfish","floor":35,"turns":8}],"seed_played":"6363135535076307542","potions_obtained":[{"floor":1.0,"key":"SkillPotion"},{"floor":14.0,"key":"ColorlessPotion"},{"floor":18.0,"key":"Block Potion"},{"floor":20.0,"key":"Adrenaline Potion"},{"floor":27.0,"key":"SkillPotion"},{"floor":30.0,"key":"Weak Potion"},{"floor":33,"key":"SteroidPotion"}],"is_trial":false,"path_per_floor":["M","?","T","$","M","E","R","E","T","R","PTL","PTL","?","M","$","?","R","B",null,"M","?","M","AVR","?","E","R","M","T","R","E","M","R","M","R","B"],"character_chosen":"DEFECT","items_purchased":[],"campfire_rested":3,"item_purchase_floors":[],"current_hp_per_floor":[67,67,67,67,62,18,40,10,10,16,16,16,16,9,9,9,37,31,75,35,35,13,13,13,13,44,34,34,43,43,16,25,23,32,0,0],"gold":314,"neow_bonus":"THREE_RARE_CARDS","is_daily":false,"chose_seed":false,"campfire_upgraded":3,"win_rate":0.0,"timestamp":1614315936,"path_taken":["M","?","?","$","M","E","R","E","T","R","PTL","PTL","?","?","$","?","R","BOSS","M","?","M","AVR","?","E","R","M","T","R","E","?","R","M","R","BOSS"],"items_purchased_type":[],"build_version":"2020-12-22","purchased_purges":3,"victory":false,"max_hp_per_floor":[75,75,75,75,75,75,75,75,75,75,75,75,75,75,75,75,75,75,75,75,75,75,75,75,75,75,75,75,75,75,75,75,75,75,75,75],"relic_stats":{"counters":[14,74],"Bird Faced Urn":[12],"Eternal Feather":48,"Prayer Wheel":6,"PreservedInsect":114,"obtain_stats":[{"Replay:M_StaffOfTheSnake":2,"reliquary:Aerogel":25,"Eternal Feather":9,"infinitespire:Cubic Diamond":2,"PreservedInsect":6,"reliquary:ExpiredCoupon":28,"Chameleon Ring":8,"MutagenicStrength":21,"Bird Faced Urn":34,"Prayer Wheel":14,"Bag of Marbles":30,"Cracked Core":0,"Runic Pyramid":19},{"Replay:M_StaffOfTheSnake":1,"reliquary:Aerogel":9,"Eternal Feather":4,"infinitespire:Cubic Diamond":1,"PreservedInsect":3,"reliquary:ExpiredCoupon":10,"Chameleon Ring":4,"MutagenicStrength":7,"Bird Faced Urn":13,"Prayer Wheel":5,"Bag of Marbles":11,"Cracked Core":0,"Runic Pyramid":6},{"Replay:M_StaffOfTheSnake":3,"reliquary:Aerogel":49,"Eternal Feather":20,"infinitespire:Cubic Diamond":3,"PreservedInsect":13,"reliquary:ExpiredCoupon":53,"Chameleon Ring":20,"MutagenicStrength":42,"Bird Faced Urn":66,"Prayer Wheel":21,"Bag of Marbles":57,"Cracked Core":0,"Runic Pyramid":36}]},"card_choices":[{"not_picked":["ReplayTheSpireMod:Omega Cannon","Core Surge"],"picked":"ReplayTheSpireMod:Fabricate Wheel","floor":0.0},{"not_picked":["Gash","FTL","Auto Shields"],"picked":"SKIP","floor":1.0},{"not_picked":["Turbo","BasicCrystalCard"],"picked":"Storm","floor":5.0},{"not_picked":["EmptyMind","Stack","JustLucky"],"picked":"SKIP","floor":6.0},{"not_picked":["InnerPeace","Gash","Sanctity"],"picked":"SKIP","floor":8.0},{"not_picked":["Sweeping Beam","Barrage"],"picked":"FIFO Queue","floor":14.0},{"not_picked":["Blizzard","Gash"],"picked":"Heatsinks","floor":14.0},{"not_picked":["Core Surge","Grand Finale"],"picked":"Buffer","floor":18.0},{"not_picked":["Stack","Loop"],"picked":"Double Energy","floor":20.0},{"not_picked":["ReplayGash","Gash","Compile Driver"],"picked":"SKIP","floor":20.0},{"not_picked":["Coolheaded","Sweeping Beam","Conserve Battery"],"picked":"SKIP","floor":22.0},{"not_picked":["Coolheaded","Gash","Leap"],"picked":"SKIP","floor":22.0},{"not_picked":["Capacitor","Blizzard+1"],"picked":"Storm","floor":25.0},{"not_picked":["Turbo+1","Steam Power","Coolheaded"],"picked":"SKIP","floor":27.0},{"not_picked":["Flying Knee+1","TalkToTheHand","Escape Plan"],"picked":"SKIP","floor":27.0},{"not_picked":["Sanctity","ClearTheMind","Ball Lightning"],"picked":"SKIP","floor":30.0},{"not_picked":["Conserve Battery","FTL","MasterReality"],"picked":"SKIP","floor":31.0},{"not_picked":["Steam+1","ReplaySort+1","Setup+1"],"picked":"SKIP","floor":31.0},{"not_picked":["ReplayTheSpireMod:Repulse","Crescendo","ReplayTheSpireMod:Reroute Power+1"],"picked":"SKIP","floor":33},{"not_picked":["Coolheaded","Stack+1","Redo"],"picked":"SKIP","floor":33}],"player_experience":40000,"relics_obtained":[{"floor":6.0,"key":"PreservedInsect"},{"floor":8.0,"key":"Chameleon Ring"},{"floor":9.0,"key":"Eternal Feather"},{"floor":25.0,"key":"reliquary:Aerogel"},{"floor":28.0,"key":"reliquary:ExpiredCoupon"},{"floor":30.0,"key":"Bag of Marbles"},{"floor":34,"key":"Bird Faced Urn"}],"event_choices":[{"damage_healed":0.0,"max_hp_gain":0.0,"max_hp_loss":0.0,"gold_gain":0.0,"cards_transformed":["Strike_B"],"event_name":"Transmorgrifier","player_choice":"Transformed","floor":13.0,"gold_loss":0.0,"damage_taken":0.0,"cards_obtained":["Melter"]},{"damage_healed":0.0,"max_hp_gain":0.0,"max_hp_loss":0.0,"gold_gain":0.0,"event_name":"Liars Game","player_choice":"Ignored","floor":16.0,"gold_loss":0.0,"damage_taken":0.0},{"damage_healed":0.0,"max_hp_gain":0.0,"max_hp_loss":0.0,"gold_gain":0.0,"event_name":"Drug Dealer","player_choice":"Inject Mutagens","floor":21.0,"gold_loss":0.0,"damage_taken":0.0,"relics_obtained":["MutagenicStrength"]},{"cards_removed":["Strike_B"],"damage_healed":0.0,"max_hp_gain":0.0,"max_hp_loss":0.0,"gold_gain":0.0,"event_name":"Bonfire Elementals","player_choice":"Offered Basic","floor":24.0,"gold_loss":0.0,"damage_taken":0.0}],"is_beta":false,"boss_relics":[{"not_picked":["Inserter","Painkiller Herb"],"picked":"Runic Pyramid"}],"items_purged_floors":[4,15,23],"is_endless":false,"potions_floor_spawned":[1,14,18,20,27,30,33],"killed_by":"Pondfish","ascension_level":1}}