{"host":"8piv3t5bmy3h6dgk","time":1614312855,"event":{"mods":["AchievementEnabler","Astrologer","Bard","BaseMod","Better Altar","Better Match","BetterRewards","Colored Map","Colored Powertips","Faster Ascension Climbing","Gold Saver","Hermit","Minty Spire (QoL Compilation)","Remove Card Discount Mod","StSLib","The Disciple","The Hierophant","The Marked","The Necromancer","The Problem Sleuth","The Valiant","The Wild Card"],"gold_per_floor":[119,111,125,141,160,185,204,218,218,218,245,245,259,272,272,369,369,386,386,386,386,204,235,245,280,333,38,52,52,52,69,69,166,216,235,235,235,251,268,298,14,14,14,32,66,80,80,94,94,94],"floor_reached":51,"language":"ENG","playtime":1408,"items_purged":["Defend_R","Defend_R","Defend_R","Defend_R","Decay"],"score":911,"play_id":"2c0deadb-f11a-4fe1-bb50-bdb8cad6f702","local_time":"20210225231415","is_ascension_mode":false,"campfire_choices":[{"data":"Whirlwind","floor":10,"key":"SMITH"},{"data":"Double Tap","floor":15,"key":"SMITH"},{"floor":30,"key":"REST"},{"data":"Inflame","floor":32,"key":"SMITH"},{"data":"Inflame","floor":42,"key":"SMITH"},{"data":"Offering","floor":49,"key":"SMITH"}],"circlet_count":0,"master_deck":["Strike_R","Strike_R","Strike_R","Strike_R","Strike_R","Bash+1","Inflame+1","Whirlwind+1","Flex","Clash","Cleave","Feed","Whirlwind+1","Inflame+1","Double Tap+1","Feed","Flex+1","Cleave","Clash+1","Inflame+1","Feed","Flex+1","Dramatic Entrance","Bandage Up","Dark Shackles","Flex","Feed","Clash","Offering+1"],"relics":["Burning Blood","Chemical X","Matryoshka","Pocketwatch","Darkstone Periapt","Ornamental Fan","Philosopher\u0027s Stone","Sling","StoneCalendar","Ancient Tea Set","Boot","Centennial Puzzle","Incense Burner","Tiny House","theSleuth:Tectrixcalibur","Orichalcum","Vajra","InkBottle","Akabeko"],"acts_visited":["Exordium","TheCity","TheBeyond"],"potions_floor_usage":[13,23,50,50,50],"damage_taken":[{"damage":0,"enemies":"Small Slimes","floor":1,"turns":2},{"damage":11,"enemies":"Jaw Worm","floor":3,"turns":2},{"damage":0,"enemies":"2 Louse","floor":4,"turns":1},{"damage":17,"enemies":"Large Slime","floor":5,"turns":3},{"damage":18,"enemies":"Lagavulin","floor":6,"turns":3},{"damage":0,"enemies":"2 Fungi Beasts","floor":7,"turns":2},{"damage":10,"enemies":"Looter","floor":8,"turns":2},{"damage":0,"enemies":"3 Sentries","floor":11,"turns":2},{"damage":13,"enemies":"Red Slaver","floor":13,"turns":2},{"damage":0,"enemies":"Lots of Slimes","floor":14,"turns":2},{"damage":0,"enemies":"Slime Boss","floor":16,"turns":2},{"damage":11,"enemies":"Shell Parasite","floor":18,"turns":2},{"damage":57,"enemies":"Book of Stabbing","floor":23,"turns":4},{"damage":0,"enemies":"3 Byrds","floor":24,"turns":1},{"damage":35,"enemies":"Slavers","floor":25,"turns":2},{"damage":0,"enemies":"Centurion and Healer","floor":28,"turns":1},{"damage":0,"enemies":"Sentry and Sphere","floor":31,"turns":1},{"damage":15,"enemies":"Collector","floor":33,"turns":3},{"damage":2,"enemies":"3 Darklings","floor":35,"turns":2},{"damage":0,"enemies":"3 Shapes","floor":38,"turns":1},{"damage":7,"enemies":"Jaw Worm Horde","floor":39,"turns":2},{"damage":1,"enemies":"Reptomancer","floor":40,"turns":3},{"damage":15,"enemies":"Spire Growth","floor":44,"turns":3},{"damage":10,"enemies":"Giant Head","floor":45,"turns":3},{"damage":0,"enemies":"Transient","floor":46,"turns":5},{"damage":6,"enemies":"3 Darklings","floor":48,"turns":1},{"damage":46,"enemies":"Donu and Deca","floor":50,"turns":4}],"seed_played":"-4882083751492031910","potions_obtained":[{"floor":1,"key":"SteroidPotion"},{"floor":3,"key":"CultistPotion"},{"floor":5,"key":"SpeedPotion"},{"floor":8,"key":"BloodPotion"},{"floor":13,"key":"BloodPotion"},{"floor":23,"key":"PowerPotion"},{"floor":33,"key":"SteroidPotion"},{"floor":34,"key":"AttackPotion"},{"floor":46,"key":"Energy Potion"}],"is_trial":false,"path_per_floor":["M","$","M","M","M","E","M","M","T","R","E","?","M","M","R","B",null,"M","?","?","?","$","E","M","E","T","$","M","?","R","M","R","B",null,"M","?","?","M","M","E","$","R","T","M","E","M","$","M","R","B",null],"character_chosen":"IRONCLAD","items_purchased":["Inflame","Whirlwind","Chemical X","Flex","Clash","Sling","Cleave","Incense Burner","Vajra","Feed"],"campfire_rested":1,"item_purchase_floors":[0,0,0,0,0,22,22,27,41,41],"current_hp_per_floor":[80,80,75,80,69,57,66,62,62,62,68,51,60,66,66,72,83,78,78,78,84,84,50,56,27,27,27,33,33,59,65,65,59,97,97,87,87,93,95,100,100,100,100,91,87,97,97,97,97,64],"gold":94,"neow_bonus":"","is_daily":false,"chose_seed":false,"campfire_upgraded":5,"win_rate":0.0,"timestamp":1614312855,"path_taken":["M","$","M","M","M","E","M","M","T","R","E","?","M","M","R","BOSS","M","?","?","?","$","E","M","E","T","$","M","?","R","M","R","BOSS","M","?","?","M","M","E","$","R","T","M","E","M","$","M","R","BOSS"],"items_purchased_type":["Card","Card","Relic","Card","Card","Relic","Card","Relic","Relic","Card"],"build_version":"2020-12-22","purchased_purges":5,"victory":true,"max_hp_per_floor":[80,80,80,80,80,80,83,83,83,83,83,83,83,83,83,83,83,83,83,83,89,89,89,89,89,89,89,89,89,89,89,89,92,97,97,97,97,97,100,100,100,100,100,100,100,100,100,100,100,103],"card_choices":[{"not_picked":["Carnage","Armaments","Clothesline"],"picked":"SKIP","floor":1},{"not_picked":["Sever Soul","Armaments"],"picked":"Cleave","floor":5},{"not_picked":["Rupture","Uppercut"],"picked":"Feed","floor":6},{"not_picked":["Sword Boomerang","Body Slam"],"picked":"Whirlwind","floor":7},{"not_picked":["Second Wind","Intimidate"],"picked":"Inflame","floor":8},{"not_picked":["Shrug It Off","Anger","Perfected Strike"],"picked":"SKIP","floor":11},{"not_picked":["Dropkick","True Grit","Warcry"],"picked":"SKIP","floor":13},{"not_picked":["Shockwave","Cleave"],"picked":"Double Tap","floor":14},{"not_picked":["Corruption","Reaper"],"picked":"Feed","floor":16},{"not_picked":["Sentinel","Shrug It Off"],"picked":"Flex+1","floor":18},{"not_picked":["Reckless Charge","Warcry","Blood for Blood"],"picked":"SKIP","floor":23},{"not_picked":["Dark Embrace+1","Entrench"],"picked":"Clash+1","floor":24},{"not_picked":["Warcry+1","Exhume","Shrug It Off"],"picked":"SKIP","floor":25},{"not_picked":["Shrug It Off","Bloodletting","Ghostly Armor"],"picked":"SKIP","floor":28},{"not_picked":["Pommel Strike+1","Sword Boomerang"],"picked":"Inflame","floor":31},{"not_picked":["Barricade","Juggernaut"],"picked":"Feed","floor":33},{"not_picked":["Clash","Clothesline+1"],"picked":"Flex+1","floor":35},{"not_picked":["Panache","Forethought"],"picked":"Dramatic Entrance","floor":36},{"not_picked":["Purity","Impatience"],"picked":"Bandage Up","floor":36},{"not_picked":["Enlightenment","Purity"],"picked":"Dark Shackles","floor":36},{"not_picked":["Power Through","Rupture","Hemokinesis"],"picked":"SKIP","floor":38},{"not_picked":["Shrug It Off","Seeing Red","Twin Strike"],"picked":"SKIP","floor":39},{"not_picked":["Armaments","Disarm+1"],"picked":"Flex","floor":40},{"not_picked":["Armaments+1","Power Through","Body Slam"],"picked":"SKIP","floor":44},{"not_picked":["Burning Pact","Iron Wave+1"],"picked":"Clash","floor":45},{"not_picked":["Bloodletting+1","Headbutt+1"],"picked":"Offering","floor":46},{"not_picked":["Hemokinesis+1","Perfected Strike","Spot Weakness+1"],"picked":"SKIP","floor":48}],"player_experience":172464,"relics_obtained":[{"floor":6,"key":"Matryoshka"},{"floor":9,"key":"Pocketwatch"},{"floor":9,"key":"Darkstone Periapt"},{"floor":11,"key":"Ornamental Fan"},{"floor":23,"key":"StoneCalendar"},{"floor":25,"key":"Ancient Tea Set"},{"floor":26,"key":"Boot"},{"floor":26,"key":"Centennial Puzzle"},{"floor":40,"key":"Orichalcum"},{"floor":43,"key":"InkBottle"},{"floor":45,"key":"Akabeko"}],"event_choices":[{"damage_healed":0,"gold_gain":0,"player_choice":"Entered Light","damage_taken":17,"max_hp_gain":0,"max_hp_loss":0,"event_name":"Shining Light","floor":12,"gold_loss":0,"cards_upgraded":["Whirlwind","Bash"]},{"damage_healed":0,"gold_gain":0,"player_choice":"Ignored","damage_taken":0,"max_hp_gain":0,"max_hp_loss":0,"event_name":"Vampires","floor":19,"gold_loss":0},{"damage_healed":0,"gold_gain":0,"player_choice":"Ignored","damage_taken":0,"max_hp_gain":0,"max_hp_loss":0,"event_name":"Cursed Tome","floor":20,"gold_loss":0},{"damage_healed":0,"gold_gain":0,"player_choice":" Defy","damage_taken":0,"max_hp_gain":0,"max_hp_loss":0,"event_name":"betterAltar:BetterAltar","floor":21,"gold_loss":0,"cards_obtained":["Decay"]},{"damage_healed":0,"gold_gain":0,"player_choice":"Ignored","damage_taken":0,"max_hp_gain":0,"max_hp_loss":0,"event_name":"Ghosts","floor":29,"gold_loss":0},{"damage_healed":0,"gold_gain":0,"player_choice":"Memory 3","damage_taken":10,"max_hp_gain":0,"max_hp_loss":0,"event_name":"SensoryStone","floor":36,"gold_loss":0}],"is_beta":false,"boss_relics":[{"not_picked":["SacredBark","Calling Bell"],"picked":"Philosopher\u0027s Stone"},{"not_picked":["Busted Crown","Coffee Dripper"],"picked":"Tiny House"}],"items_purged_floors":[2,2,2,2,22],"is_endless":false,"potions_floor_spawned":[1,3,5,8,13,14,23,24,33,35,39,46],"ascension_level":0}}