{"host":"a9gsz7kv8aebwp1f","time":1614358891,"event":{"mods":["AchievementEnabler","BaseMod","Minty Spire (QoL Compilation)"],"gold_per_floor":[116,116,136,153,328,357,357,357,357,357,374,49,67,84,84,84,84],"floor_reached":16,"language":"KOR","playtime":379,"items_purged":[],"score":163,"play_id":"486b4033-70f8-48a6-ad62-2ceaf7151d50","local_time":"20210227020131","is_ascension_mode":true,"campfire_choices":[{"floor":7,"key":"REST"},{"data":"Genetic Algorithm","floor":10,"key":"SMITH"},{"floor":15,"key":"REST"}],"circlet_count":0,"master_deck":["AscendersBane","Strike_B","Strike_B","Strike_B","Strike_B","Defend_B","Defend_B","Defend_B","Defend_B","Zap","Dualcast+1","Leap","Go for the Eyes","Reinforced Body","Doubt","Genetic Algorithm+1","Coolheaded","Blizzard","Beam Cell","Tempest+1"],"relics":["Cracked Core","Unceasing Top","Mummified Hand","Toxic Egg 2"],"acts_visited":["Exordium"],"potions_floor_usage":[16],"damage_taken":[{"damage":12,"enemies":"Jaw Worm","floor":1,"turns":2},{"damage":10,"enemies":"Small Slimes","floor":3,"turns":3},{"damage":5,"enemies":"2 Louse","floor":4,"turns":3},{"damage":31,"enemies":"Gremlin Nob","floor":6,"turns":5},{"damage":10,"enemies":"Looter","floor":11,"turns":4},{"damage":29,"enemies":"3 Louse","floor":13,"turns":5},{"damage":1,"enemies":"2 Fungi Beasts","floor":14,"turns":4},{"damage":25,"enemies":"The Guardian","floor":16,"turns":7}],"seed_played":"-8533183360903569504","potions_obtained":[{"floor":4,"key":"SteroidPotion"},{"floor":11,"key":"AttackPotion"},{"floor":13,"key":"SmokeBomb"}],"is_trial":false,"path_per_floor":["M","?","M","M","?","E","R","?","T","R","M","$","M","M","R","B"],"character_chosen":"DEFECT","items_purchased":["Toxic Egg 2","Blizzard"],"campfire_rested":2,"item_purchase_floors":[12,12],"current_hp_per_floor":[63,63,53,48,48,17,41,41,41,41,31,31,2,1,25,0,0],"gold":84,"neow_bonus":"TEN_PERCENT_HP_BONUS","is_daily":false,"chose_seed":false,"campfire_upgraded":1,"win_rate":0.0,"timestamp":1614358891,"path_taken":["M","?","M","M","?","E","R","?","T","R","M","$","M","M","R","BOSS"],"items_purchased_type":["Relic","Card"],"build_version":"2020-12-22","purchased_purges":0,"victory":false,"max_hp_per_floor":[82,82,82,82,82,82,82,82,82,82,82,82,82,82,82,82,82],"card_choices":[{"not_picked":["Stack","Beam Cell"],"picked":"Leap","floor":1},{"not_picked":["Double Energy","Capacitor"],"picked":"Go for the Eyes","floor":3},{"not_picked":["Heatsinks","Barrage"],"picked":"Reinforced Body","floor":4},{"not_picked":["Doom and Gloom","Ball Lightning"],"picked":"Genetic Algorithm","floor":6},{"not_picked":["Conserve Battery","Hologram"],"picked":"Coolheaded","floor":11},{"not_picked":["Self Repair","All For One"],"picked":"Beam Cell","floor":13},{"not_picked":["Streamline","Redo+1"],"picked":"Tempest+1","floor":14}],"player_experience":491052,"relics_obtained":[{"floor":6,"key":"Unceasing Top"},{"floor":9,"key":"Mummified Hand"}],"event_choices":[{"damage_healed":0,"gold_gain":0,"player_choice":"Ignored","damage_taken":0,"max_hp_gain":0,"max_hp_loss":0,"event_name":"Golden Wing","floor":2,"gold_loss":0},{"damage_healed":0,"gold_gain":175,"player_choice":"AGREE","damage_taken":0,"max_hp_gain":0,"max_hp_loss":0,"event_name":"Liars Game","floor":5,"gold_loss":0,"cards_obtained":["Doubt"]},{"damage_healed":0,"gold_gain":0,"player_choice":"Grow","damage_taken":0,"max_hp_gain":0,"max_hp_loss":0,"event_name":"Living Wall","floor":8,"gold_loss":0,"cards_upgraded":["Dualcast"]}],"is_beta":false,"boss_relics":[],"items_purged_floors":[],"is_endless":false,"potions_floor_spawned":[4,11,13],"killed_by":"The Guardian","ascension_level":12}}