{"host":"en4narc5947t7k9n","time":1614347395,"event":{"mods":["AchievementEnabler","BaseMod","Colored Map","Minty Spire (QoL Compilation)","SuperFastMode"],"gold_per_floor":[118,138,63,13,13,45,59,29,29,29,39,89,89,101,101,205,205,218,218,218,158,83,83,83,83],"floor_reached":24,"language":"KOR","playtime":944,"items_purged":["Strike_R"],"score":192,"play_id":"44545870-646b-4dd3-95a2-513286398f77","local_time":"20210226224955","is_ascension_mode":false,"campfire_choices":[{"floor":15,"key":"REST"},{"floor":23,"key":"RECALL"}],"circlet_count":0,"master_deck":["Strike_R","Strike_R","Defend_R","Defend_R","Defend_R","Defend_R","Bash","Dual Wield","Armaments+1","Thunderclap","Seeing Red","Blood for Blood","Cleave","Juggernaut","Rampage","Bludgeon","Sentinel+1","Twin Strike+1"],"relics":["Burning Blood","Dream Catcher","Kunai"],"acts_visited":["Exordium","TheCity"],"potions_floor_usage":[16,16,16],"damage_taken":[{"damage":8,"enemies":"Small Slimes","floor":1,"turns":4},{"damage":6,"enemies":"2 Louse","floor":2,"turns":3},{"damage":46,"enemies":"Gremlin Nob","floor":6,"turns":5},{"damage":5,"enemies":"Jaw Worm","floor":7,"turns":5},{"damage":0,"enemies":"Looter","floor":8,"turns":4},{"damage":19,"enemies":"Large Slime","floor":11,"turns":8},{"damage":14,"enemies":"2 Fungi Beasts","floor":14,"turns":3},{"damage":32,"enemies":"Slime Boss","floor":16,"turns":10},{"damage":30,"enemies":"Spheric Guardian","floor":18,"turns":4},{"damage":34,"enemies":"2 Thieves","floor":21,"turns":4},{"damage":52,"enemies":"Shelled Parasite and Fungi","floor":24,"turns":4}],"seed_played":"8989931909729989981","potions_obtained":[{"floor":6,"key":"Block Potion"},{"floor":11,"key":"SpeedPotion"},{"floor":14,"key":"LiquidBronze"}],"is_trial":false,"path_per_floor":["M","M","$","?","?","E","M","M","T","$","M","?","$","M","R","B",null,"M","$","?","M","?","R","M"],"character_chosen":"IRONCLAD","items_purchased":[],"campfire_rested":1,"item_purchase_floors":[],"current_hp_per_floor":[78,78,78,78,78,38,39,45,45,45,32,32,32,24,48,22,80,56,56,56,28,28,28,0,0],"gold":83,"neow_bonus":"RANDOM_COMMON_RELIC","is_daily":false,"chose_seed":false,"campfire_upgraded":0,"win_rate":0.0,"timestamp":1614347395,"path_taken":["M","M","$","?","?","E","M","M","T","?","M","?","$","M","R","BOSS","M","$","?","M","?","R","?"],"items_purchased_type":[],"build_version":"2020-12-22","purchased_purges":1,"victory":false,"max_hp_per_floor":[80,80,80,80,80,80,80,80,80,80,80,80,80,80,80,80,80,80,80,80,80,80,80,80,80],"card_choices":[{"not_picked":["Wild Strike","Body Slam"],"picked":"Dual Wield","floor":1},{"not_picked":["Flex","Sever Soul"],"picked":"Armaments","floor":2},{"not_picked":["Shrug It Off","Flex"],"picked":"Thunderclap","floor":6},{"not_picked":["Twin Strike","Wild Strike"],"picked":"Seeing Red","floor":7},{"not_picked":["Sever Soul","Power Through"],"picked":"Blood for Blood","floor":8},{"not_picked":["Thunderclap","Wild Strike"],"picked":"Cleave","floor":11},{"not_picked":["Sentinel","Heavy Blade"],"picked":"Juggernaut","floor":14},{"not_picked":["Anger","Combust"],"picked":"Rampage","floor":15},{"not_picked":["Immolate","Berserk"],"picked":"Bludgeon","floor":16},{"not_picked":["Heavy Blade","Clothesline+1"],"picked":"Sentinel+1","floor":18},{"not_picked":["Burning Pact","Iron Wave"],"picked":"Twin Strike+1","floor":21}],"player_experience":230603,"relics_obtained":[{"floor":6,"key":"Kunai"}],"event_choices":[{"cards_removed":["Strike_R"],"damage_healed":0,"gold_gain":0,"player_choice":"Card Removal","damage_taken":0,"max_hp_gain":0,"max_hp_loss":0,"event_name":"The Cleric","floor":4,"gold_loss":50},{"damage_healed":0,"gold_gain":0,"player_choice":"Grow","damage_taken":0,"max_hp_gain":0,"max_hp_loss":0,"event_name":"Living Wall","floor":5,"gold_loss":0,"cards_upgraded":["Armaments"]},{"damage_healed":0,"gold_gain":50,"player_choice":"Gained Gold","damage_taken":0,"max_hp_gain":0,"max_hp_loss":0,"event_name":"Golden Wing","floor":12,"gold_loss":0},{"damage_healed":0,"gold_gain":0,"player_choice":"Ignored","damage_taken":0,"max_hp_gain":0,"max_hp_loss":0,"event_name":"The Mausoleum","floor":20,"gold_loss":0},{"cards_removed":["Strike_R"],"damage_healed":0,"gold_gain":0,"player_choice":"Gave Gold","damage_taken":0,"max_hp_gain":0,"max_hp_loss":0,"event_name":"Beggar","floor":22,"gold_loss":75}],"is_beta":false,"boss_relics":[{"not_picked":["Runic Dome","Snecko Eye","Fusion Hammer"]}],"items_purged_floors":[3],"is_endless":false,"potions_floor_spawned":[6,11,14],"killed_by":"Shelled Parasite and Fungi","ascension_level":0}}