{"host":"oehe2dxjvdgux73m","time":1614349676,"event":{"mods":["AchievementEnabler","BaseMod","Colored Map","Colored Powertips","DeckTracker","Keyboard Shortcuts","Minty Spire (QoL Compilation)","Permanent Neow","Quick Restart","StSLib","SuperFastMode"],"gold_per_floor":[119,129,147,33,51,51,51,51,51,69,85,95,106,106,106,179,179,155,172,172,172],"floor_reached":20,"language":"KOR","playtime":399,"items_purged":[],"score":315,"play_id":"51e8fe21-a499-499b-aa6c-4951b955b000","local_time":"20210226232756","is_ascension_mode":true,"campfire_choices":[{"data":"Body Slam","floor":6.0,"key":"SMITH"},{"data":"Carnage","floor":8.0,"key":"SMITH"},{"data":"Berserk","floor":15.0,"key":"SMITH"}],"circlet_count":0,"master_deck":["AscendersBane","Strike_R","Defend_R","Defend_R","Defend_R","Defend_R","Bash","Berserk+1","Twin Strike","Pommel Strike","Clothesline","Carnage+1","Body Slam+1","Shockwave","Evolve","Headbutt","Disarm","Corruption","Dual Wield+1","Wild Strike+1","Battle Trance+1"],"relics":["Burning Blood","Ginger","Astrolabe"],"acts_visited":["Exordium","TheCity"],"potions_floor_usage":[16,16],"damage_taken":[{"damage":18.0,"enemies":"Small Slimes","floor":1.0,"turns":5.0},{"damage":0.0,"enemies":"Cultist","floor":2.0,"turns":3.0},{"damage":14.0,"enemies":"Jaw Worm","floor":3.0,"turns":3.0},{"damage":11.0,"enemies":"2 Fungi Beasts","floor":5.0,"turns":3.0},{"damage":6.0,"enemies":"Looter","floor":10.0,"turns":2.0},{"damage":9.0,"enemies":"3 Louse","floor":11.0,"turns":3.0},{"damage":12.0,"enemies":"Blue Slaver","floor":12.0,"turns":4.0},{"damage":12.0,"enemies":"2 Fungi Beasts","floor":13.0,"turns":2.0},{"damage":17,"enemies":"Slime Boss","floor":16,"turns":6},{"damage":28,"enemies":"2 Thieves","floor":18,"turns":4},{"damage":21,"enemies":"3 Byrds","floor":19,"turns":7},{"damage":3,"enemies":"Masked Bandits","floor":20,"turns":2}],"seed_played":"5588973947966228289","potions_obtained":[{"floor":1.0,"key":"SkillPotion"},{"floor":3.0,"key":"Explosive Potion"},{"floor":10.0,"key":"Swift Potion"},{"floor":11.0,"key":"BlessingOfTheForge"},{"floor":12.0,"key":"Fire Potion"},{"floor":19,"key":"Fire Potion"}],"is_trial":false,"path_per_floor":["M","M","M","$","M","R","?","R","T","M","M","M","M","?","R","B",null,"M","M","?"],"character_chosen":"IRONCLAD","items_purchased":["Clothesline","Carnage"],"campfire_rested":0,"item_purchase_floors":[4,4],"current_hp_per_floor":[56,62,54,54,49,49,49,49,49,49,46,40,34,34,34,23,62,40,25,22,22],"gold":172,"neow_bonus":"ONE_RANDOM_RARE_CARD","is_daily":false,"chose_seed":false,"campfire_upgraded":3,"win_rate":0.0,"timestamp":1614349676,"path_taken":["M","M","M","$","M","R","?","R","T","M","M","?","M","?","R","BOSS","M","M","?"],"items_purchased_type":["Card","Card"],"build_version":"2020-12-22","purchased_purges":0,"victory":false,"max_hp_per_floor":[75,75,75,75,75,75,75,75,75,75,75,75,75,75,75,75,75,75,75,75,75],"card_choices":[{"not_picked":["Bloodletting","Clash"],"picked":"Twin Strike","floor":1.0},{"not_picked":["Thunderclap","Havoc"],"picked":"Pommel Strike","floor":2.0},{"not_picked":["Clash","Havoc","Rampage"],"picked":"SKIP","floor":3.0},{"not_picked":["Rage","True Grit"],"picked":"Body Slam","floor":5.0},{"not_picked":["Power Through","Havoc"],"picked":"Shockwave","floor":10.0},{"not_picked":["Clothesline","Limit Break"],"picked":"Evolve","floor":11.0},{"not_picked":["Rampage","Anger"],"picked":"Headbutt","floor":12.0},{"not_picked":["Reckless Charge","True Grit"],"picked":"Disarm","floor":13.0},{"not_picked":["Fiend Fire","Feed"],"picked":"Corruption","floor":16},{"not_picked":["Dropkick+1","Bloodletting","Flex"],"picked":"SKIP","floor":18},{"not_picked":["Iron Wave","Flex","Havoc"],"picked":"SKIP","floor":19}],"player_experience":507266,"relics_obtained":[{"floor":9.0,"key":"Ginger"}],"event_choices":[{"cards_removed":["Strike_R"],"damage_healed":0.0,"max_hp_gain":0.0,"max_hp_loss":0.0,"gold_gain":0.0,"event_name":"Bonfire Elementals","player_choice":"Offered Basic","floor":7.0,"gold_loss":0.0,"damage_taken":0.0},{"damage_healed":0.0,"max_hp_gain":0.0,"max_hp_loss":0.0,"gold_gain":0.0,"event_name":"Dead Adventurer","player_choice":"Searched \u00270\u0027 times","floor":14.0,"gold_loss":0.0,"damage_taken":0.0},{"damage_healed":0,"gold_gain":0,"player_choice":"Fought Bandits","damage_taken":0,"max_hp_gain":0,"max_hp_loss":0,"event_name":"Masked Bandits","floor":20,"gold_loss":0}],"is_beta":false,"boss_relics":[{"not_picked":["Sozu","Philosopher\u0027s Stone"],"picked":"Astrolabe"}],"items_purged_floors":[],"is_endless":false,"potions_floor_spawned":[1,3,10,11,12,19],"killed_by":"Masked Bandits","ascension_level":17}}