{"host":"gl7tj3p8v5at7lpy","time":1614340704,"event":{"mods":["AchievementEnabler","BaseMod","Colored Map","DeckTracker","Minty Spire (QoL Compilation)","StSLib","SuperFastMode","everything is the same but u backflip on backflip"],"gold_per_floor":[114,114,126,1,13,13,30,84,84,115,127,151,173,216,228,338,400,427,439,481,508,420,454,467,467,467,484,583,583,22,122,122,226,226,242,258,277,291,70,101,118,168,195,195,195,215,241,261,261,261,261,261,25,60,60],"floor_reached":56,"language":"KOR","playtime":1628,"items_purged":["Defend_P","Strike_P","Defend_P","Strike_P","Strike_P"],"score":1489,"play_id":"1ff7fe10-8d92-4104-b489-39fda24ff9e9","local_time":"20210226205824","is_ascension_mode":false,"campfire_choices":[{"data":"Eruption","floor":6.0,"key":"SMITH"},{"data":"SandsOfTime","floor":15.0,"key":"SMITH"},{"data":"FollowUp","floor":25.0,"key":"SMITH"},{"floor":29.0,"key":"REST"},{"data":"Adaptation","floor":32.0,"key":"SMITH"},{"data":"Vault","floor":44.0,"key":"SMITH"},{"floor":49,"key":"RECALL"},{"data":"Indignation","floor":52,"key":"SMITH"}],"circlet_count":0,"master_deck":["Strike_P+1","Defend_P+1","Defend_P","Eruption+1","Vigilance+1","Indignation+1","FollowUp+1","SandsOfTime+1","FearNoEvil","Evaluate+1","InnerPeace","Adaptation+1","Vault+1","DeusExMachina","Tantrum+1","EmptyMind+1","Halt+1","Adaptation+1","JustLucky+1","Purity"],"relics":["PureWater","NeowsBlessing","PreservedInsect","MawBank","Vajra","Tiny House","Red Mask","GoldenEye","Toy Ornithopter","Medical Kit","Question Card","Unceasing Top","Shuriken","VioletLotus","Membership Card","Bird Faced Urn","FossilizedHelix","Bronze Scales","Ancient Tea Set","Anchor"],"acts_visited":["Exordium","TheCity","TheBeyond","TheEnding"],"potions_floor_usage":[50,55,55,55],"damage_taken":[{"damage":0.0,"enemies":"2 Louse","floor":1.0,"turns":1.0},{"damage":0.0,"enemies":"Jaw Worm","floor":3.0,"turns":1.0},{"damage":0.0,"enemies":"Small Slimes","floor":5.0,"turns":1.0},{"damage":11.0,"enemies":"Exordium Wildlife","floor":7.0,"turns":2.0},{"damage":0.0,"enemies":"3 Sentries","floor":10.0,"turns":3.0},{"damage":0.0,"enemies":"2 Fungi Beasts","floor":12.0,"turns":2.0},{"damage":0.0,"enemies":"Large Slime","floor":13.0,"turns":4.0},{"damage":0.0,"enemies":"Gremlin Nob","floor":14.0,"turns":2.0},{"damage":0.0,"enemies":"Slime Boss","floor":16.0,"turns":3.0},{"damage":0.0,"enemies":"Chosen","floor":18.0,"turns":2.0},{"damage":10.0,"enemies":"Masked Bandits","floor":20.0,"turns":5.0},{"damage":20.0,"enemies":"3 Byrds","floor":21.0,"turns":5.0},{"damage":0.0,"enemies":"Book of Stabbing","floor":23.0,"turns":3.0},{"damage":15.0,"enemies":"Snake Plant","floor":24.0,"turns":2.0},{"damage":0.0,"enemies":"Snecko","floor":27.0,"turns":2.0},{"damage":0.0,"enemies":"Colosseum Slavers","floor":31.0,"turns":2.0},{"damage":0.0,"enemies":"Colosseum Nobs","floor":31.0,"turns":2.0},{"damage":56.0,"enemies":"Collector","floor":33.0,"turns":6.0},{"damage":4.0,"enemies":"3 Shapes","floor":35.0,"turns":3.0},{"damage":0.0,"enemies":"3 Darklings","floor":36.0,"turns":3.0},{"damage":2.0,"enemies":"Jaw Worm Horde","floor":37.0,"turns":3.0},{"damage":4.0,"enemies":"Spire Growth","floor":38.0,"turns":3.0},{"damage":0.0,"enemies":"Nemesis","floor":40.0,"turns":2.0},{"damage":1.0,"enemies":"Maw","floor":41.0,"turns":5.0},{"damage":31.0,"enemies":"Mind Bloom Boss Battle","floor":42.0,"turns":4.0},{"damage":0,"enemies":"Sphere and 2 Shapes","floor":46,"turns":5},{"damage":0,"enemies":"Giant Head","floor":47,"turns":4},{"damage":0,"enemies":"Spire Growth","floor":48,"turns":2},{"damage":13,"enemies":"Donu and Deca","floor":50,"turns":3},{"damage":10,"enemies":"Shield and Spear","floor":54,"turns":3},{"damage":9,"enemies":"The Heart","floor":55,"turns":6}],"seed_played":"1169104438248981131","potions_obtained":[{"floor":3.0,"key":"Regen Potion"},{"floor":7.0,"key":"Swift Potion"},{"floor":10.0,"key":"BlessingOfTheForge"},{"floor":17.0,"key":"Fruit Juice"},{"floor":21.0,"key":"EssenceOfSteel"},{"floor":23.0,"key":"AttackPotion"},{"floor":24.0,"key":"SteroidPotion"},{"floor":31.0,"key":"Explosive Potion"},{"floor":36.0,"key":"Swift Potion"},{"floor":37.0,"key":"Block Potion"},{"floor":40.0,"key":"ColorlessPotion"},{"floor":54,"key":"Block Potion"}],"is_trial":false,"path_per_floor":["M","?","M","$","M","R","M","T","T","E","$","M","M","E","R","B",null,"M","?","?","M","$","E","M","R","T","M","?","R","$","?","R","B",null,"M","M","M","M","$","E","M","?","T","R","?","M","E","M","R","B",null,"R","$","E","B",null],"character_chosen":"WATCHER","items_purchased":["FollowUp","Adaptation","Medical Kit","Question Card","Membership Card","Purity","Ambrosia","Dexterity Potion","FearPotion"],"campfire_rested":1,"item_purchase_floors":[4,30,30,30,39,53,53,53,53],"current_hp_per_floor":[72,58,58,58,58,58,47,47,47,47,47,47,47,47,47,47,82,82,66,56,36,36,36,26,26,26,26,26,52,52,67,67,16,87,83,83,85,81,81,81,82,56,56,56,56,58,62,64,64,60,87,87,87,81,82],"gold":60,"neow_bonus":"THREE_ENEMY_KILL","is_daily":false,"chose_seed":false,"campfire_upgraded":6,"win_rate":0.0,"timestamp":1614340704,"path_taken":["M","?","M","$","M","R","M","?","T","E","?","M","M","E","R","BOSS","M","?","?","M","?","E","M","R","T","M","?","R","$","?","R","BOSS","M","M","M","M","$","E","M","?","T","R","?","M","E","M","R","BOSS","R","$","E","BOSS"],"items_purchased_type":["Card","Card","Relic","Relic","Relic","Card","Potion","Potion","Potion"],"build_version":"2020-12-22","purchased_purges":5,"victory":true,"max_hp_per_floor":[72,72,72,72,72,72,72,72,72,72,72,72,72,72,72,72,82,82,87,87,87,87,87,87,87,87,87,87,87,87,87,87,87,87,87,87,87,87,87,87,87,87,87,87,87,87,87,87,87,87,87,87,87,87,87],"card_choices":[{"not_picked":["SashWhip","CutThroughFate","FlurryOfBlows"],"picked":"SKIP","floor":1.0},{"not_picked":["Fasting2","BowlingBash"],"picked":"Indignation","floor":3.0},{"not_picked":["TalkToTheHand","ClearTheMind"],"picked":"SandsOfTime","floor":5.0},{"not_picked":["Halt","CrushJoints","BattleHymn"],"picked":"SKIP","floor":7.0},{"not_picked":["SashWhip","Collect","Halt"],"picked":"SKIP","floor":10.0},{"not_picked":["DeceiveReality","LikeWater","Evaluate"],"picked":"SKIP","floor":12.0},{"not_picked":["BattleHymn","CutThroughFate"],"picked":"FearNoEvil","floor":13.0},{"not_picked":["Consecrate","Evaluate","Worship"],"picked":"SKIP","floor":14.0},{"not_picked":["Conclude","PathToVictory","Consecrate"],"picked":"SKIP","floor":18.0},{"not_picked":["Meditate","CutThroughFate"],"picked":"Evaluate+1","floor":21.0},{"not_picked":["PathToVictory","Indignation","ThirdEye"],"picked":"SKIP","floor":23.0},{"not_picked":["Protect","FollowUp"],"picked":"InnerPeace","floor":24.0},{"not_picked":["WindmillStrike+1","WreathOfFlame","JustLucky"],"picked":"SKIP","floor":27.0},{"not_picked":["Protect","EmptyBody","Fasting2+1"],"picked":"Vault","floor":31.0},{"not_picked":["Establishment","Judgement","LessonLearned"],"picked":"DeusExMachina","floor":33.0},{"not_picked":["PathToVictory+1","CutThroughFate+1","WheelKick+1"],"picked":"Tantrum+1","floor":35.0},{"not_picked":["Crescendo+1","Evaluate","SashWhip+1","Indignation+1"],"picked":"SKIP","floor":36.0},{"not_picked":["EmptyFist+1","WreathOfFlame+1","CutThroughFate"],"picked":"EmptyMind+1","floor":37.0},{"not_picked":["Protect+1","FearNoEvil+1","Consecrate","Brilliance"],"picked":"SKIP","floor":38.0},{"not_picked":["PathToVictory+1","Protect+1","Swivel","Worship"],"picked":"SKIP","floor":40.0},{"not_picked":["EmptyBody+1","EmptyFist+1","Crescendo"],"picked":"Halt+1","floor":41.0},{"not_picked":["BattleHymn+1","Indignation+1","ClearTheMind"],"picked":"Adaptation+1","floor":46},{"not_picked":["Evaluate","Vengeance","FollowUp","LikeWater"],"picked":"SKIP","floor":47},{"not_picked":["Conclude","Nirvana","Weave"],"picked":"JustLucky+1","floor":48},{"not_picked":["Consecrate","DeceiveReality+1","Perseverance","CarveReality+1"],"picked":"SKIP","floor":54}],"player_experience":748050,"relics_obtained":[{"floor":8.0,"key":"PreservedInsect"},{"floor":10.0,"key":"MawBank"},{"floor":14.0,"key":"Vajra"},{"floor":20.0,"key":"Red Mask"},{"floor":23.0,"key":"GoldenEye"},{"floor":26.0,"key":"Toy Ornithopter"},{"floor":31.0,"key":"Unceasing Top"},{"floor":31.0,"key":"Shuriken"},{"floor":40.0,"key":"Bird Faced Urn"},{"floor":42.0,"key":"FossilizedHelix"},{"floor":43.0,"key":"Bronze Scales"},{"floor":47,"key":"Ancient Tea Set"},{"floor":54,"key":"Anchor"}],"event_choices":[{"damage_healed":0.0,"max_hp_gain":0.0,"max_hp_loss":0.0,"gold_gain":0.0,"event_name":"Shining Light","player_choice":"Entered Light","floor":2.0,"gold_loss":0.0,"damage_taken":14.0,"cards_upgraded":["Defend_P","Vigilance"]},{"damage_healed":0.0,"max_hp_gain":5.0,"max_hp_loss":0.0,"gold_gain":0.0,"event_name":"Forgotten Altar","player_choice":"Shed Blood","floor":19.0,"gold_loss":0.0,"damage_taken":21.0},{"damage_healed":0.0,"max_hp_gain":0.0,"max_hp_loss":0.0,"gold_gain":0.0,"event_name":"Masked Bandits","player_choice":"Fought Bandits","floor":20.0,"gold_loss":0.0,"damage_taken":0.0},{"damage_healed":0.0,"max_hp_gain":0.0,"max_hp_loss":0.0,"gold_gain":99.0,"event_name":"Nest","player_choice":"Stole From Cult","floor":28.0,"gold_loss":0.0,"damage_taken":0.0},{"damage_healed":0.0,"max_hp_gain":0.0,"max_hp_loss":0.0,"gold_gain":0.0,"event_name":"Colosseum","player_choice":"Fight","floor":31.0,"gold_loss":0.0,"damage_taken":0.0},{"damage_healed":0.0,"max_hp_gain":0.0,"max_hp_loss":0.0,"gold_gain":0.0,"event_name":"Colosseum","player_choice":"Fought Nobs","floor":31.0,"gold_loss":0.0,"damage_taken":0.0},{"damage_healed":0.0,"max_hp_gain":0.0,"max_hp_loss":0.0,"gold_gain":0.0,"event_name":"MindBloom","player_choice":"Fight","floor":42.0,"gold_loss":0.0,"damage_taken":0.0},{"damage_healed":0,"gold_gain":0,"player_choice":"Memory 1","damage_taken":0,"max_hp_gain":0,"max_hp_loss":0,"event_name":"SensoryStone","floor":45,"gold_loss":0}],"is_beta":false,"boss_relics":[{"not_picked":["Fusion Hammer","Velvet Choker"],"picked":"Tiny House"},{"not_picked":["Philosopher\u0027s Stone","SlaversCollar"],"picked":"VioletLotus"}],"items_purged_floors":[4,22,30,39,53],"is_endless":false,"potions_floor_spawned":[3,7,10,16,21,23,24,31,36,37,40,54],"ascension_level":0}}