{"host":"dm3der2z84gf27js","time":1614327023,"event":{"mods":["AchievementEnabler","BaseMod","Bestiary","Better Note","Better Third Choice","Colored Map","Colored Powertips","Marisa????????","Minty Spire (QoL Compilation)","StSLib","The Marked"],"gold_per_floor":[113,133,133,133,154,190,210,251,251,251,274,292,292,317,317,448,448,472,472,157,157,171,171,171],"floor_reached":23,"language":"ENG","playtime":775,"items_purged":[],"score":223,"play_id":"ec8952f2-ebf6-45ba-8ac6-367f55293bfa","local_time":"20210226031023","is_ascension_mode":true,"campfire_choices":[{"floor":10,"key":"REST"},{"floor":13,"key":"REST"},{"floor":15,"key":"REST"}],"circlet_count":0,"master_deck":["Strike_MRS","Strike_MRS","Strike_MRS","Strike_MRS+1","Defend_MRS","Defend_MRS","Defend_MRS","Defend_MRS","MasterSpark","UpSweep+1","MilkyWay","EnergyFlow+1","MilkyWay","MilkyWay","DeepEcoloBomb","Acceleration","AsteroidBelt","NonDirectionalLaser","6A","CasketOfStar","PulseMagic","WitchOfGreed","RitualDagger","ShootingEcho"],"relics":["BewitchedHakkero","Golden Idol","Bronze Scales","Boot","Pear","Membership Card","Shovel"],"acts_visited":["Exordium","TheCity"],"potions_floor_usage":[8,14,16],"damage_taken":[{"damage":0,"enemies":"Small Slimes","floor":1,"turns":3},{"damage":1,"enemies":"2 Louse","floor":2,"turns":2},{"damage":2,"enemies":"Jaw Worm","floor":5,"turns":3},{"damage":11,"enemies":"Lagavulin","floor":6,"turns":6},{"damage":11,"enemies":"Blue Slaver","floor":7,"turns":3},{"damage":12,"enemies":"Gremlin Nob","floor":8,"turns":4},{"damage":12,"enemies":"3 Louse","floor":11,"turns":2},{"damage":11,"enemies":"Exordium Thugs","floor":12,"turns":4},{"damage":14,"enemies":"Large Slime","floor":14,"turns":5},{"damage":5,"enemies":"Hexaghost","floor":16,"turns":8},{"damage":5,"enemies":"Chosen","floor":18,"turns":4},{"damage":35,"enemies":"2 Thieves","floor":22,"turns":4},{"damage":41,"enemies":"Slavers","floor":23,"turns":2}],"seed_played":"7421723245827999074","potions_obtained":[{"floor":7,"key":"Block Potion"},{"floor":12,"key":"Fire Potion"},{"floor":14,"key":"Strength Potion"}],"is_trial":false,"path_per_floor":["M","M","?","?","M","E","M","E","T","R","M","M","R","M","R","B",null,"M","?","$","?","M","E"],"character_chosen":"MARISA","items_purchased":["Membership Card","Shovel","WitchOfGreed"],"campfire_rested":3,"item_purchase_floors":[20,20,20],"current_hp_per_floor":[75,74,59,41,39,28,17,5,5,27,15,4,26,12,34,29,75,70,80,80,74,39,0,0],"gold":171,"neow_bonus":"UPGRADE_CARD","is_daily":false,"chose_seed":false,"campfire_upgraded":0,"win_rate":0.0,"timestamp":1614327023,"path_taken":["M","M","?","?","M","E","M","E","T","R","M","M","R","M","R","BOSS","M","?","$","?","M","E"],"items_purchased_type":["Relic","Relic","Card"],"build_version":"2020-12-22","purchased_purges":0,"victory":false,"max_hp_per_floor":[75,75,75,75,75,75,75,75,75,75,75,75,75,75,75,75,75,75,85,85,85,85,85,85],"card_choices":[{"not_picked":["6A","GravityBeat"],"picked":"MilkyWay","floor":1},{"not_picked":["OneTimeOff","Acceleration"],"picked":"EnergyFlow","floor":2},{"not_picked":["GalacticHalo","MachineGunSpark"],"picked":"MilkyWay","floor":5},{"not_picked":["Acceleration","ChargingUp"],"picked":"MilkyWay","floor":6},{"not_picked":["DC","GravityBeat"],"picked":"DeepEcoloBomb","floor":7},{"not_picked":["SporeBomb","BlazingStar"],"picked":"Acceleration","floor":8},{"not_picked":["IllusionStar","FairyDestructionRay"],"picked":"AsteroidBelt","floor":11},{"not_picked":["SporeBomb","UnstableBomb"],"picked":"NonDirectionalLaser","floor":12},{"not_picked":["PulseMagic","ChargingUp"],"picked":"6A","floor":14},{"not_picked":["MillisecondPulsars","BigCrunch"],"picked":"CasketOfStar","floor":16},{"not_picked":["WitchLeyline","Occultation+1"],"picked":"PulseMagic","floor":18},{"not_picked":["ChargingUp","ManaConvection"],"picked":"ShootingEcho","floor":22}],"player_experience":252118,"relics_obtained":[{"floor":6,"key":"Bronze Scales"},{"floor":8,"key":"Boot"}],"event_choices":[{"damage_healed":74,"gold_gain":0,"player_choice":"Upgrade","damage_taken":15,"max_hp_gain":0,"max_hp_loss":75,"event_name":"betterThird:BetterShining","floor":3,"gold_loss":0,"cards_upgraded":["EnergyFlow","Strike_MRS"]},{"damage_healed":0,"gold_gain":0,"player_choice":"Take Damage","damage_taken":18,"relics_obtained":["Golden Idol"],"max_hp_gain":0,"max_hp_loss":0,"event_name":"Golden Idol","floor":4,"gold_loss":0},{"damage_healed":0,"gold_gain":0,"player_choice":"Opened","damage_taken":0,"relics_obtained":["Pear"],"max_hp_gain":0,"max_hp_loss":0,"event_name":"The Mausoleum","floor":19,"gold_loss":0},{"damage_healed":0,"gold_gain":0,"player_choice":"Dagger","damage_taken":6,"max_hp_gain":0,"max_hp_loss":0,"event_name":"betterThird:BetterNest","floor":21,"gold_loss":0,"cards_obtained":["RitualDagger"]}],"is_beta":false,"boss_relics":[{"not_picked":["Empty Cage","Snecko Eye"],"picked":"BewitchedHakkero"}],"items_purged_floors":[],"is_endless":false,"potions_floor_spawned":[7,12,14],"killed_by":"Slavers","ascension_level":2}}