{"host":"5ezk7t18wcb10u1o","time":1614341724,"event":{"mods":["BaseMod","Bestiary","Colored Powertips","Minty Spire (QoL Compilation)","Relic Sorter"],"gold_per_floor":[116,39,59,73,93,93,104,116,139,150,150,167,167,199,199,272,272,285,210,210,210,242,242,260,260,260,276,276,276,290,36,36,108,108,118,134,151,164,174,174,184,184,184],"floor_reached":42,"language":"ENG","playtime":3691,"items_purged":["Strike_G","Parasite"],"score":690,"play_id":"a24edad1-9aef-47cb-9344-d5606d09650b","local_time":"20210226121524","is_ascension_mode":true,"campfire_choices":[{"floor":6.0,"key":"REST"},{"floor":11.0,"key":"REST"},{"data":"Neutralize","floor":13.0,"key":"SMITH"},{"data":"Footwork","floor":15.0,"key":"SMITH"},{"data":"Dagger Spray","floor":23.0,"key":"SMITH"},{"floor":25.0,"key":"REST"},{"data":"Catalyst","floor":29.0,"key":"SMITH"},{"data":"Deadly Poison","floor":32.0,"key":"SMITH"},{"floor":40.0,"key":"REST"}],"circlet_count":0,"master_deck":["AscendersBane","Strike_G+1","Strike_G+1","Strike_G+1","Strike_G+1","Defend_G+1","Defend_G+1","Defend_G+1","Defend_G+1","Defend_G+1","Survivor","Neutralize+1","Poisoned Stab","Footwork","Dodge and Roll","Quick Slash","Dash","Backflip","Footwork+1","Poisoned Stab","Dagger Throw","Caltrops","Dagger Spray+1","Bullet Time","Sucker Punch","PiercingWail+1","Dodge and Roll","Deadly Poison+1","Catalyst+1","Wraith Form v2","Crippling Poison+1","Parasite","Backflip"],"relics":["Ring of the Snake","Dream Catcher","MealTicket","Paper Crane","Cursed Key","Red Mask","StrikeDummy","ClockworkSouvenir","Philosopher\u0027s Stone"],"acts_visited":["Exordium","TheCity","TheBeyond"],"potions_floor_usage":[42],"damage_taken":[{"damage":2.0,"enemies":"Cultist","floor":1.0,"turns":5.0},{"damage":0.0,"enemies":"2 Louse","floor":3.0,"turns":3.0},{"damage":1.0,"enemies":"Jaw Worm","floor":4.0,"turns":5.0},{"damage":9.0,"enemies":"Large Slime","floor":5.0,"turns":8.0},{"damage":2.0,"enemies":"Exordium Thugs","floor":7.0,"turns":5.0},{"damage":4.0,"enemies":"Lots of Slimes","floor":8.0,"turns":6.0},{"damage":18.0,"enemies":"Gremlin Gang","floor":10.0,"turns":7.0},{"damage":2.0,"enemies":"2 Fungi Beasts","floor":12.0,"turns":4.0},{"damage":12.0,"enemies":"Gremlin Nob","floor":14.0,"turns":5.0},{"damage":12.0,"enemies":"Hexaghost","floor":16.0,"turns":12.0},{"damage":6.0,"enemies":"Shell Parasite","floor":18.0,"turns":7.0},{"damage":24.0,"enemies":"Masked Bandits","floor":22.0,"turns":6.0},{"damage":2.0,"enemies":"Chosen","floor":24.0,"turns":4.0},{"damage":0.0,"enemies":"Snake Plant","floor":27.0,"turns":6.0},{"damage":9.0,"enemies":"Chosen and Byrds","floor":30.0,"turns":7.0},{"damage":61.0,"enemies":"Champ","floor":33.0,"turns":16.0},{"damage":0.0,"enemies":"Orb Walker","floor":35.0,"turns":4.0},{"damage":24.0,"enemies":"3 Darklings","floor":36.0,"turns":4.0},{"damage":1.0,"enemies":"Maw","floor":37.0,"turns":7.0},{"damage":9.0,"enemies":"4 Shapes","floor":38.0,"turns":5.0},{"damage":11.0,"enemies":"Sphere and 2 Shapes","floor":39.0,"turns":7.0},{"damage":13.0,"enemies":"Writhing Mass","floor":41.0,"turns":5.0},{"damage":17,"enemies":"Reptomancer","floor":42,"turns":3}],"seed_played":"5571243699170176673","potions_obtained":[{"floor":3.0,"key":"Fire Potion"},{"floor":7.0,"key":"DistilledChaos"},{"floor":10.0,"key":"Block Potion"},{"floor":14.0,"key":"AttackPotion"},{"floor":18.0,"key":"GamblersBrew"},{"floor":22.0,"key":"EssenceOfSteel"},{"floor":24.0,"key":"DuplicationPotion"},{"floor":30.0,"key":"CunningPotion"},{"floor":35.0,"key":"AttackPotion"},{"floor":36.0,"key":"FearPotion"},{"floor":39.0,"key":"Weak Potion"},{"floor":41.0,"key":"CultistPotion"}],"is_trial":false,"path_per_floor":["M","$","M","M","M","R","M","M","T","M","R","M","R","E","R","B",null,"M","$","?","?","?","R","M","R","T","M","?","R","M","$","R","B",null,"M","M","M","M","M","R","M","E"],"character_chosen":"THE_SILENT","items_purchased":["Footwork","ClockworkSouvenir"],"campfire_rested":4,"item_purchase_floors":[2,31],"current_hp_per_floor":[57,57,57,56,47,66,64,60,60,42,61,59,59,47,47,35,58,52,66,66,66,42,42,40,59,59,59,59,59,50,63,63,2,48,48,24,23,14,3,21,8,0,0],"gold":184,"neow_bonus":"RANDOM_COMMON_RELIC","is_daily":false,"chose_seed":false,"campfire_upgraded":5,"win_rate":0.0,"timestamp":1614341724,"path_taken":["M","?","?","M","M","R","M","M","T","M","R","M","R","E","R","BOSS","M","$","?","?","?","R","M","R","T","M","?","R","?","$","R","BOSS","M","M","M","M","M","R","M","E"],"items_purchased_type":["Card","Relic"],"build_version":"2020-12-22","purchased_purges":2,"victory":false,"max_hp_per_floor":[66,66,66,66,66,66,66,66,66,66,66,66,66,66,66,66,66,66,66,66,66,66,66,66,66,66,66,66,66,66,63,63,63,63,63,63,63,63,63,63,63,63,63],"card_choices":[{"not_picked":["PiercingWail","Escape Plan"],"picked":"Poisoned Stab","floor":1.0},{"not_picked":["Outmaneuver","Tactician"],"picked":"Dodge and Roll","floor":3.0},{"not_picked":["PiercingWail","Prepared"],"picked":"Quick Slash","floor":4.0},{"not_picked":["Flying Knee","Well Laid Plans"],"picked":"Dash","floor":5.0},{"not_picked":["Deadly Poison","Underhanded Strike"],"picked":"Backflip","floor":6.0},{"not_picked":["Sucker Punch","Masterful Stab"],"picked":"Footwork","floor":7.0},{"not_picked":["Quick Slash","Skewer"],"picked":"Poisoned Stab","floor":8.0},{"not_picked":["Underhanded Strike","All Out Attack","Expertise"],"picked":"SKIP","floor":10.0},{"not_picked":["Grand Finale","Skewer"],"picked":"Dagger Throw","floor":11.0},{"not_picked":["Blade Dance","Slice"],"picked":"Caltrops","floor":12.0},{"not_picked":["Catalyst","Dagger Throw"],"picked":"Dagger Spray","floor":14.0},{"not_picked":["Grand Finale","Die Die Die"],"picked":"Bullet Time","floor":16.0},{"not_picked":["Predator","Heel Hook"],"picked":"Sucker Punch","floor":18.0},{"not_picked":["Bane","Outmaneuver"],"picked":"PiercingWail+1","floor":22.0},{"not_picked":["PiercingWail+1","Infinite Blades"],"picked":"Dodge and Roll","floor":24.0},{"not_picked":["Outmaneuver","PiercingWail"],"picked":"Deadly Poison","floor":25.0},{"not_picked":["Quick Slash","Calculated Gamble"],"picked":"Catalyst","floor":27.0},{"not_picked":["Backflip","Underhanded Strike","Blade Dance"],"picked":"SKIP","floor":30.0},{"not_picked":["A Thousand Cuts","Bullet Time"],"picked":"Wraith Form v2","floor":33.0},{"not_picked":["Expertise","Underhanded Strike"],"picked":"Crippling Poison+1","floor":35.0},{"not_picked":["PiercingWail","Dodge and Roll","Blade Dance"],"picked":"SKIP","floor":36.0},{"not_picked":["Cloak And Dagger","After Image","Predator+1"],"picked":"SKIP","floor":37.0},{"not_picked":["Cloak And Dagger","Dagger Throw","Quick Slash"],"picked":"SKIP","floor":38.0},{"not_picked":["Choke+1","Leg Sweep","Bane"],"picked":"SKIP","floor":39.0},{"not_picked":["Flying Knee","Poisoned Stab+1"],"picked":"Backflip","floor":41.0}],"player_experience":1256317,"relics_obtained":[{"floor":9.0,"key":"MealTicket"},{"floor":14.0,"key":"Paper Crane"},{"floor":22.0,"key":"Red Mask"},{"floor":26.0,"key":"StrikeDummy"}],"event_choices":[{"damage_healed":0.0,"max_hp_gain":0.0,"max_hp_loss":0.0,"gold_gain":0.0,"event_name":"Back to Basics","player_choice":"Simplicity","floor":20.0,"gold_loss":0.0,"damage_taken":0.0,"cards_upgraded":["Strike_G","Strike_G","Strike_G","Strike_G","Defend_G","Defend_G","Defend_G","Defend_G","Defend_G"]},{"damage_healed":0.0,"max_hp_gain":0.0,"max_hp_loss":0.0,"gold_gain":0.0,"event_name":"Cursed Tome","player_choice":"Ignored","floor":21.0,"gold_loss":0.0,"damage_taken":0.0},{"damage_healed":0.0,"max_hp_gain":0.0,"max_hp_loss":0.0,"gold_gain":0.0,"event_name":"Masked Bandits","player_choice":"Fought Bandits","floor":22.0,"gold_loss":0.0,"damage_taken":0.0},{"damage_healed":0.0,"max_hp_gain":0.0,"max_hp_loss":0.0,"gold_gain":0.0,"event_name":"Ghosts","player_choice":"Ignored","floor":28.0,"gold_loss":0.0,"damage_taken":0.0}],"is_beta":false,"boss_relics":[{"not_picked":["Black Star","Ectoplasm"],"picked":"Cursed Key"},{"not_picked":["Pandora\u0027s Box","Coffee Dripper"],"picked":"Philosopher\u0027s Stone"}],"items_purged_floors":[19,31],"is_endless":false,"potions_floor_spawned":[3,7,10,14,18,22,24,30,35,36,39,41],"killed_by":"Reptomancer","ascension_level":14}}