{"host":"t6r1isv2bex5ovch","time":1614377513,"event":{"mods":["AchievementEnabler","Act Like it!","Aspiration","BaseMod","Better Altar","Better Match","Better Note","Better Sensory Stone","Better Skull","Better Third Choice","Better Vampires","Bossed Relics","Colored Powertips","Displayed Cursed Tome","Fox Events","Gremlin Skip","Halation","Hallownest","Highlight Path","Hubris","Infinite Spire","Minty Spire (QoL Compilation)","Reliquary","Ruina","Spire Arcade","StSLib","The Bug Knight"],"gold_per_floor":[112,37,37,50,99,99,112,126,153,168,184,197,97,22,22,124,124,136,136,136,136,136,136,164,175,251,251,268,286,286,306,306,411,411,421,441,441,441,441,466,406,406,430,443,443,443,473,473,473,573,573,583,458,458,308,314,314,321,321,348,377,393,403,436,452,452,555,555,567,392,404,412,425,508,508,541,541,622,634,634,751,875,875,977,977,989,762,762,762,762,762,889,896,919,919,981,1007,1007,1007,1007,1101,1101,1114,1125,525,543,543,543,571,571,616,616,632,644,657,657,657,759,759,773,773,773,783,795,821,821,848,898,914,914,914,60,74,74,175,225,231,246,246,246,255,339,339,364,389,389,509,574,708,733,733,836,836,886,180,202,287],"floor_reached":158,"language":"ENG","playtime":7261,"items_purged":["HollowMod:NailStrikeStart","HollowMod:QuickDashStart","HollowMod:QuickDashStart","HollowMod:QuickDashStart+1","HollowMod:QuickDashStart+1","HollowMod:QuickDashStart+1","Hallownest:curseDreamersLament","HollowMod:CycloneSlash+1","infinitespire:Starlight+1","HollowMod:PogoStrike+1"],"score":6004,"play_id":"4e6e194d-8f22-4a67-8f13-446c60bd19a3","local_time":"20210227091153","is_ascension_mode":true,"campfire_choices":[{"data":"HollowMod:QuickDashStart","floor":6.0,"key":"SMITH"},{"data":"HollowMod:QuickDashStart","floor":15.0,"key":"SMITH"},{"data":"infinitespire:Starlight","floor":23.0,"key":"SMITH"},{"data":"HollowMod:CycloneSlash","floor":27.0,"key":"SMITH"},{"data":"HollowMod:PogoStrike","floor":32.0,"key":"SMITH"},{"floor":46.0,"key":"RECALL"},{"floor":49.0,"key":"REST"},{"floor":57.0,"key":"REST"},{"data":"hubris:InfiniteBlow+6830","floor":66.0,"key":"SMITH"},{"data":"HollowMod:WraithStrike","floor":83.0,"key":"SMITH"},{"data":"HollowMod:DescendingDark","floor":91.0,"key":"SMITH"},{"data":"HollowMod:DescendingDark","floor":100.0,"key":"SMITH"},{"data":"HollowMod:VengefulVoid","floor":108.0,"key":"SMITH"},{"data":"HollowMod:ShadowDash","floor":110.0,"key":"SMITH"},{"floor":112.0,"key":"REST"},{"floor":117.0,"key":"REST"},{"floor":126.0,"key":"REST"},{"data":"HollowMod:WraithStrike","floor":131.0,"key":"SMITH"},{"floor":134.0,"key":"REST"},{"floor":143,"key":"REST"},{"floor":151,"key":"REST"},{"floor":154,"key":"REST"}],"circlet_count":0,"master_deck":["hubris:InfiniteBlow+191247","HollowMod:WraithStrike+1","HollowMod:DescendingDark+1","HollowMod:ShadowDash+1","HollowMod:VengefulVoid+1","HollowMod:WraithStrike+1","hubris:InfiniteBlow+191247","HollowMod:WraithStrike+1"],"relics":["HollowMod:VoidIdolRelic","aspiration:Nostalgia","Cracked Core","hubris:Icosahedron","Oddly Smooth Stone","Happy Flower","halation:Prosthetics","Tiny House","halation:RedSoulGem","halation:PromiseList","aspiration:FrozenJewel","Hallownest:WatcherSealRelic","Empty Cage","reliquary:TatteredRug","HollowMod:DelicateFlower","hubris:EvacipatedBox","hubris:EmptyBottle","hubris:Backtick","hubris:TinFlute","Hallownest:TeacherSealRelic","Hallownest:DreamNailRelic","Omamori","hubris:MobiusCoin","halation:PapillonHeart","reliquary:Vitrine","MealTicket","hubris:Towel","halation:PinkAlligatorPlush","aspiration:BursterCore","FossilizedHelix","Prayer Wheel","Lantern","reliquary:Sideboard","The Courier","aspiration:HiddenCompartment","Blood Vial","Tiny Chest","Torii","aspiration:TomeofQuesting","Boot","Ancient Tea Set","aspiration:PoetsPen_weak","reliquary:Knoch","Bag of Preparation","Blue Candle","Toy Ornithopter","Bottled Flame","infinitespire:CursedDice","reliquary:FingerTrap","reliquary:WeakTea","hubris:SlimyHat","Anchor","hubris:TenFootPole","infinitespire:Lucky Rock","Pantograph"],"acts_visited":[],"potions_floor_usage":[148,157,157,157,157],"damage_taken":[{"damage":0.0,"enemies":"Hallownest:monsterHuskWarrior","floor":1.0,"turns":3.0},{"damage":2.0,"enemies":"2_ Uuma","floor":4.0,"turns":4.0},{"damage":0.0,"enemies":"Hallownest:2_Baldur","floor":7.0,"turns":4.0},{"damage":8.0,"enemies":"Hallownest:MossCreep_and_Mosskin","floor":8.0,"turns":4.0},{"damage":2.0,"enemies":"Hallownest:1_Baldur_1_Crawlid_1_Warrior","floor":10.0,"turns":12.0},{"damage":0.0,"enemies":"Hallownest:Wandering_and_Horned","floor":11.0,"turns":5.0},{"damage":9.0,"enemies":"Hallownest:MossCreep_and_Mosskin","floor":12.0,"turns":5.0},{"damage":81.0,"enemies":"Hallownest:BossBrokenVessel","floor":16.0,"turns":10.0},{"damage":1.0,"enemies":"Hallownest:Guard_and_Sentry","floor":18.0,"turns":7.0},{"damage":5.0,"enemies":"Nightmare","floor":24.0,"turns":15.0},{"damage":11.0,"enemies":"Hallownest:2_Mistakes","floor":25.0,"turns":7.0},{"damage":0.0,"enemies":"Hallownest:2_Husk_Sentries","floor":28.0,"turns":5.0},{"damage":3.0,"enemies":"Hallownest:Master_and_Novice","floor":29.0,"turns":4.0},{"damage":4.0,"enemies":"Hallownest:2_Flukemon","floor":31.0,"turns":7.0},{"damage":28.0,"enemies":"Hallownest:BossGrimm","floor":33.0,"turns":7.0},{"damage":10.0,"enemies":"Hallownest:3_Siblings","floor":35.0,"turns":10.0},{"damage":5.0,"enemies":"Hallownest:2_Littles","floor":36.0,"turns":6.0},{"damage":16.0,"enemies":"Hallownest:eliteHiveKnight","floor":40.0,"turns":8.0},{"damage":12.0,"enemies":"Hallownest:2_Wing_and_1_Kings","floor":44.0,"turns":4.0},{"damage":0.0,"enemies":"Nightmare","floor":47.0,"turns":1.0},{"damage":0.0,"enemies":"Hallownest:BossHollowKnight","floor":50.0,"turns":1.0},{"damage":0.0,"enemies":"Hallownest:monsterHuskWarrior","floor":52.0,"turns":1.0},{"damage":6.0,"enemies":"Hallownest:2_MossCreeps","floor":56.0,"turns":2.0},{"damage":6.0,"enemies":"Hallownest:2_Baldur","floor":58.0,"turns":2.0},{"damage":0.0,"enemies":"Hallownest:eliteMossKnight","floor":61.0,"turns":1.0},{"damage":0.0,"enemies":"Hallownest:monsterFoolEater","floor":62.0,"turns":1.0},{"damage":10.0,"enemies":"Hallownest:1_Ooma_and_2_Uuma","floor":63.0,"turns":2.0},{"damage":0.0,"enemies":"Nightmare","floor":64.0,"turns":1.0},{"damage":0.0,"enemies":"Hallownest:Guard_and_Warrior","floor":65.0,"turns":2.0},{"damage":0.0,"enemies":"Hallownest:BossFalseKnight","floor":67.0,"turns":1.0},{"damage":0.0,"enemies":"Chosen","floor":69.0,"turns":1.0},{"damage":10.0,"enemies":"3 Byrds","floor":71.0,"turns":2.0},{"damage":0.0,"enemies":"Shelled Parasite and Fungi","floor":72.0,"turns":2.0},{"damage":0.0,"enemies":"Cultist and Chosen","floor":73.0,"turns":2.0},{"damage":0.0,"enemies":"Gremlin Leader","floor":74.0,"turns":1.0},{"damage":0.0,"enemies":"Nightmare","floor":76.0,"turns":1.0},{"damage":0.0,"enemies":"Book of Stabbing","floor":78.0,"turns":1.0},{"damage":0.0,"enemies":"3 Cultists","floor":79.0,"turns":2.0},{"damage":0.0,"enemies":"Sentry and Sphere","floor":81.0,"turns":2.0},{"damage":35.0,"enemies":"Slavers","floor":82.0,"turns":2.0},{"damage":0.0,"enemies":"Collector","floor":84.0,"turns":1.0},{"damage":6.0,"enemies":"3 Shapes","floor":86.0,"turns":2.0},{"damage":0.0,"enemies":"Giant Head","floor":92.0,"turns":1.0},{"damage":10.0,"enemies":"3 Darklings","floor":93.0,"turns":2.0},{"damage":4.0,"enemies":"Jaw Worm Horde","floor":96.0,"turns":2.0},{"damage":0.0,"enemies":"Nemesis","floor":97.0,"turns":1.0},{"damage":4.0,"enemies":"Donu and Deca","floor":101.0,"turns":2.0},{"damage":2.0,"enemies":"Jaw Worm","floor":103.0,"turns":1.0},{"damage":2.0,"enemies":"Cultist","floor":104.0,"turns":1.0},{"damage":0.0,"enemies":"2 Louse","floor":106.0,"turns":1.0},{"damage":0.0,"enemies":"Gremlin Nob","floor":109.0,"turns":1.0},{"damage":0.0,"enemies":"Looter","floor":113.0,"turns":1.0},{"damage":0.0,"enemies":"Lots of Slimes","floor":114.0,"turns":1.0},{"damage":2.0,"enemies":"HollowMod:HuskWarrior","floor":115.0,"turns":2.0},{"damage":0.0,"enemies":"Slime Boss","floor":118.0,"turns":1.0},{"damage":0.0,"enemies":"Shell Parasite","floor":120.0,"turns":1.0},{"damage":0.0,"enemies":"2 Thieves","floor":123.0,"turns":1.0},{"damage":0.0,"enemies":"Centurion and Healer","floor":124.0,"turns":1.0},{"damage":0.0,"enemies":"HollowMod:Nosk","floor":125.0,"turns":1.0},{"damage":0.0,"enemies":"Nightmare","floor":127.0,"turns":1.0},{"damage":0.0,"enemies":"Shelled Parasite and Fungi","floor":129.0,"turns":1.0},{"damage":0.0,"enemies":"Snake Plant","floor":133.0,"turns":1.0},{"damage":0.0,"enemies":"hubris:MusketHawk","floor":135.0,"turns":1.0},{"damage":0.0,"enemies":"3 Darklings","floor":137.0,"turns":1.0},{"damage":4.0,"enemies":"3 Shapes","floor":138.0,"turns":1.0},{"damage":0,"enemies":"Transient","floor":141,"turns":1},{"damage":0,"enemies":"Reptomancer","floor":142,"turns":1},{"damage":0,"enemies":"Nemesis","floor":144,"turns":1},{"damage":151,"enemies":"Nightmare_Alpha","floor":147,"turns":2},{"damage":0,"enemies":"4 Shapes","floor":148,"turns":1},{"damage":0,"enemies":"Giant Head","floor":149,"turns":1},{"damage":0,"enemies":"infinitespire:LordOfFortification","floor":152,"turns":1},{"damage":0,"enemies":"Shield and Spear","floor":156,"turns":1},{"damage":10,"enemies":"The Heart","floor":157,"turns":5}],"seed_played":"7660048869769198287","potions_obtained":[{"floor":1.0,"key":"DuplicationPotion"},{"floor":7.0,"key":"LiquidMemories"},{"floor":8.0,"key":"GamblersBrew"},{"floor":12.0,"key":"PowerPotion"},{"floor":16.0,"key":"BlessingOfTheForge"},{"floor":18.0,"key":"EssenceOfSteel"},{"floor":28.0,"key":"BlessingOfTheForge"},{"floor":29.0,"key":"Explosive Potion"},{"floor":31.0,"key":"PowerPotion"},{"floor":35.0,"key":"LiquidBronze"},{"floor":40.0,"key":"EntropicBrew"},{"floor":47.0,"key":"FairyPotion"},{"floor":63.0,"key":"LiquidBronze"},{"floor":125.0,"key":"FairyPotion"},{"floor":152,"key":"infinitespire:BlackPotion"},{"floor":157,"key":"SkillPotion"}],"is_trial":false,"path_per_floor":["M","$","?","M","T","R","M","M","T","M","M","M","$","?","R","B",null,"M","?","?","AVR","?","R","NM","M","T","R","M","M","?","M","R","B",null,"M","M","?","?","?","E","?","?","T","M","AVR","R","NM","$","R","B",null,"M","$","?","$","M","R","M","?","T","E","M","M","NM","M","R","B",null,"M","$","M","M","M","E","?","NM","T","E","M","AVR","M","E","R","B",null,"M","$","?","?","?","R","E","M","T","?","M","E","?","AVR","R","B",null,"M","M","$","M","AVR","R","E","R","T","R","M","M","M","$","R","B",null,"M","?","?","M","M","E","R","NM","T","M","AVR","R","$","M","R","B",null,"M","M","$","?","M","E","R","E","T","?","NM","M","E","T","R","B",null,"R","$","E","B",null],"character_chosen":"THE_BUGKNIGHT","items_purchased":["hubris:EvacipatedBox","hubris:EmptyBottle","FairyPotion","FossilizedHelix","Prayer Wheel","Blood Vial","Tiny Chest","Torii","aspiration:TomeofQuesting","Boot","Ancient Tea Set","reliquary:FingerTrap","reliquary:WeakTea","hubris:SlimyHat","Anchor","hubris:TenFootPole","infinitespire:Lucky Rock"],"campfire_rested":9,"item_purchase_floors":[48,48,87,105,105,132,132,132,132,132,132,155,155,155,155,155,155],"current_hp_per_floor":[68,68,68,72,72,72,75,73,73,75,75,72,72,77,77,6,35,45,41,45,45,45,45,45,45,45,45,45,45,45,45,45,33,42,41,44,44,40,43,27,34,34,34,37,37,37,37,3,18,18,42,42,42,42,42,50,50,50,50,50,50,50,50,50,50,50,50,50,50,50,50,50,50,50,50,50,50,50,50,50,50,15,15,15,41,35,35,35,35,35,35,35,25,25,35,31,31,31,31,31,27,42,40,38,47,47,47,47,47,47,47,47,47,47,45,47,47,47,47,47,47,47,47,47,47,47,47,47,47,47,47,47,47,47,47,47,47,43,47,47,47,47,47,47,47,45,45,45,45,45,45,45,45,45,45,45,45],"gold":287,"neow_bonus":"NOSTALGIA","is_daily":false,"chose_seed":false,"campfire_upgraded":12,"win_rate":0.0,"timestamp":1614377513,"path_taken":["M","$","?","M","?","R","M","M","T","M","?","M","?","?","R","BOSS","M","?","?","AVR","?","R","NM","M","T","R","M","M","?","M","R","BOSS","M","M","?","?","?","E","?","?","T","M","AVR","R","NM","?","R","BOSS","M","$","?","$","M","R","M","?","T","E","?","M","NM","M","R","BOSS","M","$","M","M","M","E","?","NM","T","E","M","AVR","M","E","R","BOSS","M","$","?","?","?","R","E","M","T","?","?","E","?","AVR","R","BOSS","M","M","$","M","AVR","R","E","R","T","R","M","M","M","$","R","BOSS","M","?","?","M","?","E","R","NM","T","M","AVR","R","$","M","R","BOSS","M","M","$","?","M","E","R","E","T","?","NM","M","E","?","R","BOSS","R","$","E","BOSS"],"items_purchased_type":["Relic","Relic","Potion","Relic","Relic","Relic","Relic","Relic","Relic","Relic","Relic","Relic","Relic","Relic","Relic","Relic","Relic"],"build_version":"2020-12-22","purchased_purges":10,"victory":true,"max_hp_per_floor":[75,75,75,75,75,75,75,75,75,75,75,75,75,80,80,80,45,45,45,45,45,45,45,45,45,45,45,45,45,45,45,45,45,45,45,45,45,40,43,43,50,50,50,50,50,50,50,50,50,50,50,50,50,50,50,50,50,50,50,50,50,50,50,50,50,50,50,50,50,50,50,50,50,50,50,50,50,50,50,50,50,50,50,50,50,50,50,50,47,47,47,47,47,47,47,47,47,47,47,47,47,47,47,47,47,47,47,47,47,47,47,47,47,47,47,47,47,47,47,47,47,47,47,47,47,47,47,47,47,47,47,47,47,47,47,47,47,47,47,47,47,47,47,47,47,45,45,45,45,45,45,45,45,45,45,45,45],"card_choices":[{"not_picked":["HollowMod:SharpenedNail","HollowMod:ShadowDash","HollowMod:DashSlash"],"picked":"SKIP","floor":1.0},{"not_picked":["HollowMod:SiblingsSouls","HollowMod:WraithStrike","HollowMod:ShadowDash"],"picked":"SKIP","floor":4.0},{"not_picked":["HollowMod:SiblingsSouls","HollowMod:DoubleDash","HollowMod:GreatSlash"],"picked":"SKIP","floor":7.0},{"not_picked":["HollowMod:DreamGate","HollowMod:ChannelNail","HollowMod:TaintedHusks"],"picked":"SKIP","floor":8.0},{"not_picked":["HollowMod:SiblingsSouls","HollowMod:SiblingsShadow","HollowMod:GoodIntentions"],"picked":"SKIP","floor":10.0},{"not_picked":["HollowMod:VoidDash","HollowMod:CornifersMapStart","HollowMod:SoulEater"],"picked":"SKIP","floor":11.0},{"not_picked":["HollowMod:NewLittleFool","HollowMod:CrystalDash","HollowMod:MawleksShell"],"picked":"SKIP","floor":12.0},{"not_picked":["HollowMod:RecoilStrike+1","HollowMod:LifebloodCocoon","HollowMod:SharpenedNail"],"picked":"SKIP","floor":18.0},{"not_picked":["HollowMod:PureNailStrike","HollowMod:InfectedCysts","HollowMod:SharpenedNail"],"picked":"SKIP","floor":24.0},{"not_picked":["HollowMod:HowlingWraiths","HollowMod:TaintedHusks"],"picked":"HollowMod:CycloneSlash","floor":25.0},{"not_picked":["HollowMod:HuntersJournal","HollowMod:QuirrelsAssistance","HollowMod:ShadowDash"],"picked":"SKIP","floor":28.0},{"not_picked":["HollowMod:VengefulVoid+1","HollowMod:WraithStrike","HollowMod:FallenFury+1"],"picked":"SKIP","floor":29.0},{"not_picked":["HollowMod:AbyssShriek","HollowMod:MonomonsArchive","HollowMod:RecoilStrike+1"],"picked":"SKIP","floor":31.0},{"not_picked":["HollowMod:SoulSplash","HollowMod:GreatSlash","HollowMod:InfectedAttack"],"picked":"SKIP","floor":35.0},{"not_picked":["HollowMod:PureNailStrike","HollowMod:GoodIntentions","HollowMod:CoiledNail"],"picked":"SKIP","floor":36.0},{"not_picked":["HollowMod:GoodIntentions","HollowMod:GreatSlash+1","HollowMod:QuirrelsAssistance"],"picked":"SKIP","floor":40.0},{"not_picked":["HollowMod:SoulEater","HollowMod:CloakDash+1","HollowMod:DoubleDash+1"],"picked":"SKIP","floor":44.0},{"not_picked":["HollowMod:SoulEater","HollowMod:LordofShades","HollowMod:BaldurShell+1"],"picked":"SKIP","floor":47.0},{"not_picked":["HollowMod:InfectedAttack","HollowMod:SoulSplash","HollowMod:FallenFury"],"picked":"SKIP","floor":52.0},{"not_picked":["HollowMod:InfectedCysts","HollowMod:SoulStrike","HollowMod:InfectionAssault"],"picked":"SKIP","floor":56.0},{"not_picked":["HollowMod:DoubleDash","HollowMod:Hiveblood","HollowMod:ChannelNail"],"picked":"SKIP","floor":58.0},{"not_picked":["HollowMod:LuriensSpire","HollowMod:BaldurShell","HollowMod:DescendingDark"],"picked":"SKIP","floor":61.0},{"not_picked":["HollowMod:CycloneSlash","HollowMod:LifebloodCocoon","HollowMod:ShapeofUnn"],"picked":"SKIP","floor":62.0},{"not_picked":["HollowMod:GrimmsGift","HollowMod:AbyssShriek","HollowMod:VengefulVoid"],"picked":"SKIP","floor":63.0},{"not_picked":["HollowMod:DescendingDark","HollowMod:InfectedAttack","HollowMod:GreatSlash"],"picked":"SKIP","floor":64.0},{"not_picked":["HollowMod:CoiledNail","HollowMod:ShadowDash","HollowMod:NewLittleFool"],"picked":"SKIP","floor":65.0},{"not_picked":["HollowMod:LuriensSpire","HollowMod:InfectedAttack+1"],"picked":"HollowMod:WraithStrike","floor":69.0},{"not_picked":["HollowMod:HeavyBlow","HollowMod:CoiledNail","HollowMod:HowlingWraiths"],"picked":"SKIP","floor":71.0},{"not_picked":["HollowMod:PureNailStrike","HollowMod:NewJinnsSoul+1","HollowMod:CloakDash"],"picked":"SKIP","floor":72.0},{"not_picked":["HollowMod:SoulSplash","HollowMod:GoodIntentions"],"picked":"HollowMod:DescendingDark","floor":73.0},{"not_picked":["HollowMod:LifebloodCocoon+1","HollowMod:CrystalDash"],"picked":"HollowMod:ShadowDash","floor":74.0},{"not_picked":["HollowMod:HowlingWraiths","HollowMod:Weaversong"],"picked":"HollowMod:DescendingDark","floor":76.0},{"not_picked":["HollowMod:CycloneSlash+1","HollowMod:DoubleDash","HollowMod:NewLittleFool"],"picked":"SKIP","floor":78.0},{"not_picked":["HollowMod:TaintedHusks","HollowMod:SoulStrike"],"picked":"HollowMod:VengefulVoid","floor":79.0},{"not_picked":["HollowMod:SoulEater+1","HollowMod:CloakDash+1","HollowMod:SoulVessel+1"],"picked":"SKIP","floor":81.0},{"not_picked":["HollowMod:SoulEater+1","HollowMod:CloakDash+1","HollowMod:SoulVessel+1"],"picked":"SKIP","floor":81.0},{"not_picked":["HollowMod:CornifersMapStart","HollowMod:SoulSplash","HollowMod:VengefulSpirit+1"],"picked":"SKIP","floor":82.0},{"not_picked":["HollowMod:DreamGate","HollowMod:AbyssShriek+1","HollowMod:ShapeofUnn+1"],"picked":"SKIP","floor":86.0},{"not_picked":["HollowMod:FastStrike","HollowMod:ChannelNail+1","HollowMod:HeavyBlow+1"],"picked":"SKIP","floor":92.0},{"not_picked":["HollowMod:SoulSplash","HollowMod:SharpenedNail+1","HollowMod:HowlingWraiths"],"picked":"SKIP","floor":93.0},{"not_picked":["HollowMod:ShapeofUnn+1","HollowMod:MantisMark"],"picked":"HollowMod:WraithStrike+1","floor":96.0},{"not_picked":["HollowMod:InfectedAttack","HollowMod:MonomonsArchive","HollowMod:LifebloodCocoon+1"],"picked":"SKIP","floor":97.0},{"not_picked":["HollowMod:RecoilStrike","HollowMod:LuriensSpire","HollowMod:DashSlash"],"picked":"SKIP","floor":103.0},{"not_picked":["HollowMod:PerfectDash","HollowMod:VengefulVoid","HollowMod:SiblingsSouls"],"picked":"SKIP","floor":104.0},{"not_picked":["HollowMod:NewJinnsSoul","HollowMod:RecoilStrike","HollowMod:WraithStrike"],"picked":"SKIP","floor":106.0},{"not_picked":["HollowMod:Grubsong","HollowMod:HowlingWraiths","HollowMod:HuntersJournal"],"picked":"SKIP","floor":106.0},{"not_picked":["HollowMod:DoubleDash","HollowMod:SoulVessel","HollowMod:MonarchWings"],"picked":"SKIP","floor":109.0},{"not_picked":["HollowMod:HeavyBlow","HollowMod:TaintedHusks","HollowMod:CloakDash"],"picked":"SKIP","floor":113.0},{"not_picked":["HollowMod:DesolateDive","HollowMod:WraithStrike","HollowMod:ShadowDash"],"picked":"SKIP","floor":113.0},{"not_picked":["HollowMod:HowlingWraiths","HollowMod:MantisMark","HollowMod:SharpenedNail"],"picked":"SKIP","floor":114.0},{"not_picked":["HollowMod:CrystalDash","HollowMod:ShapeofUnn","HollowMod:ShadowDash"],"picked":"SKIP","floor":114.0},{"not_picked":["HollowMod:GreatSlash","HollowMod:DoubleDash","HollowMod:SoulStrike"],"picked":"SKIP","floor":115.0},{"not_picked":["HollowMod:HeavyBlow","HollowMod:CycloneSlash","HollowMod:TaintedHusks"],"picked":"SKIP","floor":115.0},{"not_picked":["HollowMod:CornifersMapStart","HollowMod:InfectedCysts","HollowMod:WraithStrike+1"],"picked":"SKIP","floor":120.0},{"not_picked":["HollowMod:LuriensSpire","HollowMod:PerfectDash","HollowMod:BlackTendrils"],"picked":"SKIP","floor":120.0},{"not_picked":["HollowMod:SoulShaman","HollowMod:TaintedHusks","HollowMod:CornifersMapStart+1"],"picked":"SKIP","floor":123.0},{"not_picked":["HollowMod:GrimmsGift+1","HollowMod:MantisMark+1","HollowMod:SiblingsSouls"],"picked":"SKIP","floor":123.0},{"not_picked":["HollowMod:InfectionAssault","HollowMod:DreamGate","HollowMod:CoiledNail+1"],"picked":"SKIP","floor":124.0},{"not_picked":["HollowMod:LifebloodCocoon","HollowMod:DreamGate+1","HollowMod:HornetsHelp"],"picked":"SKIP","floor":124.0},{"not_picked":["HollowMod:LifebloodCocoon","HollowMod:GoodIntentions"],"picked":"HollowMod:WraithStrike","floor":125.0},{"not_picked":["HollowMod:NewLittleFool+1","HollowMod:GreatSlash","HollowMod:WhiteLadysBlessing"],"picked":"SKIP","floor":127.0},{"not_picked":["HollowMod:ShadowDash","HollowMod:CornifersMapStart","HollowMod:SiblingsSouls"],"picked":"SKIP","floor":129.0},{"not_picked":["HollowMod:TaintedHusks","HollowMod:BrokenVessel+1","HollowMod:SoulShaman+1"],"picked":"SKIP","floor":129.0},{"not_picked":["HollowMod:SoulStrike","HollowMod:DungDefenderAura","HollowMod:SiblingsSouls"],"picked":"SKIP","floor":133.0},{"not_picked":["HollowMod:SlysStrikes","HollowMod:MawleksShell","HollowMod:SoulShaman"],"picked":"SKIP","floor":133.0},{"not_picked":["HollowMod:SiblingsSouls","HollowMod:ZotesMagnificence","HollowMod:MonomonsArchive+1"],"picked":"SKIP","floor":137.0},{"not_picked":["HollowMod:HeavyBlow+1","HollowMod:GoodIntentions+1","HollowMod:CycloneSlash"],"picked":"SKIP","floor":137.0},{"not_picked":["HollowMod:CycloneSlash","HollowMod:InfectedAttack+1","HollowMod:SoulEater+1"],"picked":"SKIP","floor":138.0},{"not_picked":["HollowMod:CycloneSlash","HollowMod:BaldurShell","HollowMod:DashSlash+1"],"picked":"SKIP","floor":138.0},{"not_picked":["HollowMod:GrimmsGift","HollowMod:VengefulVoid","HollowMod:MothsMistake+1"],"picked":"SKIP","floor":141},{"not_picked":["HollowMod:SoulStrike+1","HollowMod:ElderbugsWisdom","HollowMod:ChannelNail"],"picked":"SKIP","floor":141},{"not_picked":["HollowMod:SiblingsSouls+1","HollowMod:CrystalDash+1","HollowMod:SoulSplash"],"picked":"SKIP","floor":142},{"not_picked":["HollowMod:SiblingsSouls+1","HollowMod:CrystalDash+1","HollowMod:SoulSplash"],"picked":"SKIP","floor":142},{"not_picked":["HollowMod:NewGlowingWomb+1","HollowMod:MantisMark+1","HollowMod:MonomonsArchive"],"picked":"SKIP","floor":144},{"not_picked":["HollowMod:DescendingDark+1","HollowMod:DreamGate","HollowMod:MonomonsArchive+1"],"picked":"SKIP","floor":147},{"not_picked":["HollowMod:ChannelNail","HollowMod:SoulSplash","HollowMod:GreatSlash+1"],"picked":"SKIP","floor":148},{"not_picked":["HollowMod:ChannelNail","HollowMod:DoubleDash+1","HollowMod:CornifersMapStart+1"],"picked":"SKIP","floor":148},{"not_picked":["HollowMod:DreamGate","HollowMod:SoulSplash","HollowMod:DungDefenderAura"],"picked":"SKIP","floor":149},{"not_picked":["HollowMod:ChannelNail+1","HollowMod:NewGlowingWomb","HollowMod:BaldurShell"],"picked":"SKIP","floor":156},{"not_picked":["HollowMod:MidwifesHunger","HollowMod:WhiteLadysBlessing"],"picked":"HollowMod:LordofShades","floor":157}],"player_experience":616106,"relics_obtained":[{"floor":5.0,"key":"Oddly Smooth Stone"},{"floor":9.0,"key":"Happy Flower"},{"floor":24.0,"key":"halation:PromiseList"},{"floor":26.0,"key":"aspiration:FrozenJewel"},{"floor":43.0,"key":"reliquary:TatteredRug"},{"floor":47.0,"key":"HollowMod:DelicateFlower"},{"floor":61.0,"key":"Omamori"},{"floor":74.0,"key":"hubris:MobiusCoin"},{"floor":92.0,"key":"reliquary:Vitrine"},{"floor":97.0,"key":"MealTicket"},{"floor":111.0,"key":"Lantern"},{"floor":125.0,"key":"reliquary:Sideboard"},{"floor":127.0,"key":"The Courier"},{"floor":128.0,"key":"aspiration:HiddenCompartment"},{"floor":142,"key":"Bag of Preparation"},{"floor":144,"key":"Blue Candle"},{"floor":145,"key":"Toy Ornithopter"},{"floor":147,"key":"Bottled Flame"},{"floor":149,"key":"infinitespire:CursedDice"},{"floor":156,"key":"Pantograph"}],"event_choices":[{"damage_healed":0.0,"max_hp_gain":0.0,"max_hp_loss":0.0,"gold_gain":6.0,"event_name":"betterStone:BetterStone","player_choice":"1","floor":90.0,"gold_loss":0.0,"damage_taken":0.0},{"damage_healed":0.0,"max_hp_gain":0.0,"max_hp_loss":0.0,"gold_gain":0.0,"event_name":"Duplicator","player_choice":"Copied","floor":122.0,"gold_loss":0.0,"damage_taken":0.0,"cards_obtained":["hubris:InfiniteBlow"]},{"damage_healed":0,"gold_gain":0,"player_choice":"Max HP","damage_taken":0,"max_hp_gain":0,"max_hp_loss":2,"event_name":"Winding Halls","floor":146,"gold_loss":0}],"is_beta":false,"boss_relics":[{"not_picked":["halation:Risk","reliquary:Ember"],"picked":"halation:Prosthetics"},{"not_picked":["halation:CatFaceCupcake","reliquary:WritOfMandamus"],"picked":"Empty Cage"},{"not_picked":["aspiration:FutureDiary","hubris:VirtuousBlindfold","aspiration:WatcherSkillbook"],"picked":"hubris:Backtick"},{"not_picked":["halation:LoveArrow","Runic Pyramid","aspiration:IroncladSkillbook"],"picked":"HollowMod:KingsSoulRelic"},{"not_picked":["halation:ForbiddenBikini","halation:SmartPhone","reliquary:ThirdArm","hubris:RunicObelisk"]},{"not_picked":["Pandora\u0027s Box","halation:PlatinumPhoenix","hubris:BlackHole"],"picked":"aspiration:BursterCore"},{"not_picked":["Philosopher\u0027s Stone","halation:PlatinumPhoenix","halation:MonkeysPaw"],"picked":"HollowMod:VoidIdolRelic"},{"not_picked":["halation:CatFaceCupcake","aspiration:RitualDagger","SacredBark"],"picked":"aspiration:PoetsPen_weak"},{"not_picked":["Cursed Key","halation:Risk","halation:HeavySnake","halation:LoveArrow"]}],"items_purged_floors":[2,13,21,45,48,53,55,70,80,87],"is_endless":true,"potions_floor_spawned":[1,7,8,12,16,18,28,29,31,35,40,47,52,63,64,67,69,78,79,82,86,96,101,104,113,120,124,125,138,142,144,149,152,157],"ascension_level":7}}