{"host":"dth8fvkfiulu86fi","time":1614346768,"event":{"mods":["2.2 Compatiblity","AchievementEnabler","BaseMod","Better Third Choice","Colored Map","Colored Powertips","Minty Spire (QoL Compilation)","Rare Cards Sparkle","StSLib","SuperFastMode","Synergy Search"],"gold_per_floor":[114,129,51,51,51,81,81,111,161,191,191,191,191,206,206,306,306,321,321,336,11,26,56,71,71,96,96,111,111,141,156,156,156,156],"floor_reached":33,"language":"ENG","playtime":956,"items_purged":[],"score":303,"play_id":"5be966f0-e1ff-437b-a32b-d1293618bb7a","local_time":"20210226143928","daily_mods":["Chimera","Time Dilation","Elite Swarm"],"is_ascension_mode":false,"campfire_choices":[{"floor":7,"key":"REST"},{"data":"Biased Cognition","floor":12,"key":"SMITH"},{"floor":15,"key":"REST"},{"floor":25,"key":"REST"},{"floor":29,"key":"REST"},{"data":"Defragment","floor":32,"key":"SMITH"}],"circlet_count":0,"master_deck":["Survivor+1","Zap","Eruption+1","Strike_R","Strike_G","Strike_B","Defend_R","Defend_G","Defend_P","Go for the Eyes","Ball Lightning","Turbo","Go for the Eyes","Hologram","All For One","Biased Cognition+1","Electrodynamics","Beam Cell","CurseOfTheBell","Conserve Battery","Leap","Turbo","Go for the Eyes","Defragment+1"],"relics":["Cracked Core","Bag of Preparation","Happy Flower","Potion Belt","Bag of Marbles","Question Card","Gambling Chip","Calling Bell","Akabeko","Eternal Feather","CaptainsWheel","Lizard Tail","Lantern","Blood Vial","Molten Egg 2"],"acts_visited":["Exordium","TheCity"],"potions_floor_usage":[6,16,16,23,28,30,33],"damage_taken":[{"damage":0,"enemies":"2 Louse","floor":1,"turns":2},{"damage":0,"enemies":"Small Slimes","floor":2,"turns":2},{"damage":19,"enemies":"Gremlin Nob","floor":6,"turns":3},{"damage":18,"enemies":"3 Sentries","floor":8,"turns":4},{"damage":6,"enemies":"Gremlin Nob","floor":10,"turns":3},{"damage":0,"enemies":"Jaw Worm","floor":14,"turns":1},{"damage":44,"enemies":"The Guardian","floor":16,"turns":5},{"damage":7,"enemies":"Spheric Guardian","floor":18,"turns":3},{"damage":10,"enemies":"Shell Parasite","floor":20,"turns":2},{"damage":26,"enemies":"Cultist and Chosen","floor":22,"turns":3},{"damage":17,"enemies":"Book of Stabbing","floor":23,"turns":4},{"damage":0,"enemies":"Snecko","floor":24,"turns":2},{"damage":6,"enemies":"Shelled Parasite and Fungi","floor":28,"turns":2},{"damage":20,"enemies":"Slavers","floor":30,"turns":3},{"damage":0,"enemies":"Centurion and Healer","floor":31,"turns":3},{"damage":135,"enemies":"Automaton","floor":33,"turns":8}],"seed_played":"4728103701414758894","potions_obtained":[{"floor":2,"key":"SteroidPotion"},{"floor":6,"key":"Fruit Juice"},{"floor":10,"key":"CultistPotion"},{"floor":18,"key":"ColorlessPotion"},{"floor":24,"key":"Block Potion"},{"floor":28,"key":"Fruit Juice"},{"floor":31,"key":"Energy Potion"}],"is_trial":false,"path_per_floor":["M","M","$","?","?","E","R","E","T","E","?","R","?","M","R","B",null,"M","?","M","$","M","E","M","R","T","$","M","R","E","M","R","B"],"character_chosen":"DEFECT","items_purchased":["Turbo","Go for the Eyes","Lizard Tail","Leap"],"campfire_rested":4,"item_purchase_floors":[3,3,21,21],"current_hp_per_floor":[75,75,75,75,60,46,70,52,52,46,72,72,32,32,56,12,80,73,73,63,63,37,20,20,56,56,56,57,85,65,67,79,0,0],"gold":156,"neow_bonus":"","is_daily":true,"chose_seed":false,"campfire_upgraded":2,"win_rate":0.0,"timestamp":1614346768,"path_taken":["M","M","$","?","?","E","R","E","T","E","?","R","?","?","R","BOSS","M","?","M","$","M","E","M","R","T","$","M","R","E","M","R","BOSS"],"items_purchased_type":["Card","Card","Relic","Card"],"build_version":"2020-12-22","purchased_purges":0,"victory":false,"max_hp_per_floor":[75,75,75,75,75,80,80,80,80,80,80,80,80,80,80,80,80,80,80,80,80,80,80,80,80,80,80,85,85,85,85,85,85,85],"card_choices":[{"not_picked":["Hologram","Skim"],"picked":"Go for the Eyes","floor":1},{"not_picked":["Redo","Sweeping Beam"],"picked":"Ball Lightning","floor":2},{"not_picked":["Reboot","Meteor Strike"],"picked":"All For One","floor":6},{"not_picked":["Machine Learning","Hyperbeam"],"picked":"Biased Cognition","floor":8},{"not_picked":["Multi-Cast","Meteor Strike"],"picked":"Electrodynamics","floor":10},{"not_picked":["BootSequence","Redo","Genetic Algorithm"],"picked":"Beam Cell","floor":14},{"not_picked":["Melter","Cold Snap","Heatsinks","Fusion"],"picked":"SKIP","floor":18},{"not_picked":["Redo","Barrage","Reinforced Body"],"picked":"Conserve Battery","floor":20},{"not_picked":["Hologram+1","Barrage","Melter"],"picked":"Turbo","floor":22},{"not_picked":["Biased Cognition","Buffer","Core Surge","Seek"],"picked":"SKIP","floor":23},{"not_picked":["Doom and Gloom","Glacier+1","Force Field"],"picked":"Go for the Eyes","floor":24},{"not_picked":["Redo","Skim","Hologram","Sweeping Beam+1"],"picked":"SKIP","floor":28},{"not_picked":["Multi-Cast","Reboot","Meteor Strike+1","Fission"],"picked":"SKIP","floor":30},{"not_picked":["Hello World+1","Coolheaded","Redo"],"picked":"Defragment","floor":31}],"player_experience":1196935,"relics_obtained":[{"floor":6,"key":"Bag of Preparation"},{"floor":8,"key":"Happy Flower"},{"floor":9,"key":"Potion Belt"},{"floor":10,"key":"Bag of Marbles"},{"floor":17,"key":"Akabeko"},{"floor":17,"key":"Eternal Feather"},{"floor":17,"key":"CaptainsWheel"},{"floor":23,"key":"Lantern"},{"floor":26,"key":"Blood Vial"},{"floor":30,"key":"Molten Egg 2"}],"event_choices":[{"damage_healed":0,"gold_gain":0,"cards_transformed":["Bash"],"player_choice":"Change","damage_taken":0,"max_hp_gain":0,"max_hp_loss":0,"event_name":"Living Wall","floor":4,"gold_loss":0,"cards_obtained":["Hologram"]},{"damage_healed":75,"gold_gain":0,"player_choice":"Upgrade","damage_taken":15,"max_hp_gain":0,"max_hp_loss":75,"event_name":"betterThird:BetterShining","floor":5,"gold_loss":0,"cards_upgraded":["Eruption","Survivor"]},{"damage_healed":26,"gold_gain":0,"player_choice":"Banana","damage_taken":0,"max_hp_gain":0,"max_hp_loss":0,"event_name":"Big Fish","floor":11,"gold_loss":0},{"damage_healed":0,"gold_gain":1,"player_choice":"Relic Relic ","damage_taken":40,"max_hp_gain":0,"max_hp_loss":0,"event_name":"betterThird:BetterScrap","floor":13,"gold_loss":0,"cards_obtained":["Noxious Fumes"]},{"damage_healed":0,"gold_gain":0,"player_choice":"Ignored","damage_taken":0,"max_hp_gain":0,"max_hp_loss":0,"event_name":"Ghosts","floor":19,"gold_loss":0}],"is_beta":false,"boss_relics":[{"not_picked":["Runic Dome","Coffee Dripper"],"picked":"Calling Bell"}],"items_purged_floors":[],"is_endless":false,"potions_floor_spawned":[2,6,10,18,24,28,31],"killed_by":"Automaton","ascension_level":0}}