{"host":"9gxprskaw0c5jpbt","time":1614381572,"event":{"mods":["AchievementEnabler","BaseMod","Colored Map","Highlight Path","KOR Keyword Fix","Minty Spire (QoL Compilation)","Rare Cards Sparkle","StSLib","SuperFastMode","everything is the same but u backflip on backflip"],"gold_per_floor":[119,5,5,5,155,155,179,198,225,225,239,239,1,72,72,72,72],"floor_reached":16,"language":"KOR","playtime":213,"items_purged":["Doubt"],"score":176,"play_id":"5010631a-c4c8-4a26-a9a1-b4014d5353f8","local_time":"20210227081932","is_ascension_mode":true,"campfire_choices":[{"data":"Shrug It Off","floor":6,"key":"SMITH"},{"data":"Armaments","floor":10,"key":"SMITH"},{"data":"Bash","floor":12,"key":"SMITH"},{"floor":15,"key":"REST"}],"circlet_count":0,"master_deck":["AscendersBane","Strike_R","Strike_R","Strike_R","Strike_R+1","Defend_R","Defend_R","Defend_R","Defend_R","Bash+1","Thunderclap","Shrug It Off+1","Metallicize","Injury","Armaments+1","Pommel Strike+1","Flex","Brutality","Pummel"],"relics":["Burning Blood","NeowsBlessing","Golden Idol","Whetstone","Frozen Egg 2"],"acts_visited":["Exordium"],"potions_floor_usage":[],"damage_taken":[{"damage":0,"enemies":"Cultist","floor":1,"turns":1},{"damage":0,"enemies":"Jaw Worm","floor":7,"turns":1},{"damage":0,"enemies":"2 Louse","floor":8,"turns":2},{"damage":20,"enemies":"Blue Slaver","floor":11,"turns":5},{"damage":78,"enemies":"Hexaghost","floor":16,"turns":9}],"seed_played":"-8882583315015073183","potions_obtained":[{"floor":8,"key":"DuplicationPotion"},{"floor":11,"key":"GamblersBrew"}],"is_trial":false,"path_per_floor":["M","$","?","?","?","R","M","M","T","R","M","R","$","T","R","B"],"character_chosen":"IRONCLAD","items_purchased":["Shrug It Off","Metallicize","Brutality","Pummel"],"campfire_rested":1,"item_purchase_floors":[2,2,13,13],"current_hp_per_floor":[74,74,74,67,67,67,73,75,75,75,61,61,61,61,75,0,0],"gold":72,"neow_bonus":"THREE_ENEMY_KILL","is_daily":false,"chose_seed":false,"campfire_upgraded":3,"win_rate":0.0,"timestamp":1614381572,"path_taken":["M","$","?","?","?","R","M","M","T","R","M","R","$","?","R","BOSS"],"items_purchased_type":["Card","Card","Card","Card"],"build_version":"2020-12-22","purchased_purges":1,"victory":false,"max_hp_per_floor":[75,75,75,75,75,75,75,75,75,75,75,75,75,75,75,75,75],"card_choices":[{"not_picked":["Anger","Intimidate"],"picked":"Thunderclap","floor":1},{"not_picked":["Clash","Headbutt"],"picked":"Armaments","floor":7},{"not_picked":["True Grit","Body Slam"],"picked":"Pommel Strike","floor":8},{"not_picked":["Havoc","Rampage"],"picked":"Flex","floor":11}],"player_experience":996956,"relics_obtained":[{"floor":9,"key":"Whetstone"},{"floor":14,"key":"Frozen Egg 2"}],"event_choices":[{"damage_healed":0,"gold_gain":0,"player_choice":"Take Wound","damage_taken":0,"relics_obtained":["Golden Idol"],"max_hp_gain":0,"max_hp_loss":0,"event_name":"Golden Idol","floor":3,"gold_loss":0,"cards_obtained":["Injury"]},{"cards_removed":["Strike_R"],"damage_healed":0,"gold_gain":0,"player_choice":"Card Removal","damage_taken":7,"max_hp_gain":0,"max_hp_loss":0,"event_name":"Golden Wing","floor":4,"gold_loss":0},{"damage_healed":0,"gold_gain":150,"player_choice":"AGREE","damage_taken":0,"max_hp_gain":0,"max_hp_loss":0,"event_name":"Liars Game","floor":5,"gold_loss":0,"cards_obtained":["Doubt"]}],"is_beta":false,"boss_relics":[],"items_purged_floors":[13],"is_endless":false,"potions_floor_spawned":[8,11],"killed_by":"Hexaghost","ascension_level":20}}