{"host":"qxeepl7ydvsgmfdb","time":1614348546,"event":{"mods":["AchievementEnabler","BaseMod","Colored Powertips","Minty Spire (QoL Compilation)","Quick Restart","slay the spire mod where everything is the same but ironclad has a cowboy hat"],"gold_per_floor":[112,128,128,203,154,179,192,206,230,230,246,264,264,36,36,138,138,150,169,268,60,91,120,132,163,253,265,291,333,358,385,397,409,409],"floor_reached":33,"language":"ENG","playtime":1162,"items_purged":["Defend_P"],"score":364,"play_id":"f2109b94-acc2-41ee-8476-856fd493f501","local_time":"20210226090906","is_ascension_mode":false,"campfire_choices":[{"data":"BowlingBash","floor":10.0,"key":"SMITH"},{"floor":13.0,"key":"REST"},{"data":"ClearTheMind","floor":15.0,"key":"SMITH"},{"floor":27.0,"key":"REST"},{"floor":32,"key":"REST"}],"circlet_count":0,"master_deck":["Strike_P","Strike_P","Defend_P","Defend_P","Defend_P","Eruption","Vigilance","Wireheading","LikeWater","BowlingBash+1","CutThroughFate","CarveReality","Tantrum","ClearTheMind+1","Devotion","FollowUp+1","PathToVictory","EmptyFist","Conclude","PathToVictory+1","Crescendo+1","JustLucky+1"],"relics":["PureWater","NeowsBlessing","Oddly Smooth Stone","Damaru","Membership Card","Vajra","Empty Cage","PreservedInsect","Toy Ornithopter","Red Mask","MawBank","Letter Opener","Centennial Puzzle"],"acts_visited":["Exordium","TheCity"],"potions_floor_usage":[31,33],"damage_taken":[{"damage":0.0,"enemies":"2 Louse","floor":1.0,"turns":1.0},{"damage":0.0,"enemies":"Jaw Worm","floor":2.0,"turns":1.0},{"damage":0.0,"enemies":"Gremlin Nob","floor":6.0,"turns":1.0},{"damage":5.0,"enemies":"Small Slimes","floor":7.0,"turns":3.0},{"damage":0.0,"enemies":"Exordium Wildlife","floor":8.0,"turns":2.0},{"damage":6.0,"enemies":"Gremlin Gang","floor":11.0,"turns":3.0},{"damage":20.0,"enemies":"Looter","floor":12.0,"turns":2.0},{"damage":0.0,"enemies":"Slime Boss","floor":16.0,"turns":4.0},{"damage":4.0,"enemies":"Chosen","floor":18.0,"turns":3.0},{"damage":20.0,"enemies":"Shell Parasite","floor":19.0,"turns":4.0},{"damage":0.0,"enemies":"Masked Bandits","floor":22.0,"turns":2.0},{"damage":39.0,"enemies":"Gremlin Leader","floor":23.0,"turns":4.0},{"damage":7.0,"enemies":"Chosen and Byrds","floor":25.0,"turns":4.0},{"damage":0.0,"enemies":"3 Cultists","floor":28.0,"turns":2.0},{"damage":12.0,"enemies":"Book of Stabbing","floor":29.0,"turns":3.0},{"damage":20.0,"enemies":"Sentry and Sphere","floor":30.0,"turns":3.0},{"damage":0,"enemies":"Centurion and Healer","floor":31,"turns":2},{"damage":75,"enemies":"Champ","floor":33,"turns":7}],"seed_played":"4309225998914581128","potions_obtained":[{"floor":1.0,"key":"PowerPotion"},{"floor":6.0,"key":"Dexterity Potion"},{"floor":7.0,"key":"Regen Potion"},{"floor":12.0,"key":"Ancient Potion"},{"floor":19.0,"key":"Weak Potion"},{"floor":25.0,"key":"FearPotion"},{"floor":29.0,"key":"Fire Potion"},{"floor":30.0,"key":"SteroidPotion"}],"is_trial":false,"path_per_floor":["M","M","?","?","$","E","M","M","T","R","M","M","R","$","R","B",null,"M","M","?","$","?","E","$","M","T","R","M","E","M","M","R","B"],"character_chosen":"WATCHER","items_purchased":["BowlingBash","Membership Card","Vajra","PreservedInsect","Toy Ornithopter","EmptyFist"],"campfire_rested":3,"item_purchase_floors":[5,14,14,21,21,21],"current_hp_per_floor":[72,72,72,61,61,61,56,56,56,56,50,30,51,51,51,51,72,68,48,48,48,58,19,19,17,17,38,38,31,16,21,42,0,0],"gold":409,"neow_bonus":"THREE_ENEMY_KILL","is_daily":false,"chose_seed":false,"campfire_upgraded":2,"win_rate":0.0,"timestamp":1614348546,"path_taken":["M","M","?","?","$","E","M","M","T","R","M","?","R","$","R","BOSS","M","M","?","$","?","E","?","M","T","R","M","E","?","M","R","BOSS"],"items_purchased_type":["Card","Relic","Relic","Relic","Relic","Card"],"build_version":"2020-12-22","purchased_purges":1,"victory":false,"max_hp_per_floor":[72,72,72,72,72,72,72,72,72,72,72,72,72,72,72,72,72,72,72,72,72,72,72,72,72,72,72,72,72,72,72,72,72,72],"card_choices":[{"not_picked":["SignatureMove","Crescendo"],"picked":"Wireheading","floor":1.0},{"not_picked":["Weave","Wireheading"],"picked":"LikeWater","floor":2.0},{"not_picked":["Halt","Crescendo"],"picked":"CutThroughFate","floor":6.0},{"not_picked":["CrushJoints","Crescendo"],"picked":"CarveReality","floor":7.0},{"not_picked":["ThirdEye","CarveReality"],"picked":"Tantrum","floor":8.0},{"not_picked":["Evaluate","Wireheading","Prostrate"],"picked":"SKIP","floor":11.0},{"not_picked":["WreathOfFlame","Vengeance"],"picked":"ClearTheMind","floor":12.0},{"not_picked":["Brilliance","DevaForm"],"picked":"Devotion","floor":16.0},{"not_picked":["CrushJoints","ClearTheMind"],"picked":"FollowUp+1","floor":18.0},{"not_picked":["WreathOfFlame","Halt"],"picked":"PathToVictory","floor":19.0},{"not_picked":["CutThroughFate","Perseverance"],"picked":"Conclude","floor":22.0},{"not_picked":["CarveReality","Evaluate"],"picked":"PathToVictory+1","floor":23.0},{"not_picked":["LikeWater","EmptyBody+1","Meditate+1"],"picked":"SKIP","floor":25.0},{"not_picked":["EmptyFist","PathToVictory"],"picked":"Crescendo+1","floor":28.0},{"not_picked":["EmptyBody+1","Worship","SpiritShield"],"picked":"SKIP","floor":29.0},{"not_picked":["Tantrum","Protect"],"picked":"JustLucky+1","floor":30.0},{"not_picked":["Pray","FollowUp","EmptyFist"],"picked":"SKIP","floor":31}],"player_experience":212875,"relics_obtained":[{"floor":6.0,"key":"Oddly Smooth Stone"},{"floor":9.0,"key":"Damaru"},{"floor":22.0,"key":"Red Mask"},{"floor":23.0,"key":"MawBank"},{"floor":26.0,"key":"Letter Opener"},{"floor":29.0,"key":"Centennial Puzzle"}],"event_choices":[{"damage_healed":0.0,"max_hp_gain":0.0,"max_hp_loss":0.0,"gold_gain":0.0,"event_name":"The Cleric","player_choice":"Leave","floor":3.0,"gold_loss":0.0,"damage_taken":0.0},{"damage_healed":0.0,"max_hp_gain":0.0,"max_hp_loss":0.0,"gold_gain":75.0,"event_name":"World of Goop","player_choice":"Gather Gold","floor":4.0,"gold_loss":0.0,"damage_taken":11.0},{"damage_healed":0.0,"max_hp_gain":0.0,"max_hp_loss":0.0,"gold_gain":99.0,"event_name":"Nest","player_choice":"Stole From Cult","floor":20.0,"gold_loss":0.0,"damage_taken":0.0},{"damage_healed":0.0,"max_hp_gain":0.0,"max_hp_loss":0.0,"gold_gain":0.0,"event_name":"Masked Bandits","player_choice":"Fought Bandits","floor":22.0,"gold_loss":0.0,"damage_taken":0.0}],"is_beta":false,"boss_relics":[{"not_picked":["Pandora\u0027s Box","Black Star"],"picked":"Empty Cage"}],"items_purged_floors":[21],"is_endless":false,"potions_floor_spawned":[1,6,7,12,19,25,29,30],"killed_by":"Champ","ascension_level":0}}