{"host":"zf1gvustpgbojd4t","time":1614325864,"event":{"mods":["Act Like it!","BaseMod","Downfall","Hallownest","Map Debug Mod","Minty Spire (QoL Compilation)","MostiFishMod","Replay The Spire","StSLib"],"gold_per_floor":[99,115,126,126,143,178,203,203,113,143,160,160,160,191,201,296,296,196,212,226,191,209,209,209,209,209,238,255,104,104,124,134,231,231,122,142,17,17,31,41,41,41,41,74,89,89,101,101,120,120,120,147,147,147,147,147,147,147],"floor_reached":56,"language":"ZHS","playtime":2235,"items_purged":["bronze:Strike","bronze:Defend","bronze:Strike"],"score":979,"play_id":"e69f7044-0b91-4b38-867d-378cba4bd121","local_time":"20210226155104","is_ascension_mode":true,"campfire_choices":[{"data":"bronze:Strike","floor":1,"key":"PURGE"},{"floor":8,"key":"RECALL"},{"data":"bronze:MaxOutput","floor":13,"key":"SMITH"},{"data":"bronze:Verify","floor":18,"key":"SMITH"},{"data":"bronze:MaxOutput","floor":26,"key":"SMITH"},{"data":"bronze:Mutator","floor":42,"key":"SMITH"},{"data":"bronze:Shell","floor":54,"key":"SMITH"}],"circlet_count":0,"master_deck":["bronze:Defend","bronze:Defend","bronze:Defend","bronze:Replicate","bronze:Goto","bronze:MaxOutput+1","bronze:DelayedGuard","bronze:Iterate","bronze:GetLatest","bronze:Verify+1","bronze:MaxOutput+1","bronze:DelayedGuard","bronze:ForceShield+1","bronze:Mutator+1","AbeCurse","bronze:GetLatest+1","Pot Of Greed","Pot Of Greed","bronze:MaxOutput+1","bronze:BuggyMess","bronze:Shell+1"],"relics":["bronze:BronzeCore","DaveBox","ShadowXiaoBlade","Ancient Tea Set","Toy Ornithopter","Orichalcum","Potion Belt","Chameleon Ring","OneHitWonderSystem","downfall:HeartBlessingRed","Question Card","StoneCalendar","SynthV:C4","Lantern","Abe\u0027s Treasure","downfall:HeartBlessingGreen","downfall:HeartBlessingBlue","Grinning Jar","Replay:Mystery Machine","Boot"],"acts_visited":["Exordium","TheCity","TheBeyond","TheEnding"],"potions_floor_usage":[56,56,56,56,56],"damage_taken":[{"damage":0,"enemies":"Small Slimes","floor":2,"turns":3},{"damage":2,"enemies":"2 Louse","floor":3,"turns":3},{"damage":1,"enemies":"Cultist","floor":5,"turns":3},{"damage":0,"enemies":"Gremlin Nob","floor":6,"turns":3},{"damage":0,"enemies":"downfall:FleeingMerchant","floor":9,"turns":4},{"damage":0,"enemies":"2 Fungi Beasts","floor":11,"turns":2},{"damage":13,"enemies":"downfall:LadyInBlue","floor":12,"turns":4},{"damage":0,"enemies":"Lagavulin","floor":14,"turns":2},{"damage":0,"enemies":"Large Slime","floor":15,"turns":2},{"damage":8,"enemies":"WA_ARCHETYPE_RETAIN","floor":16,"turns":3},{"damage":0,"enemies":"3 Byrds","floor":19,"turns":3},{"damage":0,"enemies":"Spheric Guardian","floor":20,"turns":2},{"damage":0,"enemies":"downfall:FleeingMerchant","floor":21,"turns":3},{"damage":0,"enemies":"Shelled Parasite and Fungi","floor":22,"turns":3},{"damage":0,"enemies":"Book of Stabbing","floor":27,"turns":3},{"damage":0,"enemies":"Snake Plant","floor":28,"turns":2},{"damage":0,"enemies":"Cultist and Chosen","floor":31,"turns":2},{"damage":0,"enemies":"Sentry and Sphere","floor":32,"turns":2},{"damage":0,"enemies":"DF_ARCHETYPE_CLAW","floor":33,"turns":4},{"damage":0,"enemies":"Orb Walker","floor":36,"turns":2},{"damage":0,"enemies":"3 Shapes","floor":39,"turns":3},{"damage":0,"enemies":"Maw","floor":40,"turns":3},{"damage":0,"enemies":"Reptomancer","floor":44,"turns":4},{"damage":0,"enemies":"Jaw Worm Horde","floor":45,"turns":2},{"damage":0,"enemies":"Writhing Mass","floor":47,"turns":3},{"damage":0,"enemies":"Sphere and 2 Shapes","floor":49,"turns":1},{"damage":0,"enemies":"IC_BLOCK_ARCHETYPE","floor":50,"turns":5},{"damage":0,"enemies":"downfall:CharBossMerchant","floor":52,"turns":4},{"damage":0,"enemies":"downfall:NeowBoss","floor":55,"turns":8},{"damage":0,"enemies":"downfall:NeowBossFinal","floor":56,"turns":5}],"seed_played":"4389467749051186298","potions_obtained":[{"floor":5,"key":"Block Potion"},{"floor":6,"key":"Venom Potion"},{"floor":11,"key":"Fire Potion"},{"floor":12,"key":"Cursed Concoction"},{"floor":12,"key":"Ancient Potion"}],"is_trial":false,"path_per_floor":["R","M","M","?","M","E","T","R","$","?","M","?","R","E","M","B",null,"R","M","M","$","M","?","T","?","R","E","M","$","T","M","M","B",null,"R","M","$","?","M","M","T","R","$","E","M","?","M","$","M","B",null,"E","$","R","B","B"],"character_chosen":"THE_AUTOMATON","items_purchased":["Question Card","Lantern"],"campfire_rested":0,"item_purchase_floors":[21,29],"current_hp_per_floor":[77,77,75,68,67,67,67,67,67,67,67,54,54,54,54,46,1,1,1,1,1,1,1,1,6,1,1,1,1,1,1,1,1,1,11,1,1,1,1,1,1,1,1,1,1,1,1,1,1,1,1,1,1,1,1,1,1,1],"gold":147,"neow_bonus":"TEN_PERCENT_HP_BONUS","is_daily":false,"chose_seed":false,"campfire_upgraded":5,"win_rate":0.0,"timestamp":1614325864,"path_taken":["R","M","M","?","M","E","T","R","$","?","M","?","R","E","M","BOSS","R","M","M","?","M","?","T","?","R","E","M","$","?","M","M","BOSS","R","M","$","?","M","M","T","R","?","E","M","?","M","$","M","BOSS","E","$","R","BOSS","BOSS"],"items_purchased_type":["Relic","Relic"],"build_version":"2020-12-22","purchased_purges":3,"victory":false,"max_hp_per_floor":[77,77,77,77,77,77,77,77,77,77,77,77,77,77,77,77,1,1,1,1,1,1,1,1,6,1,1,1,1,1,1,1,1,1,11,1,1,1,1,1,1,1,1,1,1,1,1,1,1,1,1,1,1,1,1,1,1,1],"card_choices":[{"not_picked":["bronze:FineTuning","bronze:FollowUp"],"picked":"bronze:MaxOutput","floor":2},{"not_picked":["bronze:DigitalCarnage","bronze:Constructor","bronze:Invalidate"],"picked":"SKIP","floor":3},{"not_picked":["bronze:WildBeam","bronze:ForceShield"],"picked":"bronze:DelayedGuard","floor":5},{"not_picked":["bronze:DigitalCarnage","bronze:WildBeam"],"picked":"bronze:Iterate","floor":6},{"not_picked":["bronze:Shield","bronze:ClassDefault"],"picked":"bronze:DelayedSlice","floor":9},{"not_picked":["bronze:Return","bronze:Format","bronze:Overload"],"picked":"SKIP","floor":11},{"not_picked":["bronze:DigitalCarnage","bronze:CloningBeam"],"picked":"bronze:GetLatest","floor":12},{"not_picked":["bronze:Allocate","bronze:ForLoop","bronze:WhirlingStrike"],"picked":"SKIP","floor":14},{"not_picked":["bronze:CloningBeam","bronze:Backtrace","bronze:Deprecate"],"picked":"SKIP","floor":15},{"not_picked":["bronze:TinkerersToolbox","bronze:AlphaBuild"],"picked":"bronze:Verify","floor":16},{"not_picked":["bronze:ItsAFeature+1","bronze:CutThrough","bronze:Constructor"],"picked":"SKIP","floor":19},{"not_picked":["bronze:WhirlingStrike","bronze:Deprecate"],"picked":"bronze:MaxOutput","floor":20},{"not_picked":["bronze:Branch","bronze:WhirlingStrike","bronze:InfiniteLoop"],"picked":"SKIP","floor":21},{"not_picked":["bronze:WildBeam","bronze:ForLoop","bronze:Deprecate+1","bronze:Constructor"],"picked":"SKIP","floor":22},{"not_picked":["bronze:DarkDash","bronze:Turbo","bronze:BronzeOrb"],"picked":"bronze:DelayedGuard","floor":27},{"not_picked":["bronze:WildBeam","bronze:BuggyMess","bronze:Frontload+1"],"picked":"bronze:ForceShield+1","floor":28},{"not_picked":["bronze:Overheat","bronze:DelayedSlice","bronze:AlphaBuild","bronze:FineTuning"],"picked":"SKIP","floor":31},{"not_picked":["bronze:Overheat","bronze:CutThrough","bronze:DelayedSlice","bronze:Invalidate+1"],"picked":"SKIP","floor":32},{"not_picked":["bronze:TinkerersToolbox","bronze:RecursiveStrike","bronze:ShipIt"],"picked":"bronze:Mutator","floor":33},{"not_picked":["bronze:Separator+1","bronze:Frontload","bronze:WildBeam+1","bronze:Branch"],"picked":"SKIP","floor":36},{"not_picked":["bronze:ClassDefault+1","bronze:BuggyMess+1","bronze:Iterate"],"picked":"bronze:GetLatest+1","floor":39},{"not_picked":["bronze:WhirlingStrike+1","bronze:BitShift","bronze:OilSpill+1","bronze:Refactor+1"],"picked":"SKIP","floor":40},{"not_picked":["bronze:BitShift","bronze:BronzeOrb","bronze:ForceShield+1"],"picked":"bronze:MaxOutput+1","floor":44},{"not_picked":["bronze:Hardcode","bronze:BugBarrage+1","bronze:Iterate","bronze:WildBeam"],"picked":"SKIP","floor":45},{"not_picked":["bronze:Overheat","bronze:BuggyMess","bronze:Shield+1","bronze:Invalidate"],"picked":"SKIP","floor":47},{"not_picked":["bronze:Fortify+1","bronze:Virus","bronze:BitShift+1","bronze:BronzeArmor+1"],"picked":"SKIP","floor":49},{"not_picked":["bronze:Iterate+1","bronze:Terminator","bronze:ForceShield"],"picked":"bronze:Shell","floor":52}],"player_experience":118363,"relics_obtained":[{"floor":6,"key":"Toy Ornithopter"},{"floor":7,"key":"Orichalcum"},{"floor":12,"key":"Potion Belt"},{"floor":14,"key":"Chameleon Ring"},{"floor":24,"key":"StoneCalendar"},{"floor":27,"key":"SynthV:C4"},{"floor":41,"key":"Grinning Jar"},{"floor":44,"key":"Replay:Mystery Machine"},{"floor":52,"key":"Boot"}],"event_choices":[{"damage_healed":0,"gold_gain":0,"player_choice":"Success","damage_taken":7,"relics_obtained":["Ancient Tea Set"],"max_hp_gain":0,"max_hp_loss":0,"event_name":"Scrap Ooze","floor":4,"gold_loss":0},{"cards_removed":["bronze:DelayedSlice"],"damage_healed":0,"gold_gain":0,"player_choice":"Removed Attack","damage_taken":0,"max_hp_gain":0,"max_hp_loss":0,"event_name":"Falling","floor":38,"gold_loss":0}],"is_beta":false,"boss_relics":[{"not_picked":["Empty Cage","GreenFoldingFan"],"picked":"OneHitWonderSystem"},{"not_picked":["Replay:Grab Bag","Kintsugi"],"picked":"Abe\u0027s Treasure"}],"items_purged_floors":[9,21,37],"is_endless":false,"potions_floor_spawned":[5,6,11,12,22,27,28,31,39,40,45,49],"killed_by":"downfall:NeowBossFinal","ascension_level":1}}