{"host":"5ueuk67tsx07ylcu","time":1614371697,"event":{"mods":["BaseMod","Colored Map","Colored Powertips","Downfall","Duelist Mod","GifTheSpireLib","Hermit","Infinite Spire","Lobotomy","Minty Spire (QoL Compilation)","StSLib","The Animator"],"gold_per_floor":[123,123,142,33,47,47,73,73,100,114,129,129,129,156,156,156,156],"floor_reached":16,"language":"ENG","playtime":898,"items_purged":["animator:Defend"],"score":121,"play_id":"5c4087e9-485b-4376-8153-a92a5cb912f7","local_time":"20210226153457","is_ascension_mode":true,"campfire_choices":[{"floor":6,"key":"RECALL"},{"data":"animator:Alexander","floor":8,"key":"SMITH"},{"data":"animator:Saber","floor":15,"key":"SMITH"}],"circlet_count":0,"master_deck":["animator:Strike_Fate","animator:Defend_Fate","animator:Strike+1","animator:Strike","animator:Defend+1","animator:Defend","animator:Alexander","animator:Rider","animator:RinTohsaka","animator:Caster","animator:Caster","animator:Alexander+1","animator:Saber+1"],"relics":["animator:LivingPicture","animator:TheMissingPiece","FossilizedHelix","infinitespire:Beetle Shell"],"acts_visited":["Exordium"],"potions_floor_usage":[7,14],"damage_taken":[{"damage":0,"enemies":"Jaw Worm","floor":1,"turns":5},{"damage":0,"enemies":"2 Louse","floor":3,"turns":3},{"damage":1,"enemies":"Small Slimes","floor":5,"turns":4},{"damage":27,"enemies":"3 Sentries","floor":7,"turns":7},{"damage":14,"enemies":"3 Louse","floor":10,"turns":2},{"damage":0,"enemies":"Looter","floor":11,"turns":4},{"damage":7,"enemies":"Gremlin Nob","floor":14,"turns":4},{"damage":11,"enemies":"Hexaghost","floor":16,"turns":7}],"seed_played":"-8014175815481082097","potions_obtained":[{"floor":3,"key":"Swift Potion"},{"floor":11,"key":"SpeedPotion"}],"is_trial":false,"path_per_floor":["M","?","M","$","M","R","E","R","T","M","M","?","?","E","R","B"],"character_chosen":"THE_ANIMATOR","items_purchased":["animator:Caster"],"campfire_rested":0,"item_purchase_floors":[4],"current_hp_per_floor":[72,58,58,58,57,57,30,30,30,16,16,16,16,10,10,0,0],"gold":156,"neow_bonus":"TEN_PERCENT_HP_BONUS","is_daily":false,"chose_seed":false,"campfire_upgraded":2,"win_rate":0.0,"timestamp":1614371697,"path_taken":["M","?","M","$","M","R","E","R","T","M","M","?","?","E","R","BOSS"],"items_purchased_type":["Card"],"build_version":"2020-12-22","purchased_purges":1,"victory":false,"max_hp_per_floor":[72,72,72,72,72,72,72,72,72,72,72,72,72,73,73,73,73],"card_choices":[{"not_picked":["animator:Alexander","animator:YuiTsuruno"],"picked":"animator:RinTohsaka","floor":1},{"not_picked":["animator:Hakurou","animator:OrikoMikuni","animator:Alexander"],"picked":"SKIP","floor":3},{"not_picked":["animator:Spearman","animator:Rider"],"picked":"animator:Caster","floor":5},{"not_picked":["animator:Illya","animator:Assassin"],"picked":"animator:Alexander","floor":7},{"not_picked":["animator:Spearman","animator:Tatsumaki","animator:IrohaTamaki"],"picked":"SKIP","floor":10},{"not_picked":["animator:MetalKnight","animator:Priestess","animator:Tatsumaki"],"picked":"SKIP","floor":11},{"not_picked":["animator:Witch","animator:Verdia"],"picked":"animator:Saber","floor":14}],"player_experience":352044,"relics_obtained":[{"floor":7,"key":"FossilizedHelix"},{"floor":14,"key":"infinitespire:Beetle Shell"}],"event_choices":[{"damage_healed":0,"gold_gain":0,"player_choice":"Entered Light","damage_taken":14,"max_hp_gain":0,"max_hp_loss":0,"event_name":"Shining Light","floor":2,"gold_loss":0,"cards_upgraded":["animator:Defend","animator:Strike"]},{"cards_removed":["animator:Strike"],"damage_healed":0,"gold_gain":0,"player_choice":"Forget","damage_taken":0,"max_hp_gain":0,"max_hp_loss":0,"event_name":"Living Wall","floor":13,"gold_loss":0}],"is_beta":false,"boss_relics":[],"items_purged_floors":[4],"is_endless":false,"potions_floor_spawned":[3,11],"killed_by":"Hexaghost","ascension_level":2}}