{"host":"8piv3t5bmy3h6dgk","time":1614314444,"event":{"mods":["AchievementEnabler","Astrologer","Bard","BaseMod","Better Altar","Better Match","BetterRewards","Colored Map","Colored Powertips","Faster Ascension Climbing","Gold Saver","Hermit","Minty Spire (QoL Compilation)","Remove Card Discount Mod","StSLib","The Disciple","The Hierophant","The Marked","The Necromancer","The Problem Sleuth","The Valiant","The Wild Card"],"gold_per_floor":[112,75,90,17,17,17,38,38,88,104,127,184,259,279,279,304,304],"floor_reached":16,"language":"ENG","playtime":616,"items_purged":["Defend_P","Defend_P","Defend_P","Defend_P"],"score":92,"play_id":"463a117e-ba4d-42f4-95a9-f7949c2d7e3e","local_time":"20210225234044","is_ascension_mode":false,"campfire_choices":[{"data":"Eruption","floor":6,"key":"SMITH"},{"data":"Wireheading","floor":8,"key":"SMITH"},{"floor":15,"key":"REST"}],"circlet_count":0,"master_deck":["Strike_P","Strike_P","Strike_P","Strike_P","Eruption+1","Vigilance","Pray","FlurryOfBlows","Wallop","CrushJoints","Study","Conclude","Wireheading+1","Injury","FlurryOfBlows","TalkToTheHand","Wish","ThirdEye"],"relics":["PureWater","Bronze Scales","Yang","Golden Idol","Omamori"],"acts_visited":["Exordium"],"potions_floor_usage":[14,16,16],"damage_taken":[{"damage":0,"enemies":"Cultist","floor":1,"turns":2},{"damage":0,"enemies":"2 Louse","floor":3,"turns":1},{"damage":0,"enemies":"Small Slimes","floor":7,"turns":2},{"damage":6,"enemies":"3 Louse","floor":10,"turns":2},{"damage":5,"enemies":"Blue Slaver","floor":11,"turns":3},{"damage":0,"enemies":"Gremlin Gang","floor":14,"turns":2},{"damage":71,"enemies":"The Guardian","floor":16,"turns":6}],"seed_played":"-5472344351182935197","potions_obtained":[{"floor":1,"key":"LiquidBronze"},{"floor":3,"key":"ColorlessPotion"}],"is_trial":false,"path_per_floor":["M","$","M","$","?","R","M","R","T","M","M","?","?","M","R","B"],"character_chosen":"WATCHER","items_purchased":["Bronze Scales","Yang","CultistPotion","Pray","FlurryOfBlows","Wallop","CrushJoints","Conclude","Wireheading"],"campfire_rested":1,"item_purchase_floors":[0,0,0,0,0,0,0,2,4],"current_hp_per_floor":[72,72,72,72,72,72,72,72,72,66,61,61,50,50,71,0,0],"gold":304,"neow_bonus":"","is_daily":false,"chose_seed":false,"campfire_upgraded":2,"win_rate":0.0,"timestamp":1614314444,"path_taken":["M","$","?","?","?","R","M","R","T","M","M","?","?","M","R","BOSS"],"items_purchased_type":["Relic","Relic","Potion","Card","Card","Card","Card","Card","Card"],"build_version":"2020-12-22","purchased_purges":4,"victory":false,"max_hp_per_floor":[72,72,72,72,72,72,72,72,72,72,72,72,72,72,72,72,72],"card_choices":[{"not_picked":["Halt","Indignation"],"picked":"Study","floor":1},{"not_picked":["Halt","Collect","FollowUp"],"picked":"SKIP","floor":3},{"not_picked":["FlyingSleeves","Perseverance"],"picked":"FlurryOfBlows","floor":7},{"not_picked":["WreathOfFlame","Pray"],"picked":"TalkToTheHand","floor":10},{"not_picked":["FlyingSleeves","CrushJoints"],"picked":"Wish","floor":11},{"not_picked":["Sanctity","SashWhip"],"picked":"ThirdEye","floor":14}],"player_experience":173987,"relics_obtained":[{"floor":9,"key":"Omamori"}],"event_choices":[{"damage_healed":0,"gold_gain":0,"player_choice":"Take Wound","damage_taken":0,"relics_obtained":["Golden Idol"],"max_hp_gain":0,"max_hp_loss":0,"event_name":"Golden Idol","floor":5,"gold_loss":0,"cards_obtained":["Injury"]},{"damage_healed":0,"gold_gain":57,"player_choice":"Gained Gold","damage_taken":0,"max_hp_gain":0,"max_hp_loss":0,"event_name":"Golden Wing","floor":12,"gold_loss":0},{"damage_healed":0,"gold_gain":75,"player_choice":"Gather Gold","damage_taken":11,"max_hp_gain":0,"max_hp_loss":0,"event_name":"World of Goop","floor":13,"gold_loss":0}],"is_beta":false,"boss_relics":[],"items_purged_floors":[0,0,0,0],"is_endless":false,"potions_floor_spawned":[1,3,11],"killed_by":"The Guardian","ascension_level":0}}