{"host":"djrarsjwv6revew5","time":1614370110,"event":{"mods":["2.2 Compatiblity","AchievementEnabler","BaseMod","Colored Map","Colored Powertips","DeckTracker","Highlight Path","Minty Spire (QoL Compilation)","Quick Restart","Random Character Button","Rare Cards Sparkle","Relic Stats","StSLib","SuperFastMode"],"gold_per_floor":[113,113,129,143,143,143,108,118,118,129,129,129,129,84,84,186,186,202,202,232,243,243,243,263,263,263,263,6,6,6,6,6,6,6],"floor_reached":33,"language":"POL","playtime":1110,"items_purged":[],"score":231,"play_id":"f893711f-d7f5-4a56-bf7f-738f1c0d83da","local_time":"20210226210830","is_ascension_mode":false,"campfire_choices":[{"data":"Stack","floor":6,"key":"SMITH"},{"data":"Dualcast","floor":11,"key":"SMITH"},{"data":"Zap","floor":13,"key":"SMITH"},{"data":"Go for the Eyes","floor":15,"key":"SMITH"},{"data":"Conserve Battery","floor":23,"key":"SMITH"},{"data":"Beam Cell","floor":25,"key":"SMITH"},{"data":"Multi-Cast","floor":27,"key":"SMITH"},{"data":"Streamline","floor":29,"key":"SMITH"},{"floor":32,"key":"REST"}],"circlet_count":0,"master_deck":["Strike_B+1","Strike_B+1","Strike_B+1","Strike_B+1","Defend_B+1","Defend_B+1","Defend_B+1","Defend_B+1","Zap+1","Dualcast+1","Streamline+1","Go for the Eyes+1","Stack+1","Beam Cell+1","Sunder+1","Barrage+1","Multi-Cast+1","CurseOfTheBell","BootSequence+1","Conserve Battery+1","Go for the Eyes+1","Chill+1"],"relics":["Cracked Core","Molten Egg 2","Lantern","Calling Bell","Bronze Scales","HornCleat","Ice Cream","Red Mask","Gremlin Horn","Bottled Lightning"],"acts_visited":["Exordium","TheCity"],"potions_floor_usage":[16,16,33,33],"damage_taken":[{"damage":6,"enemies":"Jaw Worm","floor":1,"turns":3},{"damage":1,"enemies":"Cultist","floor":3,"turns":4},{"damage":0,"enemies":"Small Slimes","floor":4,"turns":2},{"damage":2,"enemies":"Blue Slaver","floor":8,"turns":5},{"damage":14,"enemies":"2 Fungi Beasts","floor":10,"turns":3},{"damage":58,"enemies":"Hexaghost","floor":16,"turns":11},{"damage":5,"enemies":"Shell Parasite","floor":18,"turns":4},{"damage":4,"enemies":"Masked Bandits","floor":20,"turns":4},{"damage":0,"enemies":"Chosen","floor":21,"turns":4},{"damage":6,"enemies":"Snecko","floor":24,"turns":5},{"damage":89,"enemies":"Automaton","floor":33,"turns":12}],"seed_played":"1437521424098815460","potions_obtained":[{"floor":1,"key":"ColorlessPotion"},{"floor":10,"key":"BlessingOfTheForge"},{"floor":16,"key":"Fruit Juice"},{"floor":20,"key":"Swift Potion"}],"is_trial":false,"path_per_floor":["M","?","M","M","?","R","?","M","T","M","R","T","R","$","R","B",null,"M","?","?","M","?","R","M","R","T","R","$","R","$","$","R","B"],"character_chosen":"DEFECT","items_purchased":["Barrage+1","Bottled Lightning"],"campfire_rested":1,"item_purchase_floors":[14,28],"current_hp_per_floor":[76,76,75,75,75,75,82,80,80,66,66,66,66,66,66,8,82,77,77,73,73,73,73,67,67,67,67,67,67,67,67,82,0,0],"gold":6,"neow_bonus":"TEN_PERCENT_HP_BONUS","is_daily":false,"chose_seed":false,"campfire_upgraded":8,"win_rate":0.0,"timestamp":1614370110,"path_taken":["M","?","M","?","?","R","?","M","T","M","R","?","R","?","R","BOSS","M","?","?","M","?","R","M","R","T","R","$","R","?","$","R","BOSS"],"items_purchased_type":["Card","Relic"],"build_version":"2020-12-22","purchased_purges":0,"victory":false,"max_hp_per_floor":[82,82,82,82,82,82,82,82,82,82,82,82,82,82,82,82,82,82,82,82,82,82,82,82,82,82,82,82,82,82,82,82,87,87],"relic_stats":{"Gremlin Horn":[2,2],"counters":[11,57],"Bronze Scales":[72],"obtain_stats":[{"Calling Bell":17,"Ice Cream":17,"Lantern":12,"HornCleat":17,"Gremlin Horn":26,"Bronze Scales":17,"Molten Egg 2":9,"Red Mask":20,"Bottled Lightning":28,"Cracked Core":0},{"Calling Bell":6,"Ice Cream":6,"Lantern":5,"HornCleat":6,"Gremlin Horn":10,"Bronze Scales":6,"Molten Egg 2":4,"Red Mask":8,"Bottled Lightning":10,"Cracked Core":0},{"Calling Bell":28,"Ice Cream":28,"Lantern":17,"HornCleat":28,"Gremlin Horn":45,"Bronze Scales":28,"Molten Egg 2":14,"Red Mask":36,"Bottled Lightning":45,"Cracked Core":0}]},"card_choices":[{"not_picked":["FTL","Sweeping Beam"],"picked":"Streamline","floor":1},{"not_picked":["Consume","Fusion"],"picked":"Go for the Eyes","floor":3},{"not_picked":["Cold Snap","Steam"],"picked":"Stack","floor":4},{"not_picked":["Steam","Consume"],"picked":"Beam Cell","floor":8},{"not_picked":["Cold Snap+1","Static Discharge"],"picked":"Sunder+1","floor":10},{"not_picked":["Meteor Strike+1","All For One+1"],"picked":"Multi-Cast","floor":16},{"not_picked":["Heatsinks","Melter+1"],"picked":"BootSequence+1","floor":18},{"not_picked":["Compile Driver+1","Gash+1"],"picked":"Conserve Battery","floor":20},{"not_picked":["Static Discharge","Tempest+1"],"picked":"Go for the Eyes+1","floor":21},{"not_picked":["Compile Driver+1","Beam Cell+1"],"picked":"Chill+1","floor":24}],"player_experience":97313,"relics_obtained":[{"floor":9,"key":"Molten Egg 2"},{"floor":12,"key":"Lantern"},{"floor":17,"key":"Bronze Scales"},{"floor":17,"key":"HornCleat"},{"floor":17,"key":"Ice Cream"},{"floor":20,"key":"Red Mask"},{"floor":26,"key":"Gremlin Horn"}],"event_choices":[{"damage_healed":0,"gold_gain":0,"player_choice":"Ignored","damage_taken":0,"max_hp_gain":0,"max_hp_loss":0,"event_name":"Transmorgrifier","floor":2,"gold_loss":0},{"damage_healed":0,"gold_gain":0,"player_choice":"Ignored","damage_taken":0,"max_hp_gain":0,"max_hp_loss":0,"event_name":"Golden Idol","floor":5,"gold_loss":0},{"damage_healed":20,"gold_gain":0,"player_choice":"Healed","damage_taken":0,"max_hp_gain":0,"max_hp_loss":0,"event_name":"The Cleric","floor":7,"gold_loss":35},{"damage_healed":0,"gold_gain":0,"player_choice":"Ignored","damage_taken":0,"max_hp_gain":0,"max_hp_loss":0,"event_name":"Cursed Tome","floor":19,"gold_loss":0},{"damage_healed":0,"gold_gain":0,"player_choice":"Fought Bandits","damage_taken":0,"max_hp_gain":0,"max_hp_loss":0,"event_name":"Masked Bandits","floor":20,"gold_loss":0},{"damage_healed":0,"gold_gain":0,"player_choice":"Simplicity","damage_taken":0,"max_hp_gain":0,"max_hp_loss":0,"event_name":"Back to Basics","floor":22,"gold_loss":0,"cards_upgraded":["Strike_B","Strike_B","Strike_B","Strike_B","Defend_B","Defend_B","Defend_B","Defend_B"]}],"is_beta":false,"boss_relics":[{"not_picked":["SlaversCollar","Ectoplasm"],"picked":"Calling Bell"}],"items_purged_floors":[],"is_endless":false,"potions_floor_spawned":[1,10,16,20],"killed_by":"Automaton","ascension_level":0}}