{"host":"mithrandi","time":1614368656,"event":{"mods":["BaseMod","Colored Map","Highlight Path","Minty Spire (QoL Compilation)","SuperFastMode"],"gold_per_floor":[211,224,1,76,76,103,103,132,132,132,159,171,59,85,85,159,159,169,169,147,157,168,202,58,58,107,142,17,35,35,59,59,134,134,161,11,23,35,45,77,77,77,77,92,92,111,130,170,170,170,170,170,170,13,13,13],"floor_reached":55,"language":"ENG","playtime":3757,"items_purged":["Strike_B","Strike_B","Strike_B","Defend_B"],"score":2074,"play_id":"e8df9b69-d8af-4372-aaed-7fcdb2bb90dd","local_time":"20210226214416","is_ascension_mode":true,"campfire_choices":[{"data":"Coolheaded","floor":7.0,"key":"SMITH"},{"floor":10.0,"key":"REST"},{"data":"Biased Cognition","floor":15.0,"key":"SMITH"},{"floor":25.0,"key":"REST"},{"data":"Seek","floor":30.0,"key":"SMITH"},{"data":"Biased Cognition","floor":32.0,"key":"SMITH"},{"floor":42.0,"key":"RECALL"},{"data":"Loop","floor":45.0,"key":"SMITH"},{"data":"Coolheaded","floor":49.0,"key":"SMITH"},{"data":"Chill","floor":53.0,"key":"SMITH"}],"circlet_count":0,"master_deck":["AscendersBane","Defend_B","Defend_B","Zap","Dualcast","Undo","FTL","Coolheaded+1","Biased Cognition+1","BootSequence","Loop+1","Chill+1","Biased Cognition+1","Sweeping Beam+1","Seek+1","Barrage","Coolheaded+1","Ball Lightning"],"relics":["Cracked Core","ClockworkSouvenir","Bottled Lightning","Bag of Marbles","Pantograph","Singing Bowl","Vajra","Inserter","CeramicFish","Juzu Bracelet","DataDisk","Empty Cage","Bronze Scales","Eternal Feather","Runic Capacitor"],"acts_visited":["Exordium","TheCity","TheBeyond","TheEnding"],"potions_floor_usage":[],"damage_taken":[{"damage":7.0,"enemies":"Cultist","floor":1.0,"turns":4.0},{"damage":7.0,"enemies":"Jaw Worm","floor":2.0,"turns":4.0},{"damage":14.0,"enemies":"Lagavulin","floor":6.0,"turns":10.0},{"damage":18.0,"enemies":"Gremlin Nob","floor":8.0,"turns":4.0},{"damage":12.0,"enemies":"3 Sentries","floor":11.0,"turns":8.0},{"damage":0.0,"enemies":"Small Slimes","floor":12.0,"turns":3.0},{"damage":41.0,"enemies":"Slime Boss","floor":16.0,"turns":12.0},{"damage":4.0,"enemies":"Shell Parasite","floor":18.0,"turns":4.0},{"damage":1.0,"enemies":"2 Thieves","floor":20.0,"turns":4.0},{"damage":0.0,"enemies":"Chosen and Byrds","floor":21.0,"turns":7.0},{"damage":0.0,"enemies":"Sentry and Sphere","floor":22.0,"turns":6.0},{"damage":39.0,"enemies":"Gremlin Leader","floor":23.0,"turns":9.0},{"damage":21.0,"enemies":"Slavers","floor":27.0,"turns":8.0},{"damage":0.0,"enemies":"3 Cultists","floor":29.0,"turns":4.0},{"damage":0.0,"enemies":"Snecko","floor":31.0,"turns":4.0},{"damage":0.0,"enemies":"Champ","floor":33.0,"turns":12.0},{"damage":6.0,"enemies":"Orb Walker","floor":35.0,"turns":4.0},{"damage":0.0,"enemies":"3 Shapes","floor":37.0,"turns":5.0},{"damage":0.0,"enemies":"Sphere and 2 Shapes","floor":38.0,"turns":6.0},{"damage":0.0,"enemies":"Transient","floor":39.0,"turns":6.0},{"damage":0.0,"enemies":"Nemesis","floor":40.0,"turns":9.0},{"damage":1.0,"enemies":"Writhing Mass","floor":44.0,"turns":7.0},{"damage":0.0,"enemies":"Maw","floor":46.0,"turns":7.0},{"damage":3.0,"enemies":"Transient","floor":47.0,"turns":6.0},{"damage":2.0,"enemies":"Giant Head","floor":48.0,"turns":9.0},{"damage":15.0,"enemies":"Donu and Deca","floor":50.0,"turns":11.0},{"damage":34.0,"enemies":"Awakened One","floor":51.0,"turns":24.0},{"damage":118,"enemies":"Shield and Spear","floor":55,"turns":6}],"seed_played":"-4067276926426223418","potions_obtained":[{"floor":2.0,"key":"Dexterity Potion"},{"floor":8.0,"key":"Regen Potion"},{"floor":16.0,"key":"EntropicBrew"},{"floor":18.0,"key":"PotionOfCapacity"},{"floor":21.0,"key":"LiquidBronze"},{"floor":23.0,"key":"Strength Potion"},{"floor":27.0,"key":"Swift Potion"},{"floor":29.0,"key":"FocusPotion"},{"floor":35.0,"key":"CultistPotion"},{"floor":37.0,"key":"DistilledChaos"},{"floor":40.0,"key":"LiquidMemories"},{"floor":46.0,"key":"Fruit Juice"},{"floor":47.0,"key":"FearPotion"}],"is_trial":false,"path_per_floor":["M","M","$","?","?","E","R","E","T","R","E","M","$","T","R","B",null,"M","?","M","M","M","E","$","R","T","E","$","M","R","M","R","B",null,"M","$","M","M","M","E","?","R","T","M","R","M","M","E","R","B","B",null,"R","$","E"],"character_chosen":"DEFECT","items_purchased":["ClockworkSouvenir","Coolheaded","Chill","Barrage","Runic Capacitor"],"campfire_rested":2,"item_purchase_floors":[3,3,13,24,54],"current_hp_per_floor":[57,50,50,39,44,30,30,12,12,34,37,39,39,39,39,23,64,62,62,61,63,65,26,26,51,51,32,32,34,34,34,34,61,83,77,77,86,94,96,98,98,98,98,99,99,101,105,103,109,94,75,101,109,109,0,0],"gold":13,"neow_bonus":"HUNDRED_GOLD","is_daily":false,"chose_seed":false,"campfire_upgraded":7,"win_rate":0.0,"timestamp":1614368656,"path_taken":["M","?","$","?","?","E","R","E","T","R","E","M","$","?","R","BOSS","M","?","M","M","M","E","$","R","T","E","$","M","R","M","R","BOSS","M","$","M","M","M","E","?","R","T","M","R","M","M","E","R","BOSS","BOSS","R","$","E"],"items_purchased_type":["Relic","Card","Card","Card","Relic"],"build_version":"2020-12-18","purchased_purges":4,"victory":false,"max_hp_per_floor":[71,71,71,71,76,76,76,76,76,76,76,78,78,78,78,78,78,80,80,80,82,84,84,84,84,84,86,86,88,88,88,88,90,90,90,90,92,94,96,98,98,98,98,100,100,102,109,109,109,109,109,109,109,109,109,109],"card_choices":[{"not_picked":["Beam Cell","Barrage"],"picked":"Undo","floor":1.0},{"not_picked":["Reinforced Body","Hologram"],"picked":"FTL","floor":2.0},{"not_picked":["Darkness","Cold Snap"],"picked":"Biased Cognition","floor":6.0},{"not_picked":["Steam","Streamline"],"picked":"BootSequence","floor":8.0},{"not_picked":["Beam Cell","Rainbow"],"picked":"Loop","floor":11.0},{"not_picked":["Heatsinks","Storm","Consume"],"picked":"Singing Bowl","floor":12.0},{"not_picked":["Thunder Strike","All For One"],"picked":"Biased Cognition","floor":16.0},{"not_picked":["Fusion","Hologram","Rebound"],"picked":"Singing Bowl","floor":18.0},{"not_picked":["Melter","Hologram"],"picked":"Sweeping Beam+1","floor":20.0},{"not_picked":["Consume","Reinforced Body","Stack"],"picked":"Singing Bowl","floor":21.0},{"not_picked":["Conserve Battery","Gash","Scrape"],"picked":"Singing Bowl","floor":22.0},{"not_picked":["Turbo+1","Gash"],"picked":"Seek","floor":23.0},{"not_picked":["Machine Learning","Fusion","Gash"],"picked":"Singing Bowl","floor":27.0},{"not_picked":["Gash+1","Beam Cell","Cold Snap"],"picked":"Singing Bowl","floor":29.0},{"not_picked":["Chill","Gash"],"picked":"Coolheaded","floor":31.0},{"not_picked":["All For One","Rainbow","Creative AI"],"picked":"Singing Bowl","floor":33.0},{"not_picked":["Steam Power","Go for the Eyes"],"picked":"Self Repair","floor":35.0},{"not_picked":["Steam","Fusion","Go for the Eyes+1"],"picked":"Singing Bowl","floor":37.0},{"not_picked":["Compile Driver","Leap","Storm"],"picked":"Singing Bowl","floor":38.0},{"not_picked":["Redo","Barrage+1","Beam Cell+1"],"picked":"Singing Bowl","floor":39.0},{"not_picked":["Gash","Steam+1","Cold Snap"],"picked":"Singing Bowl","floor":40.0},{"not_picked":["Multi-Cast","Skim+1","Redo"],"picked":"Singing Bowl","floor":44.0},{"not_picked":["Barrage","Doom and Gloom","Compile Driver+1"],"picked":"Singing Bowl","floor":46.0},{"not_picked":["Go for the Eyes","Beam Cell","Streamline"],"picked":"Singing Bowl","floor":47.0},{"not_picked":["Go for the Eyes","Genetic Algorithm"],"picked":"Ball Lightning","floor":48.0}],"player_experience":3154740,"relics_obtained":[{"floor":6.0,"key":"Bottled Lightning"},{"floor":8.0,"key":"Bag of Marbles"},{"floor":9.0,"key":"Pantograph"},{"floor":11.0,"key":"Singing Bowl"},{"floor":14.0,"key":"Vajra"},{"floor":23.0,"key":"CeramicFish"},{"floor":26.0,"key":"Juzu Bracelet"},{"floor":27.0,"key":"DataDisk"},{"floor":40.0,"key":"Bronze Scales"},{"floor":48.0,"key":"Eternal Feather"}],"event_choices":[{"damage_healed":0.0,"max_hp_gain":0.0,"max_hp_loss":0.0,"gold_gain":75.0,"event_name":"World of Goop","player_choice":"Gather Gold","floor":4.0,"gold_loss":0.0,"damage_taken":11.0},{"damage_healed":0.0,"max_hp_gain":5.0,"max_hp_loss":0.0,"gold_gain":0.0,"event_name":"Big Fish","player_choice":"Donut","floor":5.0,"gold_loss":0.0,"damage_taken":0.0},{"damage_healed":0.0,"max_hp_gain":0.0,"max_hp_loss":0.0,"gold_gain":0.0,"event_name":"Vampires","player_choice":"Ignored","floor":19.0,"gold_loss":0.0,"damage_taken":0.0},{"cards_removed":["Self Repair"],"damage_healed":0.0,"max_hp_gain":0.0,"max_hp_loss":0.0,"gold_gain":0.0,"event_name":"Falling","player_choice":"Removed Power","floor":41.0,"gold_loss":0.0,"damage_taken":0.0}],"is_beta":true,"boss_relics":[{"not_picked":["Cursed Key","SlaversCollar"],"picked":"Inserter"},{"not_picked":["SacredBark","Astrolabe"],"picked":"Empty Cage"}],"items_purged_floors":[13,24,28,36],"is_endless":false,"potions_floor_spawned":[2,8,16,18,21,23,27,29,35,37,40,46,47],"killed_by":"Shield and Spear","ascension_level":20}}