{"host":"d76q0rb9a0s9bgr5","time":1614371535,"event":{"mods":["BaseMod","Downfall","Hubris","Minty Spire (QoL Compilation)","StSLib"],"gold_per_floor":[110,123,139,139,49,65,88,100,124,154,151,163,185,211,223,331,343,369,394,137,137,137,137,137,137],"floor_reached":23,"language":"ENG","playtime":1121,"items_purged":["downfall:Malfunctioning","sneckomod:Strike"],"score":185,"play_id":"9e2b2ed3-7f18-4ddc-a057-118666661898","local_time":"20210226213215","is_ascension_mode":false,"campfire_choices":[{"data":"sneckomod:UnknownUncommonPower","floor":15,"key":"SMITH"}],"circlet_count":0,"master_deck":["sneckomod:UnknownRareAttack+1","sneckomod:Strike","sneckomod:Strike","sneckomod:Defend","sneckomod:Defend+1","sneckomod:Defend+1","sneckomod:TailWhip+1","sneckomod:SnekBite","sneckomod:Unknown+1","sneckomod:Unknown+1","sneckomod:UnknownUncommonPower+1","sneckomod:Restock"],"relics":["Busted Crown","MawBank","FaceOfCleric","SlaversCollar","War Paint","hubris:Icosahedron"],"acts_visited":["Exordium","TheCity"],"potions_floor_usage":[16,16],"damage_taken":[{"damage":0,"enemies":"Small Slimes","floor":1,"turns":3},{"damage":6,"enemies":"Cultist","floor":2,"turns":2},{"damage":12,"enemies":"Jaw Worm","floor":3,"turns":2},{"damage":5,"enemies":"downfall:FleeingMerchant","floor":5,"turns":4},{"damage":5,"enemies":"downfall:LooterAlt","floor":6,"turns":3},{"damage":8,"enemies":"Lots of Slimes","floor":9,"turns":4},{"damage":5,"enemies":"3 Louse","floor":10,"turns":3},{"damage":12,"enemies":"downfall:FleeingMerchant","floor":11,"turns":4},{"damage":0,"enemies":"downfall:LooterAlt","floor":13,"turns":2},{"damage":11,"enemies":"2 Fungi Beasts","floor":14,"turns":3},{"damage":58,"enemies":"IC_STATUS_ARCHETYPE","floor":16,"turns":12},{"damage":1,"enemies":"Chosen","floor":18,"turns":4},{"damage":36,"enemies":"downfall:LooterAlt2","floor":19,"turns":4},{"damage":26,"enemies":"downfall:FleeingMerchant","floor":20,"turns":4},{"damage":37,"enemies":"Cultist and Chosen","floor":23,"turns":6}],"seed_played":"-97847292349354994","potions_obtained":[{"floor":1,"key":"Regen Potion"},{"floor":3,"key":"PowerPotion"},{"floor":6,"key":"Energy Potion"},{"floor":18,"key":"CultistPotion"}],"is_trial":false,"path_per_floor":["M","M","M","?","$","M","T","?","M","M","$","?","M","M","R","B",null,"M","M","$","?","?","M"],"character_chosen":"THE_SNECKO","items_purchased":["War Paint"],"campfire_rested":0,"item_purchase_floors":[20],"current_hp_per_floor":[90,84,72,72,67,62,62,62,79,74,62,62,67,57,57,15,97,97,62,37,37,37,0,0,0],"gold":137,"neow_bonus":"BOSS_RELIC","is_daily":false,"chose_seed":false,"campfire_upgraded":1,"win_rate":0.0,"timestamp":1614371535,"path_taken":["M","M","M","?","$","M","T","?","?","M","?","?","M","M","R","BOSS","M","M","?","?","?","M"],"items_purchased_type":["Relic"],"build_version":"2020-12-22","purchased_purges":2,"victory":false,"max_hp_per_floor":[90,90,90,90,90,90,90,90,90,90,90,90,95,96,96,97,97,98,99,100,100,100,100,100,100],"card_choices":[{"not_picked":["sneckomod:UnknownDraw"],"picked":"SKIP","floor":1},{"not_picked":[],"picked":"sneckomod:UnknownUncommonPower","floor":2},{"not_picked":["sneckomod:UnknownX"],"picked":"SKIP","floor":3},{"not_picked":["sneckomod:UnlimitedRolls"],"picked":"SKIP","floor":5},{"not_picked":["sneckomod:Rotation"],"picked":"SKIP","floor":6},{"not_picked":["sneckomod:SnekBeam"],"picked":"SKIP","floor":9},{"not_picked":["sneckomod:PureSnecko"],"picked":"SKIP","floor":10},{"not_picked":["sneckomod:SoulExchange"],"picked":"SKIP","floor":11},{"not_picked":["sneckomod:WideSting"],"picked":"SKIP","floor":13},{"not_picked":["sneckomod:Nope"],"picked":"SKIP","floor":14},{"not_picked":[],"picked":"sneckomod:Restock","floor":16},{"not_picked":["sneckomod:SoulDraw"],"picked":"SKIP","floor":18},{"not_picked":["sneckomod:PureSnecko"],"picked":"SKIP","floor":19},{"not_picked":["sneckomod:SnakeSap"],"picked":"SKIP","floor":20}],"player_experience":179706,"relics_obtained":[{"floor":7,"key":"MawBank"}],"event_choices":[{"damage_healed":0,"gold_gain":0,"player_choice":"Ignored","damage_taken":0,"max_hp_gain":0,"max_hp_loss":0,"event_name":"NoteForYourself","floor":8,"gold_loss":0},{"damage_healed":0,"gold_gain":0,"player_choice":"Trade","damage_taken":0,"relics_obtained":["FaceOfCleric"],"max_hp_gain":0,"max_hp_loss":0,"event_name":"FaceTrader","floor":12,"gold_loss":0}],"is_beta":false,"boss_relics":[{"not_picked":["Black Star","Fusion Hammer"],"picked":"SlaversCollar"}],"items_purged_floors":[5,20],"is_endless":false,"potions_floor_spawned":[1,3,6,13,14,18],"killed_by":"Cultist and Chosen","ascension_level":0}}