{"host":"5h6e4l6hpn0p5lap","time":1614371164,"event":{"mods":["AchievementEnabler","BaseMod","Better Altar","Better Match","Better Sensory Stone","Better Skull","Better Third Choice","Colored Map","Filter the Spire","Minty Spire (QoL Compilation)","StSLib"],"gold_per_floor":[113,133,145,158,158,158,184,62,62,62,80,80,95,95,95,193,193,207,207,63,63,77,110,110,121,121,121,140,140,140,160,160,259,259,276,326,28,41,95,95,124,138,215,215,33,48,68,84,84,84],"floor_reached":51,"language":"ENG","playtime":3957,"items_purged":["Writhe","Pain"],"score":1050,"play_id":"2eaa206e-4d8a-4bf0-8216-9da03637c2dd","local_time":"20210226152604","is_ascension_mode":true,"campfire_choices":[{"data":"Body Slam","floor":6.0,"key":"SMITH"},{"data":"Barricade","floor":10.0,"key":"SMITH"},{"data":"Entrench","floor":15.0,"key":"SMITH"},{"data":"Corruption","floor":24.0,"key":"SMITH"},{"data":"Twin Strike","floor":29.0,"key":"SMITH"},{"data":"Juggernaut","floor":32.0,"key":"SMITH"},{"data":"Twin Strike","floor":40,"key":"SMITH"},{"data":"Impervious","floor":49,"key":"SMITH"}],"circlet_count":0,"master_deck":["Strike_R","Strike_R","Strike_R","Strike_R","Strike_R+1","Defend_R","Defend_R","Defend_R+1","Defend_R","Bash","Perfected Strike+1","Pommel Strike+1","Body Slam+1","Cleave","Barricade+1","Entrench+1","Iron Wave","Twin Strike+1","Twin Strike+1","Corruption+1","Inflame","Clothesline","Juggernaut+1","Wild Strike","Twin Strike","Impervious+1","Shrug It Off+1","Disarm","Shrug It Off+1","Dual Wield","Shrug It Off","Ghostly Armor","Body Slam+1","Dark Embrace+1"],"relics":["Burning Blood","Anchor","Akabeko","StrikeDummy","Kunai","Snecko Eye","Whetstone","The Courier","White Beast Statue","Bronze Scales","MutagenicStrength","Cursed Key","CaptainsWheel","Lee\u0027s Waffle","Toy Ornithopter","Lizard Tail","Letter Opener","Bottled Flame"],"acts_visited":["Exordium","TheCity","TheBeyond"],"potions_floor_usage":[39,41,41,41,42,48],"damage_taken":[{"damage":6.0,"enemies":"Cultist","floor":1.0,"turns":3.0},{"damage":1.0,"enemies":"Jaw Worm","floor":2.0,"turns":5.0},{"damage":0.0,"enemies":"Small Slimes","floor":3.0,"turns":3.0},{"damage":1.0,"enemies":"Looter","floor":4.0,"turns":3.0},{"damage":0.0,"enemies":"3 Sentries","floor":7.0,"turns":5.0},{"damage":0.0,"enemies":"2 Fungi Beasts","floor":11.0,"turns":2.0},{"damage":1.0,"enemies":"Blue Slaver","floor":13.0,"turns":3.0},{"damage":25.0,"enemies":"Slime Boss","floor":16.0,"turns":12.0},{"damage":2.0,"enemies":"Chosen","floor":18.0,"turns":4.0},{"damage":11.0,"enemies":"2 Thieves","floor":22.0,"turns":3.0},{"damage":16.0,"enemies":"Gremlin Leader","floor":23.0,"turns":6.0},{"damage":14.0,"enemies":"Shelled Parasite and Fungi","floor":25.0,"turns":3.0},{"damage":0.0,"enemies":"Sentry and Sphere","floor":28.0,"turns":3.0},{"damage":0.0,"enemies":"Chosen and Byrds","floor":31.0,"turns":3.0},{"damage":16.0,"enemies":"Collector","floor":33.0,"turns":6.0},{"damage":18.0,"enemies":"3 Shapes","floor":35.0,"turns":4.0},{"damage":11,"enemies":"Mind Bloom Boss Battle","floor":36,"turns":6},{"damage":0,"enemies":"Orb Walker","floor":38,"turns":3},{"damage":6,"enemies":"2 Orb Walkers","floor":39,"turns":3},{"damage":0,"enemies":"Reptomancer","floor":41,"turns":5},{"damage":20,"enemies":"3 Darklings","floor":42,"turns":5},{"damage":1,"enemies":"Jaw Worm Horde","floor":46,"turns":3},{"damage":0,"enemies":"Maw","floor":47,"turns":5},{"damage":0,"enemies":"4 Shapes","floor":48,"turns":5},{"damage":30,"enemies":"Awakened One","floor":50,"turns":5}],"seed_played":"-7609747741096829566","potions_obtained":[{"floor":1.0,"key":"Strength Potion"},{"floor":4.0,"key":"EssenceOfSteel"},{"floor":11.0,"key":"Strength Potion"},{"floor":13.0,"key":"ElixirPotion"},{"floor":16.0,"key":"AttackPotion"},{"floor":25.0,"key":"SpeedPotion"},{"floor":28.0,"key":"Explosive Potion"},{"floor":33.0,"key":"ColorlessPotion"},{"floor":35,"key":"Energy Potion"},{"floor":36,"key":"Block Potion"},{"floor":38,"key":"Energy Potion"},{"floor":39,"key":"Explosive Potion"},{"floor":41,"key":"Regen Potion"},{"floor":42,"key":"LiquidMemories"},{"floor":46,"key":"LiquidBronze"},{"floor":47,"key":"Swift Potion"},{"floor":48,"key":"SkillPotion"}],"is_trial":false,"path_per_floor":["M","M","M","M","?","R","E","$","T","R","M","?","M","?","R","B",null,"M","?","$","?","M","E","R","M","T","?","M","R","?","M","R","B",null,"M","?","$","M","?","R","E","M","T","?","$","M","M","M","R","B",null],"character_chosen":"IRONCLAD","items_purchased":["Entrench","Iron Wave","Whetstone","Lee\u0027s Waffle","Toy Ornithopter","Shrug It Off","Ghostly Armor"],"campfire_rested":0,"item_purchase_floors":[8,8,20,37,37,45,45],"current_hp_per_floor":[72,77,80,80,80,80,80,80,80,80,80,80,80,64,64,45,71,75,75,75,75,70,60,60,52,52,52,58,58,58,64,64,54,74,62,57,87,87,87,87,87,87,87,87,87,87,87,87,87,63],"gold":84,"neow_bonus":"RANDOM_COMMON_RELIC","is_daily":false,"chose_seed":false,"campfire_upgraded":8,"win_rate":0.0,"timestamp":1614371164,"path_taken":["M","?","M","M","?","R","E","$","T","R","M","?","M","?","R","BOSS","M","?","$","?","M","E","R","M","T","?","M","R","?","?","R","BOSS","M","?","$","M","?","R","E","M","T","?","$","M","?","M","R","BOSS"],"items_purchased_type":["Card","Card","Relic","Relic","Relic","Card","Card"],"build_version":"2020-12-22","purchased_purges":2,"victory":true,"max_hp_per_floor":[80,80,80,80,80,80,80,80,80,80,80,80,80,80,80,80,80,80,80,80,80,80,80,80,80,80,80,80,80,80,80,80,80,80,80,80,87,87,87,87,87,87,87,87,87,87,87,87,87,87],"card_choices":[{"not_picked":["Dark Embrace","Entrench"],"picked":"Perfected Strike","floor":1.0},{"not_picked":["Power Through","Thunderclap"],"picked":"Pommel Strike","floor":2.0},{"not_picked":["Iron Wave","Sever Soul"],"picked":"Body Slam","floor":3.0},{"not_picked":["Fire Breathing","Shrug It Off"],"picked":"Cleave","floor":4.0},{"not_picked":["Anger","Bloodletting"],"picked":"Barricade","floor":7.0},{"not_picked":["Havoc","Cleave"],"picked":"Twin Strike","floor":11.0},{"not_picked":["Anger","Intimidate"],"picked":"Twin Strike","floor":13.0},{"not_picked":["Barricade","Immolate"],"picked":"Corruption","floor":16.0},{"not_picked":["Rage","Perfected Strike"],"picked":"Inflame","floor":18.0},{"not_picked":["True Grit","Bloodletting"],"picked":"Clothesline","floor":22.0},{"not_picked":["Cleave","Anger"],"picked":"Juggernaut","floor":23.0},{"not_picked":["Pommel Strike","Twin Strike"],"picked":"Wild Strike","floor":25.0},{"not_picked":["Cleave","Power Through","Wild Strike"],"picked":"SKIP","floor":28.0},{"not_picked":["Ghostly Armor","True Grit"],"picked":"Twin Strike","floor":31.0},{"not_picked":["Corruption","Demon Form"],"picked":"Impervious","floor":33.0},{"not_picked":["Dark Embrace+1","Anger"],"picked":"Shrug It Off+1","floor":35},{"not_picked":["Cleave+1","Wild Strike+1"],"picked":"Disarm","floor":36},{"not_picked":["Bloodletting+1","Cleave"],"picked":"Shrug It Off+1","floor":38},{"not_picked":["Burning Pact","Anger","Sever Soul"],"picked":"SKIP","floor":41},{"not_picked":["Rupture","Berserk"],"picked":"Dual Wield","floor":42},{"not_picked":["Carnage","Twin Strike"],"picked":"Body Slam+1","floor":46},{"not_picked":["Clash","True Grit","Rampage"],"picked":"SKIP","floor":47},{"not_picked":["Hemokinesis+1","True Grit"],"picked":"Dark Embrace+1","floor":48}],"player_experience":1178178,"relics_obtained":[{"floor":7.0,"key":"Akabeko"},{"floor":9.0,"key":"StrikeDummy"},{"floor":23.0,"key":"The Courier"},{"floor":26.0,"key":"White Beast Statue"},{"floor":36,"key":"CaptainsWheel"},{"floor":39,"key":"Lizard Tail"},{"floor":41,"key":"Letter Opener"},{"floor":43,"key":"Bottled Flame"}],"event_choices":[{"damage_healed":0.0,"max_hp_gain":0.0,"max_hp_loss":0.0,"gold_gain":0.0,"event_name":"The Cleric","player_choice":"Leave","floor":5.0,"gold_loss":0.0,"damage_taken":0.0},{"damage_healed":0.0,"max_hp_gain":0.0,"max_hp_loss":0.0,"gold_gain":0.0,"event_name":"Dead Adventurer","player_choice":"Searched \u00271\u0027 times","floor":12.0,"gold_loss":0.0,"damage_taken":0.0,"relics_obtained":["Kunai"]},{"damage_healed":80.0,"max_hp_gain":0.0,"max_hp_loss":80.0,"gold_gain":0.0,"event_name":"betterThird:BetterShining","player_choice":"Upgrade","floor":14.0,"gold_loss":0.0,"damage_taken":16.0,"cards_upgraded":["Strike_R","Defend_R"]},{"damage_healed":0.0,"max_hp_gain":0.0,"max_hp_loss":0.0,"gold_gain":0.0,"event_name":"Cursed Tome","player_choice":"Ignored","floor":19.0,"gold_loss":0.0,"damage_taken":0.0},{"damage_healed":0.0,"max_hp_gain":0.0,"max_hp_loss":0.0,"gold_gain":0.0,"event_name":"Vampires","player_choice":"Ignored","floor":21.0,"gold_loss":0.0,"damage_taken":0.0},{"damage_healed":0.0,"max_hp_gain":0.0,"max_hp_loss":0.0,"gold_gain":0.0,"event_name":"The Mausoleum","player_choice":"Opened","floor":27.0,"gold_loss":0.0,"damage_taken":0.0,"relics_obtained":["Bronze Scales"],"cards_obtained":["Writhe"]},{"damage_healed":0.0,"max_hp_gain":0.0,"max_hp_loss":0.0,"gold_gain":0.0,"event_name":"Drug Dealer","player_choice":"Inject Mutagens","floor":30.0,"gold_loss":0.0,"damage_taken":0.0,"relics_obtained":["MutagenicStrength"]},{"damage_healed":0,"gold_gain":0,"player_choice":"Fight","damage_taken":0,"max_hp_gain":0,"max_hp_loss":0,"event_name":"MindBloom","floor":36,"gold_loss":0},{"damage_healed":0,"gold_gain":0,"player_choice":"Fight","damage_taken":0,"max_hp_gain":0,"max_hp_loss":0,"event_name":"Mysterious Sphere","floor":39,"gold_loss":0},{"damage_healed":0,"gold_gain":0,"player_choice":"Ignored","damage_taken":0,"max_hp_gain":0,"max_hp_loss":0,"event_name":"betterThird:BetterPortal","floor":44,"gold_loss":0}],"is_beta":false,"boss_relics":[{"not_picked":["Pandora\u0027s Box","Busted Crown"],"picked":"Snecko Eye"},{"not_picked":["SacredBark","Black Blood"],"picked":"Cursed Key"}],"items_purged_floors":[37,45],"is_endless":false,"potions_floor_spawned":[1,4,11,13,16,18,25,28,31,33,35,36,38,39,41,42,46,47,48],"ascension_level":9}}