{"host":"fhwr1fuluf6086fh","time":1614301240,"event":{"mods":["2.2 Compatiblity","Act Like it!","BaseMod","Colored Map","Elementarium","Minty Spire (QoL Compilation)","StSLib"],"gold_per_floor":[113,124,143,163,163,193,193,204,204,230,248,248,0,25,25,101,101,91,108,158,33,44,44,44],"floor_reached":23,"language":"ENG","playtime":2531,"items_purged":["Strike_R"],"score":383,"play_id":"90026cb6-a7b0-43d8-9f63-d40de75ac948","local_time":"20210225200040","is_ascension_mode":true,"campfire_choices":[{"floor":7,"key":"REST"},{"data":"Defend_R","floor":12,"key":"SMITH"},{"floor":15,"key":"REST"}],"circlet_count":0,"master_deck":["AscendersBane","Strike_R","Strike_R","Strike_R","Defend_R+1","Defend_R+1","Defend_R","Defend_R","Bash","Forethought","Headbutt","Burning Pact+1","Feel No Pain","Inflame","Blood for Blood","Power Through","Rupture","Inflame","Burning Pact","Offering","Evolve","Dark Embrace","True Grit"],"relics":["Burning Blood","Singing Bowl","Centennial Puzzle","Vajra","Membership Card","War Paint","Question Card","Philosopher\u0027s Stone","Lee\u0027s Waffle"],"acts_visited":["Exordium","TheCity"],"potions_floor_usage":[6,10,10,16,22],"damage_taken":[{"damage":7,"enemies":"Jaw Worm","floor":1,"turns":4},{"damage":0,"enemies":"Small Slimes","floor":2,"turns":3},{"damage":1,"enemies":"Cultist","floor":3,"turns":4},{"damage":13,"enemies":"Blue Slaver","floor":4,"turns":6},{"damage":30,"enemies":"Gremlin Nob","floor":6,"turns":5},{"damage":8,"enemies":"3 Louse","floor":8,"turns":5},{"damage":12,"enemies":"Lagavulin","floor":10,"turns":7},{"damage":14,"enemies":"2 Fungi Beasts","floor":11,"turns":4},{"damage":38,"enemies":"Gremlin Nob","floor":14,"turns":5},{"damage":30,"enemies":"The Guardian","floor":16,"turns":10},{"damage":15,"enemies":"2 Thieves","floor":18,"turns":4},{"damage":19,"enemies":"3 Byrds","floor":19,"turns":7},{"damage":66,"enemies":"Snecko","floor":22,"turns":8},{"damage":31,"enemies":"Book of Stabbing","floor":23,"turns":6}],"seed_played":"-5346091982548801300","potions_obtained":[{"floor":2,"key":"ElixirPotion"},{"floor":3,"key":"AttackPotion"},{"floor":4,"key":"EntropicBrew"},{"floor":10,"key":"Ancient Potion"},{"floor":14,"key":"Strength Potion"},{"floor":18,"key":"ColorlessPotion"}],"is_trial":false,"path_per_floor":["M","M","M","M","?","E","R","M","T","E","M","R","$","E","R","B",null,"M","M","?","$","M","E"],"character_chosen":"IRONCLAD","items_purchased":["Membership Card","War Paint","Lee\u0027s Waffle"],"campfire_rested":2,"item_purchase_floors":[13,13,21],"current_hp_per_floor":[67,73,75,68,68,44,66,64,64,58,52,52,52,20,43,19,63,54,41,34,84,24,0,0],"gold":44,"neow_bonus":"RANDOM_COLORLESS","is_daily":false,"chose_seed":false,"campfire_upgraded":1,"win_rate":0.0,"timestamp":1614301240,"path_taken":["M","M","M","M","?","E","R","M","T","E","M","R","$","E","R","BOSS","M","M","?","$","?","E"],"items_purchased_type":["Relic","Relic","Relic"],"build_version":"2020-12-22","purchased_purges":1,"victory":false,"max_hp_per_floor":[75,75,75,75,75,75,75,75,75,75,77,77,77,77,77,77,77,77,77,77,84,84,84,84],"card_choices":[{"not_picked":["Panacea","PanicButton"],"picked":"Forethought","floor":0},{"not_picked":["Cleave","Shrug It Off"],"picked":"Headbutt","floor":1},{"not_picked":["Dual Wield","Shrug It Off"],"picked":"Burning Pact","floor":2},{"not_picked":["Thunderclap","Wild Strike"],"picked":"Feel No Pain","floor":3},{"not_picked":["Headbutt","Thunderclap"],"picked":"Inflame","floor":4},{"not_picked":["Impervious","Rage"],"picked":"Power Through","floor":6},{"not_picked":["Clash","Shrug It Off"],"picked":"Rupture","floor":8},{"not_picked":["Cleave","Limit Break"],"picked":"Inflame","floor":10},{"not_picked":["Havoc","Warcry","Clash"],"picked":"Singing Bowl","floor":11},{"not_picked":["True Grit","Pommel Strike"],"picked":"Burning Pact","floor":14},{"not_picked":["Immolate","Berserk","Corruption"],"picked":"Offering","floor":16},{"not_picked":["Second Wind+1","Sword Boomerang","Cleave+1"],"picked":"Evolve","floor":18},{"not_picked":["Iron Wave","Sword Boomerang","Flex"],"picked":"Dark Embrace","floor":19},{"not_picked":["Rage","Searing Blow","Intimidate"],"picked":"True Grit","floor":22}],"player_experience":897285,"relics_obtained":[{"floor":6,"key":"Singing Bowl"},{"floor":9,"key":"Centennial Puzzle"},{"floor":10,"key":"Vajra"},{"floor":14,"key":"Question Card"}],"event_choices":[{"damage_healed":0,"gold_gain":0,"cards_transformed":["Strike_R"],"player_choice":"Change","damage_taken":0,"max_hp_gain":0,"max_hp_loss":0,"event_name":"Living Wall","floor":5,"gold_loss":0,"cards_obtained":["Blood for Blood"]},{"damage_healed":0,"gold_gain":50,"player_choice":"Touch","damage_taken":7,"max_hp_gain":0,"max_hp_loss":0,"event_name":"FaceTrader","floor":20,"gold_loss":0}],"is_beta":false,"boss_relics":[{"not_picked":["Empty Cage","Tiny House"],"picked":"Philosopher\u0027s Stone"}],"items_purged_floors":[21],"is_endless":false,"potions_floor_spawned":[2,3,4,10,14,18],"killed_by":"Book of Stabbing","ascension_level":16}}