{"host":"fuszjwm6fqgjjp4d","time":1614315197,"event":{"mods":["BaseMod","Colored Map","Minty Spire (QoL Compilation)","Permanent Neow","Relic Sorter","Relic Stats","StSLib"],"gold_per_floor":[10,10,10,20,36,36,68,68,68,81,111,111,111,141,141,141,141],"floor_reached":16,"language":"ENG","playtime":306,"items_purged":[],"score":316,"play_id":"73d92e44-2706-4f6b-9d79-c2b76900d64c","local_time":"20210225225317","is_ascension_mode":true,"campfire_choices":[{"data":"Strike_G","floor":6,"key":"PURGE"},{"data":"Predator","floor":8,"key":"SMITH"},{"floor":15,"key":"REST"}],"circlet_count":0,"master_deck":["AscendersBane","Strike_G","Strike_G","Strike_G","Strike_G","Defend_G","Defend_G","Defend_G","Defend_G","Defend_G+1","Survivor","Neutralize","Glass Knife+1","Backflip","Predator+1","Cloak And Dagger+1","Quick Slash","PiercingWail"],"relics":["Ring of the Snake","Peace Pipe","Bronze Scales","Paper Crane","Boot","Singing Bowl"],"acts_visited":["Exordium"],"potions_floor_usage":[7,7,14,14],"damage_taken":[{"damage":0,"enemies":"Cultist","floor":1,"turns":4},{"damage":0,"enemies":"2 Louse","floor":4,"turns":2},{"damage":6,"enemies":"Small Slimes","floor":5,"turns":2},{"damage":6,"enemies":"Gremlin Nob","floor":7,"turns":3},{"damage":3,"enemies":"3 Louse","floor":10,"turns":3},{"damage":16,"enemies":"Lagavulin","floor":14,"turns":4}],"seed_played":"3499253426907860515","potions_obtained":[{"floor":4,"key":"BlessingOfTheForge"},{"floor":5,"key":"GamblersBrew"},{"floor":7,"key":"BlessingOfTheForge"},{"floor":10,"key":"Energy Potion"}],"is_trial":false,"path_per_floor":["M","?","?","M","M","R","E","R","T","M","?","?","?","E","R","B"],"character_chosen":"THE_SILENT","items_purchased":[],"campfire_rested":1,"item_purchase_floors":[],"current_hp_per_floor":[59,59,54,54,48,48,42,42,42,39,39,19,19,5,25,0,0],"gold":141,"neow_bonus":"THREE_RARE_CARDS","is_daily":false,"chose_seed":false,"campfire_upgraded":1,"win_rate":0.0,"timestamp":1614315197,"path_taken":["M","?","?","M","M","R","E","R","T","M","?","?","?","E","R","BOSS"],"items_purchased_type":[],"build_version":"2020-12-22","purchased_purges":0,"victory":false,"max_hp_per_floor":[66,66,66,66,66,66,66,66,66,66,66,66,66,68,68,68,68],"relic_stats":{"Peace Pipe":1,"Singing Bowl":2,"counters":[7,30],"Bronze Scales":[60],"Boot":[23],"obtain_stats":[{"Peace Pipe":3,"Singing Bowl":14,"Bronze Scales":7,"Paper Crane":9,"Boot":11,"Ring of the Snake":0},{"Peace Pipe":1,"Singing Bowl":6,"Bronze Scales":4,"Paper Crane":4,"Boot":5,"Ring of the Snake":0},{"Peace Pipe":4,"Singing Bowl":18,"Bronze Scales":11,"Paper Crane":11,"Boot":14,"Ring of the Snake":0}],"Ring of the Snake":[14]},"card_choices":[{"not_picked":["Corpse Explosion","Unload"],"picked":"Glass Knife","floor":0},{"not_picked":["Deadly Poison","Dash"],"picked":"Backflip","floor":1},{"not_picked":["Dagger Spray","Masterful Stab"],"picked":"Predator","floor":4},{"not_picked":["Dagger Throw","Noxious Fumes"],"picked":"Cloak And Dagger","floor":5},{"not_picked":["Escape Plan","Bane"],"picked":"Quick Slash","floor":7},{"not_picked":["Dodge and Roll","Sucker Punch"],"picked":"PiercingWail","floor":10},{"not_picked":["Masterful Stab","Escape Plan","Doppelganger"],"picked":"Singing Bowl","floor":14}],"player_experience":1549061,"relics_obtained":[{"floor":7,"key":"Bronze Scales"},{"floor":9,"key":"Paper Crane"},{"floor":14,"key":"Singing Bowl"}],"event_choices":[{"damage_healed":0,"gold_gain":0,"player_choice":"Grow","damage_taken":0,"max_hp_gain":0,"max_hp_loss":0,"event_name":"Living Wall","floor":2,"gold_loss":0,"cards_upgraded":["Glass Knife"]},{"damage_healed":0,"gold_gain":0,"player_choice":"Success","damage_taken":5,"relics_obtained":["Peace Pipe"],"max_hp_gain":0,"max_hp_loss":0,"event_name":"Scrap Ooze","floor":3,"gold_loss":0},{"damage_healed":0,"gold_gain":30,"player_choice":"Searched \u00272\u0027 times","damage_taken":0,"relics_obtained":["Boot"],"max_hp_gain":0,"max_hp_loss":0,"event_name":"Dead Adventurer","floor":11,"gold_loss":0},{"damage_healed":0,"gold_gain":0,"player_choice":"Entered Light","damage_taken":20,"max_hp_gain":0,"max_hp_loss":0,"event_name":"Shining Light","floor":12,"gold_loss":0,"cards_upgraded":["Defend_G","Cloak And Dagger"]},{"damage_healed":0,"gold_gain":0,"player_choice":"Ignored","damage_taken":0,"max_hp_gain":0,"max_hp_loss":0,"event_name":"Liars Game","floor":13,"gold_loss":0}],"is_beta":false,"boss_relics":[],"items_purged_floors":[],"is_endless":false,"potions_floor_spawned":[4,5,7,10],"killed_by":"The Guardian","ascension_level":20}}