{"host":"k6dk31gvet76fwgv","time":1614352588,"event":{"mods":["BaseMod","Colored Map","Googly Eyes","Minty Spire (QoL Compilation)","Replay The Spire","StSLib","The IronCluck"],"gold_per_floor":[113,127,127,52,70,70,70,70,90,106,106,106,106,139,157,185,185,288,288,303,321,182,197,214,243,258,268,268,268,284,303,322,322,322,322,322],"floor_reached":35,"language":"KOR","playtime":2713,"items_purged":["Looming Evil","Strike_R"],"score":394,"play_id":"70b0773c-3430-46bb-b30e-9bcb0fb75ae9","local_time":"20210227001628","is_ascension_mode":true,"campfire_choices":[{"data":"Flame Barrier","floor":6.0,"key":"SMITH"},{"data":"Pommel Strike","floor":13.0,"key":"SMITH"},{"data":"Rage","floor":17.0,"key":"SMITH"},{"data":"ReplayTheSpireMod:LeadingStrike","floor":29,"key":"SMITH"},{"data":"Battle Trance","floor":34,"key":"SMITH"}],"circlet_count":0,"master_deck":["Strike_R","Strike_R","Strike_R","Defend_R+1","Defend_R+1","Defend_R+1","Defend_R+1","Bash","Hemokinesis","Thunderclap","Flame Barrier+1","Pommel Strike+1","Cleave","Inflame","Rage+1","Feed","Sword Boomerang","Shrug It Off","ReplayTheSpireMod:LeadingStrike+1","Warcry+1","Armaments+1","ReplayTheSpireMod:Stacked","Infernal Blade","Seeing Red+1","Battle Trance+1"],"relics":["Burning Blood","Ring of Hypnosis","Ring of Searing","Ornamental Fan","Bag of Preparation","Champion Belt","Ring of Chaos","Ginger","Replay:Bottled Eggs"],"acts_visited":["Exordium","TheCity"],"potions_floor_usage":[30,35,35],"damage_taken":[{"damage":0.0,"enemies":"Small Slimes","floor":1.0,"turns":3.0},{"damage":4.0,"enemies":"Jaw Worm","floor":2.0,"turns":3.0},{"damage":10.0,"enemies":"Cultist","floor":5.0,"turns":3.0},{"damage":21.0,"enemies":"3 Louse","floor":9.0,"turns":3.0},{"damage":5.0,"enemies":"Exordium Wildlife","floor":10.0,"turns":3.0},{"damage":21.0,"enemies":"Replay:BlueRogue","floor":14.0,"turns":7.0},{"damage":2.0,"enemies":"Large Slime","floor":15.0,"turns":3.0},{"damage":9.0,"enemies":"3 Sentries","floor":16.0,"turns":5.0},{"damage":29.0,"enemies":"The Guardian","floor":18.0,"turns":10.0},{"damage":12.0,"enemies":"Chosen","floor":20.0,"turns":3.0},{"damage":9.0,"enemies":"Spheric Guardian","floor":21.0,"turns":5.0},{"damage":9.0,"enemies":"3 Cultists","floor":23.0,"turns":4.0},{"damage":15.0,"enemies":"Centurion and Healer","floor":24.0,"turns":11.0},{"damage":39,"enemies":"Book of Stabbing","floor":25,"turns":6},{"damage":4,"enemies":"Snecko","floor":26,"turns":5},{"damage":24,"enemies":"Shelled Parasite and Fungi","floor":27,"turns":5},{"damage":11,"enemies":"3 Cultists","floor":30,"turns":4},{"damage":2,"enemies":"Snecko","floor":31,"turns":5},{"damage":10,"enemies":"Snake Plant","floor":32,"turns":4},{"damage":15,"enemies":"Automaton","floor":35,"turns":2}],"seed_played":"4477930264240000743","potions_obtained":[{"floor":1.0,"key":"SkillPotion"},{"floor":9.0,"key":"Fire Potion"},{"floor":15.0,"key":"HeartOfIron"},{"floor":18.0,"key":"Strength Potion"},{"floor":21.0,"key":"SteroidPotion"},{"floor":27,"key":"Toxic Potion"},{"floor":31,"key":"PowerPotion"},{"floor":32,"key":"AttackPotion"}],"is_trial":false,"path_per_floor":["M","M","?","$","M","R","PTL","PTL","M","M","T","?","R","E","M","E","R","B",null,"M","M","$","M","M","E","M","M","T","R","M","M","M","?","R","B"],"character_chosen":"IRONCLAD","items_purchased":["ReplayTheSpireMod:LeadingStrike"],"campfire_rested":0,"item_purchase_floors":[22],"current_hp_per_floor":[88,88,88,88,84,84,84,84,69,70,70,70,70,55,59,56,56,33,74,71,68,68,68,62,29,34,16,16,16,11,15,11,11,11,0,0],"gold":322,"neow_bonus":"TEN_PERCENT_HP_BONUS","is_daily":false,"chose_seed":false,"campfire_upgraded":5,"win_rate":0.0,"timestamp":1614352588,"path_taken":["M","M","?","$","M","R","PTL","PTL","M","M","T","?","R","E","?","E","R","BOSS","M","M","$","M","M","E","M","M","T","R","M","M","M","?","R","BOSS"],"items_purchased_type":["Card"],"build_version":"2020-12-22","purchased_purges":2,"victory":false,"max_hp_per_floor":[88,88,88,88,88,88,88,88,88,88,88,88,88,88,88,88,88,88,88,91,91,91,94,97,97,100,100,100,100,100,100,100,100,100,100,100],"card_choices":[{"not_picked":["Havoc","Abandon"],"picked":"Hemokinesis","floor":1.0},{"not_picked":["Reckless Charge","Infernal Blade"],"picked":"Thunderclap","floor":2.0},{"not_picked":["Battle Trance","Cleave"],"picked":"Flame Barrier","floor":5.0},{"not_picked":["Disarm","Cleave"],"picked":"Pommel Strike","floor":9.0},{"not_picked":["Flex","Twin Strike"],"picked":"Cleave","floor":10.0},{"not_picked":["Infernal Blade","Entrench"],"picked":"Inflame","floor":14.0},{"not_picked":["Flex","Cleave","Exhume"],"picked":"SKIP","floor":15.0},{"not_picked":["Intimidate","Thunderclap"],"picked":"Rage","floor":16.0},{"not_picked":["Hemogenesis","Corruption"],"picked":"Feed","floor":18.0},{"not_picked":["Wild Strike+1","Run Through"],"picked":"Sword Boomerang","floor":20.0},{"not_picked":["Body Slam+1","Sentinel"],"picked":"Shrug It Off","floor":21.0},{"not_picked":["Perfected Strike","Defy Death+1","Feed"],"picked":"SKIP","floor":23.0},{"not_picked":["Entrench","True Grit"],"picked":"Warcry+1","floor":24.0},{"not_picked":["Body Slam+1","True Grit"],"picked":"Armaments+1","floor":25},{"not_picked":["Armaments+1","Perfected Strike"],"picked":"ReplayTheSpireMod:Stacked","floor":26},{"not_picked":["Run Through","Sword Boomerang","Thunderclap"],"picked":"SKIP","floor":27},{"not_picked":["Uppercut","Searing Blow"],"picked":"Infernal Blade","floor":30},{"not_picked":["Havoc","Pommel Strike"],"picked":"Seeing Red+1","floor":31},{"not_picked":["Anger","Perfected Strike+1"],"picked":"Battle Trance","floor":32}],"player_experience":167022,"relics_obtained":[{"floor":3.0,"key":"Ring of Hypnosis"},{"floor":3.0,"key":"Ring of Searing"},{"floor":11.0,"key":"Ornamental Fan"},{"floor":14.0,"key":"Bag of Preparation"},{"floor":16.0,"key":"Champion Belt"},{"floor":25,"key":"Ginger"},{"floor":28,"key":"Replay:Bottled Eggs"}],"event_choices":[{"cards_removed":["Strike_R"],"damage_healed":0.0,"max_hp_gain":0.0,"max_hp_loss":0.0,"gold_gain":0.0,"event_name":"Purifier","player_choice":"Purged","floor":12.0,"gold_loss":0.0,"damage_taken":0.0},{"damage_healed":0,"gold_gain":0,"player_choice":"Ignored","damage_taken":0,"max_hp_gain":0,"max_hp_loss":0,"event_name":"Ghosts","floor":33,"gold_loss":0}],"is_beta":false,"boss_relics":[{"not_picked":["Pandora\u0027s Box","Honey Jar"],"picked":"Ring of Chaos"}],"items_purged_floors":[4,22],"is_endless":false,"potions_floor_spawned":[1,9,15,18,21,27,31,32],"killed_by":"Automaton","ascension_level":5}}