{"host":"juvwyqk4ifq614bf","time":1614375483,"event":{"mods":["2.2 Compatiblity","Act Like it!","Arknights","Bard","BaseMod","Beaked The Cultist","Better Altar","Better Match","Better Sensory Stone","Better Third Choice","Conspire","Downfall","Friendly Minions","GifTheSpireLib","Hubris","Infinite Spire","Lobotomy","Minty Spire (QoL Compilation)","Mirrors Mod","Replay The Spire","StSLib","Stuff the Spire","The Alterego","TheVelvet"],"gold_per_floor":[109,109,124,140,159,194,194,211,211,224,224,224,224,224,224,329,329,344,30,30,47,58,91,91,91,91],"floor_reached":25,"language":"ENG","playtime":1600,"items_purged":[],"score":259,"play_id":"6dab0652-8ca6-4cca-8348-eb38d4bd74ab","local_time":"20210226223803","is_ascension_mode":true,"campfire_choices":[{"data":"Inflame","floor":7,"key":"SMITH"},{"data":"beaked:BraceForImpact","floor":12,"key":"SMITH"},{"data":"beaked:DesperateSwing","floor":15,"key":"SMITH"},{"data":"beaked:BraceForImpact","floor":24,"key":"SMITH"}],"circlet_count":0,"master_deck":["conspire:GhostlyStrike","conspire:GhostlyStrike","conspire:GhostlyStrike","conspire:GhostlyStrike","conspire:GhostlyStrike","conspire:GhostlyDefend","conspire:GhostlyDefend","conspire:GhostlyDefend","beaked:Ceremony","beaked:Ceremony","beaked:DesperateSwing+1","Inflame+1","beaked:BraceForImpact+1","Heavy Blade","beaked:Windmill+1","beaked:Molting","beaked:CrazyRituals+1","beaked:BraceForImpact+1","beaked:Daydream"],"relics":["m_ByrdBlood","Molten Egg 2","StuffTheSpire:Expresso","GremlinMask","CultistMask","Busted Crown","Magic Flower","Pocketwatch"],"acts_visited":["Exordium","TheCity"],"potions_floor_usage":[18,22,25,25],"damage_taken":[{"damage":1,"enemies":"conspire:RoseBush","floor":1,"turns":6},{"damage":9,"enemies":"ats:Genji","floor":3,"turns":4},{"damage":13,"enemies":"Jaw Worm","floor":4,"turns":3},{"damage":23,"enemies":"Lots of Slimes","floor":5,"turns":4},{"damage":16,"enemies":"Lagavulin","floor":6,"turns":5},{"damage":1,"enemies":"Large Slime","floor":8,"turns":4},{"damage":17,"enemies":"Looter","floor":10,"turns":4},{"damage":33,"enemies":"Slime Boss","floor":16,"turns":7},{"damage":32,"enemies":"Chosen","floor":18,"turns":5},{"damage":19,"enemies":"Shell Parasite","floor":21,"turns":5},{"damage":37,"enemies":"Shelled Parasite and Fungi","floor":22,"turns":6},{"damage":48,"enemies":"conspire:SneckoGhost","floor":23,"turns":6},{"damage":20,"enemies":"Centurion and Healer","floor":25,"turns":1}],"seed_played":"-7118569655726910268","potions_obtained":[{"floor":3,"key":"PowerPotion"},{"floor":6,"key":"Slimebound:ThreeZeroPotion"},{"floor":16,"key":"Dexterity Potion"},{"floor":21,"key":"Ancient Potion"}],"is_trial":false,"path_per_floor":["M","?","M","M","M","E","R","M","T","M","?","R","?","?","R","B",null,"M","$","?","M","M","E","R","M"],"character_chosen":"BEAKED_THE_CULTIST","items_purchased":["Magic Flower"],"campfire_rested":0,"item_purchase_floors":[19],"current_hp_per_floor":[50,50,49,48,33,37,37,47,47,49,42,42,42,42,42,32,50,31,31,26,40,29,11,11,0,0],"gold":91,"neow_bonus":"REMOVE_CARD","is_daily":false,"chose_seed":false,"campfire_upgraded":4,"win_rate":0.0,"timestamp":1614375483,"path_taken":["M","?","M","M","M","E","R","M","T","M","?","R","?","?","R","BOSS","M","$","?","?","M","E","R","M"],"items_purchased_type":["Relic"],"build_version":"2020-12-22","purchased_purges":0,"victory":false,"max_hp_per_floor":[50,50,50,50,50,50,50,50,50,50,50,50,50,50,50,50,50,50,50,50,50,50,50,50,50,50],"card_choices":[{"not_picked":["beaked:CursingBlood","beaked:Struggle"],"picked":"beaked:DesperateSwing","floor":1},{"not_picked":["beaked:Recite","beaked:Poke","beaked:VigorBurst"],"picked":"SKIP","floor":3},{"not_picked":["beaked:TuckingFeathers","beaked:WarriorEssence"],"picked":"beaked:BraceForImpact","floor":4},{"not_picked":["beaked:MimicHuntress","beaked:Resilience"],"picked":"Heavy Blade","floor":5},{"not_picked":["beaked:SurvivalInstinct","beaked:FeelMyPain"],"picked":"beaked:Windmill+1","floor":6},{"not_picked":["beaked:Recite","beaked:KnowThyFoe"],"picked":"beaked:Molting","floor":8},{"not_picked":["beaked:Resilience","beaked:Brace","beaked:Tradeoff"],"picked":"SKIP","floor":10},{"not_picked":[],"picked":"beaked:CrazyRituals+1","floor":18},{"not_picked":[],"picked":"beaked:BraceForImpact","floor":21},{"not_picked":[],"picked":"beaked:Daydream","floor":22},{"not_picked":["beaked:Redirect"],"picked":"SKIP","floor":23}],"player_experience":292337,"relics_obtained":[{"floor":6,"key":"Molten Egg 2"},{"floor":9,"key":"StuffTheSpire:Expresso"},{"floor":23,"key":"Pocketwatch"}],"event_choices":[{"cards_removed":["beaked:Strike_Y"],"damage_healed":0,"gold_gain":0,"player_choice":"Card Removal","damage_taken":7,"max_hp_gain":0,"max_hp_loss":0,"event_name":"Golden Wing","floor":11,"gold_loss":0},{"damage_healed":0,"gold_gain":0,"player_choice":"Agree","damage_taken":0,"max_hp_gain":0,"max_hp_loss":0,"event_name":"conspire:LoneGhost","floor":13,"gold_loss":0},{"damage_healed":0,"gold_gain":0,"player_choice":"Trade","damage_taken":0,"relics_obtained":["GremlinMask"],"max_hp_gain":0,"max_hp_loss":0,"event_name":"FaceTrader","floor":14,"gold_loss":0},{"damage_healed":0,"gold_gain":0,"player_choice":"Damaged","damage_taken":5,"max_hp_gain":0,"max_hp_loss":0,"event_name":"Wheel of Change","floor":20,"gold_loss":0}],"is_beta":false,"boss_relics":[{"not_picked":["conspire:SeveredTorchhead","conspire:RoyalGoblet"],"picked":"Busted Crown"}],"items_purged_floors":[],"is_endless":false,"potions_floor_spawned":[3,6,16,21],"killed_by":"Centurion and Healer","ascension_level":1}}