{"host":"df48i9djcn92c5sx","time":1614345619,"event":{"mods":["Act Like it!","Arknights","BaseMod","Decade(王小明)","Downfall","Gensokyo","Marisa（F雨　魔理沙）","Minty Spire (QoL Compilation)","READ ME - Guardian Mod","READ ME - Snecko Mod","Reimu（博丽灵梦）","Remilia（蕾米莉亚）","Shop Mod","StSLib","The Jungle","The Servant 0.9.4"],"gold_per_floor":[110,110,110,120,136,136,147,147,147,166,182,182,202,202,202],"floor_reached":14,"language":"ZHS","playtime":458,"items_purged":[],"score":122,"play_id":"44adbc9d-d925-425d-9265-4c4041e61168","local_time":"20210226212019","is_ascension_mode":true,"campfire_choices":[{"data":"SilverBlades","floor":6.0,"key":"SMITH"},{"data":"KidneyShot","floor":8.0,"key":"SMITH"},{"data":"FanOfKnives","floor":12.0,"key":"SMITH"}],"circlet_count":0,"master_deck":["Strike_S","Strike_S","Strike_S","Defend_S","Defend_S","Defend_S","Defend_S","KidneyShot+1","Exchange","Rearm","Pain","SilverBlades+1","GearUp","Snipe","Contraction","FanOfKnives+1"],"relics":["Uniform","NeowsBlessing","Gensokyo:LunaticRedEyes","Pantograph"],"acts_visited":["Exordium"],"potions_floor_usage":[14],"damage_taken":[{"damage":0.0,"enemies":"Gensokyo:Python","floor":1.0,"turns":1.0},{"damage":1.0,"enemies":"Gensokyo:3_Fairies","floor":4.0,"turns":2.0},{"damage":1.0,"enemies":"Gensokyo:2_Kodama","floor":5.0,"turns":1.0},{"damage":38.0,"enemies":"Gensokyo:2_Rabbits","floor":7.0,"turns":8.0},{"damage":4.0,"enemies":"Gensokyo:3_Kodama","floor":10.0,"turns":6.0},{"damage":1.0,"enemies":"Gensokyo:Gryphon_and_Rabbit","floor":11.0,"turns":8.0},{"damage":3.0,"enemies":"Gensokyo:VengefulSpirit","floor":13.0,"turns":5.0},{"damage":13,"enemies":"Gensokyo:Aya","floor":14,"turns":6}],"seed_played":"2140013529426879008","potions_obtained":[{"floor":4.0,"key":"MagicPotion:ReiMu"},{"floor":5.0,"key":"SkillPotion"},{"floor":7.0,"key":"ZuzhouPotion:ReiMu"}],"is_trial":false,"path_per_floor":["M","?","?","M","M","R","M","R","T","M","M","R","M","E"],"character_chosen":"THE_SERVANT","items_purchased":[],"campfire_rested":0,"item_purchase_floors":[],"current_hp_per_floor":[59,59,59,58,57,57,19,19,19,15,14,14,11,0,0],"gold":202,"neow_bonus":"THREE_ENEMY_KILL","is_daily":false,"chose_seed":false,"campfire_upgraded":3,"win_rate":0.0,"timestamp":1614345619,"path_taken":["M","?","?","M","M","R","M","R","T","M","M","R","?","E"],"items_purchased_type":[],"build_version":"2020-12-22","purchased_purges":0,"victory":false,"max_hp_per_floor":[65,65,65,65,65,65,65,65,65,65,65,65,65,65,65],"card_choices":[{"not_picked":["Unruled","Potential"],"picked":"Rearm","floor":1.0},{"not_picked":["InstantArmor","ReturningBlade"],"picked":"SilverBlades","floor":4.0},{"not_picked":["FastForward","Starlight"],"picked":"GearUp","floor":5.0},{"not_picked":["Defy","WasteNot"],"picked":"Snipe","floor":7.0},{"not_picked":["Rewind","Reset"],"picked":"Contraction","floor":10.0},{"not_picked":["Starlight","DancingSilver"],"picked":"FanOfKnives","floor":11.0},{"not_picked":["Advance","RealityMarble","Deadline"],"picked":"SKIP","floor":13.0}],"player_experience":1632457,"relics_obtained":[{"floor":9.0,"key":"Pantograph"}],"event_choices":[],"is_beta":false,"boss_relics":[],"items_purged_floors":[],"is_endless":false,"potions_floor_spawned":[4,5,7],"killed_by":"Gensokyo:Aya","ascension_level":9}}