{"host":"kh6fvhxn285ncg0o","time":1614315051,"event":{"mods":["Act Like it!","BaseMod","Colored Map","Friendly Minions","Keyboard Shortcuts","Minty Spire (QoL Compilation)","Quick Restart","Relic Stats","StSLib","SuperFastMode","UnlockEverythingMod"],"gold_per_floor":[109,109,34,46,64,105,105,137,137,159,193,205,292,349,361,373,373],"floor_reached":16,"language":"KOR","playtime":234,"items_purged":["Strike_R"],"score":290,"play_id":"30d5a0a0-8f28-43cd-85c0-799bf12a64d0","local_time":"20210226135051","is_ascension_mode":true,"campfire_choices":[{"data":"Uppercut","floor":15,"key":"SMITH"}],"circlet_count":0,"master_deck":["AscendersBane","Strike_R","Strike_R","Strike_R","Defend_R","Defend_R","Defend_R","Defend_R","Bash","Immolate+1","Evolve","Burning Pact","Uppercut+1"],"relics":["Burning Blood","CeramicFish","Question Card","MawBank","Golden Idol","Bronze Scales"],"acts_visited":["Exordium"],"potions_floor_usage":[8,14,16],"damage_taken":[{"damage":6,"enemies":"Jaw Worm","floor":1,"turns":5},{"damage":1,"enemies":"Cultist","floor":4,"turns":3},{"damage":4,"enemies":"2 Louse","floor":5,"turns":2},{"damage":37,"enemies":"3 Sentries","floor":6,"turns":6},{"damage":30,"enemies":"Lagavulin","floor":8,"turns":5},{"damage":7,"enemies":"Exordium Wildlife","floor":10,"turns":2},{"damage":0,"enemies":"3 Louse","floor":11,"turns":1},{"damage":0,"enemies":"Gremlin Nob","floor":14,"turns":3},{"damage":28,"enemies":"Slime Boss","floor":16,"turns":3}],"seed_played":"-3666629649434356014","potions_obtained":[{"floor":4,"key":"SteroidPotion"},{"floor":8,"key":"Weak Potion"},{"floor":11,"key":"Block Potion"},{"floor":14,"key":"SmokeBomb"}],"is_trial":false,"path_per_floor":["M","?","$","M","M","E","?","E","T","M","M","?","?","E","R","B"],"character_chosen":"IRONCLAD","items_purchased":[],"campfire_rested":0,"item_purchase_floors":[],"current_hp_per_floor":[68,68,68,68,68,37,37,13,13,12,18,18,7,13,13,0,0],"gold":373,"neow_bonus":"THREE_RARE_CARDS","is_daily":false,"chose_seed":false,"campfire_upgraded":1,"win_rate":0.0,"timestamp":1614315051,"path_taken":["M","?","?","M","M","E","?","E","T","?","M","?","?","E","R","BOSS"],"items_purchased_type":[],"build_version":"2020-12-22","purchased_purges":1,"victory":false,"max_hp_per_floor":[68,68,68,68,68,68,68,68,68,68,68,62,62,62,62,62,62],"relic_stats":{"counters":[9,30],"Golden Idol":7,"CeramicFish":27,"Bronze Scales":[0],"Question Card":3,"MawBank":84,"obtain_stats":[{"Golden Idol":12,"CeramicFish":6,"Bronze Scales":14,"Question Card":8,"MawBank":9,"Burning Blood":0},{"Golden Idol":7,"CeramicFish":4,"Bronze Scales":8,"Question Card":5,"MawBank":5,"Burning Blood":0},{"Golden Idol":24,"CeramicFish":16,"Bronze Scales":27,"Question Card":21,"MawBank":21,"Burning Blood":0}],"Burning Blood":41},"card_choices":[{"not_picked":["Barricade","Limit Break"],"picked":"Immolate","floor":0},{"not_picked":["Anger","Dual Wield","Searing Blow"],"picked":"SKIP","floor":1},{"not_picked":["Twin Strike","Flex","Sword Boomerang"],"picked":"SKIP","floor":4},{"not_picked":["Body Slam","Clothesline","Clash"],"picked":"SKIP","floor":5},{"not_picked":["Reckless Charge","Bloodletting"],"picked":"Evolve","floor":6},{"not_picked":["Twin Strike","True Grit","Dual Wield"],"picked":"SKIP","floor":8},{"not_picked":["Bloodletting","Intimidate","Immolate","Flex"],"picked":"SKIP","floor":10},{"not_picked":["Bloodletting","Dropkick","Sword Boomerang"],"picked":"Burning Pact","floor":11},{"not_picked":["Sword Boomerang","Clash","Body Slam"],"picked":"Uppercut","floor":14}],"player_experience":1549839,"relics_obtained":[{"floor":6,"key":"CeramicFish"},{"floor":8,"key":"Question Card"},{"floor":9,"key":"MawBank"},{"floor":14,"key":"Bronze Scales"}],"event_choices":[{"damage_healed":0,"gold_gain":0,"player_choice":"Upgraded","damage_taken":0,"max_hp_gain":0,"max_hp_loss":0,"event_name":"Upgrade Shrine","floor":2,"gold_loss":0,"cards_upgraded":["Immolate"]},{"cards_removed":["Strike_R"],"damage_healed":0,"gold_gain":0,"player_choice":"Forget","damage_taken":0,"max_hp_gain":0,"max_hp_loss":0,"event_name":"Living Wall","floor":7,"gold_loss":0},{"damage_healed":0,"gold_gain":0,"player_choice":"Lose Max HP","damage_taken":0,"relics_obtained":["Golden Idol"],"max_hp_gain":0,"max_hp_loss":6,"event_name":"Golden Idol","floor":12,"gold_loss":0},{"damage_healed":0,"gold_gain":75,"player_choice":"Gather Gold","damage_taken":11,"max_hp_gain":0,"max_hp_loss":0,"event_name":"World of Goop","floor":13,"gold_loss":0}],"is_beta":false,"boss_relics":[],"items_purged_floors":[3],"is_endless":false,"potions_floor_spawned":[4,8,11,14],"killed_by":"Slime Boss","ascension_level":20}}