{"host":"4pc4ysofexzh6wwj","time":1614315147,"event":{"mods":["BaseMod","Downfall","GifTheSpireLib","Good Game Mod","HololiveMod","Minty Spire (QoL Compilation)","Remilia£®¿Ÿ√◊¿Ú—«£©","Replay The Spire","StSLib","The Animator","UnlockEverythingMod","noobMod"],"gold_per_floor":[99,110,129,146,159,178,178,178,204,254,304,304,4,23,39,138,138,138,153,103,118,118,135,185,198,198,217,235,264,264,264,275,374,374,422,435,453,453,151,186,212,287,316,316,341,353,353,353,368,368,368,393,1,1,1,1],"floor_reached":57,"language":"ZHS","playtime":5875,"items_purged":["Spreading Infection","Voices"],"score":1386,"play_id":"574196a6-4382-4c7f-a5d5-49e4944bd048","local_time":"20210226125227","is_ascension_mode":false,"campfire_choices":[{"floor":1,"key":"DIG"},{"floor":8,"key":"RECALL"},{"data":"Guardian:TemporalStrike","floor":13,"key":"SMITH"},{"floor":18,"key":"DIG"},{"data":"Guardian:TimeBomb","floor":30,"key":"SMITH"},{"floor":47,"key":"DIG"},{"floor":54,"key":"DIG"}],"circlet_count":1,"master_deck":["Guardian:Strike_Guardian","Guardian:Strike_Guardian","Guardian:Strike_Guardian","Guardian:Strike_Guardian","Guardian:Defend_Guardian","Guardian:Defend_Guardian","Guardian:Defend_Guardian","Guardian:CurlUp","Guardian:TwinSlam","Guardian:TimeBomb+1","Guardian:SpikerProtocol","Guardian:TemporalStrike+1","Guardian:DecasProtection","Guardian:Preprogram","Guardian:SentryBeam","Guardian:WalkerClaw","animator:Curse_Dizziness","Guardian:SphericShield+1","Guardian:Incinerate","Guardian:FastForward","Guardian:ShieldSpikes+1","RitualDagger","Guardian:WalkerClaw+1","Guardian:PiercingHide","animator:Curse_Nutcracker","Guardian:Recover","Hololive_CandyCastle","Guardian:Reroute","Guardian:Emergency+1","Guardian:BodySlam+1","Guardian:RevengeProtocol","Guardian:TimeBomb+1","Replay:SS_hec_1","expansioncontent:PrepareCrush","expansioncontent:StudyTheSpire","Guardian:TimeCapacitor+1","Guardian:Clone","Guardian:ShieldCharger","Guardian:ChargeCore","Guardian:RefractedBeam","Deep Breath","Envy_TH","Guardian:PolyBeam+1","Guardian:RollAttack+1","Guardian:TimeSifter"],"relics":["Guardian:ModeShifter","ice","REME:ComplimentaryCards","Mercury Hourglass","Incense Burner","Pen Nib","ReplayTheSpireMod:Ring of Exchange","Ring of Greed","Tiny Chest","Replay:Wax Seal","downfall:HeartBlessingRed","downfall:HeartBlessingGreen","downfall:HeartBlessingBlue","Philosopher\u0027s Stone","Strawberry","Juzu Bracelet","Snack Pack","Onion Ring","Replay:Grab Bag","ChewingGum","Circlet","Honey Jar","Shovel","BargainBundle","Replay:Bottled Eggs","Boot","Shuriken","Bag of Marbles","Torii","Ornamental Fan","CaptainsWheel","Sundial"],"acts_visited":["Exordium","TheCity","TheBeyond","TheEnding"],"potions_floor_usage":[16,16,29,32,39,50,50,56,56,56],"damage_taken":[{"damage":6,"enemies":"Cultist","floor":2,"turns":3},{"damage":12,"enemies":"2 Louse","floor":3,"turns":2},{"damage":12,"enemies":"Small Slimes","floor":4,"turns":3},{"damage":13,"enemies":"Exordium Wildlife","floor":5,"turns":4},{"damage":10,"enemies":"downfall:LooterAlt","floor":6,"turns":3},{"damage":12,"enemies":"Replay:BlueRogue","floor":9,"turns":8},{"damage":18,"enemies":"Exordium Thugs","floor":14,"turns":4},{"damage":1,"enemies":"Blue Slaver","floor":15,"turns":2},{"damage":10,"enemies":"IC_STATUS_ARCHETYPE","floor":16,"turns":7},{"damage":11,"enemies":"Shell Parasite","floor":19,"turns":5},{"damage":4,"enemies":"downfall:FleeingMerchant","floor":20,"turns":4},{"damage":5,"enemies":"Chosen","floor":21,"turns":4},{"damage":6,"enemies":"Shelled Parasite and Fungi","floor":23,"turns":6},{"damage":9,"enemies":"Centurion and Healer","floor":25,"turns":7},{"damage":0,"enemies":"3 Cultists","floor":27,"turns":5},{"damage":12,"enemies":"Shelled Parasite and Fungi","floor":28,"turns":5},{"damage":19,"enemies":"Slavers","floor":29,"turns":4},{"damage":2,"enemies":"Centurion and Healer","floor":32,"turns":4},{"damage":39,"enemies":"DF_ARCHETYPE_CLAW","floor":33,"turns":7},{"damage":11,"enemies":"2 Orb Walkers","floor":35,"turns":3},{"damage":0,"enemies":"3 Darklings","floor":36,"turns":4},{"damage":3,"enemies":"3 Shapes","floor":37,"turns":2},{"damage":0,"enemies":"downfall:FleeingMerchant","floor":39,"turns":4},{"damage":0,"enemies":"R_Hoarder","floor":40,"turns":6},{"damage":15,"enemies":"Reptomancer","floor":43,"turns":5},{"damage":9,"enemies":"Jaw Worm Horde","floor":46,"turns":3},{"damage":0,"enemies":"Spire Growth","floor":49,"turns":2},{"damage":19,"enemies":"WA_ARCHETYPE_DIVINITY","floor":50,"turns":7},{"damage":38,"enemies":"downfall:CharBossMerchant","floor":52,"turns":7},{"damage":42,"enemies":"downfall:NeowBoss","floor":55,"turns":16},{"damage":0,"enemies":"downfall:NeowBossFinal","floor":56,"turns":6}],"seed_played":"-3377895546226289357","potions_obtained":[{"floor":2,"key":"Swift Potion"},{"floor":14,"key":"GamblersBrew"},{"floor":15,"key":"Elixir"},{"floor":21,"key":"Fire Potion"},{"floor":27,"key":"Cursed Concoction"},{"floor":29,"key":"Dexterity Potion"},{"floor":32,"key":"SteroidPotion"},{"floor":37,"key":"DistilledChaos"},{"floor":40,"key":"SteroidPotion"},{"floor":42,"key":"downfall:CursedFountainPotion"},{"floor":46,"key":"Adrenaline Potion"},{"floor":52,"key":"champ:CounterPotion"}],"is_trial":false,"path_per_floor":["R","M","M","M","M","M","T","R","E","T","?","?","R","M","M","B",null,"R","M","$","M","?","M","T","M","?","M","M","E","R","T","M","B",null,"R","M","M","?","$","E","T","?","E","?","T","M","R","?","M","B",null,"E","$","R","B","B",null],"character_chosen":"GUARDIAN","items_purchased":["Guardian:Gem_Yellow","BargainBundle","Reflective Coating","expansioncontent:StudyTheSpire","Guardian:TimeCapacitor+1","Guardian:Clone","Guardian:ShieldCharger","Guardian:ChargeCore","Guardian:RefractedBeam","Deep Breath","CaptainsWheel"],"campfire_rested":0,"item_purchase_floors":[20,39,39,39,39,39,39,39,39,39,53],"current_hp_per_floor":[88,82,70,58,45,35,35,35,23,23,23,23,33,15,14,4,98,105,94,90,85,79,73,73,64,64,64,52,33,33,33,35,97,106,95,97,94,84,86,90,90,124,113,113,113,106,106,106,108,99,138,104,104,104,157,161],"gold":1,"neow_bonus":"TEN_PERCENT_HP_BONUS","is_daily":false,"chose_seed":false,"campfire_upgraded":2,"win_rate":0.0,"timestamp":1614315147,"path_taken":["R","M","M","M","M","?","T","R","E","?","?","?","R","M","M","BOSS","R","M","$","M","?","M","T","M","?","M","M","E","R","?","M","BOSS","R","M","M","?","$","E","T","?","E","?","?","M","R","?","M","BOSS","E","$","R","BOSS","BOSS"],"items_purchased_type":["Card","Relic","Potion","Card","Card","Card","Card","Card","Card","Card","Relic"],"build_version":"2020-12-22","purchased_purges":2,"victory":true,"max_hp_per_floor":[88,88,88,88,88,88,88,88,88,88,88,88,98,98,98,98,98,105,105,105,105,105,105,105,105,105,105,105,105,105,105,105,106,106,108,112,115,115,120,124,124,124,129,129,129,131,131,131,131,138,138,144,144,144,158,165],"card_choices":[{"not_picked":["Guardian:PrimingBeam","Guardian:Recover"],"picked":"Guardian:TimeBomb","floor":2},{"not_picked":["Guardian:MultiBeam","Guardian:Suspension"],"picked":"Guardian:SpikerProtocol","floor":3},{"not_picked":["Guardian:Gem_Fragmented","Guardian:ShieldCharger"],"picked":"Guardian:TemporalStrike","floor":4},{"not_picked":["Guardian:Suspension","Guardian:Repulse"],"picked":"Guardian:Gem_Fragmented","floor":5},{"not_picked":["Guardian:PrimingBeam","Guardian:Planning"],"picked":"Guardian:DecasProtection","floor":6},{"not_picked":["Guardian:SpikerProtocol","Guardian:Gem_Green"],"picked":"Guardian:Preprogram","floor":9},{"not_picked":["Guardian:VentSteam","Guardian:DecasProtection"],"picked":"Guardian:SentryBeam","floor":14},{"not_picked":["Guardian:ShieldSpikes","Guardian:RollAttack"],"picked":"Guardian:WalkerClaw","floor":15},{"not_picked":["Guardian:BaubleBeam","Guardian:StasisStrike"],"picked":"Guardian:SphericShield","floor":16},{"not_picked":["Guardian:DecasProtection","Guardian:Harden"],"picked":"Guardian:Incinerate","floor":19},{"not_picked":["Guardian:Gem_Cyan","Guardian:RefractedBeam"],"picked":"Guardian:FastForward","floor":20},{"not_picked":["Guardian:Harden+1","Guardian:TemporalStrike"],"picked":"Guardian:ShieldSpikes+1","floor":21},{"not_picked":["Guardian:Planning","Guardian:Harden"],"picked":"Guardian:WalkerClaw+1","floor":23},{"not_picked":["Guardian:Planning+1","Guardian:Gem_Blue"],"picked":"Guardian:Gem_Red","floor":25},{"not_picked":["Guardian:SentryBeam","Guardian:SpikerProtocol"],"picked":"Guardian:Recover","floor":27},{"not_picked":["Guardian:Gem_Green","Guardian:Suspension"],"picked":"Guardian:Reroute","floor":28},{"not_picked":["Guardian:CrystalBeam","Guardian:ShieldSpikes"],"picked":"Guardian:Emergency+1","floor":29},{"not_picked":["Guardian:RollAttack+1","Guardian:Gem_Lightblue"],"picked":"Guardian:BodySlam+1","floor":32},{"not_picked":["Guardian:Gem_Synthetic","Guardian:BaubleBeam"],"picked":"Guardian:Gem_Orange","floor":33},{"not_picked":["Guardian:VentSteam","Guardian:PrismaticBarrier","Guardian:PiercingHide"],"picked":"Guardian:Gem_Cyan","floor":35},{"not_picked":["Guardian:DonusPower","Guardian:SentryBeam","Guardian:PiercingHide+1"],"picked":"Guardian:RevengeProtocol","floor":36},{"not_picked":["Guardian:Reroute+1","Guardian:CrystalBeam+1","Guardian:SpikerProtocol+1"],"picked":"Guardian:TimeBomb+1","floor":37},{"not_picked":["expansioncontent:PolyBeam","expansioncontent:YouAreMine"],"picked":"Replay:SS_hec_1","floor":38},{"not_picked":["expansioncontent:AwakenDeath","expansioncontent:Hexaburn"],"picked":"expansioncontent:LastStand","floor":38},{"not_picked":["expansioncontent:AwakenDeath","expansioncontent:HyperBeam"],"picked":"expansioncontent:PrepareCrush","floor":38},{"not_picked":["Guardian:BronzeOrb+1","Guardian:Planning","Guardian:RollAttack+1"],"picked":"Guardian:Gem_Orange","floor":39},{"not_picked":["Guardian:Incinerate+1","Guardian:WalkerClaw+1","Guardian:Gem_Yellow"],"picked":"Guardian:Gem_Crimson","floor":40},{"not_picked":["Guardian:VentSteam","Guardian:StasisStrike","Guardian:BronzeArmor+1"],"picked":"Guardian:Gem_Lightblue","floor":43},{"not_picked":["Guardian:Reroute+1","Guardian:PrimingBeam+1","Guardian:PiercingHide"],"picked":"Guardian:PolyBeam+1","floor":46},{"not_picked":["Guardian:ShieldCharger","Guardian:TemporalShield","Guardian:Recover+1"],"picked":"Guardian:RollAttack+1","floor":49},{"not_picked":["Guardian:Gem_White","Guardian:DonusPower+1","Guardian:Incinerate"],"picked":"Guardian:TimeSifter","floor":52}],"player_experience":357431,"relics_obtained":[{"floor":1,"key":"Mercury Hourglass"},{"floor":9,"key":"Incense Burner"},{"floor":10,"key":"Pen Nib"},{"floor":11,"key":"ReplayTheSpireMod:Ring of Exchange"},{"floor":11,"key":"Ring of Greed"},{"floor":11,"key":"Tiny Chest"},{"floor":11,"key":"Replay:Wax Seal"},{"floor":18,"key":"Strawberry"},{"floor":24,"key":"Juzu Bracelet"},{"floor":29,"key":"Snack Pack"},{"floor":31,"key":"Onion Ring"},{"floor":35,"key":"Shovel"},{"floor":40,"key":"Replay:Bottled Eggs"},{"floor":41,"key":"Boot"},{"floor":43,"key":"Shuriken"},{"floor":45,"key":"Bag of Marbles"},{"floor":47,"key":"Torii"},{"floor":52,"key":"Ornamental Fan"},{"floor":54,"key":"Sundial"}],"event_choices":[{"damage_healed":0,"gold_gain":0,"player_choice":"Read","damage_taken":0,"max_hp_gain":0,"max_hp_loss":0,"event_name":"The Library","floor":26,"gold_loss":0,"cards_obtained":["Guardian:PiercingHide"]},{"damage_healed":0,"gold_gain":0,"player_choice":"Fight","damage_taken":0,"max_hp_gain":0,"max_hp_loss":0,"event_name":"Mysterious Sphere","floor":35,"gold_loss":0},{"cards_removed":["expansioncontent:LastStand"],"damage_healed":0,"gold_gain":0,"player_choice":"Removed Power","damage_taken":0,"max_hp_gain":0,"max_hp_loss":0,"event_name":"Falling","floor":44,"gold_loss":0}],"is_beta":false,"boss_relics":[{"not_picked":["Sozu","Guardian:ModeShifterPlus"],"picked":"Philosopher\u0027s Stone"},{"not_picked":["Toolbox","PrismaticShard"],"picked":"Replay:Grab Bag"},{"not_picked":["Coffee Dripper","SlaversCollar"],"picked":"ChewingGum"},{"not_picked":["Circlet","Circlet"],"picked":"Circlet"},{"not_picked":["Hololive_TopUpMoneyS","Empty Cage"],"picked":"Honey Jar"}],"items_purged_floors":[39,53],"is_endless":false,"potions_floor_spawned":[2,14,15,21,27,29,32,37,40,46,52],"ascension_level":0}}