{"host":"24vdok87ydm8sokm","time":1614347277,"event":{"mods":["AchievementEnabler","BaseMod","Colored Map","Colored Powertips","Minty Spire (QoL Compilation)","StSLib"],"gold_per_floor":[109,121,121,121,196,215,230,195,195,229,229,264,264,281,281,281,281],"floor_reached":16,"language":"ENG","playtime":1432,"items_purged":[],"score":116,"play_id":"26720e52-c7e2-4be1-9c6a-f86c2c578ecd","local_time":"20210226074757","is_ascension_mode":true,"campfire_choices":[{"data":"Footwork","floor":11,"key":"SMITH"},{"floor":15,"key":"REST"}],"circlet_count":0,"master_deck":["Strike_G","Strike_G","Strike_G","Strike_G","Strike_G","Defend_G","Defend_G","Defend_G","Defend_G","Defend_G","Survivor","Neutralize","Leg Sweep+1","Blade Dance","Acrobatics","Footwork+1","Deadly Poison"],"relics":["Ring of the Snake","Toy Ornithopter","Calipers","Orichalcum","Smiling Mask"],"acts_visited":["Exordium"],"potions_floor_usage":[16],"damage_taken":[{"damage":3.0,"enemies":"Small Slimes","floor":1.0,"turns":4.0},{"damage":0,"enemies":"2 Louse","floor":2,"turns":4},{"damage":4,"enemies":"Cultist","floor":6,"turns":5},{"damage":1,"enemies":"Blue Slaver","floor":7,"turns":4},{"damage":30,"enemies":"Lagavulin","floor":10,"turns":10},{"damage":35,"enemies":"Gremlin Nob","floor":12,"turns":7},{"damage":7,"enemies":"3 Louse","floor":14,"turns":6},{"damage":36,"enemies":"The Guardian","floor":16,"turns":5}],"seed_played":"-6102118634733030195","potions_obtained":[{"floor":1,"key":"SneckoOil"},{"floor":2,"key":"LiquidBronze"},{"floor":7,"key":"SmokeBomb"}],"is_trial":false,"path_per_floor":["M","M","?","?","?","M","M","?","T","E","R","E","T","M","R","B"],"character_chosen":"THE_SILENT","items_purchased":[],"campfire_rested":1,"item_purchase_floors":[],"current_hp_per_floor":[67,67,72,72,65,61,60,75,75,45,45,10,10,3,25,0,0],"gold":281,"neow_bonus":"RANDOM_COMMON_RELIC","is_daily":false,"chose_seed":false,"campfire_upgraded":1,"win_rate":0.0,"timestamp":1614347277,"path_taken":["M","M","?","?","?","M","?","?","T","E","R","E","?","M","R","BOSS"],"items_purchased_type":[],"build_version":"2020-12-22","purchased_purges":0,"victory":false,"max_hp_per_floor":[70,70,75,75,75,75,75,75,75,75,75,75,75,75,75,75,75],"card_choices":[{"not_picked":["Caltrops","Finisher","Dagger Throw"],"picked":"SKIP","floor":1},{"not_picked":["Deflect","Quick Slash"],"picked":"Leg Sweep","floor":2},{"not_picked":["Masterful Stab","Poisoned Stab"],"picked":"Blade Dance","floor":6},{"not_picked":["Deflect","Sucker Punch"],"picked":"Acrobatics","floor":7},{"not_picked":["Malaise","Cloak And Dagger"],"picked":"Footwork","floor":10},{"not_picked":["Flying Knee","Deflect","Cloak And Dagger"],"picked":"SKIP","floor":12},{"not_picked":["Outmaneuver","PiercingWail"],"picked":"Deadly Poison","floor":14}],"player_experience":138012,"relics_obtained":[{"floor":10,"key":"Calipers"},{"floor":12,"key":"Orichalcum"},{"floor":13,"key":"Smiling Mask"}],"event_choices":[{"damage_healed":0,"gold_gain":0,"player_choice":"Donut","damage_taken":0,"max_hp_gain":5,"max_hp_loss":0,"event_name":"Big Fish","floor":3,"gold_loss":0},{"damage_healed":0,"gold_gain":0,"player_choice":"Grow","damage_taken":0,"max_hp_gain":0,"max_hp_loss":0,"event_name":"Living Wall","floor":4,"gold_loss":0,"cards_upgraded":["Leg Sweep"]},{"damage_healed":0,"gold_gain":75,"player_choice":"Touch","damage_taken":7,"max_hp_gain":0,"max_hp_loss":0,"event_name":"FaceTrader","floor":5,"gold_loss":0},{"damage_healed":18,"gold_gain":0,"player_choice":"Healed","damage_taken":0,"max_hp_gain":0,"max_hp_loss":0,"event_name":"The Cleric","floor":8,"gold_loss":35}],"is_beta":false,"boss_relics":[],"items_purged_floors":[],"is_endless":false,"potions_floor_spawned":[1,2,7,10],"killed_by":"The Guardian","ascension_level":1}}