{"host":"v9oq5ccz01n9mezq","time":1614358891,"event":{"mods":["BaseMod","Colored Map","Minty Spire (QoL Compilation)","Relic Stats"],"gold_per_floor":[116,133,153,228,228,228,254,254,278,304,317,331,341,341,341,437,437,454,65,65,78,177,177,177,208,208,226,253,267,267,267,267,362,362,376,376,356,376,54,71,71,87,87,87,87,112,143,186,198,210],"floor_reached":51,"language":"ENG","playtime":2525,"items_purged":["Strike_B"],"score":993,"play_id":"2844daa3-f69a-4ea9-bd24-05f3715cd642","local_time":"20210226120131","is_ascension_mode":true,"campfire_choices":[{"data":"Streamline","floor":6,"key":"SMITH"},{"data":"Loop","floor":8,"key":"SMITH"},{"data":"Ball Lightning","floor":15,"key":"SMITH"},{"data":"Glacier","floor":23,"key":"SMITH"},{"data":"Electrodynamics","floor":30,"key":"SMITH"},{"data":"Amplify","floor":32,"key":"SMITH"},{"data":"Thunder Strike","floor":41,"key":"SMITH"},{"data":"Amplify","floor":45,"key":"SMITH"},{"data":"Loop","floor":49,"key":"SMITH"}],"circlet_count":0,"master_deck":["Zap","Dualcast","Coolheaded","Streamline+1","Self Repair","Loop+1","White Noise+1","Glacier+1","Coolheaded","Ball Lightning+1","Electrodynamics+1","Amplify+1","Necronomicurse","Turbo","Ghostly","Ghostly","Ghostly","Ghostly","Ghostly","Doom and Gloom","Loop+1","Thunder Strike+1","Self Repair","Amplify+1","BootSequence","Beam Cell","Self Repair","Hello World","Lockon+1","Impatience","Loop+1","Storm+1","Darkness+1","Hologram+1","Loop+1"],"relics":["Cracked Core","Dream Catcher","Anchor","StrikeDummy","Cursed Key","OrangePellets","Necronomicon","Lantern","Mummified Hand","Pandora\u0027s Box","Frozen Egg 2","MawBank","Darkstone Periapt"],"acts_visited":["Exordium","TheCity","TheBeyond"],"potions_floor_usage":[10,13,28,28,42,47,48],"damage_taken":[{"damage":1,"enemies":"2 Louse","floor":1,"turns":3},{"damage":13,"enemies":"Small Slimes","floor":2,"turns":3},{"damage":2,"enemies":"Jaw Worm","floor":3,"turns":3},{"damage":21,"enemies":"3 Sentries","floor":7,"turns":8},{"damage":9,"enemies":"Lagavulin","floor":10,"turns":6},{"damage":1,"enemies":"3 Louse","floor":11,"turns":5},{"damage":15,"enemies":"2 Fungi Beasts","floor":12,"turns":3},{"damage":6,"enemies":"Lots of Slimes","floor":13,"turns":7},{"damage":43,"enemies":"Hexaghost","floor":16,"turns":9},{"damage":5,"enemies":"Chosen","floor":18,"turns":4},{"damage":3,"enemies":"Shell Parasite","floor":21,"turns":4},{"damage":3,"enemies":"Book of Stabbing","floor":25,"turns":5},{"damage":0,"enemies":"Snake Plant","floor":27,"turns":5},{"damage":0,"enemies":"Slavers","floor":28,"turns":3},{"damage":2,"enemies":"Shelled Parasite and Fungi","floor":29,"turns":4},{"damage":22,"enemies":"Automaton","floor":33,"turns":9},{"damage":0,"enemies":"3 Shapes","floor":35,"turns":8},{"damage":7,"enemies":"Orb Walker","floor":38,"turns":4},{"damage":0,"enemies":"4 Shapes","floor":40,"turns":3},{"damage":0,"enemies":"Jaw Worm Horde","floor":42,"turns":3},{"damage":0,"enemies":"Giant Head","floor":46,"turns":5},{"damage":13,"enemies":"Spire Growth","floor":47,"turns":3},{"damage":3,"enemies":"Nemesis","floor":48,"turns":5},{"damage":33,"enemies":"Donu and Deca","floor":50,"turns":8}],"seed_played":"5903018509526529716","potions_obtained":[{"floor":7,"key":"FocusPotion"},{"floor":11,"key":"FairyPotion"},{"floor":12,"key":"ColorlessPotion"},{"floor":13,"key":"Explosive Potion"},{"floor":21,"key":"SkillPotion"},{"floor":28,"key":"SpeedPotion"},{"floor":29,"key":"Energy Potion"},{"floor":35,"key":"Swift Potion"},{"floor":42,"key":"Energy Potion"},{"floor":46,"key":"LiquidMemories"},{"floor":47,"key":"BlessingOfTheForge"}],"is_trial":false,"path_per_floor":["M","M","M","?","?","R","E","R","T","E","M","M","M","?","R","B",null,"M","$","?","M","?","R","?","E","T","M","E","M","R","?","R","B",null,"M","?","?","M","$","M","R","M","T","?","R","E","M","E","R","B",null],"character_chosen":"DEFECT","items_purchased":["Amplify","OrangePellets","Frozen Egg 2","Loop+1"],"campfire_rested":0,"item_purchase_floors":[19,19,39,39],"current_hp_per_floor":[74,61,59,48,73,73,59,59,59,57,70,62,63,63,63,27,75,75,75,59,63,63,63,37,37,37,37,37,37,37,37,37,29,37,37,37,37,37,37,37,37,37,37,37,37,37,37,37,37,37],"gold":222,"neow_bonus":"THREE_CARDS","is_daily":false,"chose_seed":false,"campfire_upgraded":9,"win_rate":0.0,"timestamp":1614358891,"path_taken":["M","M","M","?","?","R","E","R","T","E","M","M","M","?","R","BOSS","M","$","?","M","?","R","?","E","T","M","E","?","R","?","R","BOSS","M","?","?","?","$","M","R","M","T","?","R","E","M","E","R","BOSS"],"items_purchased_type":["Card","Relic","Relic","Card"],"build_version":"2020-12-22","purchased_purges":1,"victory":true,"max_hp_per_floor":[75,75,75,75,75,75,75,75,75,75,75,75,75,75,75,75,75,75,75,75,75,75,75,37,37,37,37,37,37,37,37,37,37,37,37,37,37,37,37,37,37,37,37,37,37,37,37,37,37,37],"relic_stats":{"Darkstone Periapt":0,"OrangePellets":[4],"Dream Catcher":0,"counters":[24,119],"Mummified Hand":[80],"Pandora\u0027s Box":["Fission","BootSequence","Beam Cell","Self Repair","Hello World"],"Necronomicon":[18],"Cursed Key":0,"MawBank":60,"obtain_stats":[{"Darkstone Periapt":48,"Lantern":25,"Frozen Egg 2":39,"Cursed Key":17,"MawBank":46,"OrangePellets":19,"Dream Catcher":7,"Anchor":9,"Mummified Hand":28,"Pandora\u0027s Box":34,"Necronomicon":20,"Cracked Core":0,"StrikeDummy":10},{"Darkstone Periapt":23,"Lantern":12,"Frozen Egg 2":18,"Cursed Key":9,"MawBank":21,"OrangePellets":10,"Dream Catcher":4,"Anchor":4,"Mummified Hand":14,"Pandora\u0027s Box":16,"Necronomicon":10,"Cracked Core":0,"StrikeDummy":5},{"Darkstone Periapt":111,"Lantern":60,"Frozen Egg 2":93,"Cursed Key":47,"MawBank":104,"OrangePellets":51,"Dream Catcher":17,"Anchor":17,"Mummified Hand":68,"Pandora\u0027s Box":81,"Necronomicon":51,"Cracked Core":0,"StrikeDummy":23}]},"card_choices":[{"not_picked":["Streamline","Compile Driver"],"picked":"Coolheaded","floor":0},{"not_picked":["Conserve Battery","Stack"],"picked":"Streamline","floor":1},{"not_picked":["Blizzard","Stack","Steam"],"picked":"SKIP","floor":2},{"not_picked":["Redo","Barrage"],"picked":"Self Repair","floor":3},{"not_picked":["FTL","Redo"],"picked":"Loop","floor":7},{"not_picked":["Meteor Strike","Stack"],"picked":"White Noise","floor":10},{"not_picked":["Fusion","Barrage"],"picked":"Glacier","floor":11},{"not_picked":["Sweeping Beam","Glacier"],"picked":"Coolheaded","floor":12},{"not_picked":["Glacier","Hologram"],"picked":"Ball Lightning","floor":13},{"not_picked":["Seek","Fission"],"picked":"Electrodynamics","floor":16},{"not_picked":["Barrage","Blizzard","Ball Lightning"],"picked":"SKIP","floor":18},{"not_picked":["Beam Cell","Steam Power"],"picked":"Turbo","floor":21},{"not_picked":["Sweeping Beam","White Noise"],"picked":"Doom and Gloom","floor":25},{"not_picked":["Streamline","Beam Cell","Rebound+1"],"picked":"SKIP","floor":27},{"not_picked":["Stack+1","Steam"],"picked":"Loop","floor":28},{"not_picked":["Barrage","Streamline+1","Sweeping Beam"],"picked":"SKIP","floor":29},{"not_picked":["All For One","Reboot"],"picked":"Amplify","floor":33},{"not_picked":["Rebound+1","Sweeping Beam"],"picked":"Lockon+1","floor":35},{"not_picked":["Magnetism","Jack Of All Trades"],"picked":"Impatience","floor":36},{"not_picked":["Leap","Recycle+1","Barrage+1"],"picked":"SKIP","floor":38},{"not_picked":["Auto Shields","FTL"],"picked":"Storm+1","floor":40},{"not_picked":["Leap+1","FTL+1"],"picked":"Darkness+1","floor":42},{"not_picked":["White Noise+1","Hello World+1"],"picked":"Hologram+1","floor":46},{"not_picked":["Hello World+1","Scrape+1"],"picked":"Loop+1","floor":47},{"not_picked":["Cold Snap","Gash","Barrage+1"],"picked":"SKIP","floor":48}],"player_experience":144704,"relics_obtained":[{"floor":7,"key":"Dream Catcher"},{"floor":9,"key":"Anchor"},{"floor":10,"key":"StrikeDummy"},{"floor":20,"key":"Necronomicon"},{"floor":25,"key":"Lantern"},{"floor":28,"key":"Mummified Hand"},{"floor":46,"key":"MawBank"},{"floor":48,"key":"Darkstone Periapt"}],"event_choices":[{"damage_healed":0,"gold_gain":75,"player_choice":"Gather Gold","damage_taken":11,"max_hp_gain":0,"max_hp_loss":0,"event_name":"World of Goop","floor":4,"gold_loss":0},{"damage_healed":25,"gold_gain":0,"player_choice":"Banana","damage_taken":0,"max_hp_gain":0,"max_hp_loss":0,"event_name":"Big Fish","floor":5,"gold_loss":0},{"damage_healed":0,"gold_gain":0,"player_choice":"Grow","damage_taken":0,"max_hp_gain":0,"max_hp_loss":0,"event_name":"Living Wall","floor":14,"gold_loss":0,"cards_upgraded":["White Noise"]},{"damage_healed":0,"gold_gain":0,"player_choice":"Obtained Book","damage_taken":16,"max_hp_gain":0,"max_hp_loss":0,"event_name":"Cursed Tome","floor":20,"gold_loss":0},{"damage_healed":0,"gold_gain":99,"player_choice":"Stole From Cult","damage_taken":0,"max_hp_gain":0,"max_hp_loss":0,"event_name":"Nest","floor":22,"gold_loss":0},{"damage_healed":0,"gold_gain":0,"player_choice":"Became a Ghost","damage_taken":0,"max_hp_gain":0,"max_hp_loss":38,"event_name":"Ghosts","floor":24,"gold_loss":0,"cards_obtained":["Ghostly","Ghostly","Ghostly","Ghostly","Ghostly"]},{"damage_healed":0,"gold_gain":0,"cards_transformed":["Strike_B","Defend_B"],"player_choice":"Became Test Subject","damage_taken":0,"max_hp_gain":0,"max_hp_loss":0,"event_name":"Drug Dealer","floor":31,"gold_loss":0,"cards_obtained":["Thunder Strike","Self Repair"]},{"damage_healed":0,"gold_gain":0,"player_choice":"Memory 1","damage_taken":0,"max_hp_gain":0,"max_hp_loss":0,"event_name":"SensoryStone","floor":36,"gold_loss":0},{"damage_healed":0,"gold_gain":0,"player_choice":"Bought 1 Potion","damage_taken":0,"max_hp_gain":0,"max_hp_loss":0,"event_name":"The Woman in Blue","floor":37,"gold_loss":0},{"cards_removed":["Fission"],"damage_healed":0,"gold_gain":0,"player_choice":"Removed Skill","damage_taken":0,"max_hp_gain":0,"max_hp_loss":0,"event_name":"Falling","floor":44,"gold_loss":0}],"is_beta":false,"boss_relics":[{"not_picked":["Black Star","Ectoplasm"],"picked":"Cursed Key"},{"not_picked":["Empty Cage","Fusion Hammer"],"picked":"Pandora\u0027s Box"}],"items_purged_floors":[19],"is_endless":false,"potions_floor_spawned":[7,11,12,13,21,28,29,35,42,46,47],"ascension_level":3}}