{"host":"yx5rao87132cy5xq","time":1614380995,"event":{"mods":["2.2 Compatiblity","AchievementEnabler","BaseMod","Bestiary","Colored Map","Colored Powertips","Highlight Path","Minty Spire (QoL Compilation)","Quick Restart","Relic Stats","Slay-I","SuperFastMode"],"gold_per_floor":[218,231,249,47,65,95,95,125,148,177,251,276,276,276,276,276,276],"floor_reached":16,"language":"ENG","playtime":955,"items_purged":[],"score":186,"play_id":"5b2331f7-7d63-4715-aca9-b5892b10189c","local_time":"20210227000955","is_ascension_mode":true,"campfire_choices":[{"data":"Neutralize","floor":7,"key":"SMITH"},{"data":"Noxious Fumes","floor":13,"key":"SMITH"},{"floor":15,"key":"REST"}],"circlet_count":0,"master_deck":["Strike_G","Strike_G","Strike_G","Strike_G","Strike_G","Defend_G","Defend_G","Defend_G","Defend_G","Defend_G","Survivor","Neutralize+1","Infinite Blades","Sucker Punch","Deflect","All Out Attack","Footwork","Dagger Throw","Quick Slash","All Out Attack","Noxious Fumes+1"],"relics":["Ring of the Snake","Boot","Pen Nib","Bronze Scales","Odd Mushroom","Orichalcum","Ornamental Fan"],"acts_visited":["Exordium"],"potions_floor_usage":[6,6,8,16],"damage_taken":[{"damage":1,"enemies":"2 Louse","floor":1,"turns":4},{"damage":0,"enemies":"Small Slimes","floor":2,"turns":3},{"damage":5,"enemies":"Jaw Worm","floor":3,"turns":6},{"damage":0,"enemies":"Blue Slaver","floor":5,"turns":4},{"damage":0,"enemies":"Gremlin Nob","floor":6,"turns":2},{"damage":16,"enemies":"Lagavulin","floor":8,"turns":7},{"damage":8,"enemies":"The Mushroom Lair","floor":10,"turns":3},{"damage":13,"enemies":"3 Sentries","floor":12,"turns":4},{"damage":24,"enemies":"The Guardian","floor":16,"turns":8}],"seed_played":"3006614715672243444","potions_obtained":[{"floor":1,"key":"SteroidPotion"},{"floor":2,"key":"AttackPotion"},{"floor":3,"key":"SpeedPotion"},{"floor":10,"key":"Energy Potion"}],"is_trial":false,"path_per_floor":["M","M","M","$","M","E","R","E","T","?","?","E","R","?","R","B"],"character_chosen":"THE_SILENT","items_purchased":["All Out Attack","Footwork","Dagger Throw"],"campfire_rested":1,"item_purchase_floors":[4,4,4],"current_hp_per_floor":[62,62,57,57,57,57,57,41,41,33,33,20,20,2,23,0,0],"gold":276,"neow_bonus":"HUNDRED_GOLD","is_daily":false,"chose_seed":false,"campfire_upgraded":2,"win_rate":0.0,"timestamp":1614380995,"path_taken":["M","M","M","$","M","E","R","E","T","?","?","E","R","?","R","BOSS"],"items_purchased_type":["Card","Card","Card"],"build_version":"2020-12-22","purchased_purges":0,"victory":false,"max_hp_per_floor":[70,70,70,70,70,70,70,70,70,70,70,70,70,70,70,70,70],"relic_stats":{"counters":[9,41],"Ornamental Fan":[8],"Bronze Scales":[40],"Pen Nib":[2],"Orichalcum":[12],"Boot":[18],"obtain_stats":[{"Ornamental Fan":14,"Bronze Scales":9,"Pen Nib":8,"Odd Mushroom":10,"Orichalcum":12,"Boot":6,"Ring of the Snake":0},{"Ornamental Fan":8,"Bronze Scales":6,"Pen Nib":6,"Odd Mushroom":7,"Orichalcum":8,"Boot":5,"Ring of the Snake":0},{"Ornamental Fan":33,"Bronze Scales":26,"Pen Nib":26,"Odd Mushroom":29,"Orichalcum":33,"Boot":19,"Ring of the Snake":0}],"Ring of the Snake":[18]},"card_choices":[{"not_picked":["Concentrate","Masterful Stab"],"picked":"Infinite Blades","floor":1},{"not_picked":["Flechettes","Deflect"],"picked":"Sucker Punch","floor":2},{"not_picked":["Underhanded Strike","Acrobatics"],"picked":"Deflect","floor":3},{"not_picked":["Prepared","Dodge and Roll"],"picked":"Quick Slash","floor":5},{"not_picked":["Deadly Poison","Backflip"],"picked":"All Out Attack","floor":6},{"not_picked":["Infinite Blades","PiercingWail","Distraction"],"picked":"SKIP","floor":8},{"not_picked":["Terror","Dodge and Roll"],"picked":"Noxious Fumes","floor":12}],"player_experience":1219818,"relics_obtained":[{"floor":6,"key":"Boot"},{"floor":8,"key":"Pen Nib"},{"floor":9,"key":"Bronze Scales"},{"floor":10,"key":"Odd Mushroom"},{"floor":12,"key":"Orichalcum"}],"event_choices":[{"damage_healed":0,"gold_gain":0,"player_choice":"Fought Mushrooms","damage_taken":0,"max_hp_gain":0,"max_hp_loss":0,"event_name":"Mushrooms","floor":10,"gold_loss":0},{"damage_healed":0,"gold_gain":74,"player_choice":"Gained Gold","damage_taken":0,"max_hp_gain":0,"max_hp_loss":0,"event_name":"Golden Wing","floor":11,"gold_loss":0},{"damage_healed":0,"gold_gain":0,"player_choice":"Success","damage_taken":18,"relics_obtained":["Ornamental Fan"],"max_hp_gain":0,"max_hp_loss":0,"event_name":"Scrap Ooze","floor":14,"gold_loss":0}],"is_beta":false,"boss_relics":[],"items_purged_floors":[],"is_endless":false,"potions_floor_spawned":[1,2,3,10],"killed_by":"The Guardian","ascension_level":6}}