{"host":"94aus4jnk6thj94q","time":1614368442,"event":{"mods":["BaseMod","Minty Spire (QoL Compilation)","Quick Restart","StSLib"],"gold_per_floor":[114,127,147,17,30,56,56,22,46,56,56,72,72,247,247,343,343,357,357,29,45,45,45,45,56,133,153,153],"floor_reached":27,"language":"ENG","playtime":933,"items_purged":[],"score":290,"play_id":"0e0905a4-356d-4260-b4b7-5b70fb793b8c","local_time":"20210226214042","is_ascension_mode":false,"campfire_choices":[{"floor":7.0,"key":"REST"},{"floor":13.0,"key":"REST"},{"floor":15.0,"key":"RECALL"},{"floor":23,"key":"REST"}],"circlet_count":0,"master_deck":["Strike_B+1","Strike_B+1","Strike_B+1","Strike_B+1","Defend_B+1","Defend_B+1","Defend_B+1","Defend_B+1","Zap","Dualcast","Electrodynamics","Glacier+1","Ball Lightning+1","Redo","Conserve Battery+1","Self Repair","Ball Lightning","Static Discharge","Ball Lightning","Ball Lightning","Doubt","Rainbow","Melter","Cold Snap","Doom and Gloom","Loop","Melter+1","Decay","Capacitor"],"relics":["Cracked Core","Whetstone","Black Star","Sling","MutagenicStrength","Eternal Feather"],"acts_visited":["Exordium","TheCity"],"potions_floor_usage":[18,18,21,27],"damage_taken":[{"damage":0.0,"enemies":"Small Slimes","floor":1.0,"turns":2.0},{"damage":6.0,"enemies":"Jaw Worm","floor":2.0,"turns":3.0},{"damage":1.0,"enemies":"2 Louse","floor":3.0,"turns":2.0},{"damage":5.0,"enemies":"2 Fungi Beasts","floor":5.0,"turns":4.0},{"damage":14.0,"enemies":"3 Sentries","floor":6.0,"turns":4.0},{"damage":10.0,"enemies":"Exordium Thugs","floor":10.0,"turns":4.0},{"damage":10.0,"enemies":"3 Louse","floor":12.0,"turns":2.0},{"damage":0.0,"enemies":"Slime Boss","floor":16.0,"turns":6.0},{"damage":37,"enemies":"Shell Parasite","floor":18,"turns":4},{"damage":22,"enemies":"2 Thieves","floor":21,"turns":4},{"damage":18,"enemies":"Cultist and Chosen","floor":25,"turns":5},{"damage":27,"enemies":"3 Cultists","floor":27,"turns":4}],"seed_played":"4955830719064934439","potions_obtained":[{"floor":5.0,"key":"CultistPotion"},{"floor":10.0,"key":"FearPotion"},{"floor":16.0,"key":"EntropicBrew"},{"floor":25,"key":"SteroidPotion"},{"floor":27,"key":"Dexterity Potion"}],"is_trial":false,"path_per_floor":["M","M","M","$","M","E","R","$","T","M","?","M","R","?","R","B",null,"M","?","$","M","?","R","?","M","T","M"],"character_chosen":"DEFECT","items_purchased":["Conserve Battery","Self Repair","Static Discharge","Sling","Cold Snap","Doom and Gloom","Loop"],"campfire_rested":3,"item_purchase_floors":[4,4,8,20,20,20,20],"current_hp_per_floor":[75,69,68,68,70,63,75,75,75,72,57,54,75,75,75,75,75,45,45,45,30,30,52,52,41,41,21,21],"gold":153,"neow_bonus":"ONE_RANDOM_RARE_CARD","is_daily":false,"chose_seed":false,"campfire_upgraded":0,"win_rate":0.0,"timestamp":1614368442,"path_taken":["M","M","M","$","M","E","R","$","T","M","?","M","R","?","R","BOSS","M","?","$","M","?","R","?","M","T","M"],"items_purchased_type":["Card","Card","Card","Relic","Card","Card","Card"],"build_version":"2020-12-22","purchased_purges":0,"victory":false,"max_hp_per_floor":[75,75,75,75,75,75,75,75,75,75,75,75,75,75,75,75,75,75,75,75,75,75,75,75,75,75,75,75],"card_choices":[{"not_picked":["Compile Driver","Go for the Eyes"],"picked":"Glacier","floor":1.0},{"not_picked":["Rip and Tear","Compile Driver"],"picked":"Ball Lightning","floor":2.0},{"not_picked":["Glacier","Hello World"],"picked":"Redo","floor":3.0},{"not_picked":["Conserve Battery","Sweeping Beam"],"picked":"Ball Lightning","floor":5.0},{"not_picked":["Glacier","Force Field","Beam Cell"],"picked":"SKIP","floor":6.0},{"not_picked":["Recycle","Barrage"],"picked":"Ball Lightning","floor":10.0},{"not_picked":["Steam Power","Hologram"],"picked":"Ball Lightning","floor":12.0},{"not_picked":["Buffer","Seek"],"picked":"Rainbow","floor":16.0},{"not_picked":["Barrage","Coolheaded"],"picked":"Melter","floor":18},{"not_picked":["Compile Driver","Coolheaded+1"],"picked":"Melter+1","floor":21},{"not_picked":["Coolheaded","Conserve Battery"],"picked":"Capacitor","floor":25}],"player_experience":4493691,"relics_obtained":[{"floor":6.0,"key":"Whetstone"},{"floor":26,"key":"Eternal Feather"}],"event_choices":[{"damage_healed":0.0,"max_hp_gain":0.0,"max_hp_loss":0.0,"gold_gain":0.0,"event_name":"Shining Light","player_choice":"Entered Light","floor":11.0,"gold_loss":0.0,"damage_taken":15.0,"cards_upgraded":["Conserve Battery","Glacier"]},{"damage_healed":0.0,"max_hp_gain":0.0,"max_hp_loss":0.0,"gold_gain":175.0,"event_name":"Liars Game","player_choice":"AGREE","floor":14.0,"gold_loss":0.0,"damage_taken":0.0,"cards_obtained":["Doubt"]},{"damage_healed":0,"gold_gain":0,"player_choice":"Simplicity","damage_taken":0,"max_hp_gain":0,"max_hp_loss":0,"event_name":"Back to Basics","floor":19,"gold_loss":0,"cards_upgraded":["Strike_B","Strike_B","Strike_B","Defend_B","Defend_B","Defend_B","Defend_B"]},{"damage_healed":0,"gold_gain":0,"player_choice":"Smashed Altar","damage_taken":0,"max_hp_gain":0,"max_hp_loss":0,"event_name":"Forgotten Altar","floor":22,"gold_loss":0,"cards_obtained":["Decay"]},{"damage_healed":0,"gold_gain":0,"player_choice":"Inject Mutagens","damage_taken":0,"relics_obtained":["MutagenicStrength"],"max_hp_gain":0,"max_hp_loss":0,"event_name":"Drug Dealer","floor":24,"gold_loss":0}],"is_beta":false,"boss_relics":[{"not_picked":["Philosopher\u0027s Stone","SacredBark"],"picked":"Black Star"}],"items_purged_floors":[],"is_endless":false,"potions_floor_spawned":[5,10,16,25,27],"killed_by":"3 Cultists","ascension_level":0}}