{"host":"vfg9szunmpjwj08o","time":1614335974,"event":{"mods":["Act Like it!","BaseMod","BetterRewards","Bossed Relics","Challenge The Spire","Colored Map","Colored Powertips","Dark Map","Highlight Path","Minty Spire (QoL Compilation)","Quick Restart","Relic Stats","StSLib","Waifu the Spire","everything is the same but u backflip on backflip"],"gold_per_floor":[118,133,133,8,8,36,52,62,62,62,82,100,30,64,64,64,64],"floor_reached":16,"language":"ENG","playtime":789,"items_purged":["Strike_P"],"score":174,"play_id":"dc081259-2330-42d9-ad86-2946eedb45e4","local_time":"20210226113934","is_ascension_mode":true,"campfire_choices":[{"floor":10,"key":"REST"},{"data":"Vault","floor":15,"key":"SMITH"}],"circlet_count":0,"master_deck":["AscendersBane","Strike_P","Defend_P","Defend_P","Defend_P","Eruption+1","Vigilance","BowlingBash","CutThroughFate","PathToVictory","Vault+1","EmptyBody","Sanctity","Nirvana","Nirvana"],"relics":["PureWater","Dream Catcher","Bird Faced Urn"],"acts_visited":["Exordium"],"potions_floor_usage":[14,14],"damage_taken":[{"damage":0,"enemies":"Jaw Worm","floor":1,"turns":3},{"damage":3,"enemies":"Small Slimes","floor":2,"turns":3},{"damage":24,"enemies":"3 Sentries","floor":6,"turns":5},{"damage":2,"enemies":"Cultist","floor":7,"turns":3},{"damage":3,"enemies":"Looter","floor":8,"turns":2},{"damage":3,"enemies":"Blue Slaver","floor":11,"turns":4},{"damage":0,"enemies":"Large Slime","floor":12,"turns":4},{"damage":5,"enemies":"Lagavulin","floor":14,"turns":7},{"damage":39,"enemies":"Hexaghost","floor":16,"turns":12}],"seed_played":"8472622552476200369","potions_obtained":[{"floor":6,"key":"EssenceOfSteel"},{"floor":8,"key":"Strength Potion"},{"floor":11,"key":"Dexterity Potion"}],"is_trial":false,"path_per_floor":["M","M","?","$","?","E","M","M","T","R","M","M","$","E","R","B"],"character_chosen":"WATCHER","items_purchased":["PathToVictory","Nirvana"],"campfire_rested":1,"item_purchase_floors":[4,13],"current_hp_per_floor":[47,44,44,44,44,20,18,15,15,36,33,33,33,28,28,0,0],"gold":64,"neow_bonus":"REMOVE_TWO","is_daily":false,"chose_seed":false,"campfire_upgraded":1,"win_rate":0.0,"timestamp":1614335974,"path_taken":["M","M","?","$","?","E","M","M","T","R","M","?","$","E","R","BOSS"],"items_purchased_type":["Card","Card"],"build_version":"2020-12-22","purchased_purges":1,"victory":false,"max_hp_per_floor":[72,72,72,72,72,72,72,72,72,72,72,72,72,72,72,72,72],"relic_stats":{"Dream Catcher":1,"counters":[9,43],"Bird Faced Urn":[4],"obtain_stats":[{"Dream Catcher":6,"Bird Faced Urn":14,"PureWater":0},{"Dream Catcher":3,"Bird Faced Urn":8,"PureWater":0},{"Dream Catcher":11,"Bird Faced Urn":31,"PureWater":0}]},"card_choices":[{"not_picked":["Vengeance","EmptyFist"],"picked":"BowlingBash","floor":1},{"not_picked":["InnerPeace","FlyingSleeves"],"picked":"CutThroughFate","floor":2},{"not_picked":["Protect","Vengeance","FollowUp"],"picked":"SKIP","floor":6},{"not_picked":["FollowUp","FlurryOfBlows","Evaluate"],"picked":"SKIP","floor":7},{"not_picked":["Crescendo","FlurryOfBlows","EmptyFist"],"picked":"SKIP","floor":8},{"not_picked":["Evaluate","JustLucky"],"picked":"Vault","floor":10},{"not_picked":["FlurryOfBlows","Indignation"],"picked":"EmptyBody","floor":11},{"not_picked":["Evaluate","CutThroughFate"],"picked":"Sanctity","floor":12},{"not_picked":["Evaluate","Perseverance"],"picked":"Nirvana","floor":14}],"player_experience":1122776,"relics_obtained":[{"floor":6,"key":"Dream Catcher"},{"floor":14,"key":"Bird Faced Urn"}],"event_choices":[{"cards_removed":["Strike_P"],"damage_healed":0,"gold_gain":0,"player_choice":"Forget","damage_taken":0,"max_hp_gain":0,"max_hp_loss":0,"event_name":"Living Wall","floor":3,"gold_loss":0},{"damage_healed":0,"gold_gain":0,"player_choice":"Forge","damage_taken":0,"max_hp_gain":0,"max_hp_loss":0,"event_name":"Accursed Blacksmith","floor":5,"gold_loss":0,"cards_upgraded":["Eruption"]}],"is_beta":false,"boss_relics":[],"items_purged_floors":[4],"is_endless":false,"potions_floor_spawned":[6,8,11],"killed_by":"Hexaghost","ascension_level":11}}