{"host":"z5bn7jsck728mmiq","time":1614305057,"event":{"mods":["BaseMod","Bestiary","DeckTracker","Minty Spire (QoL Compilation)","Permanent Neow","StSLib","Trackpad","Wide Potions"],"gold_per_floor":[114,39,39,54,54,84,84,114,164,164,194,194,209,209,209,309,309,324,345,360,72,87,87,87],"floor_reached":23,"language":"ENG","playtime":707,"items_purged":["Eruption"],"score":232,"play_id":"bb8ed869-1cb3-47b4-9e9e-f2448e714f40","local_time":"20210225180417","daily_mods":["Chimera","Time Dilation","Elite Swarm"],"is_ascension_mode":false,"campfire_choices":[{"floor":7,"key":"REST"},{"floor":10,"key":"REST"},{"data":"Echo Form","floor":12,"key":"SMITH"},{"data":"Turbo","floor":15,"key":"SMITH"}],"circlet_count":0,"master_deck":["Bash","Survivor","Zap+1","Strike_R+1","Strike_G","Strike_B","Defend_R","Defend_G","Defend_P","Go for the Eyes","Scrape+1","Echo Form+1","Core Surge","Turbo+1","Echo Form","Melter","Conserve Battery","Echo Form","Auto Shields","Defragment"],"relics":["Cracked Core","PreservedInsect","Centennial Puzzle","trackpad:WritersBlock","Smiling Mask","trackpad:Coffee","Red Mask","Matryoshka"],"acts_visited":["Exordium","TheCity"],"potions_floor_usage":[11,16,19,20],"damage_taken":[{"damage":0,"enemies":"2 Louse","floor":1,"turns":3},{"damage":7,"enemies":"Small Slimes","floor":4,"turns":3},{"damage":7,"enemies":"Gremlin Nob","floor":6,"turns":3},{"damage":25,"enemies":"3 Sentries","floor":8,"turns":4},{"damage":0,"enemies":"Gremlin Nob","floor":11,"turns":2},{"damage":5,"enemies":"Jaw Worm","floor":13,"turns":2},{"damage":44,"enemies":"The Guardian","floor":16,"turns":10},{"damage":25,"enemies":"Spheric Guardian","floor":18,"turns":4},{"damage":42,"enemies":"Masked Bandits","floor":19,"turns":5},{"damage":2,"enemies":"Shell Parasite","floor":20,"turns":3},{"damage":6,"enemies":"Cultist and Chosen","floor":22,"turns":6},{"damage":7,"enemies":"Book of Stabbing","floor":23,"turns":2}],"seed_played":"4728103701414758894","potions_obtained":[{"floor":8,"key":"AttackPotion"},{"floor":11,"key":"Regen Potion"},{"floor":16,"key":"SkillPotion"},{"floor":18,"key":"ColorlessPotion"},{"floor":19,"key":"BlessingOfTheForge"}],"is_trial":false,"path_per_floor":["M","$","?","M","?","E","R","E","T","R","E","R","M","?","R","B",null,"M","?","M","$","M","E"],"character_chosen":"DEFECT","items_purchased":["Matryoshka","Auto Shields"],"campfire_rested":2,"item_purchase_floors":[21,21],"current_hp_per_floor":[75,75,75,68,53,46,68,43,43,65,65,65,60,65,65,36,80,55,13,11,11,5,0,0],"gold":87,"neow_bonus":"","is_daily":true,"chose_seed":false,"campfire_upgraded":2,"win_rate":0.0,"timestamp":1614305057,"path_taken":["M","$","?","M","?","E","R","E","T","R","E","R","M","?","R","BOSS","M","?","M","$","M","E"],"items_purchased_type":["Relic","Card"],"build_version":"2020-12-22","purchased_purges":1,"victory":false,"max_hp_per_floor":[75,75,75,75,75,75,75,75,75,75,75,75,75,80,80,80,80,80,80,80,80,80,80,80],"card_choices":[{"not_picked":["Hologram","Skim"],"picked":"Go for the Eyes","floor":1},{"not_picked":["Consume","Redo"],"picked":"Scrape","floor":4},{"not_picked":["Reboot","Amplify"],"picked":"Echo Form","floor":6},{"not_picked":["Amplify","Hyperbeam"],"picked":"Core Surge","floor":8},{"not_picked":["Biased Cognition","Multi-Cast","Meteor Strike"],"picked":"SKIP","floor":11},{"not_picked":["Beam Cell","BootSequence"],"picked":"Turbo","floor":13},{"not_picked":["Multi-Cast","All For One"],"picked":"Echo Form","floor":16},{"not_picked":["Cold Snap","Heatsinks"],"picked":"Melter","floor":18},{"not_picked":["Stack","Redo"],"picked":"Conserve Battery","floor":19},{"not_picked":["Coolheaded","Streamline"],"picked":"Echo Form","floor":20},{"not_picked":["Compile Driver","Coolheaded"],"picked":"Defragment","floor":22}],"player_experience":109675,"relics_obtained":[{"floor":6,"key":"PreservedInsect"},{"floor":8,"key":"Centennial Puzzle"},{"floor":9,"key":"trackpad:WritersBlock"},{"floor":11,"key":"Smiling Mask"},{"floor":19,"key":"Red Mask"}],"event_choices":[{"damage_healed":0,"gold_gain":0,"player_choice":"Grow","damage_taken":0,"max_hp_gain":0,"max_hp_loss":0,"event_name":"Living Wall","floor":3,"gold_loss":0,"cards_upgraded":["Zap"]},{"damage_healed":0,"gold_gain":0,"player_choice":"Entered Light","damage_taken":15,"max_hp_gain":0,"max_hp_loss":0,"event_name":"Shining Light","floor":5,"gold_loss":0,"cards_upgraded":["Scrape","Strike_R"]},{"damage_healed":0,"gold_gain":0,"player_choice":"Donut","damage_taken":0,"max_hp_gain":5,"max_hp_loss":0,"event_name":"Big Fish","floor":14,"gold_loss":0},{"damage_healed":0,"gold_gain":0,"player_choice":"Fought Bandits","damage_taken":0,"max_hp_gain":0,"max_hp_loss":0,"event_name":"Masked Bandits","floor":19,"gold_loss":0}],"is_beta":false,"boss_relics":[{"not_picked":["Runic Dome","Snecko Eye"],"picked":"trackpad:Coffee"}],"items_purged_floors":[2],"is_endless":false,"potions_floor_spawned":[8,11,16,18,19],"killed_by":"Book of Stabbing","ascension_level":0}}