{"host":"hxbbrccw7ig68b38","time":1614323060,"event":{"mods":["BaseMod","Hermit","Minty Spire (QoL Compilation)","Replay The Spire","StSLib","The Cursed"],"gold_per_floor":[119,194,208,223,234,234,246,78,78,144,159,159,159,175,175,280,280,294,294,294,305,319,319,339,339,339,339,339,339,339],"floor_reached":29,"language":"KOR","playtime":900,"items_purged":["Time Bomb"],"score":217,"play_id":"301d0c7b-5034-4919-98d7-557bdf7da3f6","local_time":"20210226160420","is_ascension_mode":false,"campfire_choices":[{"floor":6,"key":"REST"},{"data":"Static Discharge","floor":12,"key":"SMITH"},{"floor":15,"key":"REST"},{"floor":23,"key":"REST"},{"floor":25,"key":"REST"},{"floor":27,"key":"REST"}],"circlet_count":0,"master_deck":["Strike_B","Strike_B","Strike_B","Strike_B","Defend_B","Defend_B","Defend_B","Defend_B","Zap","Dualcast","Panic Button","Static Discharge+1","Auto Shields","ReplayTheSpireMod:Omega Cannon+1","Redo","Streamline","Chaos","Sweeping Beam","Core Surge","ReplayTheSpireMod:Reroute Power+1","J.A.X.+1","Sunder","Gash+1","Steam+1"],"relics":["Cracked Core","Torii","Replay:Bronze Core","Replay:Accelerometer","Frozen Egg 2"],"acts_visited":["Exordium","TheCity"],"potions_floor_usage":[16,22],"damage_taken":[{"damage":13,"enemies":"Jaw Worm","floor":1,"turns":3},{"damage":0,"enemies":"Cultist","floor":3,"turns":3},{"damage":8,"enemies":"2 Louse","floor":4,"turns":2},{"damage":12,"enemies":"Large Slime","floor":5,"turns":7},{"damage":7,"enemies":"3 Louse","floor":7,"turns":3},{"damage":2,"enemies":"Gremlin Gang","floor":11,"turns":2},{"damage":6,"enemies":"Exordium Thugs","floor":14,"turns":3},{"damage":52,"enemies":"Hexaghost","floor":16,"turns":6},{"damage":28,"enemies":"2 Thieves","floor":18,"turns":4},{"damage":3,"enemies":"Spheric Guardian","floor":21,"turns":3},{"damage":29,"enemies":"Centurion and Healer","floor":22,"turns":5},{"damage":41,"enemies":"Snake Plant","floor":24,"turns":4},{"damage":56,"enemies":"Gremlin Leader","floor":29,"turns":5}],"seed_played":"5937827529783177959","potions_obtained":[{"floor":3,"key":"Energy Potion"},{"floor":16,"key":"Weak Potion"}],"is_trial":false,"path_per_floor":["M","?","M","M","M","R","M","$","T","?","M","R","?","M","R","B",null,"M","?","?","M","M","R","M","R","T","R","T","E"],"character_chosen":"DEFECT","items_purchased":["Redo","Streamline"],"campfire_rested":5,"item_purchase_floors":[8,8],"current_hp_per_floor":[67,59,59,51,39,63,56,56,56,56,54,54,54,48,72,20,80,52,52,52,49,20,44,3,27,27,51,51,0,0],"gold":339,"neow_bonus":"RANDOM_EVENT","is_daily":false,"chose_seed":false,"campfire_upgraded":1,"win_rate":0.0,"timestamp":1614323060,"path_taken":["M","?","M","M","?","R","M","$","T","?","M","R","?","M","R","BOSS","M","?","?","?","M","R","M","R","T","R","?","E"],"items_purchased_type":["Card","Card"],"build_version":"2020-12-22","purchased_purges":1,"victory":false,"max_hp_per_floor":[80,80,80,80,80,80,80,80,80,80,80,80,80,80,80,80,80,80,80,80,80,80,80,80,80,80,80,80,80,80],"card_choices":[{"not_picked":["Coolheaded","Self Repair"],"picked":"Time Bomb","floor":1},{"not_picked":["Steam","Sweeping Beam"],"picked":"Panic Button","floor":3},{"not_picked":["Coolheaded","Gash"],"picked":"Static Discharge","floor":4},{"not_picked":["Cold Snap","Beam Cell"],"picked":"Auto Shields","floor":5},{"not_picked":["Go for the Eyes","Rebound"],"picked":"ReplayTheSpireMod:Omega Cannon","floor":7},{"not_picked":["Panic Button","Stack"],"picked":"Chaos","floor":11},{"not_picked":["Turbo","ReplayTheSpireMod:Repulse"],"picked":"Sweeping Beam","floor":14},{"not_picked":["Machine Learning","Buffer"],"picked":"Core Surge","floor":16},{"not_picked":["Blizzard","Recycle"],"picked":"ReplayTheSpireMod:Reroute Power+1","floor":18},{"not_picked":["Hologram","Turbo"],"picked":"Sunder","floor":21},{"not_picked":["Rebound","Beam Cell"],"picked":"Gash+1","floor":22},{"not_picked":["Hologram","Amplify"],"picked":"Steam+1","floor":24}],"player_experience":118212,"relics_obtained":[{"floor":9,"key":"Torii"},{"floor":26,"key":"Replay:Accelerometer"},{"floor":28,"key":"Frozen Egg 2"}],"event_choices":[{"damage_healed":0,"gold_gain":0,"player_choice":"Donut","damage_taken":0,"max_hp_gain":5,"max_hp_loss":0,"event_name":"Big Fish","floor":0,"gold_loss":0},{"damage_healed":0,"gold_gain":75,"player_choice":"Touch","damage_taken":8,"max_hp_gain":0,"max_hp_loss":0,"event_name":"FaceTrader","floor":2,"gold_loss":0},{"damage_healed":0,"gold_gain":66,"player_choice":"Gained Gold","damage_taken":0,"max_hp_gain":0,"max_hp_loss":0,"event_name":"Golden Wing","floor":10,"gold_loss":0},{"damage_healed":0,"gold_gain":0,"player_choice":"Grow","damage_taken":0,"max_hp_gain":0,"max_hp_loss":0,"event_name":"Living Wall","floor":13,"gold_loss":0,"cards_upgraded":["ReplayTheSpireMod:Omega Cannon"]},{"damage_healed":0,"gold_gain":0,"player_choice":"Obtain J.A.X.","damage_taken":0,"max_hp_gain":0,"max_hp_loss":0,"event_name":"Drug Dealer","floor":19,"gold_loss":0,"cards_obtained":["J.A.X."]},{"damage_healed":0,"gold_gain":0,"player_choice":"Forge","damage_taken":0,"max_hp_gain":0,"max_hp_loss":0,"event_name":"Accursed Blacksmith","floor":20,"gold_loss":0,"cards_upgraded":["J.A.X."]}],"is_beta":false,"boss_relics":[{"not_picked":["Replay:Ancient Bell","Ectoplasm"],"picked":"Replay:Bronze Core"}],"items_purged_floors":[8],"is_endless":false,"potions_floor_spawned":[3,16],"killed_by":"Gremlin Leader","ascension_level":0}}