{"host":"40e4adzyl212zebh","time":1614344875,"event":{"mods":["Act Like it!","BaseMod","Colored Map","Colored Powertips","DeckTracker","Gensokyo","Minty Spire (QoL Compilation)","Quick Restart","Random Character Button","Relic Stats","StSLib"],"gold_per_floor":[117,133,133,133,4,4,38,50,77,277,277],"floor_reached":10,"language":"JPN","playtime":581,"items_purged":[],"score":122,"play_id":"ab0a1bd0-6a73-4d7c-bf90-d20167800852","local_time":"20210226220755","is_ascension_mode":true,"campfire_choices":[{"data":"Dagger Spray","floor":6,"key":"SMITH"}],"circlet_count":0,"master_deck":["AscendersBane","Strike_G","Strike_G","Strike_G","Strike_G","Strike_G","Defend_G","Defend_G","Defend_G","Defend_G","Defend_G","Survivor","Neutralize","Endless Agony","Footwork","Dagger Spray+1","Dodge and Roll","Injury","Gensokyo:RustyChest","Gensokyo:BlemishedSteel","Skewer","Wraith Form v2"],"relics":["Ring of the Snake","FossilizedHelix","Bag of Marbles","Juzu Bracelet","Omamori"],"acts_visited":["Exordium"],"potions_floor_usage":[7,10],"damage_taken":[{"damage":0,"enemies":"Gensokyo:Python","floor":1,"turns":4},{"damage":0,"enemies":"Gensokyo:2_Kodama","floor":2,"turns":3},{"damage":46,"enemies":"Gensokyo:Aya","floor":7,"turns":12},{"damage":0,"enemies":"Gensokyo:3_Fairies","floor":8,"turns":3},{"damage":28,"enemies":"Gensokyo:Cirno","floor":10,"turns":6}],"seed_played":"2902448572875595522","potions_obtained":[{"floor":2,"key":"Block Potion"},{"floor":7,"key":"Regen Potion"},{"floor":8,"key":"FearPotion"}],"is_trial":false,"path_per_floor":["M","M","?","?","COS","R","E","M","T","E"],"character_chosen":"THE_SILENT","items_purchased":[],"campfire_rested":0,"item_purchase_floors":[],"current_hp_per_floor":[59,59,59,59,59,59,13,13,13,0,0],"gold":277,"neow_bonus":"ONE_RARE_RELIC","is_daily":false,"chose_seed":false,"campfire_upgraded":1,"win_rate":0.0,"timestamp":1614344875,"path_taken":["M","M","?","?","COS","R","E","M","T","E"],"items_purchased_type":[],"build_version":"2020-12-22","purchased_purges":0,"victory":false,"max_hp_per_floor":[60,60,60,60,60,60,60,60,60,60,60],"relic_stats":{"counters":[5,28],"Juzu Bracelet":0,"obtain_stats":[{"Bag of Marbles":4,"Juzu Bracelet":7,"Omamori":9,"FossilizedHelix":0,"Ring of the Snake":0},{"Bag of Marbles":2,"Juzu Bracelet":3,"Omamori":4,"FossilizedHelix":0,"Ring of the Snake":0},{"Bag of Marbles":7,"Juzu Bracelet":19,"Omamori":22,"FossilizedHelix":0,"Ring of the Snake":0}],"Ring of the Snake":[10]},"card_choices":[{"not_picked":["Cloak And Dagger","Blur"],"picked":"Endless Agony","floor":1},{"not_picked":["Accuracy","Dodge and Roll"],"picked":"Footwork","floor":2},{"not_picked":["Sucker Punch","Endless Agony"],"picked":"Dagger Spray","floor":3},{"not_picked":["Calculated Gamble","Skewer"],"picked":"Dodge and Roll","floor":3},{"not_picked":["Eviscerate","Bane"],"picked":"Skewer","floor":7},{"not_picked":["Deadly Poison","Concentrate"],"picked":"Wraith Form v2","floor":8}],"player_experience":619432,"relics_obtained":[{"floor":7,"key":"Juzu Bracelet"},{"floor":9,"key":"Omamori"}],"event_choices":[],"is_beta":false,"boss_relics":[],"items_purged_floors":[],"is_endless":false,"potions_floor_spawned":[2,7,8],"killed_by":"Gensokyo:Cirno","ascension_level":20}}