{"host":"z3m7ofiwbo1p8b5b","time":1614365977,"event":{"mods":["BaseMod","BetterRewards","Downfall","Minty Spire (QoL Compilation)","Replay The Spire","StSLib"],"gold_per_floor":[110,110,34,34,48,48,64,64,64,64,97,247,247,266,266,266,266],"floor_reached":16,"language":"ENG","playtime":894,"items_purged":[],"score":98,"play_id":"825e1c34-2e0e-410f-b5c4-3002b79804e0","local_time":"20210226135937","daily_mods":["Heirloom","DeadlyEvents"],"is_ascension_mode":false,"campfire_choices":[{"data":"Infinite Blades","floor":6,"key":"SMITH"},{"floor":10,"key":"REST"},{"floor":13,"key":"REST"},{"data":"Riddle With Holes","floor":15,"key":"SMITH"}],"circlet_count":0,"master_deck":["Strike_G","Strike_G","Strike_G","Strike_G","Strike_G","Defend_G","Defend_G","Defend_G","Defend_G","Defend_G","Survivor","Neutralize","Riddle With Holes+1","Infinite Blades+1","Dagger Spray","Dodge and Roll"],"relics":["Ring of the Snake","Unceasing Top","Omamori","Frozen Egg 2","CaptainsWheel","ReplayTheSpireMod:CursedCoin"],"acts_visited":["Exordium"],"potions_floor_usage":[11,11,16],"damage_taken":[{"damage":7,"enemies":"Jaw Worm","floor":1,"turns":8},{"damage":0,"enemies":"Cultist","floor":5,"turns":3},{"damage":2,"enemies":"Small Slimes","floor":7,"turns":2},{"damage":18,"enemies":"Gremlin Nob","floor":11,"turns":4},{"damage":7,"enemies":"3 Louse","floor":14,"turns":3},{"damage":74,"enemies":"Hexaghost","floor":16,"turns":15}],"seed_played":"-2211880465684680417","potions_obtained":[{"floor":1,"key":"champ:CounterPotion"},{"floor":11,"key":"Fruit Juice"},{"floor":14,"key":"SpeedPotion"}],"is_trial":true,"path_per_floor":["M","?","$","T","M","R","M","$","T","R","E","$","R","M","R","B"],"character_chosen":"THE_SILENT","items_purchased":["Infinite Blades","ReplayTheSpireMod:CursedCoin"],"campfire_rested":2,"item_purchase_floors":[3,12],"current_hp_per_floor":[63,63,63,63,63,63,61,61,61,70,57,57,75,68,68,0,0],"gold":266,"neow_bonus":"","is_daily":false,"chose_seed":false,"campfire_upgraded":2,"win_rate":0.0,"timestamp":1614365977,"path_taken":["M","?","$","?","M","R","M","$","T","R","E","?","R","?","R","BOSS"],"items_purchased_type":["Card","Relic"],"build_version":"2020-12-22","purchased_purges":0,"victory":false,"max_hp_per_floor":[70,70,70,70,70,70,70,70,70,70,75,75,75,75,75,75,75],"card_choices":[{"not_picked":["Cloak And Dagger","Prepared"],"picked":"Riddle With Holes","floor":1},{"not_picked":["Choke","Prepared"],"picked":"Dagger Spray","floor":5},{"not_picked":["Deadly Poison","Bane","Escape Plan"],"picked":"SKIP","floor":7},{"not_picked":["Acrobatics","Prepared","Glass Knife"],"picked":"SKIP","floor":11},{"not_picked":["Bane","Flechettes"],"picked":"Dodge and Roll","floor":14}],"player_experience":229722,"relics_obtained":[{"floor":4,"key":"Omamori"},{"floor":9,"key":"Frozen Egg 2"},{"floor":11,"key":"CaptainsWheel"}],"event_choices":[{"damage_healed":0,"gold_gain":0,"player_choice":"Ignored","damage_taken":0,"max_hp_gain":0,"max_hp_loss":0,"event_name":"Purifier","floor":2,"gold_loss":0}],"is_beta":false,"boss_relics":[],"items_purged_floors":[],"is_endless":false,"potions_floor_spawned":[1,11,14],"killed_by":"Hexaghost","ascension_level":0}}