{"host":"lvs2wt6hnb8ekxok","time":1614324473,"event":{"mods":["Act Like it!","Arknights","Ascension Reborn","Bartender","BaseMod","BetterRewards","Card Forge","Challenge The Spire","Custom Start","Downfall","Elementarium","Friendly Minions","Gensokyo","GifTheSpireLib","Halation","Hallownest","Hero for Fun","Hubris","Infinite Spire","Kiyohime????","Lobotomy","Menagerie","Minty Spire (QoL Compilation)","Relic Filter","Relic Stats","Replay The Spire","Reworked Bosses","Ruina","SOS???????","StSLib","Stuff the Spire","Td1madao Mod","The Animator","The Bladedancer","The Bug Knight","The Death Knight","The Exalted","The Forsaken","The Servant 0.9.4","Wandering Minibosses","???Mod??????Boss","???mod?????"],"gold_per_floor":[584,584,584,584,584],"floor_reached":3,"language":"ENG","playtime":241,"items_purged":[],"score":30,"play_id":"0931fb46-5ecd-417b-9e03-2bc8f00bbf53","local_time":"20210225232753","daily_mods":["challengethespire:Platinum Difficulty","challengethespire:Modded Elite Rush","Uncertain Future"],"is_ascension_mode":true,"campfire_choices":[{"floor":2,"key":"RECALL"}],"circlet_count":0,"master_deck":["AscendersBane","Guardian:Strike_Guardian+1","Guardian:Strike_Guardian","Guardian:Strike_Guardian","Guardian:Strike_Guardian+1","Guardian:Defend_Guardian+1","Guardian:Defend_Guardian+1","Guardian:Defend_Guardian+1","Guardian:Defend_Guardian+1","Guardian:CurlUp+1","Guardian:TwinSlam+1"],"relics":["Guardian:ModeShifter","Hammer of Thor","Seething Fire","Anvil of the Gods","Black Star","Sling","PreservedInsect","Vajra"],"acts_visited":["Exordium"],"potions_floor_usage":[],"damage_taken":[{"damage":40,"enemies":"HollowMod:MossKnight","floor":3,"turns":14}],"seed_played":"7813125290102744555","potions_obtained":[],"is_trial":true,"path_per_floor":["$","R","E"],"character_chosen":"GUARDIAN","items_purchased":["Vajra"],"campfire_rested":0,"item_purchase_floors":[1],"current_hp_per_floor":[65,65,25,25,25],"gold":584,"neow_bonus":"","is_daily":false,"chose_seed":false,"campfire_upgraded":0,"win_rate":0.0,"timestamp":1614324473,"path_taken":["$","R","E"],"items_purchased_type":["Relic"],"build_version":"2020-12-22","purchased_purges":0,"victory":false,"max_hp_per_floor":[72,72,72,72,72],"relic_stats":{"counters":[1,14],"PreservedInsect":24,"Black Star":0,"obtain_stats":[{"Anvil of the Gods":0,"Guardian:ModeShifter":0,"Vajra":1,"Hammer of Thor":0,"PreservedInsect":0,"Black Star":0,"Seething Fire":0,"Sling":0},{"Anvil of the Gods":0,"Guardian:ModeShifter":0,"Vajra":0,"Hammer of Thor":0,"PreservedInsect":0,"Black Star":0,"Seething Fire":0,"Sling":0},{"Anvil of the Gods":0,"Guardian:ModeShifter":0,"Vajra":0,"Hammer of Thor":0,"PreservedInsect":0,"Black Star":0,"Seething Fire":0,"Sling":0}]},"card_choices":[],"player_experience":124910,"relics_obtained":[],"event_choices":[],"is_beta":false,"boss_relics":[],"items_purged_floors":[],"is_endless":false,"potions_floor_spawned":[],"killed_by":"HollowMod:MossKnight","ascension_level":20}}