{"host":"7wwmf5ihvdzput8s","time":1614329473,"event":{"mods":["BaseMod","Minty Spire (QoL Compilation)","Quick Restart","Replay The Spire","StSLib","UnlockEverythingMod"],"gold_per_floor":[118,118,138,138,148,179,209,235,235,235,235,264,594,624,624,696,796,814,739,739,758,658,693,693,724,724,750,750,416,443,476,476,554,554,572,23,0,20,20,54,54,71,123,23,50,68,97,132,132,132,132],"floor_reached":52,"language":"ZHS","playtime":745,"items_purged":["Bane","Replay:Undeath\u0027s Touch","Spreading Infection"],"score":3441,"play_id":"c18bd614-c176-44a1-9cb6-73670f8e21c3","local_time":"20210226165113","daily_mods":["SealedDeck","Vintage","Green Cards","Purple Cards","Heirloom","Time Dilation","Flight","DeadlyEvents","Elite Swarm","Lethality","Night Terrors"],"is_ascension_mode":true,"campfire_choices":[{"data":"Sword Boomerang","floor":10.0,"key":"SMITH"},{"data":"Pot Of Greed","floor":24,"key":"SMITH"},{"data":"Pot Of Greed","floor":28,"key":"SMITH"},{"floor":32,"key":"DIG"}],"circlet_count":0,"master_deck":["AscendersBane","Consecrate","Sword Boomerang","Slice","Consecrate","FlurryOfBlows","Consecrate","Crescendo","Sword Boomerang+1","Pot Of Greed+1","Offering+1","Pot Of Greed+1","Scrawl+1","Sword Boomerang+1","Sword Boomerang+1","Sword Boomerang+1","Pummel+1"],"relics":["Unceasing Top","TungstenRod","Grinning Jar","PreservedInsect","NeowsBlessing","Golden Egg","Meat on the Bone","Mercury Hourglass","Durian","Iron Hammer","Oddly Smooth Stone","Old Coin","Bottled Flame","Replay:Wanted Poster","White Beast Statue","Counterbalance","Sundial","Mango","The Courier","Pear","Frozen Eye","Onion Ring","Mummified Hand","Eternal Feather","Quantum Egg","Fusion Hammer","Magic Flower","Chameleon Ring","DollysMirror","Pen Nib","Red Mask","Blue Candle","Matryoshka","ReplayTheSpireMod:Ring of Challenge","Ring of Fury","MealTicket","Replay:Rubber Ducky","Centennial Puzzle","Shuriken","Dream Catcher","Calipers","Regal Pillow"],"acts_visited":["Exordium","TheCity","TheBeyond"],"potions_floor_usage":[30,50,51],"damage_taken":[{"damage":0.0,"enemies":"Small Slimes","floor":1.0,"turns":1.0},{"damage":0.0,"enemies":"2 Louse","floor":3.0,"turns":1.0},{"damage":0.0,"enemies":"Jaw Worm","floor":5.0,"turns":1.0},{"damage":0.0,"enemies":"3 Sentries","floor":6.0,"turns":1.0},{"damage":5.0,"enemies":"Gremlin Nob","floor":7.0,"turns":1.0},{"damage":0.0,"enemies":"Lagavulin","floor":8.0,"turns":2.0},{"damage":5.0,"enemies":"3 Sentries","floor":12.0,"turns":1.0},{"damage":0.0,"enemies":"Gremlin Nob","floor":13.0,"turns":1.0},{"damage":0.0,"enemies":"Lagavulin","floor":14.0,"turns":1.0},{"damage":5.0,"enemies":"Slime Boss","floor":16.0,"turns":1.0},{"damage":0.0,"enemies":"3 Byrds","floor":18.0,"turns":1.0},{"damage":0.0,"enemies":"2 Thieves","floor":21.0,"turns":1.0},{"damage":0,"enemies":"Book of Stabbing","floor":23,"turns":1},{"damage":0,"enemies":"Slavers","floor":25,"turns":1},{"damage":0,"enemies":"Gremlin Leader","floor":27,"turns":1},{"damage":0,"enemies":"Book of Stabbing","floor":30,"turns":1},{"damage":0,"enemies":"Gremlin Leader","floor":31,"turns":1},{"damage":0,"enemies":"Pondfish","floor":33,"turns":1},{"damage":0,"enemies":"3 Shapes","floor":35,"turns":1},{"damage":0,"enemies":"Orb Walker","floor":38,"turns":1},{"damage":0,"enemies":"Reptomancer","floor":40,"turns":1},{"damage":9,"enemies":"Jaw Worm Horde","floor":42,"turns":1},{"damage":0,"enemies":"R_Hoarder","floor":45,"turns":1},{"damage":4,"enemies":"Transient","floor":46,"turns":1},{"damage":5,"enemies":"Reptomancer","floor":47,"turns":1},{"damage":0,"enemies":"R_Hoarder","floor":48,"turns":1},{"damage":5,"enemies":"Time Eater","floor":50,"turns":1},{"damage":0,"enemies":"Awakened One","floor":51,"turns":2}],"seed_played":"3188420373506723842","potions_obtained":[{"floor":3.0,"key":"Strength Potion"},{"floor":7.0,"key":"ElixirPotion"},{"floor":27,"key":"Elixir"},{"floor":30,"key":"Explosive Potion"},{"floor":33,"key":"Strength Potion"},{"floor":35,"key":"DistilledChaos"}],"is_trial":true,"path_per_floor":["M","?","M","WH","M","E","E","E","T","R","?","E","E","E","R","B",null,"M","$","?","M","$","E","R","E","T","E","R","$","E","E","R","B",null,"M","$","?","M","?","E","?","M","T","$","E","M","E","E","R","B","B",null],"character_chosen":"IRONCLAD","items_purchased":["Frozen Eye","Onion Ring","Chameleon Ring","DollysMirror","Pen Nib","Sword Boomerang","Pummel"],"campfire_rested":0,"item_purchase_floors":[29,29,36,36,36,36,36],"current_hp_per_floor":[68,68,68,68,68,68,63,68,68,68,73,68,68,68,68,63,80,80,80,80,80,80,80,80,94,94,104,104,104,104,104,109,109,109,109,109,109,109,104,104,104,95,95,104,104,100,95,95,104,99,99],"gold":132,"neow_bonus":"THREE_ENEMY_KILL","is_daily":false,"chose_seed":false,"campfire_upgraded":3,"win_rate":0.0,"timestamp":1614329473,"path_taken":["M","?","M","WH","M","E","E","E","T","R","?","E","E","E","R","BOSS","M","$","?","?","$","E","R","E","T","E","R","$","E","E","R","BOSS","M","$","?","M","?","E","?","?","T","?","?","?","E","E","R","BOSS","BOSS"],"items_purchased_type":["Relic","Relic","Relic","Relic","Relic","Card","Card"],"build_version":"2020-12-22","purchased_purges":3,"victory":true,"max_hp_per_floor":[75,75,75,75,75,75,75,80,80,80,85,85,85,85,85,85,85,85,85,85,85,85,85,85,99,99,109,109,109,109,109,109,109,109,109,109,109,109,104,104,104,104,104,104,104,104,104,104,104,104,104],"card_choices":[{"not_picked":["MasterReality","SpiritShield"],"picked":"Offering","floor":6.0},{"not_picked":["A Thousand Cuts","Devotion","DeusExMachina"],"picked":"SKIP","floor":7.0},{"not_picked":["Envenom","Reaper","Corpse Explosion"],"picked":"SKIP","floor":8.0},{"not_picked":["Vault","ConjureBlade","Brilliance"],"picked":"SKIP","floor":12.0},{"not_picked":["Reaper","LessonLearned","A Thousand Cuts"],"picked":"SKIP","floor":13.0},{"not_picked":["Malaise","Eclipse","Unload"],"picked":"SKIP","floor":14.0},{"not_picked":["Wish","Reaper","Malaise"],"picked":"SKIP","floor":23},{"not_picked":["Replay:AllIn","Alpha","Exhume"],"picked":"SKIP","floor":25},{"not_picked":["Wraith Form v2","Alpha","Eclipse"],"picked":"SKIP","floor":27},{"not_picked":["Brilliance","Replay:Many Hands"],"picked":"Scrawl","floor":30},{"not_picked":["Hemogenesis","Die Die Die","LessonLearned"],"picked":"SKIP","floor":31},{"not_picked":["Wraith Form v2","Barricade","Judgement"],"picked":"SKIP","floor":40},{"not_picked":["Devotion","Glass Knife","Vault"],"picked":"SKIP","floor":45},{"not_picked":["Corruption","Storm of Steel","A Thousand Cuts"],"picked":"SKIP","floor":47},{"not_picked":["Omniscience","Demonic Infusion","Envenom"],"picked":"SKIP","floor":48}],"player_experience":85357,"relics_obtained":[{"floor":1.0,"key":"Grinning Jar"},{"floor":3.0,"key":"PreservedInsect"},{"floor":5.0,"key":"Golden Egg"},{"floor":6.0,"key":"Meat on the Bone"},{"floor":7.0,"key":"Mercury Hourglass"},{"floor":8.0,"key":"Durian"},{"floor":9.0,"key":"Iron Hammer"},{"floor":12.0,"key":"Oddly Smooth Stone"},{"floor":13.0,"key":"Old Coin"},{"floor":14.0,"key":"Bottled Flame"},{"floor":18.0,"key":"White Beast Statue"},{"floor":21.0,"key":"Counterbalance"},{"floor":23,"key":"Sundial"},{"floor":25,"key":"Mango"},{"floor":26,"key":"The Courier"},{"floor":27,"key":"Pear"},{"floor":30,"key":"Mummified Hand"},{"floor":31,"key":"Eternal Feather"},{"floor":32,"key":"Quantum Egg"},{"floor":35,"key":"Magic Flower"},{"floor":38,"key":"Blue Candle"},{"floor":40,"key":"Matryoshka"},{"floor":41,"key":"ReplayTheSpireMod:Ring of Challenge"},{"floor":41,"key":"Ring of Fury"},{"floor":42,"key":"MealTicket"},{"floor":43,"key":"Replay:Rubber Ducky"},{"floor":43,"key":"Centennial Puzzle"},{"floor":45,"key":"Shuriken"},{"floor":46,"key":"Dream Catcher"},{"floor":47,"key":"Calipers"},{"floor":48,"key":"Regal Pillow"}],"event_choices":[{"damage_healed":0.0,"max_hp_gain":0.0,"max_hp_loss":0.0,"gold_gain":0.0,"event_name":"Shining Light","player_choice":"Ignored","floor":2.0,"gold_loss":0.0,"damage_taken":0.0},{"damage_healed":0.0,"max_hp_gain":5.0,"max_hp_loss":0.0,"gold_gain":0.0,"event_name":"Big Fish","player_choice":"Donut","floor":11.0,"gold_loss":0.0,"damage_taken":0.0},{"damage_healed":0.0,"max_hp_gain":0.0,"max_hp_loss":0.0,"gold_gain":0.0,"event_name":"Vampires","player_choice":"Ignored","floor":20.0,"gold_loss":0.0,"damage_taken":0.0},{"damage_healed":0,"gold_gain":0,"player_choice":"Paid","damage_taken":0,"relics_obtained":["Red Mask"],"max_hp_gain":0,"max_hp_loss":0,"event_name":"Tomb of Lord Red Mask","floor":37,"gold_loss":23},{"damage_healed":0,"gold_gain":0,"player_choice":"Max HP","damage_taken":0,"max_hp_gain":0,"max_hp_loss":5,"event_name":"Winding Halls","floor":39,"gold_loss":0}],"is_beta":false,"boss_relics":[{"not_picked":["Replay:Drink Me","Calling Bell"],"picked":"Replay:Wanted Poster"},{"not_picked":["Cursed Key","Velvet Choker"],"picked":"Fusion Hammer"}],"items_purged_floors":[19,22,44],"is_endless":false,"potions_floor_spawned":[3,7,12,13,16,21,23,25,27,30,31,33,35,38,40,42,45,46,47,48],"ascension_level":20}}