{"host":"i9z6y8pcdeu2qxnx","time":1614310342,"event":{"mods":["BaseMod","Colored Map","Googly Eyes","Highlight Path","Minty Spire (QoL Compilation)","Replay The Spire","StSLib"],"gold_per_floor":[114,129,25,25,75,115,115,159,209,253,314,314,75,119,119,231,231,270,305,336,36,89,143,186,186,211,8,39,39,77,112,112,226,226,281,503,503,44,97,97,125,125],"floor_reached":41,"language":"ENG","playtime":3729,"items_purged":["ReplayTheSpireMod:Splinters","Delirium","Sickly","Shame"],"score":830,"play_id":"86c5e23d-07cc-4742-acff-72c324ea55da","local_time":"20210225223222","daily_mods":["Chimera","Time Dilation","Elite Swarm"],"is_ascension_mode":false,"campfire_choices":[{"data":"Aggregate","floor":7,"key":"SMITH"},{"floor":12,"key":"REST"},{"floor":15,"key":"REST"},{"floor":25,"key":"REST"},{"floor":29,"key":"REST"},{"floor":32,"key":"REST"},{"floor":40,"key":"REST"}],"circlet_count":0,"master_deck":["Bash","Survivor","Zap+1","Eruption","Strike_R+1","Strike_G","Strike_B","Defend_R","Defend_G+1","Defend_P","Cold Snap","Aggregate+1","Compile Driver","Barrage","Mirror Shield","Buffer","ReplayTheSpireMod:Faulty Equipment","Core Surge","Conserve Battery","Turbo","ReplayTheSpireMod:Faulty Equipment","All For One","Seek","ReplayTheSpireMod:IOU","Rebound","Sweeping Beam","Stack","Sweeping Beam","Conserve Battery+1","ReplaySolidLightProjector","Sunder","Skim","Core Surge","Gash","Beam Cell","Beam Cell","Leap","Decay","Steam+1","Rainbow","Redo","ReplayTheSpireMod:IOU","Mirror Shield","Sweeping Beam+1","Clumsy","Bandage Up","Redo","Barrage","Streamline+1"],"relics":["Cracked Core","Ring of Greed","ReplayTheSpireMod:Ring of Exchange","Blue Doll","Replay:Bandana","ReplayTheSpireMod:Ninjato","Replay:Baseball","Blood Vial","Replay:Kaleidoscope","Nunchaku","Toolbox","Symbiotic Virus","Runic Capacitor","Red Mask","BargainBundle","Thread and Needle","Simple Rune","Replay:Bottled Flurry","Nuclear Battery","Pantograph"],"acts_visited":["Exordium","TheCity","TheBeyond"],"potions_floor_usage":[10,14,19,19,23,30,33,33,41],"damage_taken":[{"damage":0,"enemies":"2 Louse","floor":1,"turns":4},{"damage":0,"enemies":"Small Slimes","floor":2,"turns":3},{"damage":12,"enemies":"Replay:BlueRogue","floor":6,"turns":5},{"damage":6,"enemies":"3 Sentries","floor":8,"turns":8},{"damage":24,"enemies":"Lagavulin","floor":10,"turns":6},{"damage":0,"enemies":"Gremlin Nob","floor":14,"turns":4},{"damage":0,"enemies":"Slime Boss","floor":16,"turns":5},{"damage":3,"enemies":"3 Byrds","floor":18,"turns":4},{"damage":26,"enemies":"Masked Bandits","floor":19,"turns":6},{"damage":10,"enemies":"Spheric Guardian","floor":20,"turns":3},{"damage":13,"enemies":"Shelled Parasite and Fungi","floor":22,"turns":5},{"damage":11,"enemies":"Gremlin Leader","floor":23,"turns":6},{"damage":0,"enemies":"Cultist and Chosen","floor":24,"turns":2},{"damage":3,"enemies":"Snecko","floor":28,"turns":5},{"damage":17,"enemies":"Slavers","floor":30,"turns":4},{"damage":0,"enemies":"Shelled Parasite and Fungi","floor":31,"turns":3},{"damage":15,"enemies":"Pondfish","floor":33,"turns":8},{"damage":0,"enemies":"3 Shapes","floor":35,"turns":4},{"damage":9,"enemies":"3 Darklings","floor":39,"turns":3},{"damage":81,"enemies":"Giant Head","floor":41,"turns":10}],"seed_played":"4728103701414758894","potions_obtained":[{"floor":2,"key":"SkillPotion"},{"floor":10,"key":"FairyPotion"},{"floor":11,"key":"Doom Potion"},{"floor":11,"key":"Cursed Concoction"},{"floor":14,"key":"LifebloodPotion"},{"floor":18,"key":"SkillPotion"},{"floor":23,"key":"SpeedPotion"},{"floor":31,"key":"Weak Potion"},{"floor":33,"key":"Adrenaline Potion"},{"floor":35,"key":"Ancient Potion"}],"is_trial":false,"path_per_floor":["M","M","$","?","?","E","R","E","T","E","?","R","$","E","R","B",null,"M","?","M","$","M","E","M","R","T","$","M","R","E","M","R","B",null,"M","?","?","$","M","R","E"],"character_chosen":"DEFECT","items_purchased":["Compile Driver","Barrage","Toolbox","Turbo","BargainBundle","Sweeping Beam","Conserve Battery+1","ReplaySolidLightProjector","Sunder","PowerPotion","Explosive Potion","Beam Cell","Leap","Pantograph","Redo","Barrage"],"campfire_rested":6,"item_purchase_floors":[3,3,13,13,21,21,21,21,21,21,21,27,27,38,38,38],"current_hp_per_floor":[75,75,75,75,75,63,63,57,57,35,35,57,57,59,75,75,75,72,48,40,40,29,20,22,44,44,44,43,65,50,52,74,60,75,75,75,75,75,66,75,0,0],"gold":125,"neow_bonus":"","is_daily":true,"chose_seed":false,"campfire_upgraded":1,"win_rate":0.0,"timestamp":1614310342,"path_taken":["M","M","$","?","?","E","R","E","T","E","?","R","?","E","R","BOSS","M","?","M","$","M","E","M","R","T","$","M","R","E","M","R","BOSS","M","?","?","$","M","R","E"],"items_purchased_type":["Card","Card","Relic","Card","Relic","Card","Card","Card","Card","Potion","Potion","Card","Card","Relic","Card","Card"],"build_version":"2020-12-22","purchased_purges":4,"victory":false,"max_hp_per_floor":[75,75,75,75,75,75,75,75,75,75,75,75,75,75,75,75,75,75,75,75,75,75,75,75,75,75,75,75,75,75,75,75,75,75,75,75,75,75,75,75,75,75],"card_choices":[{"not_picked":["Panic Button","Reprogram"],"picked":"Cold Snap","floor":1},{"not_picked":["Coolheaded","Ball Lightning"],"picked":"Aggregate","floor":2},{"not_picked":["Thunder Strike","Meteor Strike"],"picked":"Mirror Shield","floor":6},{"not_picked":["Reboot","All For One"],"picked":"Buffer","floor":8},{"not_picked":["Seek","Fission"],"picked":"Core Surge","floor":10},{"not_picked":["Compile Driver","BasicCrystalCard"],"picked":"Conserve Battery","floor":11},{"not_picked":["Buffer","Hyperbeam"],"picked":"All For One","floor":14},{"not_picked":["Fission","Thunder Strike"],"picked":"Seek","floor":16},{"not_picked":["Darkness","Panic Button"],"picked":"Rebound","floor":18},{"not_picked":["Streamline","Hologram"],"picked":"Sweeping Beam","floor":19},{"not_picked":["ReplayTheSpireMod:Omega Cannon","Conserve Battery"],"picked":"Stack","floor":20},{"not_picked":["Conserve Battery","Steam"],"picked":"Skim","floor":22},{"not_picked":["Amplify","Fission"],"picked":"Core Surge","floor":23},{"not_picked":["Turbo","Rebound+1"],"picked":"Gash","floor":24},{"not_picked":["BasicCrystalCard","Panic Button"],"picked":"Steam+1","floor":28},{"not_picked":["Hyperbeam","ReplayTheSpireMod:Fabricate Wheel"],"picked":"Rainbow","floor":30},{"not_picked":["ReplayTheSpireMod:Reroute Power","Blizzard"],"picked":"Redo","floor":31},{"not_picked":["Multi-Cast","Fission"],"picked":"Mirror Shield","floor":33},{"not_picked":["Streamline","Cold Snap"],"picked":"Sweeping Beam+1","floor":35},{"not_picked":["Crow Ritual","Magnetism"],"picked":"Bandage Up","floor":37},{"not_picked":["Ball Lightning","Steam"],"picked":"Streamline+1","floor":39}],"player_experience":1044568,"relics_obtained":[{"floor":5,"key":"Ring of Greed"},{"floor":5,"key":"ReplayTheSpireMod:Ring of Exchange"},{"floor":5,"key":"Blue Doll"},{"floor":5,"key":"Replay:Bandana"},{"floor":6,"key":"ReplayTheSpireMod:Ninjato"},{"floor":8,"key":"Replay:Baseball"},{"floor":9,"key":"Blood Vial"},{"floor":10,"key":"Replay:Kaleidoscope"},{"floor":11,"key":"Nunchaku"},{"floor":14,"key":"Symbiotic Virus"},{"floor":19,"key":"Red Mask"},{"floor":23,"key":"Thread and Needle"},{"floor":26,"key":"Simple Rune"},{"floor":30,"key":"Replay:Bottled Flurry"}],"event_choices":[{"damage_healed":0,"gold_gain":0,"player_choice":"Fought Bandits","damage_taken":0,"max_hp_gain":0,"max_hp_loss":0,"event_name":"Masked Bandits","floor":19,"gold_loss":0},{"damage_healed":0,"gold_gain":222,"player_choice":"Wore Mask","damage_taken":0,"max_hp_gain":0,"max_hp_loss":0,"event_name":"Tomb of Lord Red Mask","floor":36,"gold_loss":0},{"damage_healed":0,"gold_gain":0,"player_choice":"Memory 1","damage_taken":0,"max_hp_gain":0,"max_hp_loss":0,"event_name":"SensoryStone","floor":37,"gold_loss":0}],"is_beta":false,"boss_relics":[{"not_picked":["Replay:Frozen Program","Snecko Eye"],"picked":"Runic Capacitor"},{"not_picked":["Guide Book","ReplayTheSpireMod:DimensionalGlitch"],"picked":"Nuclear Battery"}],"items_purged_floors":[13,21,27,38],"is_endless":false,"potions_floor_spawned":[2,6,10,14,18,23,31,33,35],"killed_by":"Giant Head","ascension_level":0}}