{"host":"khwpnvgc3av0w6xd","time":1614366576,"event":{"mods":["BaseMod","Block Reminder","Colored Map","DeckTracker","Highlight Path","Minty Spire (QoL Compilation)","Quick Restart"],"gold_per_floor":[111,111,111,134,158,196,208,236,248,293,305,335,362,401,413,530,542,566,589,268,268,268,268,288,304,328,341,341,358,177,210,210,308,308,321,39,39,139,157,184,184,194,220,220,233,243,185,203,203,203,203,203,64,90,90],"floor_reached":56,"language":"DEU","playtime":3498,"items_purged":["Writhe","Reflex"],"score":1445,"play_id":"d0bf2665-4a12-45bb-96a2-924b4d535402","local_time":"20210226200936","is_ascension_mode":true,"campfire_choices":[{"data":"Noxious Fumes","floor":7,"key":"SMITH"},{"data":"Footwork","floor":11,"key":"SMITH"},{"data":"Footwork","floor":15,"key":"SMITH"},{"data":"Catalyst","floor":23,"key":"SMITH"},{"floor":28,"key":"DIG"},{"floor":32,"key":"DIG"},{"floor":41,"key":"REST"},{"floor":44,"key":"RECALL"},{"data":"Catalyst","floor":49,"key":"SMITH"},{"data":"After Image","floor":52,"key":"SMITH"}],"circlet_count":0,"master_deck":["Strike_G+1","Strike_G+1","Strike_G+1","Strike_G+1","Strike_G+1","Defend_G+1","Defend_G+1","Defend_G+1","Defend_G+1","Defend_G+1","Survivor","Neutralize","Blur","Dagger Spray","Predator","Noxious Fumes+1","Footwork+1","Footwork+1","Bane","Endless Agony","After Image+1","Distraction","Deadly Poison","Catalyst+1","Dagger Spray+1","Bullet Time","Catalyst+1","Poisoned Stab","Bouncing Flask+1","Catalyst+1","Backflip","Acrobatics","Crippling Poison+1"],"relics":["Ring of the Serpent","Thread and Needle","MawBank","Question Card","The Courier","Pear","Shovel","Busted Crown","Gambling Chip","Gremlin Horn","FossilizedHelix","TwistedFunnel","Bag of Marbles","Regal Pillow","DollysMirror","Matryoshka","Strawberry","PreservedInsect","Nunchaku"],"acts_visited":["Exordium","TheCity","TheBeyond","TheEnding"],"potions_floor_usage":[6,6,14,24,27,31,31,33,50,55],"damage_taken":[{"damage":0,"enemies":"2 Louse","floor":1,"turns":4},{"damage":0,"enemies":"Small Slimes","floor":4,"turns":3},{"damage":0,"enemies":"Jaw Worm","floor":5,"turns":4},{"damage":11,"enemies":"Gremlin Nob","floor":6,"turns":4},{"damage":7,"enemies":"Lots of Slimes","floor":8,"turns":3},{"damage":7,"enemies":"3 Sentries","floor":10,"turns":8},{"damage":0,"enemies":"Blue Slaver","floor":12,"turns":4},{"damage":0,"enemies":"Large Slime","floor":13,"turns":7},{"damage":0,"enemies":"Lagavulin","floor":14,"turns":8},{"damage":0,"enemies":"Slime Boss","floor":16,"turns":10},{"damage":6,"enemies":"Shell Parasite","floor":18,"turns":7},{"damage":2,"enemies":"Spheric Guardian","floor":19,"turns":7},{"damage":0,"enemies":"Centurion and Healer","floor":24,"turns":5},{"damage":7,"enemies":"Snecko","floor":25,"turns":6},{"damage":0,"enemies":"Shelled Parasite and Fungi","floor":27,"turns":5},{"damage":12,"enemies":"Snake Plant","floor":29,"turns":4},{"damage":12,"enemies":"Gremlin Leader","floor":31,"turns":6},{"damage":43,"enemies":"Collector","floor":33,"turns":8},{"damage":0,"enemies":"Orb Walker","floor":35,"turns":4},{"damage":15,"enemies":"3 Darklings","floor":39,"turns":3},{"damage":27,"enemies":"Nemesis","floor":40,"turns":5},{"damage":0,"enemies":"Transient","floor":42,"turns":5},{"damage":0,"enemies":"Spire Growth","floor":45,"turns":6},{"damage":0,"enemies":"Jaw Worm Horde","floor":46,"turns":3},{"damage":0,"enemies":"3 Darklings","floor":48,"turns":5},{"damage":46,"enemies":"Donu and Deca","floor":50,"turns":10},{"damage":57,"enemies":"Shield and Spear","floor":54,"turns":5},{"damage":54,"enemies":"The Heart","floor":55,"turns":5}],"seed_played":"-7625146965635412834","potions_obtained":[{"floor":1,"key":"AttackPotion"},{"floor":5,"key":"Regen Potion"},{"floor":12,"key":"SkillPotion"},{"floor":13,"key":"Block Potion"},{"floor":16,"key":"SkillPotion"},{"floor":19,"key":"Poison Potion"},{"floor":29,"key":"SkillPotion"},{"floor":31,"key":"Regen Potion"},{"floor":33,"key":"SteroidPotion"},{"floor":40,"key":"CunningPotion"},{"floor":46,"key":"Dexterity Potion"}],"is_trial":false,"path_per_floor":["M","?","?","M","M","E","R","M","T","E","R","M","M","E","R","B",null,"M","M","$","?","?","R","M","M","T","M","R","M","$","E","R","B",null,"M","$","?","?","M","E","R","M","T","R","M","M","$","M","R","B",null,"R","$","E","B",null],"character_chosen":"THE_SILENT","items_purchased":["Deadly Poison","Catalyst","Gambling Chip","TwistedFunnel","FairyPotion","DollysMirror","Catalyst","FairyPotion","Backflip","Acrobatics"],"campfire_rested":1,"item_purchase_floors":[20,20,20,30,36,36,47,53,53,53],"current_hp_per_floor":[49,49,42,42,42,43,43,36,36,39,39,39,39,39,39,39,80,74,72,72,72,72,72,72,65,65,65,65,53,53,41,41,13,80,80,80,80,80,65,38,77,77,84,84,84,84,84,84,84,38,87,87,87,30,26],"gold":90,"neow_bonus":"ONE_RARE_RELIC","is_daily":false,"chose_seed":false,"campfire_upgraded":6,"win_rate":0.0,"timestamp":1614366576,"path_taken":["M","?","?","M","M","E","R","M","T","E","R","M","M","E","R","BOSS","M","M","$","?","?","R","?","M","T","M","R","M","?","E","R","BOSS","M","$","?","?","M","E","R","?","T","R","M","M","$","M","R","BOSS","R","$","E","BOSS"],"items_purchased_type":["Card","Card","Relic","Relic","Potion","Relic","Card","Potion","Card","Card"],"build_version":"2020-12-22","purchased_purges":2,"victory":true,"max_hp_per_floor":[70,70,70,70,70,70,70,70,70,80,80,80,80,80,80,80,80,80,80,80,80,80,80,80,80,80,80,80,80,80,80,80,80,80,80,80,80,80,80,80,80,80,87,87,87,87,87,87,87,87,87,87,87,87,87],"card_choices":[{"not_picked":["Backstab","Outmaneuver"],"picked":"Blur","floor":1},{"not_picked":["Escape Plan","Outmaneuver"],"picked":"Dagger Spray","floor":4},{"not_picked":["All Out Attack","Eviscerate"],"picked":"Predator","floor":5},{"not_picked":["Reflex","Deflect"],"picked":"Noxious Fumes","floor":6},{"not_picked":["Cloak And Dagger","Blade Dance","Slice"],"picked":"Footwork","floor":8},{"not_picked":["Masterful Stab","Night Terror","Terror"],"picked":"Footwork","floor":10},{"not_picked":["Leg Sweep","Underhanded Strike","Dodge and Roll"],"picked":"Bane","floor":12},{"not_picked":["Quick Slash","Terror","PiercingWail"],"picked":"Bane","floor":13},{"not_picked":["Doppelganger","Cloak And Dagger","Deflect"],"picked":"Endless Agony","floor":14},{"not_picked":["Wraith Form v2","Doppelganger","Envenom"],"picked":"After Image","floor":16},{"not_picked":["Outmaneuver"],"picked":"Distraction","floor":18},{"not_picked":["Masterful Stab","Underhanded Strike"],"picked":"SKIP","floor":19},{"not_picked":["Dash","Outmaneuver"],"picked":"SKIP","floor":24},{"not_picked":["Flying Knee"],"picked":"Dagger Spray+1","floor":25},{"not_picked":["Dodge and Roll+1","Infinite Blades"],"picked":"SKIP","floor":27},{"not_picked":["Slice"],"picked":"Reflex","floor":29},{"not_picked":["Deadly Poison","Deflect"],"picked":"SKIP","floor":31},{"not_picked":["Adrenaline"],"picked":"Bullet Time","floor":33},{"not_picked":["Dodge and Roll","Sucker Punch"],"picked":"SKIP","floor":35},{"not_picked":["Bouncing Flask"],"picked":"Poisoned Stab","floor":39},{"not_picked":["Heel Hook","Cloak And Dagger"],"picked":"SKIP","floor":40},{"not_picked":["Terror+1","Cloak And Dagger+1"],"picked":"SKIP","floor":42},{"not_picked":["Infinite Blades","Accuracy"],"picked":"SKIP","floor":45},{"not_picked":["Noxious Fumes+1"],"picked":"Bouncing Flask+1","floor":46},{"not_picked":["Quick Slash","Cloak And Dagger"],"picked":"SKIP","floor":48},{"not_picked":["Dagger Spray"],"picked":"Crippling Poison+1","floor":54}],"player_experience":124235,"relics_obtained":[{"floor":6,"key":"Question Card"},{"floor":9,"key":"The Courier"},{"floor":10,"key":"Pear"},{"floor":14,"key":"Shovel"},{"floor":28,"key":"FossilizedHelix"},{"floor":31,"key":"Bag of Marbles"},{"floor":32,"key":"Regal Pillow"},{"floor":40,"key":"Matryoshka"},{"floor":43,"key":"Strawberry"},{"floor":43,"key":"PreservedInsect"},{"floor":54,"key":"Nunchaku"}],"event_choices":[{"damage_healed":0,"gold_gain":0,"player_choice":"Ignored","damage_taken":0,"max_hp_gain":0,"max_hp_loss":0,"event_name":"Liars Game","floor":2,"gold_loss":0},{"damage_healed":0,"gold_gain":0,"player_choice":"Success","damage_taken":7,"relics_obtained":["MawBank"],"max_hp_gain":0,"max_hp_loss":0,"event_name":"Scrap Ooze","floor":3,"gold_loss":0},{"damage_healed":0,"gold_gain":0,"player_choice":"Simplicity","damage_taken":0,"max_hp_gain":0,"max_hp_loss":0,"event_name":"Back to Basics","floor":21,"gold_loss":0,"cards_upgraded":["Strike_G","Strike_G","Strike_G","Strike_G","Strike_G","Defend_G","Defend_G","Defend_G","Defend_G","Defend_G"]},{"damage_healed":0,"gold_gain":0,"player_choice":"Opened","damage_taken":0,"relics_obtained":["Gremlin Horn"],"max_hp_gain":0,"max_hp_loss":0,"event_name":"The Mausoleum","floor":22,"gold_loss":0,"cards_obtained":["Writhe"]},{"cards_removed":["Bane"],"damage_healed":0,"gold_gain":0,"player_choice":"Removed Attack","damage_taken":0,"max_hp_gain":0,"max_hp_loss":0,"event_name":"Falling","floor":37,"gold_loss":0},{"damage_healed":0,"gold_gain":100,"player_choice":"Pray","damage_taken":0,"max_hp_gain":0,"max_hp_loss":0,"event_name":"Golden Shrine","floor":38,"gold_loss":0}],"is_beta":false,"boss_relics":[{"not_picked":["Sozu","Velvet Choker"],"picked":"Busted Crown"},{"not_picked":["WristBlade","Black Star"],"picked":"Ring of the Serpent"}],"items_purged_floors":[30,36],"is_endless":false,"potions_floor_spawned":[1,5,12,13,16,19,29,31,33,40,42,46],"ascension_level":3}}