{"host":"b8coxh3nmoxcbj3m","time":1614326319,"event":{"mods":["AchievementEnabler","BaseMod","Colored Map","Downfall","Minty Spire (QoL Compilation)","Replay The Spire","StSLib","SuperFastMode"],"gold_per_floor":[99,113,23,23,8,8,8,27,27,27,41,61,61,61,73,178,178,178,178,178,178],"floor_reached":19,"language":"ZHS","playtime":701,"items_purged":["bronze:Defend"],"score":155,"play_id":"0ca9b458-fb3b-43e0-91b1-2f664bfd90ba","local_time":"20210226155839","is_ascension_mode":false,"campfire_choices":[{"data":"bronze:Defend","floor":1,"key":"PURGE"},{"data":"bronze:Branch","floor":6,"key":"SMITH"},{"data":"bronze:WildBeam","floor":13,"key":"SMITH"},{"data":"bronze:Strike","floor":18,"key":"PURGE"}],"circlet_count":0,"master_deck":["bronze:Strike","bronze:Strike","bronze:Strike","bronze:Defend","bronze:Replicate","bronze:Goto","bronze:Branch+1","bronze:WildBeam+1","bronze:Format"],"relics":["bronze:PlatinumCore","Replay:Towering Pillar of Hats","Blue Candle"],"acts_visited":["Exordium","TheCity"],"potions_floor_usage":[16,16],"damage_taken":[{"damage":2,"enemies":"Small Slimes","floor":2,"turns":4},{"damage":2,"enemies":"downfall:FleeingMerchant","floor":3,"turns":4},{"damage":2,"enemies":"downfall:FleeingMerchant","floor":5,"turns":4},{"damage":0,"enemies":"Cultist","floor":8,"turns":3},{"damage":6,"enemies":"Jaw Worm","floor":11,"turns":2},{"damage":0,"enemies":"downfall:LooterAlt","floor":12,"turns":2},{"damage":18,"enemies":"Gremlin Gang","floor":15,"turns":4},{"damage":33,"enemies":"DF_ARCHETYPE_STREAMLINE","floor":16,"turns":6},{"damage":77,"enemies":"3 Byrds","floor":19,"turns":5}],"seed_played":"-5230753742635073232","potions_obtained":[{"floor":2,"key":"PowerPotion"},{"floor":11,"key":"Weak Potion"}],"is_trial":false,"path_per_floor":["R_BF","M","$","?","$","R","T","M","?","?","M","M","R","?","M","B",null,"R_BF","M"],"character_chosen":"THE_AUTOMATON","items_purchased":[],"campfire_rested":0,"item_purchase_floors":[],"current_hp_per_floor":[77,75,73,73,71,71,71,71,71,71,65,65,65,60,42,9,77,77,0,0,0],"gold":178,"neow_bonus":"TEN_PERCENT_HP_BONUS","is_daily":false,"chose_seed":false,"campfire_upgraded":2,"win_rate":0.0,"timestamp":1614326319,"path_taken":["R_BF","M","$","?","?","R","T","?","?","?","?","M","R","?","M","BOSS","R_BF","M"],"items_purchased_type":[],"build_version":"2020-12-22","purchased_purges":1,"victory":false,"max_hp_per_floor":[77,77,77,77,77,77,77,77,77,77,77,77,77,77,77,77,77,77,77,77,77],"card_choices":[{"not_picked":["bronze:MaxOutput","bronze:CutThrough"],"picked":"bronze:Branch","floor":2},{"not_picked":["bronze:ForLoop","bronze:Separator","bronze:BronzeArmor"],"picked":"SKIP","floor":3},{"not_picked":["bronze:Turbo","bronze:Invalidate","bronze:BuggyMess"],"picked":"SKIP","floor":5},{"not_picked":["bronze:WildBeam","bronze:Philosophize","bronze:NullPointer"],"picked":"SKIP","floor":8},{"not_picked":["bronze:CutThrough","bronze:Frontload","bronze:Fortify"],"picked":"SKIP","floor":11},{"not_picked":["bronze:CutThrough","bronze:DelayedGuard","bronze:Shell"],"picked":"SKIP","floor":12},{"not_picked":["bronze:DigitalCarnage","bronze:Iterate","bronze:Philosophize"],"picked":"SKIP","floor":15},{"not_picked":["bronze:Mutator","bronze:Assembly"],"picked":"bronze:Format","floor":16}],"player_experience":45899,"relics_obtained":[{"floor":7,"key":"Replay:Towering Pillar of Hats"}],"event_choices":[],"is_beta":false,"boss_relics":[{"not_picked":["Snecko Eye","sneckomod:SneckoTalon"],"picked":"bronze:PlatinumCore"}],"items_purged_floors":[3],"is_endless":false,"potions_floor_spawned":[2,11,15],"killed_by":"3 Byrds","ascension_level":0}}