{"host":"8t5dkgm85abdp22d","time":1614305881,"event":{"mods":["100% Spire Juice","ATMod(阿瑾Mod)","Act Like it!","BaseMod","Colored Powertips","Conspire","Gensokyo","Hallownest","Library of Ruina","Library of Ruina Extra","Marisa（F雨　魔理沙）","Minty Spire (QoL Compilation)","MostiFishMod","Remilia（蕾米莉亚）","RumiaBox-露米娅的神秘盒子","StSLib","The Bug Knight","UnlockEverythingMod","Waifu the Spire","WarShipGirlsR/战舰少女R mod","Wide Potions","Yakumo Yukari mod"],"gold_per_floor":[117,137,137,152,165,199,199,233,259,275,289,300,11,11,11,113,113,132,151,166,183,193,227,246,274,274,306,306,336,362,392,392,494,494,514,533,129,129,147,177,192,223,223,255,271,231,231,261,261,261,261,261,261,261,293,293],"floor_reached":57,"language":"ZHS","playtime":1378,"items_purged":[],"score":1835,"play_id":"4281628c-5af6-4d10-86a8-69b537e28fc8","local_time":"20210226101801","is_ascension_mode":true,"campfire_choices":[{"data":"DegradedPillar","floor":7,"key":"SMITH"},{"data":"DegradedPillar","floor":15,"key":"SMITH"},{"data":"DegradedShockwave","floor":32,"key":"SMITH"},{"floor":47,"key":"REST"},{"floor":49,"key":"RECALL"},{"floor":53,"key":"REST"}],"circlet_count":0,"master_deck":["DegradedFairy","DegradedFairy","DegradedFairy","DegradedChain","DegradedLock","DegradedPillar+1","DegradedPillar+1","DegradedShockwave+1","Unlock1","Madness+1","Madness+1"],"relics":["PageOfLibrarian","AT_ATBox","DaveBox","AT_ArchangelStaff","SynthV:TestCard","PageOfBigBadWolf","HollowMod:PaleOreRelic","Bag of Preparation","TimeFreeze","PageOfBloodbath","FeatherPendant","MagicDraw3","CeramicFish","conspire:Flyswatter","PageOfFairyFestival","GodSword1","PageOfSnowWhitesApple","DianDianMeat","Philosopher\u0027s Stone","ClockworkSouvenir","Kunai","Happy Flower","Blue Candle","Bag of Marbles","LastBattle","War Paint","PageOfNothingThere"],"acts_visited":["Exordium","TheCity","TheBeyond","TheEnding"],"potions_floor_usage":[56,56],"damage_taken":[{"damage":0.0,"enemies":"Cultist","floor":1.0,"turns":1.0},{"damage":0.0,"enemies":"Jaw Worm","floor":2.0,"turns":1.0},{"damage":0,"enemies":"Small Slimes","floor":4,"turns":1},{"damage":0,"enemies":"Looter","floor":5,"turns":1},{"damage":0,"enemies":"Lagavulin","floor":6,"turns":2},{"damage":0,"enemies":"3 Sentries","floor":8,"turns":3},{"damage":0,"enemies":"Lots of Slimes","floor":10,"turns":1},{"damage":0,"enemies":"2 Fungi Beasts","floor":11,"turns":1},{"damage":0,"enemies":"Large Slime","floor":12,"turns":1},{"damage":0,"enemies":"Hexaghost","floor":16,"turns":4},{"damage":0,"enemies":"conspire:FuzzyDice","floor":18,"turns":1},{"damage":0,"enemies":"3 Byrds","floor":19,"turns":1},{"damage":0,"enemies":"3 Cultists","floor":20,"turns":2},{"damage":0,"enemies":"Cultist and Chosen","floor":21,"turns":2},{"damage":0,"enemies":"Snake Plant","floor":22,"turns":1},{"damage":0,"enemies":"conspire:Head Lice","floor":23,"turns":1},{"damage":0,"enemies":"Centurion and Healer","floor":24,"turns":1},{"damage":0,"enemies":"conspire:SneckoGhost","floor":25,"turns":1},{"damage":0,"enemies":"Slavers","floor":27,"turns":1},{"damage":5,"enemies":"Book of Stabbing","floor":29,"turns":1},{"damage":5,"enemies":"Slavers","floor":31,"turns":1},{"damage":5,"enemies":"conspire:MysteriousRune","floor":33,"turns":2},{"damage":5,"enemies":"Orb Walker","floor":35,"turns":1},{"damage":5,"enemies":"3 Darklings","floor":36,"turns":1},{"damage":5,"enemies":"Reptomancer","floor":40,"turns":1},{"damage":5,"enemies":"Maw","floor":41,"turns":1},{"damage":5,"enemies":"HollowMod:StalkingDevout","floor":42,"turns":1},{"damage":5,"enemies":"Giant Head","floor":44,"turns":1},{"damage":5,"enemies":"Spire Growth","floor":45,"turns":1},{"damage":5,"enemies":"Reptomancer","floor":48,"turns":1},{"damage":5,"enemies":"Time Eater","floor":50,"turns":1},{"damage":5,"enemies":"Time Eater","floor":51,"turns":1},{"damage":5,"enemies":"Shield and Spear","floor":55,"turns":1},{"damage":23,"enemies":"The Heart","floor":56,"turns":3}],"seed_played":"-4143926515183160469","potions_obtained":[{"floor":2.0,"key":"SkillPotion"},{"floor":46,"key":"EntropicBrew"}],"is_trial":false,"path_per_floor":["M","M","?","M","M","E","R","E","T","M","M","M","$","?","R","B",null,"M","M","M","M","M","E","M","E","T","E","?","E","T","E","R","B",null,"M","M","$","?","?","E","M","E","T","E","M","?","R","E","R","B",null,null,"R","$","E","B",null],"character_chosen":"Librarian","items_purchased":["TimeFreeze","Observe","ClockworkSouvenir","Kunai"],"campfire_rested":2,"item_purchase_floors":[13,13,37,37],"current_hp_per_floor":[60,60,60,60,60,60,60,60,60,60,60,60,60,60,60,60,90,90,90,90,90,90,90,90,90,90,90,90,85,85,80,80,75,90,85,80,80,80,72,67,62,57,57,52,47,47,74,69,69,64,59,93,93,93,88,75],"gold":293,"neow_bonus":"RANDOM_COMMON_RELIC","is_daily":false,"chose_seed":false,"campfire_upgraded":3,"win_rate":0.0,"timestamp":1614305881,"path_taken":["M","M","?","M","M","E","R","E","T","?","M","M","$","?","R","BOSS","M","M","M","M","?","E","M","E","T","E","?","E","?","E","R","BOSS","M","M","$","?","?","E","M","E","T","E","M","?","R","E","R","BOSS","R","$","E","BOSS"],"items_purchased_type":["Relic","Card","Relic","Relic"],"build_version":"2020-12-22","purchased_purges":0,"victory":true,"max_hp_per_floor":[90,90,90,90,90,90,90,90,90,90,90,90,90,90,90,90,90,90,90,90,90,90,90,90,90,90,90,90,90,90,90,90,90,90,90,90,90,90,93,93,93,93,93,93,93,93,93,93,93,93,93,93,93,93,93,93],"card_choices":[{"not_picked":["ViolentFlame","SummaryJudgment","SuppressingShot","Overpower"],"picked":"SKIP","floor":1.0},{"not_picked":["HiddenBlade","GuardingStance","DevastatingThrash","CoordinatedAssault","MultiHit","Parry2"],"picked":"SKIP","floor":2.0},{"not_picked":["PuppetBlockade","AsThePrescriptOrders","HiddenBlade","Pound","CoordinatedAssault","BizarreAttack"],"picked":"SKIP","floor":4},{"not_picked":["MultiHit","Multislash","FocusFire","StayCalm","Creak","UnavoidableGaze"],"picked":"SKIP","floor":5},{"not_picked":["GoinFirst","SmokingPipe","BiAn","BindingArms","NightInTheBackstreets","TraceOfFumes"],"picked":"SKIP","floor":6},{"not_picked":["SmokingPipe","UnavoidableGaze","LeRegole","Gamble","ViolentFlame"],"picked":"Unlock1","floor":8},{"not_picked":["OpportunitySpotted","EnergyShield","ViolentFlame","DarkCloud","UnavoidableGaze","FierceOnslaught"],"picked":"SKIP","floor":10},{"not_picked":["NightInTheBackstreets","GuardingStance","Reload","ClassAndRespect","EnergyShield","AsThePrescriptOrders"],"picked":"SKIP","floor":11},{"not_picked":["BiAn","Creak","HiddenBlade","FendThisOffIfYouCan","Parry2","EnergyShield"],"picked":"SKIP","floor":12},{"not_picked":["StructuralAnalysis","ViolentFlame","UnavoidableGaze","ClassAndRespect+1","Multislash","MultiBlock"],"picked":"SKIP","floor":18},{"not_picked":["Zzzzzap","MultiHit","EnergyBeam","Unlock1","UnavoidableGaze","StrongStrike"],"picked":"SKIP","floor":19},{"not_picked":["ElectricShock+1","BiXi","SnakesPrey","MultiHit","HiddenBlade","QuickAttack+1"],"picked":"SKIP","floor":20},{"not_picked":["ClassAndRespect+1","SteelKnuckles","Parry2+1","SweepTheBackstreets","FocusFire+1","SomberProcuration"],"picked":"SKIP","floor":21},{"not_picked":["BiAn","MultiHit","UnavoidableGaze","DeepDrag","StructuralAnalysis","EnergyBeam"],"picked":"SKIP","floor":22},{"not_picked":["BayonetCombat","SteelKnuckles","UnavoidableGaze+1","GuardingStance","EnergyShield","Creak+1"],"picked":"SKIP","floor":23},{"not_picked":["StrongStrike","Feast","SunsetBlade","ViolentFlame+1","UncannyStrike","Slice_lor+1"],"picked":"SKIP","floor":24},{"not_picked":["SnakesPrey","EnergyConversion","Rampage_lor+1","LossOfSenses","UnforgettableMelody","FocusFire+1"],"picked":"SKIP","floor":25},{"not_picked":["StructuralAnalysis","StayCalm","SuppressingShot","StrongStrike","Unlock1+1","GuardingStance+1"],"picked":"SKIP","floor":27},{"not_picked":["SharpenedBlade","AsThePrescriptOrders","ShrineToMusic+1","ClassAndRespect","ChiWen","RagingStormLove"],"picked":"SKIP","floor":29},{"not_picked":["CoordinatedAssault","SmokingPipe+1","NightInTheBackstreets","QuickAttack","BayonetCombat","Unlock1"],"picked":"SKIP","floor":31},{"not_picked":["CoordinatedAssault+1","DarkCloud","Reload","ShockRound+1","StayCalm+1","SnakesPrey+1"],"picked":"SKIP","floor":35},{"not_picked":["EnergyShield","Track","Pound+1","StructuralAnalysis+1","Parry2+1","Unlock1"],"picked":"SKIP","floor":36},{"not_picked":["EnergyShield+1","BiAn+1","Tttonst","Multislash","MultiBlock","TraceOfFumes"],"picked":"SKIP","floor":40},{"not_picked":["StructuralAnalysis+1","Pound","SomberProcuration","StayCalm+1","Parry2+1","GuardingStance"],"picked":"SKIP","floor":41},{"not_picked":["SomberProcuration+1","Gamble","CoordinatedAssault+1","Eliminate","AsThePrescriptOrders","FleshFillet"],"picked":"SKIP","floor":42},{"not_picked":["Pound","AGoldenOpportunity+1","LeRegole","SharpenedBlade","Observe","SteelKnuckles+1"],"picked":"SKIP","floor":44},{"not_picked":["GuardingStance","BiAn+1","UnavoidableGaze","Unlock1+1","CoordinatedAssault+1","EnergyShield+1"],"picked":"SKIP","floor":45},{"not_picked":["UnforgettableMelody","Eliminate","AsThePrescriptOrders+1","AbsorbImpact","SmokingPipe+1","UnavoidableGaze+1"],"picked":"SKIP","floor":48},{"not_picked":["Reload","BizarreAttack+1","NightInTheBackstreets+1","Unlock1+1","QuickAttack+1","ClassAndRespect"],"picked":"SKIP","floor":55}],"player_experience":134718,"relics_obtained":[{"floor":1.0,"key":"SynthV:TestCard"},{"floor":6,"key":"PageOfBigBadWolf"},{"floor":8,"key":"HollowMod:PaleOreRelic"},{"floor":9,"key":"Bag of Preparation"},{"floor":23,"key":"MagicDraw3"},{"floor":25,"key":"CeramicFish"},{"floor":26,"key":"conspire:Flyswatter"},{"floor":27,"key":"PageOfFairyFestival"},{"floor":29,"key":"GodSword1"},{"floor":31,"key":"PageOfSnowWhitesApple"},{"floor":40,"key":"Happy Flower"},{"floor":42,"key":"Blue Candle"},{"floor":43,"key":"Bag of Marbles"},{"floor":44,"key":"LastBattle"},{"floor":48,"key":"War Paint"},{"floor":55,"key":"PageOfNothingThere"}],"event_choices":[{"damage_healed":0,"gold_gain":0,"player_choice":"Ignored","damage_taken":0,"max_hp_gain":0,"max_hp_loss":0,"event_name":"Purifier","floor":3,"gold_loss":0},{"cards_removed":["Observe"],"damage_healed":0,"gold_gain":0,"player_choice":"Gave Card","damage_taken":0,"relics_obtained":["PageOfBloodbath"],"max_hp_gain":0,"max_hp_loss":0,"event_name":"WeMeetAgain","floor":14,"gold_loss":0},{"damage_healed":0,"gold_gain":0,"player_choice":"Ignored","damage_taken":0,"max_hp_gain":0,"max_hp_loss":0,"event_name":"Beggar","floor":28,"gold_loss":0},{"cards_removed":["DegradedChain"],"damage_healed":0,"gold_gain":0,"player_choice":"Removed Attack","damage_taken":0,"max_hp_gain":0,"max_hp_loss":0,"event_name":"Falling","floor":38,"gold_loss":0},{"damage_healed":0,"gold_gain":0,"player_choice":"Embrace Madness","damage_taken":11,"max_hp_gain":0,"max_hp_loss":0,"event_name":"Winding Halls","floor":39,"gold_loss":0,"cards_obtained":["Madness","Madness"]},{"damage_healed":0,"gold_gain":0,"player_choice":"Bought 3 Potions","damage_taken":0,"max_hp_gain":0,"max_hp_loss":0,"event_name":"The Woman in Blue","floor":46,"gold_loss":0}],"is_beta":false,"boss_relics":[{"not_picked":["SacredBark","EE1DDrone"],"picked":"FeatherPendant"},{"not_picked":["HereWithMe","Pandora\u0027s Box"],"picked":"Philosopher\u0027s Stone"}],"items_purged_floors":[],"is_endless":false,"potions_floor_spawned":[2,5,10,11,21,22,23,27,29,33,42,44,48],"ascension_level":2}}