{"host":"j4js999tahsli5mc","time":1614302973,"event":{"mods":["AchievementEnabler","Act Like it!","Aspiration","BaseMod","Better Note","Better Silent Start","Energized Spire","GifTheSpireLib","Halation","Hermit","Hubris","Library of Ruina","Library of Ruina Extra","Lobotomy","LobotomyExtend","Marked Mod","Minty Spire (QoL Compilation)","Rare Cards Sparkle","Reliquary","Replay The Spire","Ruina","StSLib","The Blue Laboratory"],"gold_per_floor":[120,134,134,151,151,151,151,151,203,203,216,216,247,259,259,259,259],"floor_reached":16,"language":"ENG","playtime":893,"items_purged":[],"score":125,"play_id":"f4c28d1d-0c4d-4f8a-b5b7-22ae03fcfdea","local_time":"20210225202933","is_ascension_mode":false,"campfire_choices":[{"floor":6,"key":"RECALL"},{"floor":8,"key":"REST"},{"data":"SunsetBlade","floor":12,"key":"SMITH"},{"floor":15,"key":"REST"}],"circlet_count":0,"master_deck":["Dodge","LightDefense","LightAttack","LightAttack","LightAttack","LightDefense","LightDefense","LightDefense","ChargeAndCover","FocusedStrikes","SunsetBlade+1","FieryWaltz","SinglePointStab","FlowOfTheSword","HighKick","SinglePointStab"],"relics":["PageOfLibrarian","LetterFromLob","Simple Rune"],"acts_visited":["Exordium"],"potions_floor_usage":[16,16],"damage_taken":[{"damage":0,"enemies":"Jaw Worm","floor":1,"turns":3},{"damage":2,"enemies":"Small Slimes","floor":2,"turns":5},{"damage":0,"enemies":"Cultist","floor":4,"turns":3},{"damage":5,"enemies":"Looter","floor":11,"turns":3},{"damage":43,"enemies":"3 Sentries","floor":13,"turns":9},{"damage":14,"enemies":"2 Fungi Beasts","floor":14,"turns":4},{"damage":38,"enemies":"The Guardian","floor":16,"turns":11}],"seed_played":"5354666690182065180","potions_obtained":[{"floor":4,"key":"DuplicationPotion"},{"floor":11,"key":"blueLaboratory:BottleOfVodka"},{"floor":13,"key":"Ancient Potion"}],"is_trial":false,"path_per_floor":["M","M","?","M","?","R","M","R","T","?","M","R","E","M","R","B"],"character_chosen":"Librarian","items_purchased":[],"campfire_rested":2,"item_purchase_floors":[],"current_hp_per_floor":[66,64,64,64,64,64,64,77,77,77,72,72,29,15,38,0,0],"gold":259,"neow_bonus":"TEN_PERCENT_HP_BONUS","is_daily":false,"chose_seed":false,"campfire_upgraded":1,"win_rate":0.0,"timestamp":1614302973,"path_taken":["M","M","?","M","?","R","?","R","T","?","M","R","E","M","R","BOSS"],"items_purchased_type":[],"build_version":"2020-12-22","purchased_purges":0,"victory":false,"max_hp_per_floor":[66,77,77,77,77,77,77,77,77,77,77,77,77,77,77,77,77],"card_choices":[{"not_picked":["FierceCharge","SerpentSwordTechnique","IronWall","SpearedSweep","DesperateStruggle","FrontalAssault","ExtremeEdge","GrazeTheGrass"],"picked":"SunsetBlade","floor":1},{"not_picked":["YourShield","ReadyUp","GutHarvesting","FlyingSword","Reload","UnavoidableGaze","GuidanceOfTheGears","Concentration"],"picked":"FieryWaltz","floor":2},{"not_picked":["DarkCloud","Pound","Zzzzzap","TasteMyFlamingBat","CoordinatedAssault","SmokingPipe","InnerArdor","Preparation"],"picked":"SinglePointStab","floor":4},{"not_picked":["SmokingPipe","WillOfThePrescript","BackAttack","FierceCharge","SharpSwipe","FierceOnslaught","RapidGashes","EnergyShield"],"picked":"FlowOfTheSword","floor":11},{"not_picked":["DefenseOrder","Disposal","Parry","ConcentratedFire","DesperateStruggle","ElectricShock","Overcharge","Tailoring"],"picked":"HighKick","floor":13},{"not_picked":["AutomatedMovement","SuppressingShot","BiAn","Multislash","FocusFire","BackAttack","DefenseOrder","YoureTooSlow"],"picked":"SinglePointStab","floor":14}],"player_experience":493532,"relics_obtained":[{"floor":1,"key":"LetterFromLob"},{"floor":13,"key":"Simple Rune"}],"event_choices":[{"damage_healed":0,"gold_gain":0,"player_choice":"Ignored","damage_taken":0,"max_hp_gain":0,"max_hp_loss":0,"event_name":"WeMeetAgain","floor":5,"gold_loss":0}],"is_beta":false,"boss_relics":[],"items_purged_floors":[],"is_endless":false,"potions_floor_spawned":[1,4,11,13],"killed_by":"The Guardian","ascension_level":0}}