{"host":"lly094a91h6n5nv5","time":1614329137,"event":{"mods":["AchievementEnabler","BaseMod","Block Reminder","Colored Map","Minty Spire (QoL Compilation)","Permanent Neow"],"gold_per_floor":[110,120,100,110,110,137,74,74,155,173,173,183,196,212,212,212,212],"floor_reached":16,"language":"ENG","playtime":884,"items_purged":["Pain"],"score":192,"play_id":"84c7e9c2-5855-4f1a-9faf-ca5f0f802127","local_time":"20210226024537","is_ascension_mode":true,"campfire_choices":[{"data":"Neutralize","floor":8,"key":"SMITH"},{"data":"Dagger Spray","floor":11,"key":"SMITH"},{"data":"Footwork","floor":15,"key":"SMITH"}],"circlet_count":0,"master_deck":["AscendersBane","Strike_G","Strike_G","Strike_G","Strike_G","Strike_G","Defend_G","Defend_G","Defend_G","Defend_G","Defend_G","Survivor","Neutralize+1","Dash","PiercingWail","Acrobatics","Dagger Spray+1","Footwork+1","Bullet Time"],"relics":["Ring of the Snake","Happy Flower","WarpedTongs","MawBank","White Beast Statue"],"acts_visited":["Exordium"],"potions_floor_usage":[6,6,16],"damage_taken":[{"damage":11,"enemies":"Small Slimes","floor":1,"turns":6},{"damage":0,"enemies":"Cultist","floor":2,"turns":4},{"damage":0,"enemies":"2 Louse","floor":4,"turns":2},{"damage":23,"enemies":"Lagavulin","floor":6,"turns":10},{"damage":0,"enemies":"Exordium Wildlife","floor":10,"turns":9},{"damage":0,"enemies":"2 Fungi Beasts","floor":12,"turns":4},{"damage":0,"enemies":"Looter","floor":13,"turns":3},{"damage":0,"enemies":"Exordium Wildlife","floor":14,"turns":2},{"damage":48,"enemies":"Slime Boss","floor":16,"turns":12}],"seed_played":"5943778590790709562","potions_obtained":[{"floor":1,"key":"DuplicationPotion"},{"floor":3,"key":"Regen Potion"},{"floor":10,"key":"Dexterity Potion"},{"floor":12,"key":"Ancient Potion"}],"is_trial":false,"path_per_floor":["M","M","?","M","?","E","$","R","T","M","R","M","M","M","R","B"],"character_chosen":"THE_SILENT","items_purchased":[],"campfire_rested":0,"item_purchase_floors":[],"current_hp_per_floor":[48,48,48,48,48,40,40,40,40,40,40,40,40,40,40,0,0],"gold":212,"neow_bonus":"RANDOM_COMMON_RELIC","is_daily":false,"chose_seed":false,"campfire_upgraded":3,"win_rate":0.0,"timestamp":1614329137,"path_taken":["M","M","?","?","?","E","$","R","T","M","R","?","M","M","R","BOSS"],"items_purchased_type":[],"build_version":"2020-12-22","purchased_purges":1,"victory":false,"max_hp_per_floor":[66,66,66,66,66,66,66,66,66,66,66,66,66,66,66,66,66],"card_choices":[{"not_picked":["Bane","Dagger Throw"],"picked":"Dash","floor":1},{"not_picked":["Accuracy","Cloak And Dagger"],"picked":"PiercingWail","floor":2},{"not_picked":["Accuracy","Prepared"],"picked":"Acrobatics","floor":4},{"not_picked":["Reflex","Masterful Stab","Poisoned Stab"],"picked":"SKIP","floor":6},{"not_picked":["Dodge and Roll","Backflip"],"picked":"Dagger Spray","floor":10},{"not_picked":["All Out Attack","Cloak And Dagger"],"picked":"Footwork","floor":12},{"not_picked":["Heel Hook","Bane","Dash"],"picked":"SKIP","floor":13},{"not_picked":["Bane","Flying Knee"],"picked":"Bullet Time","floor":14}],"player_experience":305484,"relics_obtained":[{"floor":6,"key":"MawBank"},{"floor":9,"key":"White Beast Statue"}],"event_choices":[{"damage_healed":0,"gold_gain":0,"player_choice":"Bought 1 Potion","damage_taken":0,"max_hp_gain":0,"max_hp_loss":0,"event_name":"The Woman in Blue","floor":3,"gold_loss":0},{"damage_healed":0,"gold_gain":0,"player_choice":"Rummage","damage_taken":0,"relics_obtained":["WarpedTongs"],"max_hp_gain":0,"max_hp_loss":0,"event_name":"Accursed Blacksmith","floor":5,"gold_loss":0,"cards_obtained":["Pain"]}],"is_beta":false,"boss_relics":[],"items_purged_floors":[7],"is_endless":false,"potions_floor_spawned":[1,10,12,13,14],"killed_by":"Slime Boss","ascension_level":17}}