{"host":"zksvs3x2ysy9npnz","time":1614383590,"event":{"mods":["Aspiration","BaseMod","Beaked The Cultist","BetterRewards","Clockwork Mod","Colored Map","Conspire","Downfall","Halation","Highlight Path","Hubris","Infinite Spire","Jedi Mod","Magitek Elite","Minty Spire (QoL Compilation)","Permanent Neow","Quick Restart","Relic Stats","Shop Mod","StSLib","The Runesmith","The Witch"],"gold_per_floor":[118,136,159,174,185,185,185,185],"floor_reached":7,"language":"FRA","playtime":517,"items_purged":[],"score":75,"play_id":"7696ff79-76d2-4c9b-bf17-8674137c2f24","local_time":"20210227005310","is_ascension_mode":true,"campfire_choices":[{"data":"Clockwork:ReactiveNanites","floor":6,"key":"SMITH"}],"circlet_count":0,"master_deck":["AscendersBane","Clockwork:Strike","Clockwork:Strike","Clockwork:Strike","Clockwork:Strike","Clockwork:Shield","Clockwork:Shield","Clockwork:Shield","Clockwork:Shield","Clockwork:Tinker+1","Clockwork:WarmUp","Clockwork:ChargingBlade","Clockwork:HeadStart","Clockwork:ReactiveNanites+1","Clockwork:ChargingShield"],"relics":["Clockwork:MomentumEngine","Potion Belt"],"acts_visited":["Exordium"],"potions_floor_usage":[7],"damage_taken":[{"damage":18,"enemies":"Cultist","floor":1,"turns":8},{"damage":1,"enemies":"2 Louse","floor":2,"turns":6},{"damage":0,"enemies":"Jaw Worm","floor":4,"turns":7},{"damage":22,"enemies":"Lots of Slimes","floor":5,"turns":7},{"damage":82,"enemies":"Gremlin Nob","floor":7,"turns":5}],"seed_played":"3790676644669891954","potions_obtained":[{"floor":1,"key":"Energy Potion"},{"floor":2,"key":"FairyPotion"}],"is_trial":false,"path_per_floor":["M","M","T","M","M","R","E"],"character_chosen":"CLOCKWORK","items_purchased":[],"campfire_rested":0,"item_purchase_floors":[],"current_hp_per_floor":[53,52,52,52,30,30,0,0],"gold":185,"neow_bonus":"UPGRADE_CARD","is_daily":false,"chose_seed":false,"campfire_upgraded":1,"win_rate":0.0,"timestamp":1614383590,"path_taken":["M","M","?","M","M","R","E"],"items_purchased_type":[],"build_version":"2020-12-22","purchased_purges":0,"victory":false,"max_hp_per_floor":[79,79,79,79,79,79,79,79],"relic_stats":{"counters":[5,33],"obtain_stats":[{"Clockwork:MomentumEngine":0,"Potion Belt":3},{"Clockwork:MomentumEngine":0,"Potion Belt":2},{"Clockwork:MomentumEngine":0,"Potion Belt":14}]},"card_choices":[{"not_picked":["Clockwork:Roundhouse","Clockwork:Improve"],"picked":"Clockwork:ChargingBlade","floor":1},{"not_picked":["Clockwork:Friction","Clockwork:CogToss"],"picked":"Clockwork:HeadStart","floor":2},{"not_picked":["Clockwork:ForgeStrike","Clockwork:SystemHardening"],"picked":"Clockwork:ReactiveNanites","floor":4},{"not_picked":["Clockwork:HeadStart","Clockwork:CogShield"],"picked":"Clockwork:ChargingShield","floor":5}],"player_experience":1974946,"relics_obtained":[{"floor":3,"key":"Potion Belt"}],"event_choices":[],"is_beta":false,"boss_relics":[],"items_purged_floors":[],"is_endless":false,"potions_floor_spawned":[1,2],"killed_by":"Gremlin Nob","ascension_level":15}}