{"host":"mc5v85iuptizxtr7","time":1614381437,"event":{"mods":["2.2 Compatiblity","Aspiration","Bard","BaseMod","Bestiary","Colored Map","Colored Powertips","Conspire","Curses Come First","Downfall","Duelist Mod","Hermit","Highlight Path","Hubris","Infinite Spire","Jorbs\u0027s Wanderer Trilogy","LagranYue(???·?)","Mad Scientist","Marisa????????","Minty Spire (QoL Compilation)","Permanent Neow","Random Character Button","Relic Stats","Remilia??????","Replay The Spire","StSLib","The Bladedancer","The Bug Knight","The Cursed","The Disciple","The Druid","The Forsaken","The Hierophant","The IronCluck","The Jungle","The Mystic","The Necromancer","The Runesmith","The Servant 0.9.4","The Valiant","The Wild Card","TheBandit","Wandering Minibosses"],"gold_per_floor":[210,210,229,229,79,79,99,99,167,178,178,23,52,52,52,157,157,171,171,171,171,189,206,226,251,251,280,280,310,310,310,3,17,17,122,122,141,156,156,156,156,191,191,205,282,311,322,322,341,358,358,358,358],"floor_reached":52,"language":"DEU","playtime":4038,"items_purged":[],"score":806,"play_id":"d73700bd-de2c-4d0f-8820-ae26fa376320","local_time":"20210227001717","is_ascension_mode":true,"campfire_choices":[{"data":"Finisher","floor":6.0,"key":"SMITH"},{"data":"Neutralize","floor":11.0,"key":"SMITH"},{"data":"Quick Slash","floor":15.0,"key":"SMITH"},{"floor":34,"key":"REST"},{"floor":43,"key":"RECALL"},{"data":"After Image","floor":51,"key":"SMITH"}],"circlet_count":0,"master_deck":["Strike_G","Strike_G","Strike_G","Strike_G","Strike_G","Defend_G","Defend_G","Defend_G","Defend_G","Defend_G","Survivor","Neutralize+1","Finisher+1","Quick Slash+1","Infinite Blades+1","Tools of the Trade+1","Poison Darts","hubris:Sniper","Backstab+1","Infinite Blades","conspire:PoisonWeapons","Cloak And Dagger","Reflex","ReplayTheSpireMod:Scrap Shanks","Finesse","Finisher","After Image+1","Noxious Fumes+1","infinitespire:Neurotoxin","ReplayTheSpireMod:Shiv Toss+1","Cloak And Dagger+1","CurseOfTheBell","Pot Of Greed","Pot Of Greed","Pot Of Greed","Tactician+1"],"relics":["Ring of the Serpent","LagranYue:RandomDrawCardRelic","Boot","Winged Necklace","Iron Hammer","Guide Book","hubris:PeanutButter","LagranYue:SoulBurningRelic","wanderingMiniBosses:Blackblade","White Beast Statue","Art of War","hubris:Teleporter","Orichalcum","conspire:TreasureMap","Replay:Wax Seal","conspire:BottledYoYo","hubris:TenFootPole","StoneCalendar","Calling Bell","Grinning Jar","conspire:Dentures","Ginger"],"acts_visited":["Exordium","TheCity","TheBeyond"],"potions_floor_usage":[27,27,27,35,35,38,42,46,47,47,47,52],"damage_taken":[{"damage":0.0,"enemies":"conspire:RoseBush","floor":1.0,"turns":3.0},{"damage":1.0,"enemies":"Jaw Worm","floor":3.0,"turns":6.0},{"damage":0.0,"enemies":"Cultist","floor":7.0,"turns":3.0},{"damage":1.0,"enemies":"Exordium Thugs","floor":10.0,"turns":4.0},{"damage":0.0,"enemies":"Gremlin Nob","floor":13.0,"turns":3.0},{"damage":8.0,"enemies":"Slime Boss","floor":16.0,"turns":6.0},{"damage":0.0,"enemies":"3 Byrds","floor":18.0,"turns":4.0},{"damage":26,"enemies":"Spheric Guardian","floor":22,"turns":7},{"damage":8,"enemies":"Chosen and Byrds","floor":23,"turns":7},{"damage":7,"enemies":"Snecko","floor":24,"turns":3},{"damage":0,"enemies":"theDuelist:KaibaA2","floor":25,"turns":4},{"damage":0,"enemies":"Gremlin Leader","floor":27,"turns":2},{"damage":0,"enemies":"theDuelist:KaibaA2","floor":29,"turns":3},{"damage":11,"enemies":"Sentry and Sphere","floor":33,"turns":4},{"damage":0,"enemies":"Champ","floor":35,"turns":5},{"damage":0,"enemies":"Orb Walker","floor":37,"turns":1},{"damage":4,"enemies":"3 Darklings","floor":38,"turns":5},{"damage":3,"enemies":"Giant Head","floor":42,"turns":6},{"damage":10,"enemies":"4 Shapes","floor":44,"turns":4},{"damage":4,"enemies":"R_Hoarder","floor":46,"turns":4},{"damage":0,"enemies":"Transient","floor":47,"turns":5},{"damage":13,"enemies":"Spire Growth","floor":49,"turns":5},{"damage":13,"enemies":"Sphere and 2 Shapes","floor":50,"turns":5},{"damage":47,"enemies":"conspire:OrnateMirror","floor":52,"turns":4}],"seed_played":"4047159085303920954","potions_obtained":[{"floor":3.0,"key":"PowerPotion"},{"floor":16.0,"key":"Cursed Concoction"},{"floor":24,"key":"Swift Potion"},{"floor":25,"key":"LiquidBronze"},{"floor":27,"key":"Toxic Potion"},{"floor":29,"key":"LiquidMemories"},{"floor":33,"key":"Elixir"},{"floor":35,"key":"hexamod:SoulburnPotion"},{"floor":37,"key":"Adrenaline Potion"},{"floor":38,"key":"BlessingOfTheForge"},{"floor":42,"key":"champ:CounterPotion"},{"floor":44,"key":"Swift Potion"},{"floor":46,"key":"CunningPotion"},{"floor":47,"key":"Fruit Juice"},{"floor":49,"key":"Swift Potion"},{"floor":50,"key":"SteroidPotion"}],"is_trial":false,"path_per_floor":["M","?","M","T","$","R","M","?","T","M","R","$","E","$","R","B",null,"M","?","PTL","PTL","M","M","M","E","AVR","E","T","E","R","?","$","M","R","B",null,"M","M","?","$","?","E","R","M","T","E","M","AVR","M","M","R","B"],"character_chosen":"THE_SILENT","items_purchased":["Winged Necklace","Guide Book","ReplayTheSpireMod:Scrap Shanks","Finesse","conspire:TreasureMap"],"campfire_rested":1,"item_purchase_floors":[5,12,32,32,32],"current_hp_per_floor":[70,70,69,69,69,69,69,69,69,68,68,68,68,68,68,60,70,70,70,70,70,44,36,29,29,29,29,29,29,29,29,29,18,38,38,70,70,66,66,66,80,77,77,67,67,63,67,67,54,41,41,0,0],"gold":358,"neow_bonus":"HUNDRED_GOLD","is_daily":false,"chose_seed":false,"campfire_upgraded":4,"win_rate":0.0,"timestamp":1614381437,"path_taken":["M","?","M","?","$","R","M","?","T","?","R","$","E","?","R","BOSS","M","?","PTL","PTL","M","?","M","E","AVR","E","T","E","R","?","$","M","R","BOSS","M","M","?","?","?","E","R","M","T","E","M","AVR","M","?","R","BOSS"],"items_purchased_type":["Relic","Relic","Card","Card","Relic"],"build_version":"2020-12-22","purchased_purges":0,"victory":false,"max_hp_per_floor":[70,70,70,70,70,70,70,70,70,70,70,70,70,70,70,70,70,70,70,70,70,70,70,70,70,70,70,70,70,70,70,70,70,70,70,70,70,70,70,70,80,80,80,80,80,80,85,85,85,85,85,85,85],"relic_stats":{"counters":[24,103],"StoneCalendar":[0],"Art of War":[2],"Ginger":[0],"Orichalcum":[24],"Boot":[66],"obtain_stats":[{"conspire:Dentures":48,"conspire:TreasureMap":32,"hubris:Teleporter":27,"LagranYue:RandomDrawCardRelic":0,"Guide Book":12,"LagranYue:SoulBurningRelic":17,"StoneCalendar":48,"Ginger":48,"Orichalcum":29,"Boot":4,"White Beast Statue":25,"Calling Bell":48,"Winged Necklace":5,"wanderingMiniBosses:Blackblade":23,"hubris:PeanutButter":13,"Iron Hammer":9,"Art of War":26,"conspire:BottledYoYo":45,"hubris:TenFootPole":46,"Replay:Wax Seal":42,"Grinning Jar":48,"Ring of the Serpent":36,"Ring of the Snake":0},{"conspire:Dentures":21,"conspire:TreasureMap":13,"hubris:Teleporter":12,"LagranYue:RandomDrawCardRelic":0,"Guide Book":4,"LagranYue:SoulBurningRelic":6,"StoneCalendar":21,"Ginger":21,"Orichalcum":13,"Boot":2,"White Beast Statue":11,"Calling Bell":21,"Winged Necklace":2,"wanderingMiniBosses:Blackblade":9,"hubris:PeanutButter":5,"Iron Hammer":3,"Art of War":11,"conspire:BottledYoYo":19,"hubris:TenFootPole":20,"Replay:Wax Seal":18,"Grinning Jar":21,"Ring of the Serpent":15,"Ring of the Snake":0},{"conspire:Dentures":89,"conspire:TreasureMap":55,"hubris:Teleporter":52,"LagranYue:RandomDrawCardRelic":0,"Guide Book":16,"LagranYue:SoulBurningRelic":25,"StoneCalendar":89,"Ginger":89,"Orichalcum":55,"Boot":9,"White Beast Statue":50,"Calling Bell":89,"Winged Necklace":9,"wanderingMiniBosses:Blackblade":43,"hubris:PeanutButter":19,"Iron Hammer":12,"Art of War":50,"conspire:BottledYoYo":80,"hubris:TenFootPole":84,"Replay:Wax Seal":76,"Grinning Jar":89,"Ring of the Serpent":64,"Ring of the Snake":0}]},"card_choices":[{"not_picked":["Backflip","Escape Plan"],"picked":"Finisher","floor":1.0},{"not_picked":["Dagger Spray","Terror"],"picked":"Quick Slash","floor":3.0},{"not_picked":["Heel Hook","Draining Mist"],"picked":"Infinite Blades","floor":7.0},{"not_picked":["Sucker Punch","Prepared"],"picked":"Tools of the Trade","floor":10.0},{"not_picked":["Replay:Poison Smokescreen","Dash","ReplayTheSpireMod:The Works"],"picked":"SKIP","floor":13.0},{"not_picked":["Night Terror","Tools of the Trade"],"picked":"Poison Darts","floor":16.0},{"not_picked":["hubris:SlightOfHand","Hidden Blade"],"picked":"hubris:Sniper","floor":18.0},{"not_picked":["Concentrate+1","Cloak And Dagger"],"picked":"Backstab+1","floor":22},{"not_picked":["Acrobatics","Sneak Up+1"],"picked":"Infinite Blades","floor":23},{"not_picked":["wanderingMiniBosses:FinaleOfPromise"],"picked":"SKIP","floor":23},{"not_picked":["Slice","ReplayTheSpireMod:Tripwire+1","hubris:SlightOfHand"],"picked":"SKIP","floor":24},{"not_picked":["Fluid Movement","Underhanded Strike"],"picked":"conspire:PoisonWeapons","floor":25},{"not_picked":["Flechettes","Noxious Fumes"],"picked":"Cloak And Dagger","floor":27},{"not_picked":["Terror","Acrobatics"],"picked":"Reflex","floor":29},{"not_picked":["Deadly Poison","Bouncing Flask"],"picked":"Finisher","floor":33},{"not_picked":["Die Die Die","Glass Knife"],"picked":"After Image","floor":35},{"not_picked":["Slice+1","ReplayTheSpireMod:Tripwire","Finisher"],"picked":"SKIP","floor":37},{"not_picked":["Quick Slash+1","Dodge and Roll"],"picked":"Noxious Fumes+1","floor":38},{"not_picked":["Sucker Punch","Eviscerate+1","Distraction"],"picked":"SKIP","floor":42},{"not_picked":["Crippling Poison+1","Calculated Gamble"],"picked":"infinitespire:Neurotoxin","floor":44},{"not_picked":["Bullet Time","All Out Attack"],"picked":"ReplayTheSpireMod:Shiv Toss+1","floor":46},{"not_picked":["Dodge and Roll+1","Catalyst+1"],"picked":"Cloak And Dagger+1","floor":47},{"not_picked":["Infinite Blades","Dagger Spray+1"],"picked":"Tactician+1","floor":49},{"not_picked":["Eviscerate+1","Blur","Quick Slash"],"picked":"SKIP","floor":50}],"player_experience":238395,"relics_obtained":[{"floor":4.0,"key":"Boot"},{"floor":9.0,"key":"Iron Hammer"},{"floor":13.0,"key":"hubris:PeanutButter"},{"floor":23,"key":"wanderingMiniBosses:Blackblade"},{"floor":25,"key":"White Beast Statue"},{"floor":27,"key":"hubris:Teleporter"},{"floor":29,"key":"Orichalcum"},{"floor":42,"key":"Replay:Wax Seal"},{"floor":45,"key":"conspire:BottledYoYo"},{"floor":46,"key":"hubris:TenFootPole"},{"floor":48,"key":"Grinning Jar"},{"floor":48,"key":"conspire:Dentures"},{"floor":48,"key":"Ginger"}],"event_choices":[{"damage_healed":0.0,"max_hp_gain":0.0,"max_hp_loss":0.0,"gold_gain":0.0,"event_name":"The Woman in Blue","player_choice":"Bought 0 Potions","floor":8.0,"gold_loss":0.0,"damage_taken":0.0},{"damage_healed":0,"gold_gain":0,"player_choice":"Ignored","damage_taken":0,"max_hp_gain":0,"max_hp_loss":0,"event_name":"N\u0027loth","floor":19,"gold_loss":0},{"damage_healed":0,"gold_gain":0,"player_choice":"1 cards matched","damage_taken":0,"max_hp_gain":0,"max_hp_loss":0,"event_name":"Match and Keep!","floor":39,"gold_loss":0,"cards_obtained":["ReplayTheSpireMod:From All Sides"]},{"cards_removed":["ReplayTheSpireMod:From All Sides"],"damage_healed":4,"gold_gain":0,"player_choice":"Offered Rare","damage_taken":0,"max_hp_gain":10,"max_hp_loss":0,"event_name":"Bonfire Elementals","floor":41,"gold_loss":0}],"is_beta":false,"boss_relics":[{"not_picked":["hubris:GrandSneckoEye","aspiration:PoetsPen_weak"],"picked":"LagranYue:SoulBurningRelic"},{"not_picked":["aspiration:WatcherSkillbook","Replay:Drink Me"],"picked":"Ring of the Serpent"}],"items_purged_floors":[],"is_endless":false,"potions_floor_spawned":[3,16,24,25,27,29,33,35,37,38,42,44,46,47,49,50],"killed_by":"conspire:OrnateMirror","ascension_level":1}}