{"host":"za9ilm1uiwmpmin1","time":1614347037,"event":{"mods":["AchievementEnabler","Act Like it!","BaseMod","Friendly Minions","Gensokyo","KomeijiMod","Library of Ruina","Library of Ruina Extra","Minty Spire (QoL Compilation)","MostiFishMod","StSLib","TestMod","Waifu the Spire"],"gold_per_floor":[115,130,55,73,73,99,99,130,153,187,30,30,44,44,44,123,123,133,133,133,152,163,194,223,251,251,251,281,314,345,139,139,216,216,231,5,220,220,233,262,294,294,294,303,327,357,357,391,391,391,391,391,391,4,35,35],"floor_reached":57,"language":"ZHS","playtime":2455,"items_purged":["LightAttack"],"score":3396,"play_id":"fde96dab-4ea8-492e-bd00-0c730d6fc7f9","local_time":"20210226214357","is_ascension_mode":true,"campfire_choices":[{"data":"CleanUp","floor":7,"key":"SMITH"},{"data":"FrontalAssault","floor":15,"key":"SMITH"},{"data":"LeRegole","floor":27,"key":"SMITH"},{"floor":32,"key":"RECALL"},{"data":"1","floor":42,"key":"LIFT"},{"data":"2","floor":49,"key":"LIFT"},{"data":"3","floor":53,"key":"LIFT"}],"circlet_count":0,"master_deck":["AscendersBane","LightDefense","LightAttack+1","LightDefense","LightDefense","ChargeAndCover+1","FocusedStrikes+1","FrontalAssault+1","Quickness+1","LeRegole+1","CleanUp+1","CoordinatedAssault","ExtractFuel+1","Gensokyo:ShootingStar","Faith","SomberProcuration+1"],"relics":["PageOfLibrarian","DaveBox","testmod-TestBox","testmod-Justice","GuanYuAspect","Bag of Marbles","SynthV:TestCard","Gensokyo:PortableGap","Whetstone","Pen Nib","testmod-LifeArmor","MetatronsCube","Gensokyo:Justice","SynthV:C4","Transparent","Gensokyo:RedStar","Darkstone Periapt","PageOfApocalypseBird","testmod-AssaultLearning","Omamori","Frozen Egg 2","PageOfLumberjack","PageOfOzma","testmod-SaigiyounoYou","Centennial Puzzle","testmod-Charity","Girya","Ice Cream","Vajra","ArrowTower","PageOfWayBackHome","CaptainsWheel","DaCapo","Mercury Hourglass","TungstenRod","PageOfTheSilentOrchestra","testmod-CyclicPeriapt","testmod-Antiphasic"],"acts_visited":["Exordium","Gensokyo:Gensokyo","Gensokyo:Gensokyoer","TheEnding"],"potions_floor_usage":[8,56,56],"damage_taken":[{"damage":4,"enemies":"Gensokyo:3_Fairies","floor":1,"turns":5},{"damage":5,"enemies":"Gensokyo:Gryphon","floor":2,"turns":3},{"damage":0,"enemies":"Gensokyo:Python","floor":4,"turns":1},{"damage":8,"enemies":"Gensokyo:Aya","floor":6,"turns":4},{"damage":14,"enemies":"Gensokyo:Cirno","floor":8,"turns":7},{"damage":0,"enemies":"Gensokyo:Aya","floor":10,"turns":4},{"damage":0,"enemies":"Gensokyo:Kitsune","floor":13,"turns":1},{"damage":0,"enemies":"Gensokyo:Reimu","floor":16,"turns":2},{"damage":9,"enemies":"Gensokyo:Chomper","floor":18,"turns":1},{"damage":9,"enemies":"Gensokyo:3_Dogs","floor":21,"turns":1},{"damage":9,"enemies":"Gensokyo:Slime_Group","floor":22,"turns":1},{"damage":18,"enemies":"Gensokyo:Koishi","floor":23,"turns":2},{"damage":8,"enemies":"Gensokyo:Reisen","floor":24,"turns":1},{"damage":8,"enemies":"Gensokyo:Koishi","floor":25,"turns":1},{"damage":7,"enemies":"Gensokyo:Reisen","floor":28,"turns":1},{"damage":6,"enemies":"Gensokyo:Tenshi","floor":29,"turns":1},{"damage":6,"enemies":"Gensokyo:Koishi","floor":30,"turns":1},{"damage":10,"enemies":"Gensokyo:Eternal_Rivals","floor":33,"turns":5},{"damage":15,"enemies":"Gensokyo:AncientGuardian","floor":35,"turns":3},{"damage":15,"enemies":"Gensokyo:3_Bats","floor":37,"turns":3},{"damage":12,"enemies":"Gensokyo:SeedOfUnknown","floor":39,"turns":2},{"damage":6,"enemies":"Gensokyo:Marisa","floor":40,"turns":1},{"damage":10,"enemies":"Gensokyo:Doremy","floor":41,"turns":2},{"damage":10,"enemies":"Gensokyo:4_Bats","floor":44,"turns":2},{"damage":5,"enemies":"Gensokyo:Kasen","floor":45,"turns":1},{"damage":4,"enemies":"Gensokyo:Doremy","floor":46,"turns":1},{"damage":6,"enemies":"Gensokyo:Kasen","floor":48,"turns":2},{"damage":4,"enemies":"Gensokyo:Yuyuko","floor":50,"turns":1},{"damage":4,"enemies":"Gensokyo:Yuyuko","floor":51,"turns":1},{"damage":8,"enemies":"Shield and Spear","floor":55,"turns":2},{"damage":20,"enemies":"The Heart","floor":56,"turns":5}],"seed_played":"-5259637615272481954","potions_obtained":[{"floor":1,"key":"Swift Potion"},{"floor":13,"key":"testmod-TestPotion"},{"floor":16,"key":"BlessingOfTheForge"},{"floor":24,"key":"FearPotion"},{"floor":35,"key":"DuplicationPotion"}],"is_trial":false,"path_per_floor":["M","M","$","M","?","E","R","E","T","E","COS","?","M","?","R","B",null,"M","?","?","M","M","E","E","E","T","R","E","E","E","COS","R","B",null,"M","COS","M","?","M","E","E","R","T","M","E","E","?","E","R","B",null,null,"R","$","E","B",null],"character_chosen":"Librarian","items_purchased":["testmod-CyclicPeriapt","Block Potion"],"campfire_rested":0,"item_purchase_floors":[54,54],"current_hp_per_floor":[30,30,30,34,33,26,26,25,25,31,31,31,34,23,23,32,38,46,46,46,46,46,43,40,40,40,37,34,31,28,28,28,21,24,28,28,30,30,31,29,27,27,27,25,23,24,12,25,25,25,25,25,25,25,26,26],"gold":35,"neow_bonus":"RANDOM_COMMON_RELIC","is_daily":false,"chose_seed":false,"campfire_upgraded":3,"win_rate":0.0,"timestamp":1614347037,"path_taken":["M","M","?","M","?","E","R","E","T","E","COS","?","?","?","R","BOSS","M","?","?","M","M","E","E","E","T","R","E","E","E","COS","R","BOSS","M","COS","?","?","?","E","E","R","T","?","E","E","?","E","R","BOSS","R","$","E","BOSS"],"items_purchased_type":["Relic","Potion"],"build_version":"2020-12-22","purchased_purges":1,"victory":true,"max_hp_per_floor":[38,38,38,38,33,33,33,49,49,46,46,46,46,46,46,46,46,46,46,46,46,46,43,40,40,40,37,34,31,28,28,28,28,28,28,28,30,30,31,29,27,27,27,25,23,24,24,25,25,25,25,25,25,25,26,26],"card_choices":[{"not_picked":["FlashingStrike","FleetEdge","ExtremeEdge","GatherIntel","Multislash","IdentifyWeakpoint","BackAttack","Standoff"],"picked":"FrontalAssault","floor":1},{"not_picked":["UnavoidableGaze","ChopItOff","SinglePointStab","HighKick","ViolentFlame","CoordinatedAssault","JiaoTu","BackAttack","UndertakePrescript","YouOnlyLiveOnce"],"picked":"Quickness","floor":2},{"not_picked":["HardRehearsal","SetFire","AutonomousRush","EndlessBattle","MultiBlock","DarkCloud","FleetEdge","GuidanceOfTheGears","GuardingStance","BulkyImpact"],"picked":"LeRegole","floor":4},{"not_picked":["YourShield","StructuralAnalysis","YoureTooSlow","MultiHit","ChopItOff","FrontalAssault","TendonChords","BiXi","Reload","Pound"],"picked":"CleanUp","floor":6},{"not_picked":["Quickness","Concentration","FaintMemories","PinpointShot","Disposal","LoosenUp","Standoff","NonstopAssault","UndertakePrescript","UpbeatPerformance","Leap_lor"],"picked":"SKIP","floor":8},{"not_picked":["GaleKick","AutonomousRush","FierceCharge","CookingPrep","TheArtOfRapidSteps","BladeWhirl","Reload","FervidEmotions","BlindFaith","FieryDragonSlash","Brawl"],"picked":"SKIP","floor":10},{"not_picked":["Riposte","FaintMemories","BizarreAttack","Overcharge","Multislash","ViolentFlame","EnergyStrike","SerpentSwordTechnique","UncannyStrike","BladeWhirl","RapidGashes"],"picked":"SKIP","floor":13},{"not_picked":["SummaryJudgment","BlindFaith","QuickSuppression","PinpointShot","FlamingDragonFist","SuppressingShot","Clone+1","Ripple","HiddenBlade","WillOfThePrescript","CutIn"],"picked":"SKIP","floor":18},{"not_picked":["EndlessBattle","RatsGuideToSurvival","GreatSerpentsImpact","Cruelty","ViolentFlame","PreparedMind","HandleRequest","EnergyCycle","FrontalAssault","SinglePointStab","SerpentSwordTechnique"],"picked":"SKIP","floor":21},{"not_picked":["DesperateStruggle","QuickAttack","HighKick","Wallop_lor","VenomousFangs","FleetEdge","HiddenBlade","StartinOutLightly","Ripple+1","TheArtOfRapidSteps","FlashOfSunup"],"picked":"SKIP","floor":22},{"not_picked":["RepressedFlesh","LeRegole","FieryWaltz","Transpierce","Parry","FeelinGood","ToOvercomeCrisis","Gamble","PreemptiveStrike","EndlessBattle","ExtremeEdge"],"picked":"SKIP","floor":23},{"not_picked":["InhaleSmoke","FierceCharge","LawAndOrder+1","BackAttack+1","DevastatingThrash","EnergyCycle+1","Gigigig","Unlock1","GroundSmash","BlindFaith","ScatteringSlash"],"picked":"SKIP","floor":24},{"not_picked":["ChargeUp","SerpentSwordTechnique","SmokingPipe","AssaultOrder","QuickAttack","Multislash","ToOvercomeCrisis","Slice_lor+1","IdentifyWeakpoint","TendonChords","PinpointShot"],"picked":"SKIP","floor":25},{"not_picked":["MindWhip","WillOfThePrescript","Thrust","SerpentSwordTechnique","SnakeSlit","Mutilate+1","WillBeTasty","Wallop_lor","ViolentFlame+1","IngredientHunt"],"picked":"CoordinatedAssault","floor":28},{"not_picked":["ConcentratedFire","Decapitation","Marionette","BlowItUp+1","FrontalAssault","EnergyCycle","UpbeatPerformance+1","StrongStrike","MultiBlock","BackAttack"],"picked":"ExtractFuel+1","floor":29},{"not_picked":["ViolentFlame+1","BiXi","HandleRequest","Thrust","SomberProcuration","PreemptiveStrike","ShockRound","SturdyDefense","AsThePrescriptOrders","Track","MultiHit+1"],"picked":"SKIP","floor":30},{"not_picked":[],"picked":"Gensokyo:ShootingStar","floor":33},{"not_picked":["UpbeatPerformance","BiAn","DevastatingThrash","SpearedSweep","Quickness","SmokingPipe","KeepItFresh+1","CircusKnives","ChargeUp+1","GreatSerpentsImpact","FierceOnslaught"],"picked":"SKIP","floor":35},{"not_picked":["FrontalAssault","CookingPrep","ShrineToMusic+1","Overcharge+1","BulkyImpact+1","CoordinatedAssault","SomberProcuration","RipSpace","FervidEmotions","Endure"],"picked":"Faith","floor":37},{"not_picked":["Bvapour","Standoff","Parry","Retaliate","StructuralAnalysis+1","Overcharge","SnakesPrey+1","BoundaryOfDeath","Quickness","ForcefulGesture","UnavoidableGaze"],"picked":"SKIP","floor":39},{"not_picked":["Collision","InnerArdor","BlindFaith+1","MultiHit+1","FleetEdge","Multislash","GreatSerpentsImpact","FendThisOffIfYouCan+1","TendonChords","FrontalAssault","SharpenedBlade+1"],"picked":"SKIP","floor":40},{"not_picked":["CutIn+1","FlashingStrike+1","RushDown","WillOfThePrescript","InhaleSmoke","CleanUp","Reload","WaitUp+1","DefenseOrder+1","LossOfSenses","Overcharge"],"picked":"SKIP","floor":41},{"not_picked":["FierceCharge","EnergyCycle","Outburst+1","Reload","StrikeDown","Pound+1","QuickSuppression","Clone","SharpSwipe+1","Tailoring+1","Leap_lor"],"picked":"SKIP","floor":44},{"not_picked":["FervidEmotions","SpearedSweep","StrongStrike+1","RatsGuideToSurvival","Rampage_lor","BayonetCombat","Standoff","FierceOnslaught","HeavyPeaks","YoureAHindrance","ToWhereThePrescriptPoints"],"picked":"SKIP","floor":45},{"not_picked":["WillProduceFineSilk","Leap_lor","TasteMyFlamingBat","FlyingSword","PreemptiveStrike","Riposte","Transpierce","Wallop_lor","Standoff","ChopItOff","SharpSwipe"],"picked":"SKIP","floor":46},{"not_picked":["UpbeatPerformance","Quickness","AsThePrescriptOrders","Multislash","UnavoidableGaze+1","Deflect_lor","Rampage_lor","Leap_lor","AssaultOrder","SkyClearingCut"],"picked":"SomberProcuration+1","floor":48},{"not_picked":["BiAn","DistortedBlade","SuppressingShot+1","StructuralAnalysis","WillOfThePrescript","CoordinatedAssault","FlyingSword","Rewind","QuickAttack+1","UncannyStrike","Unlock1"],"picked":"SKIP","floor":55}],"player_experience":795494,"relics_obtained":[{"floor":1,"key":"SynthV:TestCard"},{"floor":6,"key":"Whetstone"},{"floor":8,"key":"Pen Nib"},{"floor":10,"key":"testmod-LifeArmor"},{"floor":23,"key":"Darkstone Periapt"},{"floor":24,"key":"PageOfApocalypseBird"},{"floor":25,"key":"testmod-AssaultLearning"},{"floor":26,"key":"Omamori"},{"floor":28,"key":"Frozen Egg 2"},{"floor":29,"key":"PageOfLumberjack"},{"floor":30,"key":"PageOfOzma"},{"floor":40,"key":"Vajra"},{"floor":41,"key":"PageOfWayBackHome"},{"floor":43,"key":"CaptainsWheel"},{"floor":45,"key":"DaCapo"},{"floor":46,"key":"Mercury Hourglass"},{"floor":48,"key":"PageOfTheSilentOrchestra"},{"floor":55,"key":"testmod-Antiphasic"}],"event_choices":[{"damage_healed":0,"gold_gain":0,"player_choice":"Swap Relic","damage_taken":0,"relics_obtained":["Technique"],"max_hp_gain":0,"max_hp_loss":0,"event_name":"给自己的盒子","floor":19,"relics_lost":["Technique"],"gold_loss":0}],"is_beta":false,"boss_relics":[{"not_picked":["JellyFishMachine","xbg"],"picked":"Transparent"},{"not_picked":["testmod-KeyOfTheVoid","FixedStarFall"],"picked":"testmod-SaigiyounoYou"}],"items_purged_floors":[3],"is_endless":false,"potions_floor_spawned":[1,13,16,21,24,29,30,35,45,46,48,55],"ascension_level":19}}