{"host":"b78s5rp3ow4b1syk","time":1614307111,"event":{"mods":["AchievementEnabler","BaseMod","DeckTracker","Keyboard Shortcuts","Marisa£¨Ùöéë¡¡Øª×âÞÞ£©","Minty Spire (QoL Compilation)","Permanent Neow","Quick Restart","StSLib","SuperFastMode","The Cursed","everything is the same but u backflip on backflip"],"gold_per_floor":[17,34,47,47,47,47,58,58,58],"floor_reached":8,"language":"KOR","playtime":508,"items_purged":[],"score":48,"play_id":"d89d0eba-4c99-4d73-af80-ab47bfb49834","local_time":"20210226113831","is_ascension_mode":false,"campfire_choices":[],"circlet_count":0,"master_deck":["TheCursedMod:Strike_TheCursed","TheCursedMod:Strike_TheCursed","TheCursedMod:Strike_TheCursed","TheCursedMod:Strike_TheCursed","TheCursedMod:Defend_TheCursed","TheCursedMod:Defend_TheCursed","TheCursedMod:Defend_TheCursed","TheCursedMod:Defend_TheCursed","TheCursedMod:CursedWand","TheCursedMod:CleanUpWorkshop+1","TheCursedMod:Dregs","TheCursedMod:CollectTribute","TheCursedMod:CursedShiv","TheCursedMod:CircleOfBlood","Regret","TheCursedMod:AshesToAshes"],"relics":["TheCursedMod:BlackMagic101","Mummified Hand"],"acts_visited":["Exordium"],"potions_floor_usage":[],"damage_taken":[{"damage":10,"enemies":"Jaw Worm","floor":1,"turns":4},{"damage":0,"enemies":"Small Slimes","floor":2,"turns":3},{"damage":4,"enemies":"Cultist","floor":3,"turns":3},{"damage":9,"enemies":"2 Fungi Beasts","floor":7,"turns":4},{"damage":69,"enemies":"Gremlin Nob","floor":8,"turns":5}],"seed_played":"-4749786720655570937","potions_obtained":[{"floor":2,"key":"DuplicationPotion"},{"floor":3,"key":"SneckoOil"},{"floor":7,"key":"SkillPotion"}],"is_trial":false,"path_per_floor":["M","M","M","?","$","?","M","E"],"character_chosen":"THE_CURSED","items_purchased":[],"campfire_rested":0,"item_purchase_floors":[],"current_hp_per_floor":[65,65,67,67,67,67,64,0,0],"gold":58,"neow_bonus":"THREE_RARE_CARDS","is_daily":false,"chose_seed":false,"campfire_upgraded":0,"win_rate":0.0,"timestamp":1614307111,"path_taken":["M","M","M","?","$","?","M","E"],"items_purchased_type":[],"build_version":"2020-12-22","purchased_purges":0,"victory":false,"max_hp_per_floor":[75,75,75,75,75,75,75,75,75],"card_choices":[{"not_picked":["TheCursedMod:ShockAndAwe","TheCursedMod:DemonicPact"],"picked":"TheCursedMod:CollectTribute","floor":0},{"not_picked":["TheCursedMod:SmokeScreen","TheCursedMod:CircleOfCorruption"],"picked":"TheCursedMod:CursedShiv","floor":1},{"not_picked":["TheCursedMod:TacticalStrike","TheCursedMod:ReleasedStrength"],"picked":"TheCursedMod:CircleOfBlood","floor":2},{"not_picked":["TheCursedMod:HellsGateOpen","TheCursedMod:SoulReap","TheCursedMod:CursedShiv"],"picked":"SKIP","floor":3},{"not_picked":["TheCursedMod:FleshFromBone","TheCursedMod:CursedStaff"],"picked":"TheCursedMod:AshesToAshes","floor":7}],"player_experience":62391,"relics_obtained":[],"event_choices":[{"damage_healed":0,"gold_gain":0,"player_choice":"Box","damage_taken":0,"relics_obtained":["Mummified Hand"],"max_hp_gain":0,"max_hp_loss":0,"event_name":"Big Fish","floor":4,"gold_loss":0,"cards_obtained":["Regret"]},{"damage_healed":0,"gold_gain":0,"player_choice":"Forge","damage_taken":0,"max_hp_gain":0,"max_hp_loss":0,"event_name":"Accursed Blacksmith","floor":6,"gold_loss":0,"cards_upgraded":["TheCursedMod:CleanUpWorkshop"]}],"is_beta":false,"boss_relics":[],"items_purged_floors":[],"is_endless":false,"potions_floor_spawned":[2,3,7],"killed_by":"Gremlin Nob","ascension_level":0}}