{"host":"24vdok87ydm8sokm","time":1614312315,"event":{"mods":["AchievementEnabler","BaseMod","Colored Map","Colored Powertips","Minty Spire (QoL Compilation)","StSLib"],"gold_per_floor":[109,119,134,147,162,191,191,221,221,221,296,323,323,323,323,323,323],"floor_reached":16,"language":"ENG","playtime":2852,"items_purged":[],"score":126,"play_id":"688b3fad-5732-46d6-9c6f-fb848ed7cc84","local_time":"20210225220515","is_ascension_mode":true,"campfire_choices":[{"floor":7,"key":"REST"},{"floor":10,"key":"REST"},{"floor":15,"key":"REST"}],"circlet_count":0,"master_deck":["Strike_G","Strike_G","Strike_G+1","Strike_G","Strike_G","Defend_G","Defend_G+1","Defend_G","Defend_G","Defend_G","Survivor","Neutralize","Deadly Poison","Dash","Leg Sweep","Crippling Poison","Unload","Predator"],"relics":["Ring of the Snake","Omamori","Nunchaku","Calipers","Darkstone Periapt"],"acts_visited":["Exordium"],"potions_floor_usage":[5,8,16],"damage_taken":[{"damage":2,"enemies":"Cultist","floor":1,"turns":4},{"damage":5,"enemies":"2 Louse","floor":2,"turns":3},{"damage":0,"enemies":"Jaw Worm","floor":3,"turns":3},{"damage":3,"enemies":"3 Louse","floor":4,"turns":3},{"damage":1,"enemies":"Exordium Thugs","floor":5,"turns":10},{"damage":24,"enemies":"Gremlin Nob","floor":6,"turns":6},{"damage":30,"enemies":"3 Sentries","floor":8,"turns":10},{"damage":19,"enemies":"Gremlin Nob","floor":12,"turns":5},{"damage":37,"enemies":"Slime Boss","floor":16,"turns":8}],"seed_played":"9196230929109756398","potions_obtained":[{"floor":2,"key":"PowerPotion"},{"floor":4,"key":"PowerPotion"},{"floor":6,"key":"Strength Potion"}],"is_trial":false,"path_per_floor":["M","M","M","M","M","E","R","E","T","R","?","E","?","?","R","B"],"character_chosen":"THE_SILENT","items_purchased":[],"campfire_rested":3,"item_purchase_floors":[],"current_hp_per_floor":[75,70,70,67,66,42,65,35,35,58,47,28,13,13,36,0,0],"gold":323,"neow_bonus":"TEN_PERCENT_HP_BONUS","is_daily":false,"chose_seed":false,"campfire_upgraded":0,"win_rate":0.0,"timestamp":1614312315,"path_taken":["M","M","M","M","M","E","R","E","T","R","?","E","?","?","R","BOSS"],"items_purchased_type":[],"build_version":"2020-12-22","purchased_purges":0,"victory":false,"max_hp_per_floor":[77,77,77,77,77,77,77,77,77,77,77,77,77,77,77,77,77],"card_choices":[{"not_picked":["Heel Hook","Dodge and Roll"],"picked":"Deadly Poison","floor":1},{"not_picked":["Leg Sweep","Bane"],"picked":"Dash","floor":2},{"not_picked":["Underhanded Strike","Slice","Endless Agony"],"picked":"SKIP","floor":3},{"not_picked":["Masterful Stab","Flying Knee"],"picked":"Leg Sweep","floor":4},{"not_picked":["Infinite Blades","Dodge and Roll"],"picked":"Crippling Poison","floor":5},{"not_picked":["Outmaneuver","A Thousand Cuts","Prepared"],"picked":"SKIP","floor":6},{"not_picked":["Endless Agony","Backflip"],"picked":"Unload","floor":8},{"not_picked":["Terror","Sucker Punch"],"picked":"Predator","floor":12}],"player_experience":130266,"relics_obtained":[{"floor":6,"key":"Omamori"},{"floor":8,"key":"Nunchaku"},{"floor":9,"key":"Calipers"},{"floor":12,"key":"Darkstone Periapt"}],"event_choices":[{"damage_healed":0,"gold_gain":75,"player_choice":"Gather Gold","damage_taken":11,"max_hp_gain":0,"max_hp_loss":0,"event_name":"World of Goop","floor":11,"gold_loss":0},{"damage_healed":0,"gold_gain":0,"player_choice":"Entered Light","damage_taken":15,"max_hp_gain":0,"max_hp_loss":0,"event_name":"Shining Light","floor":13,"gold_loss":0,"cards_upgraded":["Defend_G","Strike_G"]},{"damage_healed":0,"gold_gain":0,"player_choice":"Ignored","damage_taken":0,"max_hp_gain":0,"max_hp_loss":0,"event_name":"Golden Idol","floor":14,"gold_loss":0}],"is_beta":false,"boss_relics":[],"items_purged_floors":[],"is_endless":false,"potions_floor_spawned":[2,4,6],"killed_by":"Slime Boss","ascension_level":1}}