{"host":"ul3z8ex5o8l5j7mh","time":1614346698,"event":{"mods":["2.2 Compatiblity","AchievementEnabler","BaseMod","Bestiary","Colored Map","Colored Powertips","Curses Come First","DeckTracker","Highlight Path","Keyboard Shortcuts","Minty Spire (QoL Compilation)","Relic Sorter","Relic Stats","StSLib","SuperFastMode"],"gold_per_floor":[113,126,51,51,51,51,84,84,84,84,114,132,32,52,52,52,52],"floor_reached":16,"language":"ENG","playtime":397,"items_purged":["Strike_R","Strike_R"],"score":140,"play_id":"4d7aea72-b9a9-49db-9ea8-62fc1ac71060","local_time":"20210226143818","is_ascension_mode":true,"campfire_choices":[{"data":"Searing Blow","floor":6,"key":"SMITH"},{"data":"Searing Blow+1","floor":8,"key":"SMITH"},{"floor":15,"key":"REST"}],"circlet_count":0,"master_deck":["Strike_R","Strike_R","Defend_R","Defend_R","Defend_R","Bash","Searing Blow+2","Combust","Uppercut","Brutality"],"relics":["Runic Cube","Pear","Red Skull","Potion Belt"],"acts_visited":["Exordium"],"potions_floor_usage":[7],"damage_taken":[{"damage":7,"enemies":"Jaw Worm","floor":1,"turns":3},{"damage":3,"enemies":"Small Slimes","floor":2,"turns":3},{"damage":30,"enemies":"Lagavulin","floor":7,"turns":5},{"damage":18,"enemies":"Gremlin Nob","floor":11,"turns":4},{"damage":0,"enemies":"Cultist","floor":12,"turns":2},{"damage":3,"enemies":"Looter","floor":14,"turns":2},{"damage":62,"enemies":"Hexaghost","floor":16,"turns":9}],"seed_played":"-5654750869442066543","potions_obtained":[{"floor":2,"key":"PowerPotion"},{"floor":11,"key":"ElixirPotion"}],"is_trial":false,"path_per_floor":["M","M","$","?","?","R","E","R","T","?","E","M","$","M","R","B"],"character_chosen":"IRONCLAD","items_purchased":[],"campfire_rested":1,"item_purchase_floors":[],"current_hp_per_floor":[65,62,62,80,73,73,53,53,53,53,35,35,35,32,59,0,0],"gold":52,"neow_bonus":"BOSS_RELIC","is_daily":false,"chose_seed":false,"campfire_upgraded":2,"win_rate":0.0,"timestamp":1614346698,"path_taken":["M","M","$","?","?","R","E","R","T","?","E","M","$","M","R","BOSS"],"items_purchased_type":[],"build_version":"2020-12-22","purchased_purges":2,"victory":false,"max_hp_per_floor":[80,80,80,80,80,80,90,90,90,90,90,90,90,90,90,90,90],"relic_stats":{"counters":[7,28],"obtain_stats":[{"Potion Belt":11,"Pear":7,"Burning Blood":0,"Red Skull":9,"Runic Cube":0},{"Potion Belt":4,"Pear":3,"Burning Blood":0,"Red Skull":3,"Runic Cube":0},{"Potion Belt":15,"Pear":11,"Burning Blood":0,"Red Skull":11,"Runic Cube":0}],"Runic Cube":[29]},"card_choices":[{"not_picked":["Cleave","Perfected Strike"],"picked":"Searing Blow","floor":1},{"not_picked":["Pommel Strike","Second Wind","Clash"],"picked":"SKIP","floor":2},{"not_picked":["Metallicize","Anger"],"picked":"Combust","floor":7},{"not_picked":["Headbutt","Warcry"],"picked":"Brutality","floor":11},{"not_picked":["Perfected Strike","Combust","Cleave"],"picked":"SKIP","floor":12},{"not_picked":["Heavy Blade","Pommel Strike","Headbutt"],"picked":"SKIP","floor":14}],"player_experience":441356,"relics_obtained":[{"floor":7,"key":"Pear"},{"floor":9,"key":"Red Skull"},{"floor":11,"key":"Potion Belt"}],"event_choices":[{"damage_healed":26,"gold_gain":0,"player_choice":"Banana","damage_taken":0,"max_hp_gain":0,"max_hp_loss":0,"event_name":"Big Fish","floor":4,"gold_loss":0},{"cards_removed":["Strike_R"],"damage_healed":0,"gold_gain":0,"player_choice":"Card Removal","damage_taken":7,"max_hp_gain":0,"max_hp_loss":0,"event_name":"Golden Wing","floor":5,"gold_loss":0},{"damage_healed":0,"gold_gain":0,"cards_transformed":["Defend_R"],"player_choice":"Transformed","damage_taken":0,"max_hp_gain":0,"max_hp_loss":0,"event_name":"Transmorgrifier","floor":10,"gold_loss":0,"cards_obtained":["Uppercut"]}],"is_beta":false,"boss_relics":[],"items_purged_floors":[3,13],"is_endless":false,"potions_floor_spawned":[2,11],"killed_by":"Hexaghost","ascension_level":6}}