{"host":"okln270zkafj6dck","time":1614342261,"event":{"mods":["BaseMod","Minty Spire (QoL Compilation)","Permanent Neow","Quick Restart","Relic Stats","StSLib","SuperFastMode","UnlockEverythingMod"],"gold_per_floor":[123,154,182,194,218,230,242,242],"floor_reached":7,"language":"ENG","playtime":209,"items_purged":[],"score":86,"play_id":"531376de-1319-43a5-b12b-4073719dea7d","local_time":"20210226042421","is_ascension_mode":true,"campfire_choices":[{"data":"Wraith Form v2","floor":6,"key":"SMITH"}],"circlet_count":0,"master_deck":["AscendersBane","Strike_G","Strike_G","Strike_G","Strike_G","Strike_G","Defend_G","Defend_G","Defend_G","Defend_G","Defend_G","Survivor","Neutralize","CurseOfTheBell","Sucker Punch+1","Wraith Form v2+1"],"relics":["Calling Bell","MawBank","Paper Crane","Gambling Chip"],"acts_visited":["Exordium"],"potions_floor_usage":[7],"damage_taken":[{"damage":0,"enemies":"2 Louse","floor":1,"turns":2},{"damage":1,"enemies":"Cultist","floor":2,"turns":4},{"damage":3,"enemies":"Jaw Worm","floor":3,"turns":7},{"damage":1,"enemies":"Looter","floor":5,"turns":5},{"damage":53,"enemies":"3 Sentries","floor":7,"turns":16}],"seed_played":"-7991124305281982622","potions_obtained":[{"floor":2,"key":"SkillPotion"}],"is_trial":false,"path_per_floor":["M","M","M","?","M","R","E"],"character_chosen":"THE_SILENT","items_purchased":[],"campfire_rested":0,"item_purchase_floors":[],"current_hp_per_floor":[59,58,55,55,54,54,1,1],"gold":242,"neow_bonus":"BOSS_RELIC","is_daily":false,"chose_seed":false,"campfire_upgraded":1,"win_rate":0.0,"timestamp":1614342261,"path_taken":["M","M","M","?","M","R","E"],"items_purchased_type":[],"build_version":"2020-12-22","purchased_purges":0,"victory":false,"max_hp_per_floor":[66,66,66,66,66,66,66,66],"relic_stats":{"counters":[5,34],"Gambling Chip":[10],"MawBank":84,"obtain_stats":[{"Calling Bell":0,"Gambling Chip":0,"Paper Crane":0,"MawBank":0,"Ring of the Snake":0},{"Calling Bell":0,"Gambling Chip":0,"Paper Crane":0,"MawBank":0,"Ring of the Snake":0},{"Calling Bell":0,"Gambling Chip":0,"Paper Crane":0,"MawBank":0,"Ring of the Snake":0}]},"card_choices":[{"not_picked":["Backflip","Cloak And Dagger","Calculated Gamble"],"picked":"SKIP","floor":1},{"not_picked":["Setup","Blur","Concentrate"],"picked":"SKIP","floor":2},{"not_picked":["Blade Dance","Cloak And Dagger"],"picked":"Sucker Punch","floor":3},{"not_picked":["Eviscerate","Bane"],"picked":"Wraith Form v2","floor":5}],"player_experience":82375,"relics_obtained":[{"floor":0,"key":"MawBank"},{"floor":0,"key":"Paper Crane"},{"floor":0,"key":"Gambling Chip"}],"event_choices":[{"damage_healed":0,"gold_gain":0,"player_choice":"Grow","damage_taken":0,"max_hp_gain":0,"max_hp_loss":0,"event_name":"Living Wall","floor":4,"gold_loss":0,"cards_upgraded":["Sucker Punch"]}],"is_beta":false,"boss_relics":[],"items_purged_floors":[],"is_endless":false,"potions_floor_spawned":[2],"killed_by":"3 Sentries","ascension_level":20}}