{"host":"1mv6gj0zv8k9e9tz","time":1614308584,"event":{"mods":["AchievementEnabler","BaseMod","Better Third Choice","Colored Map","DeckTracker","Highlight Path","KOR Keyword Fix","Keyboard Shortcuts","Minty Spire (QoL Compilation)","Permanent Neow","Quick Restart","Rare Cards Sparkle","StSLib","SuperFastMode","everything is the same but u backflip on backflip"],"gold_per_floor":[114,64,64,79,79,109,109,139,189,189,219,219,234,234,234,334,334,349,364,379,404,419,419,419,419,444,279,294,294,309,339,339,439,439,454,469,371,371,21,21,21,21,46,46,57,57,87,112,112,112],"floor_reached":51,"language":"KOR","playtime":1412,"items_purged":["Strike_R","Strike_G"],"score":732,"play_id":"c0236047-7201-46c2-8419-040545be6d59","local_time":"20210226120304","daily_mods":["Chimera","Time Dilation","Elite Swarm"],"is_ascension_mode":false,"campfire_choices":[{"data":"Eruption","floor":7.0,"key":"SMITH"},{"floor":10.0,"key":"REST"},{"data":"Biased Cognition","floor":12.0,"key":"SMITH"},{"data":"Hologram","floor":15.0,"key":"SMITH"},{"data":"Seek","floor":23,"key":"SMITH"},{"data":"Ghostly","floor":25,"key":"SMITH"},{"data":"Mind Blast","floor":29,"key":"SMITH"},{"floor":32,"key":"REST"},{"data":"Coolheaded","floor":40,"key":"SMITH"},{"data":"Seek","floor":42,"key":"SMITH"},{"data":"Madness","floor":44,"key":"SMITH"},{"data":"Madness","floor":46,"key":"SMITH"},{"floor":49,"key":"REST"}],"circlet_count":0,"master_deck":["Bash","Survivor","Zap+1","Eruption+1","Strike_B","Defend_R","Defend_G+1","Defend_P","Hologram+1","Consume+1","Echo Form","Core Surge","Biased Cognition+1","BootSequence","Echo Form","CurseOfTheBell","Conserve Battery","Stack+1","Seek+1","Ball Lightning+1","Ghostly","Ghostly","Ghostly+1","Ghostly","Ghostly","Mind Blast+1","Ball Lightning+1","Go for the Eyes+1","Seek+1","Electrodynamics","Coolheaded+1","Bandage Up","Madness+1","Madness+1"],"relics":["Cracked Core","Bag of Preparation","Happy Flower","Potion Belt","Bag of Marbles","Calling Bell","Akabeko","Question Card","Gambling Chip","Red Mask","Lantern","CaptainsWheel","SlaversCollar","ClockworkSouvenir","Blood Vial","Prayer Wheel","Ginger","Dream Catcher"],"acts_visited":["Exordium","TheCity","TheBeyond"],"potions_floor_usage":[18,50,50,50],"damage_taken":[{"damage":0.0,"enemies":"2 Louse","floor":1.0,"turns":2.0},{"damage":0.0,"enemies":"Small Slimes","floor":4.0,"turns":3.0},{"damage":28.0,"enemies":"Gremlin Nob","floor":6.0,"turns":3.0},{"damage":27.0,"enemies":"3 Sentries","floor":8.0,"turns":5.0},{"damage":14.0,"enemies":"Gremlin Nob","floor":11.0,"turns":3.0},{"damage":3.0,"enemies":"Jaw Worm","floor":13.0,"turns":2.0},{"damage":10,"enemies":"The Guardian","floor":16,"turns":7},{"damage":10,"enemies":"Spheric Guardian","floor":18,"turns":3},{"damage":4,"enemies":"Shell Parasite","floor":19,"turns":3},{"damage":0,"enemies":"Cultist and Chosen","floor":20,"turns":4},{"damage":40,"enemies":"Masked Bandits","floor":21,"turns":5},{"damage":15,"enemies":"Snecko","floor":22,"turns":4},{"damage":0,"enemies":"Shelled Parasite and Fungi","floor":28,"turns":2},{"damage":0,"enemies":"Centurion and Healer","floor":30,"turns":2},{"damage":3,"enemies":"Book of Stabbing","floor":31,"turns":4},{"damage":5,"enemies":"Automaton","floor":33,"turns":8},{"damage":3,"enemies":"3 Darklings","floor":35,"turns":4},{"damage":0,"enemies":"3 Shapes","floor":36,"turns":2},{"damage":0,"enemies":"2 Orb Walkers","floor":45,"turns":3},{"damage":4,"enemies":"Reptomancer","floor":47,"turns":4},{"damage":4,"enemies":"Donu and Deca","floor":50,"turns":8}],"seed_played":"4728103701414758894","potions_obtained":[{"floor":8.0,"key":"AttackPotion"},{"floor":11.0,"key":"Fire Potion"},{"floor":13.0,"key":"Fruit Juice"},{"floor":18,"key":"CultistPotion"},{"floor":21,"key":"ColorlessPotion"},{"floor":31,"key":"Block Potion"},{"floor":33,"key":"SkillPotion"},{"floor":36,"key":"Weak Potion"},{"floor":47,"key":"Swift Potion"}],"is_trial":false,"path_per_floor":["M","$","?","M","?","E","R","E","T","R","E","R","M","?","R","B",null,"M","M","M","?","M","R","?","R","T","$","M","R","M","E","R","B",null,"M","M","$","?","$","R","?","R","T","R","?","R","E","T","R","B",null],"character_chosen":"DEFECT","items_purchased":["Explosive Potion","Mind Blast","Bandage Up","ClockworkSouvenir","FairyPotion"],"campfire_rested":3,"item_purchase_floors":[2,27,37,39,39],"current_hp_per_floor":[75,75,75,75,60,32,32,5,5,27,13,13,15,20,20,10,85,75,71,71,31,16,16,16,16,16,16,16,16,16,13,25,20,42,39,39,39,39,39,39,34,34,34,34,36,36,34,34,42,38],"gold":112,"neow_bonus":"","is_daily":true,"chose_seed":false,"campfire_upgraded":10,"win_rate":0.0,"timestamp":1614308584,"path_taken":["M","$","?","M","?","E","R","E","T","R","E","R","M","?","R","BOSS","M","M","M","?","M","R","?","R","T","$","M","R","M","E","R","BOSS","M","M","$","?","$","R","?","R","T","R","?","R","E","?","R","BOSS"],"items_purchased_type":["Potion","Card","Card","Relic","Potion"],"build_version":"2020-12-22","purchased_purges":2,"victory":true,"max_hp_per_floor":[75,75,75,75,75,75,75,75,75,75,75,75,80,85,85,85,85,85,85,85,85,85,85,42,42,42,42,42,42,42,42,42,42,42,42,42,42,42,42,42,42,42,42,42,42,42,42,42,42,42],"card_choices":[{"not_picked":["Go for the Eyes","Skim"],"picked":"Hologram","floor":1.0},{"not_picked":["Scrape","Redo"],"picked":"Consume","floor":4.0},{"not_picked":["Reboot","Amplify"],"picked":"Echo Form","floor":6.0},{"not_picked":["Amplify","Hyperbeam"],"picked":"Core Surge","floor":8.0},{"not_picked":["Multi-Cast","Meteor Strike"],"picked":"Biased Cognition","floor":11.0},{"not_picked":["Turbo","Beam Cell"],"picked":"BootSequence","floor":13.0},{"not_picked":["Multi-Cast","All For One"],"picked":"Echo Form","floor":16},{"not_picked":["Cold Snap","Heatsinks","Fusion"],"picked":"Melter","floor":18},{"not_picked":["Redo","Barrage","Reinforced Body"],"picked":"Conserve Battery","floor":19},{"not_picked":["Beam Cell","Steam","Scrape"],"picked":"Stack+1","floor":20},{"not_picked":["Hologram+1","Barrage","Turbo"],"picked":"Seek","floor":21},{"not_picked":["Rebound","Beam Cell","Redo"],"picked":"Ball Lightning+1","floor":22},{"not_picked":["Reprogram+1","FTL","Darkness+1"],"picked":"Ball Lightning+1","floor":28},{"not_picked":["Gash+1","Leap","Beam Cell+1"],"picked":"Go for the Eyes+1","floor":30},{"not_picked":["Hyperbeam","Amplify","Creative AI"],"picked":"Seek","floor":31},{"not_picked":["All For One","Biased Cognition","Machine Learning"],"picked":"Electrodynamics","floor":33},{"not_picked":["Beam Cell+1","Go for the Eyes","Steam+1","Hello World+1"],"picked":"SKIP","floor":35},{"not_picked":["Streamline","Chaos","Cold Snap"],"picked":"Coolheaded","floor":36},{"not_picked":["Rainbow","Creative AI","Echo Form","Hyperbeam"],"picked":"SKIP","floor":47}],"player_experience":666959,"relics_obtained":[{"floor":6.0,"key":"Bag of Preparation"},{"floor":8.0,"key":"Happy Flower"},{"floor":9.0,"key":"Potion Belt"},{"floor":11.0,"key":"Bag of Marbles"},{"floor":17,"key":"Akabeko"},{"floor":17,"key":"Question Card"},{"floor":17,"key":"Gambling Chip"},{"floor":21,"key":"Red Mask"},{"floor":26,"key":"Lantern"},{"floor":31,"key":"CaptainsWheel"},{"floor":43,"key":"Blood Vial"},{"floor":45,"key":"Prayer Wheel"},{"floor":47,"key":"Ginger"},{"floor":48,"key":"Dream Catcher"}],"event_choices":[{"damage_healed":0.0,"max_hp_gain":0.0,"max_hp_loss":0.0,"gold_gain":0.0,"event_name":"Living Wall","player_choice":"Grow","floor":3.0,"gold_loss":0.0,"damage_taken":0.0,"cards_upgraded":["Zap"]},{"damage_healed":75.0,"max_hp_gain":0.0,"max_hp_loss":75.0,"gold_gain":0.0,"event_name":"betterThird:BetterShining","player_choice":"Upgrade","floor":5.0,"gold_loss":0.0,"damage_taken":15.0,"cards_upgraded":["Defend_G","Consume"]},{"damage_healed":0.0,"max_hp_gain":5.0,"max_hp_loss":0.0,"gold_gain":0.0,"event_name":"Big Fish","player_choice":"Donut","floor":14.0,"gold_loss":0.0,"damage_taken":0.0},{"damage_healed":0,"gold_gain":0,"player_choice":"Fought Bandits","damage_taken":0,"max_hp_gain":0,"max_hp_loss":0,"event_name":"Masked Bandits","floor":21,"gold_loss":0},{"damage_healed":0,"gold_gain":0,"player_choice":"Became a Ghost","damage_taken":0,"max_hp_gain":0,"max_hp_loss":43,"event_name":"Ghosts","floor":24,"gold_loss":0,"cards_obtained":["Ghostly","Ghostly","Ghostly","Ghostly","Ghostly"]},{"cards_removed":["Melter"],"damage_healed":0,"gold_gain":0,"player_choice":"Removed Attack","damage_taken":0,"max_hp_gain":0,"max_hp_loss":0,"event_name":"Falling","floor":38,"gold_loss":0},{"damage_healed":0,"gold_gain":0,"player_choice":"Embrace Madness","damage_taken":5,"max_hp_gain":0,"max_hp_loss":0,"event_name":"Winding Halls","floor":41,"gold_loss":0,"cards_obtained":["Madness","Madness"]},{"damage_healed":0,"gold_gain":0,"player_choice":"Fight","damage_taken":0,"max_hp_gain":0,"max_hp_loss":0,"event_name":"Mysterious Sphere","floor":45,"gold_loss":0}],"is_beta":false,"boss_relics":[{"not_picked":["Runic Dome","Coffee Dripper"],"picked":"Calling Bell"},{"not_picked":["Runic Pyramid","Nuclear Battery"],"picked":"SlaversCollar"}],"items_purged_floors":[27,39],"is_endless":false,"potions_floor_spawned":[8,11,13,18,21,31,33,36,47],"ascension_level":0}}