{"host":"htqwg582tjjtn9p7","time":1614372605,"event":{"mods":["2.2 Compatiblity","AchievementEnabler","Act Like it!","Aspiration","BaseMod","Better Third Choice","Colored Map","Conspire","Curses Come First","Displayed Cursed Tome","Energized Spire","Force Act Four","Fox Events","GifTheSpireLib","Hermit","Highlight Path","JesterMod","Mad Scientist","Minty Spire (QoL Compilation)","Pale of the Ancients","Permanent Neow","Random Character Button","Relic Stats","Reliquary","Replay The Spire","Robot Space Explorer","Ruina","Somnambulant","Spicy Shops","Spikes Relics","StSLib","Stuff the Spire","The Blue Laboratory","The Bug Knight","The Forsaken","The Gatherer","The Judge","The Jungle","The Marked","The Runesmith","The Servant 0.9.4","Uncapped"],"gold_per_floor":[111,78,91,107,107,132,132,164,164,199,199,218,315,329,329,329,329],"floor_reached":16,"language":"ENG","playtime":674,"items_purged":[],"score":232,"play_id":"29cf9101-4753-4193-a8f2-f80347ce5115","local_time":"20210226215005","is_ascension_mode":true,"campfire_choices":[{"data":"WordoMod:ScatterAshes","floor":7,"key":"SMITH"},{"data":"WordoMod:MorbidFascination","floor":11,"key":"SMITH"},{"floor":15,"key":"DIG"}],"circlet_count":0,"master_deck":["AscendersBane","WordoMod:StrikeCard","WordoMod:StrikeCard","WordoMod:StrikeCard","WordoMod:StrikeCard","WordoMod:DefendCard","WordoMod:DefendCard","WordoMod:DefendCard","WordoMod:DefendCard","WordoMod:Accursed","WordoMod:IllWill","WordoMod:ScatterAshes+1","WordoMod:Resurrection","WordoMod:Resurrection","WordoMod:Sacrilege+1","WordoMod:MementoMori","WordoMod:Repent","WordoMod:MorbidFascination+1","CommonCold","WordoMod:Sacrilege","ReplayTheSpireMod:Splinters","WordoMod:MementoMori","WordoMod:Cleanse","WordoMod:CurseBuckler"],"relics":["WordoMod:Obsidian","WordoMod:Effigy","Centennial Puzzle","Strawberry","reliquary:SilkGlove","Replay:Rubber Ducky","reliquary:Knoch","reliquary:WeakTea"],"acts_visited":["Exordium"],"potions_floor_usage":[6,10,14],"damage_taken":[{"damage":1,"enemies":"Cultist","floor":1,"turns":3},{"damage":0,"enemies":"Small Slimes","floor":3,"turns":2},{"damage":0,"enemies":"2 Louse","floor":4,"turns":2},{"damage":9,"enemies":"3 Sentries","floor":6,"turns":5},{"damage":27,"enemies":"Gremlin Nob","floor":8,"turns":3},{"damage":0,"enemies":"Lagavulin","floor":10,"turns":7},{"damage":7,"enemies":"Blue Slaver","floor":12,"turns":4},{"damage":5,"enemies":"Gremlin Gang","floor":14,"turns":3},{"damage":25,"enemies":"Hexaghost","floor":16,"turns":14}],"seed_played":"724815282015001694","potions_obtained":[{"floor":4,"key":"LifebloodPotion"},{"floor":8,"key":"blueLaboratory:PolymorphPotion"},{"floor":12,"key":"DuplicationPotion"}],"is_trial":false,"path_per_floor":["M","$","M","M","?","E","R","E","T","E","R","M","?","M","R_BF","B"],"character_chosen":"JUDGE_CLASS","items_purchased":["WordoMod:Resurrection"],"campfire_rested":0,"item_purchase_floors":[2],"current_hp_per_floor":[67,67,67,67,67,65,65,38,38,38,38,31,31,26,26,1,1],"gold":329,"neow_bonus":"RANDOM_COMMON_RELIC","is_daily":false,"chose_seed":false,"campfire_upgraded":2,"win_rate":0.0,"timestamp":1614372605,"path_taken":["M","?","M","M","?","E","R","E","T","E","R","?","?","M","R_BF","BOSS"],"items_purchased_type":["Card"],"build_version":"2020-12-22","purchased_purges":0,"victory":false,"max_hp_per_floor":[75,75,75,75,75,82,82,82,82,82,82,82,82,82,82,82,82],"relic_stats":{"Centennial Puzzle":[18],"counters":[9,43],"obtain_stats":[{"Centennial Puzzle":0,"WordoMod:Effigy":0,"reliquary:SilkGlove":8,"WordoMod:Obsidian":0,"Strawberry":6,"reliquary:Knoch":10,"reliquary:WeakTea":13,"Replay:Rubber Ducky":9},{"Centennial Puzzle":0,"WordoMod:Effigy":0,"reliquary:SilkGlove":5,"WordoMod:Obsidian":0,"Strawberry":4,"reliquary:Knoch":6,"reliquary:WeakTea":7,"Replay:Rubber Ducky":5},{"Centennial Puzzle":0,"WordoMod:Effigy":0,"reliquary:SilkGlove":15,"WordoMod:Obsidian":0,"Strawberry":12,"reliquary:Knoch":22,"reliquary:WeakTea":26,"Replay:Rubber Ducky":15}]},"card_choices":[{"not_picked":["WordoMod:BreakChains","WordoMod:BurdenOfSin"],"picked":"WordoMod:ScatterAshes","floor":1},{"not_picked":["WordoMod:BurdenOfSin","WordoMod:Plague"],"picked":"WordoMod:Sacrilege","floor":3},{"not_picked":["WordoMod:ScatterAshes","WordoMod:LanternFlame"],"picked":"WordoMod:MementoMori","floor":4},{"not_picked":["WordoMod:Taunt","WordoMod:BurdenOfSin"],"picked":"WordoMod:Repent","floor":6},{"not_picked":["WordoMod:Hysteria","WordoMod:RiskTaker","WordoMod:InfectiousCulture"],"picked":"SKIP","floor":8},{"not_picked":["WordoMod:InduceTrauma","WordoMod:MentalFortitude"],"picked":"WordoMod:MorbidFascination","floor":10},{"not_picked":["Amnesia","Normality"],"picked":"CommonCold","floor":10},{"not_picked":["WordoMod:WillOWisp","WordoMod:MementoMori"],"picked":"WordoMod:Sacrilege","floor":12},{"not_picked":["WordoMod:Unchained","WordoMod:Sickness"],"picked":"WordoMod:MementoMori","floor":13},{"not_picked":["WordoMod:ScatterAshes","WordoMod:Resurrection"],"picked":"WordoMod:Cleanse","floor":13},{"not_picked":["WordoMod:Sickness","WordoMod:SoulSpear"],"picked":"WordoMod:CurseBuckler","floor":14}],"player_experience":2085180,"relics_obtained":[{"floor":6,"key":"Strawberry"},{"floor":8,"key":"reliquary:SilkGlove"},{"floor":9,"key":"Replay:Rubber Ducky"},{"floor":10,"key":"reliquary:Knoch"},{"floor":13,"key":"reliquary:WeakTea"}],"event_choices":[{"damage_healed":0,"gold_gain":0,"player_choice":"Upgraded","damage_taken":0,"max_hp_gain":0,"max_hp_loss":0,"event_name":"Upgrade Shrine","floor":5,"gold_loss":0,"cards_upgraded":["WordoMod:Sacrilege"]}],"is_beta":false,"boss_relics":[],"items_purged_floors":[],"is_endless":false,"potions_floor_spawned":[4,8,12],"killed_by":"Hexaghost","ascension_level":12}}