{"host":"1bzbl1adcbkdzqlf","time":1614365213,"event":{"mods":["BaseMod","Minty Spire (QoL Compilation)","Slay the Relics Exporter"],"gold_per_floor":[117,117,135,153,171,204,220,255,255,284,296,296,19,39,39,137,137,154,154,154,154,90,122,122,122,122,101,101,101],"floor_reached":28,"language":"ENG","playtime":4558,"items_purged":["Strike_G"],"score":357,"play_id":"bef3e510-912e-45bd-b886-6c631208239e","local_time":"20210226124653","is_ascension_mode":true,"campfire_choices":[{"data":"Infinite Blades","floor":12,"key":"SMITH"},{"data":"Footwork","floor":15,"key":"SMITH"},{"floor":25,"key":"DIG"}],"circlet_count":0,"master_deck":["Survivor","Neutralize","Dagger Throw","Infinite Blades+1","Footwork+1","Sucker Punch","Dash","Flying Knee","Slice","Terror","Flying Knee","Backflip","Well Laid Plans","Caltrops","Infinite Blades","Leg Sweep","Night Terror","Finisher","Underhanded Strike","Backflip","Sucker Punch","Venomology","Corpse Explosion","Reflex","Dagger Throw","Doppelganger","Deflect","Bite","Bite","Bite","Bite","Bite","Accuracy","Accuracy","Dagger Throw"],"relics":["SlaversCollar","NlothsMask","The Courier","Ornamental Fan","Akabeko","Pandora\u0027s Box","Blue Candle","Shovel","Prayer Wheel"],"acts_visited":["Exordium","TheCity"],"potions_floor_usage":[6,14,16,23,28],"damage_taken":[{"damage":2,"enemies":"Small Slimes","floor":1,"turns":4},{"damage":1,"enemies":"Cultist","floor":3,"turns":3},{"damage":3,"enemies":"Jaw Worm","floor":4,"turns":3},{"damage":7,"enemies":"2 Fungi Beasts","floor":5,"turns":4},{"damage":12,"enemies":"Gremlin Nob","floor":6,"turns":4},{"damage":3,"enemies":"Blue Slaver","floor":7,"turns":5},{"damage":4,"enemies":"Lagavulin","floor":8,"turns":8},{"damage":3,"enemies":"3 Sentries","floor":10,"turns":7},{"damage":1,"enemies":"Looter","floor":11,"turns":3},{"damage":11,"enemies":"Lots of Slimes","floor":14,"turns":4},{"damage":15,"enemies":"The Guardian","floor":16,"turns":10},{"damage":45,"enemies":"Spheric Guardian","floor":18,"turns":5},{"damage":24,"enemies":"Book of Stabbing","floor":23,"turns":5},{"damage":18,"enemies":"Gremlin Leader","floor":28,"turns":2}],"seed_played":"-4854152938685808969","potions_obtained":[{"floor":1,"key":"Strength Potion"},{"floor":3,"key":"Weak Potion"},{"floor":8,"key":"Dexterity Potion"},{"floor":11,"key":"Ancient Potion"}],"is_trial":false,"path_per_floor":["M","?","M","M","M","E","M","E","T","E","M","R","$","M","R","B",null,"M","?","?","T","$","E","$","R","T","$","E"],"character_chosen":"THE_SILENT","items_purchased":["Backflip","Well Laid Plans","Caltrops","Infinite Blades","Accuracy","Dagger Throw"],"campfire_rested":0,"item_purchase_floors":[13,13,13,13,22,27],"current_hp_per_floor":[68,68,67,64,57,45,42,38,38,35,34,34,34,23,23,8,70,25,25,25,25,25,11,11,11,11,11,0,0],"gold":101,"neow_bonus":"BOSS_RELIC","is_daily":false,"chose_seed":false,"campfire_upgraded":2,"win_rate":0.0,"timestamp":1614365213,"path_taken":["M","?","M","M","?","E","M","E","T","E","M","R","?","M","R","BOSS","M","?","?","?","$","E","$","R","T","?","E"],"items_purchased_type":["Card","Card","Card","Card","Card","Card"],"build_version":"2020-12-22","purchased_purges":1,"victory":false,"max_hp_per_floor":[70,70,70,70,70,70,70,70,70,70,70,70,70,70,70,70,70,70,70,49,49,49,49,49,49,49,49,49,49],"card_choices":[{"not_picked":["Underhanded Strike","Accuracy"],"picked":"Dagger Throw","floor":1},{"not_picked":["Prepared","Cloak And Dagger"],"picked":"Infinite Blades","floor":3},{"not_picked":["Flying Knee","Blade Dance"],"picked":"Footwork","floor":4},{"not_picked":["Eviscerate","Slice"],"picked":"Sucker Punch","floor":5},{"not_picked":["Outmaneuver","Deadly Poison"],"picked":"Dash","floor":6},{"not_picked":["Deflect","Masterful Stab"],"picked":"Flying Knee","floor":7},{"not_picked":["Backstab","Escape Plan"],"picked":"Slice","floor":8},{"not_picked":["Bouncing Flask","Crippling Poison"],"picked":"Terror","floor":10},{"not_picked":["Deadly Poison","Doppelganger"],"picked":"Flying Knee","floor":11},{"not_picked":["Bouncing Flask","Deadly Poison"],"picked":"Leg Sweep","floor":14},{"not_picked":["Doppelganger","Burst"],"picked":"Night Terror","floor":16},{"not_picked":["Quick Slash+1","Finisher"],"picked":"Dagger Throw","floor":18},{"not_picked":["Infinite Blades","Catalyst"],"picked":"Accuracy","floor":23}],"player_experience":573487,"relics_obtained":[{"floor":6,"key":"The Courier"},{"floor":8,"key":"Ornamental Fan"},{"floor":10,"key":"Akabeko"},{"floor":21,"key":"Blue Candle"},{"floor":23,"key":"Shovel"},{"floor":25,"key":"Prayer Wheel"}],"event_choices":[{"damage_healed":0,"gold_gain":0,"player_choice":"Trade","damage_taken":0,"relics_obtained":["NlothsMask"],"max_hp_gain":0,"max_hp_loss":0,"event_name":"FaceTrader","floor":2,"gold_loss":0},{"damage_healed":0,"gold_gain":0,"cards_transformed":["Night Terror","Expertise"],"player_choice":"Became Test Subject","damage_taken":0,"max_hp_gain":0,"max_hp_loss":0,"event_name":"Drug Dealer","floor":19,"gold_loss":0,"cards_obtained":["Doppelganger","Deflect"]},{"damage_healed":0,"gold_gain":0,"player_choice":"Became a vampire","damage_taken":0,"max_hp_gain":0,"max_hp_loss":21,"event_name":"Vampires","floor":20,"gold_loss":0,"cards_obtained":["Bite","Bite","Bite","Bite","Bite"]}],"is_beta":false,"boss_relics":[{"not_picked":["Tiny House","Empty Cage"],"picked":"Pandora\u0027s Box"}],"items_purged_floors":[13],"is_endless":false,"potions_floor_spawned":[1,3,8,11],"killed_by":"Gremlin Leader","ascension_level":4}}