{"host":"oqyakm3e5m4kt4l3","time":1614315341,"event":{"mods":["2.2 Compatiblity","AchievementEnabler","BaseMod","Better Altar","Better Match","Better Note","Better Sensory Stone","Better Skull","Better Third Choice","BetterRewards","Colored Map","Colored Powertips","Minty Spire (QoL Compilation)","Permanent Neow","Quick Restart","Rare Cards Sparkle","Shop Mod","StSLib","Synergy Search"],"gold_per_floor":[117,292,312,312,332,363,380,380,380],"floor_reached":8,"language":"ENG","playtime":624,"items_purged":[],"score":67,"play_id":"0adc08b8-75a1-4d7c-83f5-b8b16d892915","local_time":"20210225235541","is_ascension_mode":true,"campfire_choices":[],"circlet_count":0,"master_deck":["Strike_P","Strike_P","Strike_P","Strike_P","Defend_P","Defend_P","Defend_P","Defend_P","Eruption","Vigilance","Worship","Doubt","Crescendo","Devotion","Prostrate","CarveReality","Consecrate"],"relics":["PureWater","Smiling Mask","StoneCalendar"],"acts_visited":["Exordium"],"potions_floor_usage":[8],"damage_taken":[{"damage":7,"enemies":"Small Slimes","floor":1,"turns":4},{"damage":2,"enemies":"Jaw Worm","floor":3,"turns":3},{"damage":2,"enemies":"2 Louse","floor":5,"turns":4},{"damage":35,"enemies":"Lagavulin","floor":6,"turns":9},{"damage":9,"enemies":"Red Slaver","floor":7,"turns":5},{"damage":21,"enemies":"3 Sentries","floor":8,"turns":5}],"seed_played":"-8966786021129678984","potions_obtained":[{"floor":5,"key":"Fire Potion"}],"is_trial":false,"path_per_floor":["M","?","M","?","M","E","M","E"],"character_chosen":"WATCHER","items_purchased":[],"campfire_rested":0,"item_purchase_floors":[],"current_hp_per_floor":[65,65,63,63,61,26,17,0,0],"gold":380,"neow_bonus":"RANDOM_COMMON_RELIC","is_daily":false,"chose_seed":false,"campfire_upgraded":0,"win_rate":0.0,"timestamp":1614315341,"path_taken":["M","?","M","?","?","E","M","E"],"items_purchased_type":[],"build_version":"2020-12-22","purchased_purges":0,"victory":false,"max_hp_per_floor":[72,72,72,72,72,72,72,72,72],"card_choices":[{"not_picked":["PathToVictory","Wireheading"],"picked":"Worship","floor":1},{"not_picked":["JustLucky","Protect"],"picked":"Crescendo","floor":3},{"not_picked":["PathToVictory","Crescendo"],"picked":"Prostrate","floor":5},{"not_picked":["Prostrate","EmptyFist"],"picked":"CarveReality","floor":6},{"not_picked":["ThirdEye","MasterReality"],"picked":"Consecrate","floor":7}],"player_experience":582492,"relics_obtained":[{"floor":6,"key":"StoneCalendar"}],"event_choices":[{"damage_healed":0,"gold_gain":175,"player_choice":"AGREE","damage_taken":117,"max_hp_gain":0,"max_hp_loss":0,"event_name":"betterThird:BetterSerpent","floor":2,"gold_loss":0},{"damage_healed":0,"gold_gain":1,"player_choice":"4","damage_taken":0,"max_hp_gain":0,"max_hp_loss":0,"event_name":"betterStone:BetterStone","floor":4,"gold_loss":0,"cards_obtained":["Devotion"]}],"is_beta":false,"boss_relics":[],"items_purged_floors":[],"is_endless":false,"potions_floor_spawned":[5],"killed_by":"3 Sentries","ascension_level":3}}