{"host":"oqyakm3e5m4kt4l3","time":1614319290,"event":{"mods":["2.2 Compatiblity","AchievementEnabler","BaseMod","Better Altar","Better Match","Better Note","Better Sensory Stone","Better Skull","Better Third Choice","BetterRewards","Colored Map","Colored Powertips","Minty Spire (QoL Compilation)","Permanent Neow","Quick Restart","Rare Cards Sparkle","Shop Mod","StSLib","Synergy Search"],"gold_per_floor":[115,115,132,142,154,189,201,246,258,305,166,166,181,146,146,245,245,262,262,277,277,277],"floor_reached":21,"language":"ENG","playtime":1089,"items_purged":["Defend_P"],"score":344,"play_id":"48a3f799-6973-4619-b718-ed85d03f94af","local_time":"20210226010130","is_ascension_mode":true,"campfire_choices":[{"data":"Eruption","floor":7,"key":"SMITH"},{"floor":12,"key":"REST"},{"data":"Alpha","floor":15,"key":"SMITH"}],"circlet_count":0,"master_deck":["Strike_P","Strike_P","Strike_P","Strike_P","Defend_P","Defend_P","Defend_P","Eruption+1","Vigilance","Worship","Consecrate","EmptyBody","Meditate","FlurryOfBlows","FearNoEvil","Prostrate+1","Alpha+1","Protect","LessonLearned","EmptyFist+1","SashWhip+1"],"relics":["PureWater","FossilizedHelix","MawBank","Ancient Tea Set","Omamori","Blue Candle","Velvet Choker","Kunai"],"acts_visited":["Exordium","TheCity"],"potions_floor_usage":[5,6,8,16],"damage_taken":[{"damage":0.0,"enemies":"Jaw Worm","floor":1.0,"turns":2.0},{"damage":0.0,"enemies":"Cultist","floor":3.0,"turns":3.0},{"damage":0.0,"enemies":"Small Slimes","floor":4.0,"turns":1.0},{"damage":0,"enemies":"Blue Slaver","floor":5,"turns":4},{"damage":30,"enemies":"Lagavulin","floor":6,"turns":9},{"damage":15,"enemies":"Gremlin Nob","floor":8,"turns":4},{"damage":20,"enemies":"3 Sentries","floor":10,"turns":6},{"damage":25,"enemies":"Exordium Thugs","floor":13,"turns":5},{"damage":13,"enemies":"The Guardian","floor":16,"turns":9},{"damage":53,"enemies":"3 Byrds","floor":18,"turns":7},{"damage":12,"enemies":"Chosen","floor":20,"turns":3},{"damage":17,"enemies":"Centurion and Healer","floor":21,"turns":2}],"seed_played":"1528044146959783683","potions_obtained":[{"floor":2.0,"key":"FairyPotion"},{"floor":2.0,"key":"CultistPotion"},{"floor":2.0,"key":"GamblersBrew"},{"floor":3.0,"key":"DistilledChaos"},{"floor":5,"key":"Swift Potion"},{"floor":6,"key":"Fruit Juice"},{"floor":13,"key":"EssenceOfSteel"}],"is_trial":false,"path_per_floor":["M","?","M","M","M","E","R","E","T","E","$","R","M","?","R","B",null,"M","?","M","M"],"character_chosen":"WATCHER","items_purchased":["FossilizedHelix","Worship","Alpha"],"campfire_rested":1,"item_purchase_floors":[0,0,11],"current_hp_per_floor":[62,62,62,62,62,37,37,22,22,2,2,25,23,42,42,29,77,24,24,12,0,0],"gold":277,"neow_bonus":"","is_daily":false,"chose_seed":false,"campfire_upgraded":2,"win_rate":0.0,"timestamp":1614319290,"path_taken":["M","?","M","M","?","E","R","E","T","E","$","R","M","?","R","BOSS","M","?","M","M"],"items_purchased_type":["Relic","Card","Card"],"build_version":"2020-12-22","purchased_purges":1,"victory":false,"max_hp_per_floor":[72,72,72,72,72,77,77,77,77,77,77,77,77,77,77,77,77,77,77,77,77,77],"card_choices":[{"not_picked":["Protect","Meditate"],"picked":"Consecrate","floor":1.0},{"not_picked":["FlyingSleeves","ThirdEye"],"picked":"EmptyBody","floor":3.0},{"not_picked":["Crescendo","EmptyBody"],"picked":"Meditate","floor":4.0},{"not_picked":["EmptyBody","Conclude"],"picked":"FlurryOfBlows","floor":5},{"not_picked":["JustLucky","Fasting2","Nirvana"],"picked":"SKIP","floor":6},{"not_picked":["Pray","ClearTheMind"],"picked":"FearNoEvil","floor":8},{"not_picked":["Meditate","Consecrate"],"picked":"Prostrate","floor":10},{"not_picked":["ThirdEye","Study"],"picked":"Protect","floor":13},{"not_picked":["Scrawl","DeusExMachina"],"picked":"LessonLearned","floor":16},{"not_picked":["Halt","Study"],"picked":"EmptyFist+1","floor":18},{"not_picked":["Consecrate","Scrawl"],"picked":"SashWhip+1","floor":20}],"player_experience":584618,"relics_obtained":[{"floor":6,"key":"MawBank"},{"floor":8,"key":"Ancient Tea Set"},{"floor":9,"key":"Omamori"},{"floor":10,"key":"Blue Candle"}],"event_choices":[{"damage_healed":0.0,"max_hp_gain":0.0,"max_hp_loss":0.0,"gold_gain":0.0,"event_name":"Lab","player_choice":"Got Potions","floor":2.0,"gold_loss":0.0,"damage_taken":0.0},{"damage_healed":19,"gold_gain":0,"player_choice":"Healed","damage_taken":0,"max_hp_gain":0,"max_hp_loss":0,"event_name":"The Cleric","floor":14,"gold_loss":35},{"damage_healed":0,"gold_gain":0,"player_choice":"Stole Relic","damage_taken":0,"relics_obtained":["Kunai"],"max_hp_gain":0,"max_hp_loss":0,"event_name":"Addict","floor":19,"gold_loss":0,"cards_obtained":["Shame"]}],"is_beta":false,"boss_relics":[{"not_picked":["Busted Crown","SacredBark"],"picked":"Velvet Choker"}],"items_purged_floors":[11],"is_endless":false,"potions_floor_spawned":[3,5,6,13],"killed_by":"Centurion and Healer","ascension_level":3}}