{"host":"d52brwsy6af8zvaq","time":1614360208,"event":{"mods":["AchievementEnabler","BaseMod","Bestiary","Highlight Path","Minty Spire (QoL Compilation)","Quick Restart","Relic Stats","ojb\u0027s Better Paths Mod"],"gold_per_floor":[110,126,146,160,49,49,76,76,76,76,76,86,121,132,132,203,203,220,232,244,244,255,255,283,283,308,308,326,341,376,391,391,470,470,480,493,187,237,254,254,280,280,335,360,146,163,211,229,229,229,229],"floor_reached":50,"language":"ENG","playtime":2321,"items_purged":["Strike_B","Strike_B","Strike_B"],"score":1112,"play_id":"bbb14ed9-41a7-4f18-b347-04e47c8ffb30","local_time":"20210226102328","is_ascension_mode":true,"campfire_choices":[{"floor":6.0,"key":"REST"},{"floor":8.0,"key":"REST"},{"data":"Defragment","floor":15.0,"key":"SMITH"},{"floor":23.0,"key":"REST"},{"floor":25.0,"key":"REST"},{"data":"Defragment","floor":32.0,"key":"SMITH"},{"data":"Apotheosis","floor":40.0,"key":"SMITH"},{"floor":42.0,"key":"RECALL"},{"floor":49,"key":"REST"}],"circlet_count":0,"master_deck":["AscendersBane","Strike_B","Defend_B","Defend_B","Defend_B+1","Defend_B","Zap","Dualcast","Ball Lightning+1","Loop","Doom and Gloom","Defragment+1","Defragment+1","Glacier","Hologram","Darkness","Biased Cognition","Leap","Cold Snap","Echo Form","Undo","Coolheaded+1","Force Field","Apotheosis+1","Self Repair+1","Darkness+1","Machine Learning"],"relics":["Velvet Choker","Bird Faced Urn","Matryoshka","Pantograph","White Beast Statue","Nuclear Battery","Enchiridion","Boot","Mummified Hand","Happy Flower","Centennial Puzzle","Dead Branch","Toxic Egg 2","StrikeDummy","Shovel"],"acts_visited":["TheCity","TheBeyond"],"potions_floor_usage":[],"damage_taken":[{"damage":2.0,"enemies":"Jaw Worm","floor":1.0,"turns":3.0},{"damage":5.0,"enemies":"2 Louse","floor":2.0,"turns":2.0},{"damage":7.0,"enemies":"Small Slimes","floor":3.0,"turns":3.0},{"damage":14.0,"enemies":"Gremlin Gang","floor":4.0,"turns":3.0},{"damage":40.0,"enemies":"3 Sentries","floor":7.0,"turns":6.0},{"damage":13.0,"enemies":"Lots of Slimes","floor":12.0,"turns":4.0},{"damage":20.0,"enemies":"Gremlin Nob","floor":13.0,"turns":4.0},{"damage":0.0,"enemies":"Large Slime","floor":14.0,"turns":4.0},{"damage":2.0,"enemies":"Slime Boss","floor":16.0,"turns":6.0},{"damage":14.0,"enemies":"3 Byrds","floor":18.0,"turns":4.0},{"damage":15.0,"enemies":"Chosen","floor":19.0,"turns":4.0},{"damage":18.0,"enemies":"Shelled Parasite and Fungi","floor":20.0,"turns":11.0},{"damage":13.0,"enemies":"Cultist and Chosen","floor":22.0,"turns":4.0},{"damage":52.0,"enemies":"Gremlin Leader","floor":24.0,"turns":8.0},{"damage":11.0,"enemies":"Snake Plant","floor":28.0,"turns":5.0},{"damage":17.0,"enemies":"Chosen and Byrds","floor":29.0,"turns":4.0},{"damage":7.0,"enemies":"Book of Stabbing","floor":30.0,"turns":8.0},{"damage":2.0,"enemies":"Sentry and Sphere","floor":31.0,"turns":5.0},{"damage":42.0,"enemies":"Automaton","floor":33.0,"turns":9.0},{"damage":0.0,"enemies":"3 Shapes","floor":35.0,"turns":4.0},{"damage":11.0,"enemies":"Orb Walker","floor":36.0,"turns":4.0},{"damage":0.0,"enemies":"Sphere and 2 Shapes","floor":39.0,"turns":5.0},{"damage":53.0,"enemies":"Giant Head","floor":41.0,"turns":10.0},{"damage":31.0,"enemies":"Nemesis","floor":44.0,"turns":7.0},{"damage":24.0,"enemies":"Jaw Worm Horde","floor":46.0,"turns":5.0},{"damage":20.0,"enemies":"2 Orb Walkers","floor":47.0,"turns":5.0},{"damage":25,"enemies":"Maw","floor":48,"turns":7},{"damage":93,"enemies":"Awakened One","floor":50,"turns":4}],"seed_played":"5936696582082193064","potions_obtained":[{"floor":7.0,"key":"FairyPotion"},{"floor":12.0,"key":"Energy Potion"},{"floor":13.0,"key":"LiquidMemories"},{"floor":14.0,"key":"FocusPotion"},{"floor":16.0,"key":"Swift Potion"},{"floor":18.0,"key":"Block Potion"},{"floor":20.0,"key":"GamblersBrew"},{"floor":22.0,"key":"Dexterity Potion"},{"floor":24.0,"key":"PowerPotion"},{"floor":28.0,"key":"Swift Potion"},{"floor":44.0,"key":"PotionOfCapacity"}],"is_trial":false,"path_per_floor":["M","M","M","M","$","R","E","R","T","?","?","M","E","M","R","B",null,"M","M","M","?","M","R","E","R","T","?","M","M","E","M","R","B",null,"M","M","$","?","M","R","E","R","T","E","$","M","?","M","R","B"],"character_chosen":"DEFECT","items_purchased":["Defragment","Apotheosis","Machine Learning"],"campfire_rested":5,"item_purchase_floors":[5,37,45],"current_hp_per_floor":[62,57,50,36,36,57,17,38,38,17,6,21,5,11,11,42,64,58,51,41,20,23,44,10,31,31,81,81,70,79,79,79,41,71,81,74,74,74,81,81,56,56,56,47,47,39,33,32,56,0,0],"gold":229,"neow_bonus":"BOSS_RELIC","is_daily":false,"chose_seed":false,"campfire_upgraded":3,"win_rate":0.0,"timestamp":1614360208,"path_taken":["M","M","M","M","$","R","E","R","T","?","?","M","E","M","R","BOSS","M","M","M","?","M","R","E","R","T","?","M","M","E","?","R","BOSS","M","?","$","?","M","R","E","R","T","E","$","?","?","M","R","BOSS"],"items_purchased_type":["Card","Card","Card"],"build_version":"2020-12-22","purchased_purges":3,"victory":false,"max_hp_per_floor":[71,71,71,71,71,71,71,71,71,71,71,71,71,71,71,71,71,71,71,71,71,71,71,71,71,71,81,81,81,81,81,81,81,81,81,81,81,81,81,81,81,81,81,81,81,81,81,81,81,81,81],"relic_stats":{"Centennial Puzzle":[27],"Shovel":0,"Happy Flower":[27],"counters":[28,148],"Mummified Hand":[130],"Bird Faced Urn":[218],"Pantograph":52,"Dead Branch":[16],"Boot":[20],"obtain_stats":[{"Happy Flower":26,"Dead Branch":41,"Velvet Choker":0,"Enchiridion":21,"Boot":24,"White Beast Statue":13,"Nuclear Battery":17,"Centennial Puzzle":30,"Matryoshka":9,"Shovel":47,"Mummified Hand":26,"Bird Faced Urn":7,"Pantograph":11,"Toxic Egg 2":43,"Cracked Core":0,"StrikeDummy":44},{"Happy Flower":14,"Dead Branch":23,"Velvet Choker":0,"Enchiridion":12,"Boot":14,"White Beast Statue":7,"Nuclear Battery":9,"Centennial Puzzle":17,"Matryoshka":5,"Shovel":26,"Mummified Hand":14,"Bird Faced Urn":5,"Pantograph":5,"Toxic Egg 2":23,"Cracked Core":0,"StrikeDummy":24},{"Happy Flower":66,"Dead Branch":120,"Velvet Choker":0,"Enchiridion":54,"Boot":66,"White Beast Statue":25,"Nuclear Battery":35,"Centennial Puzzle":83,"Matryoshka":17,"Shovel":137,"Mummified Hand":66,"Bird Faced Urn":17,"Pantograph":17,"Toxic Egg 2":120,"Cracked Core":0,"StrikeDummy":127}]},"card_choices":[{"not_picked":["Redo","Hologram"],"picked":"Ball Lightning","floor":1.0},{"not_picked":["Hologram","Rebound"],"picked":"Loop","floor":2.0},{"not_picked":["Conserve Battery","Cold Snap"],"picked":"Doom and Gloom","floor":3.0},{"not_picked":["Aggregate","Redo"],"picked":"Defragment","floor":4.0},{"not_picked":["Blizzard","Compile Driver"],"picked":"Glacier","floor":7.0},{"not_picked":["Scrape","Conserve Battery"],"picked":"Hologram","floor":12.0},{"not_picked":["Aggregate","Reprogram"],"picked":"Darkness","floor":13.0},{"not_picked":["Redo","Steam"],"picked":"Creative AI","floor":14.0},{"not_picked":["Fission","Meteor Strike"],"picked":"Biased Cognition","floor":16.0},{"not_picked":["Rebound","Hologram"],"picked":"Leap","floor":18.0},{"not_picked":["Rebound","Redo"],"picked":"Cold Snap","floor":19.0},{"not_picked":["Turbo+1","Leap","Beam Cell"],"picked":"SKIP","floor":20.0},{"not_picked":["Barrage","Hologram","Turbo"],"picked":"SKIP","floor":22.0},{"not_picked":["Hello World","Rebound"],"picked":"Echo Form","floor":24.0},{"not_picked":["Compile Driver","Streamline","Darkness"],"picked":"SKIP","floor":28.0},{"not_picked":["Compile Driver","Streamline","Darkness"],"picked":"SKIP","floor":28.0},{"not_picked":["Redo","Turbo"],"picked":"Undo","floor":29.0},{"not_picked":["Stack","Steam+1"],"picked":"Coolheaded+1","floor":30.0},{"not_picked":["Hologram","Rip and Tear"],"picked":"Force Field","floor":31.0},{"not_picked":["Ball Lightning","Hologram","Gash+1"],"picked":"SKIP","floor":35.0},{"not_picked":["Sweeping Beam","Leap","Force Field"],"picked":"SKIP","floor":36.0},{"not_picked":["Leap+1","Lockon+1"],"picked":"Self Repair+1","floor":39.0},{"not_picked":["Gash","Ball Lightning+1","Conserve Battery"],"picked":"SKIP","floor":41.0},{"not_picked":["Chaos+1","Barrage+1"],"picked":"Darkness+1","floor":44.0},{"not_picked":["Barrage+1","Force Field+1","Conserve Battery+1"],"picked":"SKIP","floor":46.0},{"not_picked":["Auto Shields+1","Conserve Battery+1","Cold Snap+1"],"picked":"SKIP","floor":48}],"player_experience":2376657,"relics_obtained":[{"floor":7.0,"key":"Bird Faced Urn"},{"floor":9.0,"key":"Matryoshka"},{"floor":13.0,"key":"White Beast Statue"},{"floor":21.0,"key":"Enchiridion"},{"floor":24.0,"key":"Boot"},{"floor":26.0,"key":"Mummified Hand"},{"floor":26.0,"key":"Happy Flower"},{"floor":30.0,"key":"Centennial Puzzle"},{"floor":41.0,"key":"Dead Branch"},{"floor":43.0,"key":"Toxic Egg 2"},{"floor":44.0,"key":"StrikeDummy"},{"floor":47.0,"key":"Shovel"}],"event_choices":[{"damage_healed":0.0,"max_hp_gain":0.0,"max_hp_loss":0.0,"gold_gain":0.0,"event_name":"Shining Light","player_choice":"Entered Light","floor":10.0,"gold_loss":0.0,"damage_taken":21.0,"cards_upgraded":["Defend_B","Ball Lightning"]},{"damage_healed":0.0,"max_hp_gain":0.0,"max_hp_loss":0.0,"gold_gain":0.0,"event_name":"Scrap Ooze","player_choice":"Success","floor":11.0,"gold_loss":0.0,"damage_taken":11.0,"relics_obtained":["Pantograph"]},{"damage_healed":0.0,"max_hp_gain":0.0,"max_hp_loss":0.0,"gold_gain":0.0,"event_name":"Cursed Tome","player_choice":"Obtained Book","floor":21.0,"gold_loss":0.0,"damage_taken":21.0},{"cards_removed":["Creative AI"],"damage_healed":40.0,"max_hp_gain":10.0,"max_hp_loss":0.0,"gold_gain":0.0,"event_name":"Bonfire Elementals","player_choice":"Offered Rare","floor":27.0,"gold_loss":0.0,"damage_taken":0.0},{"damage_healed":0.0,"max_hp_gain":0.0,"max_hp_loss":0.0,"gold_gain":50.0,"event_name":"Golden Shrine","player_choice":"Pray","floor":38.0,"gold_loss":0.0,"damage_taken":0.0},{"damage_healed":0.0,"max_hp_gain":0.0,"max_hp_loss":0.0,"gold_gain":0.0,"event_name":"Mysterious Sphere","player_choice":"Fight","floor":47.0,"gold_loss":0.0,"damage_taken":0.0}],"is_beta":false,"boss_relics":[{"not_picked":["Snecko Eye","Empty Cage"],"picked":"Nuclear Battery"},{"not_picked":[]}],"items_purged_floors":[5,37,45],"is_endless":false,"potions_floor_spawned":[7,12,13,14,16,18,19,20,22,24,28,29,30,31,33,35,36,39,41,44,46,47,48],"killed_by":"Awakened One","ascension_level":20}}