{"host":"n1v11un6j7y72mz7","time":1614332558,"event":{"mods":["Act Like it!","BaseMod","Downfall","Minty Spire (QoL Compilation)","Reliquary","StSLib","The Animator","Waifu the Spire"],"gold_per_floor":[113,188,188,201,201,213,257,285,297,309,337,349,396,423,435,447,447,447],"floor_reached":16,"language":"ZHS","playtime":501,"items_purged":[],"score":116,"play_id":"8df02246-9f0f-4087-bef5-a2aafe71aed9","local_time":"20210226174238","is_ascension_mode":true,"campfire_choices":[{"data":"bronze:Goto","floor":6,"key":"SMITH"},{"data":"bronze:BuggyMess","floor":12,"key":"SMITH"},{"data":"bronze:Mutator","floor":15,"key":"SMITH"}],"circlet_count":0,"master_deck":["bronze:Strike","bronze:Strike","bronze:Defend","bronze:Defend","bronze:Defend","bronze:Defend","bronze:Replicate","bronze:Goto+1","bronze:InfiniteBeams","bronze:WhirlingStrike","bronze:DarkDash","bronze:Fortify","bronze:Branch","bronze:BuggyMess+1","bronze:Optimize","bronze:Mutator+1"],"relics":["bronze:BronzeCore","Bag of Marbles","MawBank","Omamori","Matryoshka","Shovel"],"acts_visited":["Exordium"],"potions_floor_usage":[7,16,16],"damage_taken":[{"damage":6,"enemies":"Jaw Worm","floor":1,"turns":3},{"damage":0,"enemies":"Small Slimes","floor":4,"turns":2},{"damage":9,"enemies":"Gremlin Nob","floor":7,"turns":4},{"damage":0,"enemies":"2 Louse","floor":8,"turns":3},{"damage":2,"enemies":"Blue Slaver","floor":11,"turns":3},{"damage":4,"enemies":"Lagavulin","floor":13,"turns":5},{"damage":1,"enemies":"3 Louse","floor":14,"turns":5},{"damage":17,"enemies":"Slime Boss","floor":16,"turns":7}],"seed_played":"1851105369903215977","potions_obtained":[{"floor":4,"key":"Strength Potion"},{"floor":8,"key":"Weak Potion"},{"floor":11,"key":"Swift Potion"}],"is_trial":false,"path_per_floor":["M","?","T","M","?","R","E","M","T","?","M","R","E","M","R","B"],"character_chosen":"THE_AUTOMATON","items_purchased":[],"campfire_rested":0,"item_purchase_floors":[],"current_hp_per_floor":[64,53,53,53,46,46,37,37,37,37,35,35,31,30,30,13,13,13],"gold":447,"neow_bonus":"TRANSFORM_CARD","is_daily":false,"chose_seed":false,"campfire_upgraded":3,"win_rate":0.0,"timestamp":1614332558,"path_taken":["M","?","?","M","?","R","E","M","T","?","M","R","E","M","R","BOSS"],"items_purchased_type":[],"build_version":"2020-12-22","purchased_purges":0,"victory":false,"max_hp_per_floor":[70,70,70,70,70,70,70,70,70,70,70,70,70,70,70,70,70,70],"card_choices":[{"not_picked":["bronze:DelayedGuard","bronze:BitShift"],"picked":"bronze:WhirlingStrike","floor":1},{"not_picked":["bronze:InfiniteBeams","bronze:Philosophize"],"picked":"bronze:DarkDash","floor":4},{"not_picked":["bronze:Shield","bronze:Philosophize"],"picked":"bronze:Fortify","floor":7},{"not_picked":["bronze:DarkDash","bronze:Philosophize"],"picked":"bronze:Branch","floor":8},{"not_picked":["bronze:Overload","bronze:Invalidate"],"picked":"bronze:BuggyMess","floor":11},{"not_picked":["bronze:WildBeam","bronze:Flail"],"picked":"bronze:Optimize","floor":13},{"not_picked":["bronze:Flail","bronze:Overheat"],"picked":"bronze:Mutator","floor":14}],"player_experience":227622,"relics_obtained":[{"floor":3,"key":"Bag of Marbles"},{"floor":7,"key":"Omamori"},{"floor":9,"key":"Matryoshka"},{"floor":13,"key":"Shovel"}],"event_choices":[{"damage_healed":0,"gold_gain":75,"player_choice":"Gather Gold","damage_taken":11,"max_hp_gain":0,"max_hp_loss":0,"event_name":"World of Goop","floor":2,"gold_loss":0},{"damage_healed":0,"gold_gain":0,"player_choice":"Success","damage_taken":7,"relics_obtained":["MawBank"],"max_hp_gain":0,"max_hp_loss":0,"event_name":"Scrap Ooze","floor":5,"gold_loss":0},{"cards_removed":["bronze:Strike"],"damage_healed":0,"gold_gain":0,"player_choice":"Forget","damage_taken":0,"max_hp_gain":0,"max_hp_loss":0,"event_name":"Living Wall","floor":10,"gold_loss":0}],"is_beta":false,"boss_relics":[],"items_purged_floors":[],"is_endless":false,"potions_floor_spawned":[4,8,11],"killed_by":"Slime Boss","ascension_level":1}}