{"host":"v3hbt5jhbzetcupb","time":1614360150,"event":{"mods":["Act Like it!","BaseMod","Downfall","Duelist Mod","Hermit","Hubris","Infinite Spire","Marisa????????","Mimic Mod","Minty Spire (QoL Compilation)","Quick Restart","Rare Cards Sparkle","Reliquary","Ruina","StSLib","The Bug Knight","The Construct","The Disciple","The Mystic","The Necromancer","The Servant 0.9.4"],"gold_per_floor":[118,118,118,128,145,177,177,190,215,215,215,226,18,33,33,33,33],"floor_reached":16,"language":"ENG","playtime":434,"items_purged":[],"score":102,"play_id":"52f29180-fc81-4b20-8f78-cbb3c820ed19","local_time":"20210226172230","is_ascension_mode":false,"campfire_choices":[{"floor":7,"key":"REST"},{"floor":15,"key":"REST"}],"circlet_count":0,"master_deck":["Strike_S","Strike_S","Strike_S","Strike_S","Defend_S","Defend_S","Defend_S","Defend_S","KidneyShot","Exchange","Unruled","KidneyShot","LightFlow","Snipe","Starlight","SpecialFormula","Contraction","Ricochet","FastForward"],"relics":["Uniform","NeowsBlessing","reliquary:SilkGlove","infinitespire:PuzzleCube","reliquary:PorcupineQuills","Mummified Hand","Strange Spoon"],"acts_visited":["Exordium"],"potions_floor_usage":[6,16,16],"damage_taken":[{"damage":0,"enemies":"Jaw Worm","floor":1,"turns":1},{"damage":0,"enemies":"Small Slimes","floor":4,"turns":1},{"damage":0,"enemies":"Cultist","floor":5,"turns":1},{"damage":14,"enemies":"Gremlin Nob","floor":6,"turns":4},{"damage":21,"enemies":"Exordium Wildlife","floor":8,"turns":5},{"damage":7,"enemies":"2 Fungi Beasts","floor":12,"turns":4},{"damage":34,"enemies":"Exordium Thugs","floor":14,"turns":5},{"damage":24,"enemies":"The Guardian","floor":16,"turns":6}],"seed_played":"-1762083745996462352","potions_obtained":[{"floor":4,"key":"Energy Potion"},{"floor":5,"key":"sneckomod:MuddlingPotion"},{"floor":12,"key":"Dexterity Potion"}],"is_trial":false,"path_per_floor":["M","?","?","M","M","E","R","M","T","T","?","M","$","M","R","B"],"character_chosen":"THE_SERVANT","items_purchased":["Strange Spoon","Explosive Potion"],"campfire_rested":2,"item_purchase_floors":[13,13],"current_hp_per_floor":[65,62,62,62,62,48,65,49,49,49,49,47,47,23,42,23,23],"gold":33,"neow_bonus":"THREE_ENEMY_KILL","is_daily":false,"chose_seed":false,"campfire_upgraded":0,"win_rate":0.0,"timestamp":1614360150,"path_taken":["M","?","?","?","M","E","R","M","T","?","?","M","$","?","R","BOSS"],"items_purchased_type":["Relic","Potion"],"build_version":"2020-12-22","purchased_purges":0,"victory":false,"max_hp_per_floor":[65,65,65,65,65,65,65,65,65,65,65,65,65,65,65,65,65],"card_choices":[{"not_picked":["Reset","TimeWarp"],"picked":"Unruled","floor":1},{"not_picked":["DualDimension","SilverBlades"],"picked":"Snipe","floor":4},{"not_picked":["BottledTime","Alleviate"],"picked":"Starlight","floor":5},{"not_picked":["Reset","Shuttle"],"picked":"SpecialFormula","floor":6},{"not_picked":["WasteNot","StarChef"],"picked":"Contraction","floor":8},{"not_picked":["Potential","ShiftingGears"],"picked":"Ricochet","floor":12},{"not_picked":["BottledTime","Replace"],"picked":"FastForward","floor":14}],"player_experience":1588,"relics_obtained":[{"floor":6,"key":"infinitespire:PuzzleCube"},{"floor":9,"key":"reliquary:PorcupineQuills"},{"floor":10,"key":"Mummified Hand"}],"event_choices":[{"damage_healed":0,"gold_gain":0,"player_choice":"Success","damage_taken":3,"relics_obtained":["reliquary:SilkGlove"],"max_hp_gain":0,"max_hp_loss":0,"event_name":"Scrap Ooze","floor":2,"gold_loss":0},{"damage_healed":0,"gold_gain":0,"player_choice":"2 cards matched","damage_taken":0,"max_hp_gain":0,"max_hp_loss":0,"event_name":"Match and Keep!","floor":3,"gold_loss":0,"cards_obtained":["KidneyShot","LightFlow"]},{"damage_healed":0,"gold_gain":0,"player_choice":"Ignored","damage_taken":0,"max_hp_gain":0,"max_hp_loss":0,"event_name":"Transmorgrifier","floor":11,"gold_loss":0}],"is_beta":false,"boss_relics":[],"items_purged_floors":[],"is_endless":false,"potions_floor_spawned":[4,5,12],"killed_by":"The Guardian","ascension_level":0}}