{"host":"n9djqtt305zq066c","time":1614349019,"event":{"mods":["Act Like it!","BaseMod","Colored Map","Library of Ruina","Library of Ruina Extra","Minty Spire (QoL Compilation)","Rare Cards Sparkle","StSLib"],"gold_per_floor":[113,113,129,129,140,140,157,184,184,184,184,197,216,226,226,324,324,342,357,377,377,377,377,377,377,377,377,397,397,412,412,412,516,516,535,495,513,525,525,555,555,555,555,405,419,419,419,431,431,431,431],"floor_reached":52,"language":"ZHS","playtime":585,"items_purged":[],"score":1068,"play_id":"b7469a3f-96df-481f-adf9-26c9203603e4","local_time":"20210226221659","is_ascension_mode":true,"campfire_choices":[{"floor":6.0,"key":"REST"},{"floor":11.0,"key":"REST"},{"floor":15.0,"key":"REST"},{"floor":23.0,"key":"REST"},{"floor":25.0,"key":"REST"},{"floor":27.0,"key":"REST"},{"floor":32.0,"key":"REST"},{"floor":41,"key":"REST"},{"floor":47,"key":"REST"},{"floor":49,"key":"REST"}],"circlet_count":0,"master_deck":["DegradedFairy+1","DegradedFairy+1","DegradedFairy","DegradedChain","DegradedChain","DegradedPillar","DegradedPillar","DegradedShockwave","Faith+1","GoinFirst+1","TheWillOfTheCity+1","WaitUp+1","ClassAndRespect+1"],"relics":["PageOfLibrarian","SlaversCollar","Darkstone Periapt","Whetstone","Blood Vial","Lantern"],"acts_visited":["Exordium","TheCity","TheBeyond"],"potions_floor_usage":[33,33],"damage_taken":[{"damage":0.0,"enemies":"Small Slimes","floor":1.0,"turns":2.0},{"damage":0.0,"enemies":"2 Louse","floor":3.0,"turns":1.0},{"damage":0.0,"enemies":"Jaw Worm","floor":5.0,"turns":1.0},{"damage":0.0,"enemies":"Blue Slaver","floor":7.0,"turns":1.0},{"damage":0.0,"enemies":"Lots of Slimes","floor":12.0,"turns":1.0},{"damage":0.0,"enemies":"Large Slime","floor":13.0,"turns":3.0},{"damage":0.0,"enemies":"2 Fungi Beasts","floor":14.0,"turns":1.0},{"damage":0.0,"enemies":"Slime Boss","floor":16.0,"turns":4.0},{"damage":0.0,"enemies":"Shell Parasite","floor":18.0,"turns":2.0},{"damage":0.0,"enemies":"Spheric Guardian","floor":19.0,"turns":2.0},{"damage":6.0,"enemies":"Snake Plant","floor":20.0,"turns":2.0},{"damage":0.0,"enemies":"Cultist and Chosen","floor":28.0,"turns":3.0},{"damage":0.0,"enemies":"Centurion and Healer","floor":30.0,"turns":3.0},{"damage":72,"enemies":"Champ","floor":33,"turns":20},{"damage":0,"enemies":"Orb Walker","floor":35,"turns":2},{"damage":0,"enemies":"3 Shapes","floor":37,"turns":2},{"damage":6,"enemies":"Jaw Worm Horde","floor":38,"turns":2},{"damage":27,"enemies":"Giant Head","floor":40,"turns":6},{"damage":1,"enemies":"3 Darklings","floor":45,"turns":3},{"damage":0,"enemies":"Sphere and 2 Shapes","floor":48,"turns":1},{"damage":14,"enemies":"Awakened One","floor":50,"turns":7}],"seed_played":"-7669024790338446726","potions_obtained":[{"floor":3.0,"key":"Energy Potion"},{"floor":13.0,"key":"Explosive Potion"},{"floor":19.0,"key":"ColorlessPotion"},{"floor":35,"key":"LiquidBronze"}],"is_trial":false,"path_per_floor":["M","?","M","?","M","R","M","T","T","$","R","M","M","M","R","B",null,"M","M","M","?","?","R","$","R","T","R","M","?","M","?","R","B",null,"M","?","M","M","T","E","R","?","T","$","M","?","R","M","R","B",null,null],"character_chosen":"Librarian","items_purchased":["Lantern"],"campfire_rested":10,"item_purchase_floors":[44],"current_hp_per_floor":[60,60,60,60,60,87,87,87,87,87,90,90,90,90,90,90,90,90,90,84,84,66,94,94,95,95,95,95,95,95,95,95,23,77,77,77,77,71,71,44,72,72,72,72,73,73,90,90,90,76,76],"gold":431,"neow_bonus":"THREE_SMALL_POTIONS","is_daily":false,"chose_seed":false,"campfire_upgraded":0,"win_rate":0.0,"timestamp":1614349019,"path_taken":["M","?","M","?","M","R","M","?","T","?","R","M","M","M","R","BOSS","M","?","M","?","?","R","$","R","T","R","M","?","?","?","R","BOSS","M","?","?","M","?","E","R","?","T","$","M","?","R","M","R","BOSS"],"items_purchased_type":["Relic"],"build_version":"2020-12-22","purchased_purges":0,"victory":true,"max_hp_per_floor":[90,90,90,90,90,90,90,90,90,90,90,90,90,90,90,90,90,90,90,90,90,95,95,95,95,95,95,95,95,95,95,95,95,95,95,95,95,95,95,95,95,90,90,90,90,90,90,90,90,90,90],"card_choices":[{"not_picked":["FierceCharge","PreparedMind","SparkingSpear","MultiHit","DirtyBlow","Outburst","EnergyConversion","SunsetBlade","YourShield"],"picked":"SKIP","floor":1.0},{"not_picked":["AsThePrescriptOrders","NightInTheBackstreets","AlloutWar","AbsorbImpact","BiXi","IdentifyWeakpoint","MindWhip","FleetEdge","Gigigig"],"picked":"SKIP","floor":3.0},{"not_picked":["SkyClearingCut","FrontalAssault","BlindFaith","GatherIntel","IdentifyWeakpoint","Wallop_lor","MirageStorm","WillOfThePrescript","Multislash"],"picked":"SKIP","floor":5.0},{"not_picked":["FieryDragonSlash","EnergyShield","QuickAttack","EnergyStrike","BayonetCombat","ElectricShock","HighKick","ForcefulGesture","FleetFootsteps"],"picked":"SKIP","floor":7.0},{"not_picked":["Pound","HandleRequest","EnergyShield","GrazeTheGrass","Transpierce","SharpSwipe","EndlessBattle","FleetFootsteps","ToOvercomeCrisis"],"picked":"SKIP","floor":12.0},{"not_picked":["FieryDragonSlash","ToOvercomeCrisis","ReadyUp","DarkCloud","StructuralAnalysis","Quickness","Ripple","Rewind","MultiBlock"],"picked":"SKIP","floor":13.0},{"not_picked":["DarkCloud","Feast","SharpSwipe","Pound","DesperateStruggle","AssaultOrder","MindPrepared","Disposal","ConcentratedFire"],"picked":"SKIP","floor":14.0},{"not_picked":["StrongStrike","PinpointShot+1","Outburst","MindWhip","SinglePointStab+1","SerpentSwordTechnique","EndlessBattle","EnergyStrike","SharpNails"],"picked":"SKIP","floor":18.0},{"not_picked":["FlamingDragonFist","CookingPrep","Outburst","ElectricShock","SinglePointStab","Pound+1","CoordinatedAssault","DefenseOrder+1","QuickAttack"],"picked":"SKIP","floor":19.0},{"not_picked":["GuidanceOfTheGears","SilentMist","SmokingPipe+1","Reload+1","EndlessBattle","Fence","MultiBlock","Zzzzzap","BulkyImpact"],"picked":"SKIP","floor":20.0},{"not_picked":["Quickness","FierceCharge","TrashDisposal","Standoff","SerpentSwordTechnique+1","EnergyCycle","StrikeDown","ViolentFlame","GuardingStance+1"],"picked":"SKIP","floor":28.0},{"not_picked":["HighKick+1","PinpointShot+1","DesperateStruggle","EnergyShield","Riposte","Crush","InnerArdor+1","AsThePrescriptOrders","Castigation"],"picked":"SKIP","floor":30.0},{"not_picked":["TendonChords+1","SinglePointStab+1","SnakesPrey","Diversion+1","ButterflySlash","Juggling","HighKick+1","DesperateStruggle"],"picked":"Faith+1","floor":35},{"not_picked":["GuardingStance+1","EnergyConversion","GreatSerpentsImpact+1","Wallop_lor","Juggling","MultiBlock+1","FlyingSword","DefenseOrder+1"],"picked":"GoinFirst","floor":37},{"not_picked":["ToOvercomeCrisis","Punishment","SnakesPrey","DarkCloud","UpbeatPerformance+1","Pound","TendonChords","QuickAttack+1"],"picked":"TheWillOfTheCity+1","floor":38},{"not_picked":["FleetFootsteps","WillOfThePrescript+1","SnakesPrey","Lock","ICanCookAnything","ViolentFlame+1","AutonomousRush","StrikeDown+1"],"picked":"WaitUp+1","floor":40},{"not_picked":["ViolentFlame+1","BackAttack+1","DefenseOrder+1","AutomatedMovement","FleetFootsteps","UnavoidableGaze","SharpSwipe+1","Faith+1","Eliminate+1"],"picked":"SKIP","floor":45},{"not_picked":["SuppressingShot+1","AsThePrescriptOrders","SnakesPrey","DimensionalRift","FleetFootsteps+1","InkOver+1","StructuralAnalysis+1","Ripple"],"picked":"ClassAndRespect+1","floor":48}],"player_experience":239879,"relics_obtained":[{"floor":39,"key":"Darkstone Periapt"},{"floor":40,"key":"Whetstone"},{"floor":43,"key":"Blood Vial"}],"event_choices":[{"damage_healed":0.0,"max_hp_gain":0.0,"max_hp_loss":0.0,"gold_gain":0.0,"event_name":"Scrap Ooze","player_choice":"Fled","floor":2.0,"gold_loss":0.0,"damage_taken":0.0},{"damage_healed":0.0,"max_hp_gain":0.0,"max_hp_loss":0.0,"gold_gain":0.0,"event_name":"Golden Idol","player_choice":"Ignored","floor":4.0,"gold_loss":0.0,"damage_taken":0.0},{"damage_healed":0.0,"max_hp_gain":0.0,"max_hp_loss":0.0,"gold_gain":0.0,"event_name":"Cursed Tome","player_choice":"Ignored","floor":21.0,"gold_loss":0.0,"damage_taken":0.0},{"damage_healed":0.0,"max_hp_gain":5.0,"max_hp_loss":0.0,"gold_gain":0.0,"event_name":"Forgotten Altar","player_choice":"Shed Blood","floor":22.0,"gold_loss":0.0,"damage_taken":23.0},{"damage_healed":0.0,"max_hp_gain":0.0,"max_hp_loss":0.0,"gold_gain":0.0,"event_name":"Match and Keep!","player_choice":"0 cards matched","floor":29.0,"gold_loss":0.0,"damage_taken":0.0,"cards_obtained":[]},{"damage_healed":0,"gold_gain":0,"player_choice":"Upgraded Two","damage_taken":0,"max_hp_gain":0,"max_hp_loss":0,"event_name":"Designer","floor":36,"gold_loss":40,"cards_upgraded":["DegradedFairy","DegradedFairy"]},{"damage_healed":0,"gold_gain":0,"player_choice":"Max HP","damage_taken":0,"max_hp_gain":0,"max_hp_loss":5,"event_name":"Winding Halls","floor":42,"gold_loss":0},{"cards_removed":["DegradedLock"],"damage_healed":0,"gold_gain":0,"player_choice":"Removed Attack","damage_taken":0,"max_hp_gain":0,"max_hp_loss":0,"event_name":"Falling","floor":46,"gold_loss":0}],"is_beta":false,"boss_relics":[{"not_picked":["Coffee Dripper","PageOfBlackSwan","Snecko Eye"]},{"not_picked":["Astrolabe","Calling Bell"],"picked":"SlaversCollar"}],"items_purged_floors":[],"is_endless":false,"potions_floor_spawned":[3,12,13,19,20,28,35,37,40,48],"ascension_level":5}}