{"host":"30jsp143e4v19aze","time":1614321316,"event":{"mods":["BaseMod","Colored Map","Colored Powertips","Curses Come First","DeckTracker","Highlight Path","Minty Spire (QoL Compilation)","Quick Restart","Relic Stats","StSLib","everything is the same but u backflip on backflip","slay the spire mod where everything is the same but ironclad has a cowboy hat"],"gold_per_floor":[109,128,128,142,160,160,191,191,264,279,279,279],"floor_reached":11,"language":"ENG","playtime":281,"items_purged":[],"score":150,"play_id":"f25a5ea7-719c-4918-8ecf-f84ba31fc770","local_time":"20210226073516","is_ascension_mode":true,"campfire_choices":[{"data":"Bash","floor":6,"key":"SMITH"},{"data":"Power Through","floor":8,"key":"SMITH"}],"circlet_count":0,"master_deck":["AscendersBane","Strike_R","Strike_R","Strike_R","Strike_R","Strike_R","Defend_R","Defend_R","Defend_R","Defend_R","Bash+1","Immolate+1","Ghostly Armor","Disarm","Reaper","Dual Wield","Power Through+1"],"relics":["Burning Blood","Torii","Matryoshka"],"acts_visited":["Exordium"],"potions_floor_usage":[7],"damage_taken":[{"damage":10,"enemies":"2 Louse","floor":1,"turns":2},{"damage":0,"enemies":"Cultist","floor":2,"turns":3},{"damage":0,"enemies":"Small Slimes","floor":4,"turns":1},{"damage":12,"enemies":"Blue Slaver","floor":5,"turns":4},{"damage":38,"enemies":"Lagavulin","floor":7,"turns":6},{"damage":0,"enemies":"Lots of Slimes","floor":10,"turns":2},{"damage":33,"enemies":"Gremlin Nob","floor":11,"turns":3}],"seed_played":"1146496713430833701","potions_obtained":[{"floor":1,"key":"ElixirPotion"},{"floor":2,"key":"Energy Potion"},{"floor":7,"key":"Strength Potion"}],"is_trial":false,"path_per_floor":["M","M","?","M","M","R","E","R","T","M","E"],"character_chosen":"IRONCLAD","items_purchased":[],"campfire_rested":0,"item_purchase_floors":[],"current_hp_per_floor":[46,52,52,58,52,52,20,20,20,26,0,0],"gold":279,"neow_bonus":"THREE_RARE_CARDS","is_daily":false,"chose_seed":false,"campfire_upgraded":2,"win_rate":0.0,"timestamp":1614321316,"path_taken":["M","M","?","M","M","R","E","R","T","M","E"],"items_purchased_type":[],"build_version":"2020-12-22","purchased_purges":0,"victory":false,"max_hp_per_floor":[75,75,75,75,75,75,75,75,75,75,75,75],"relic_stats":{"Torii":0,"counters":[7,21],"obtain_stats":[{"Matryoshka":9,"Torii":7,"Burning Blood":0},{"Matryoshka":5,"Torii":5,"Burning Blood":0},{"Matryoshka":16,"Torii":16,"Burning Blood":0}],"Burning Blood":36},"card_choices":[{"not_picked":["Brutality","Fiend Fire"],"picked":"Immolate","floor":0},{"not_picked":["Flex","Iron Wave"],"picked":"Ghostly Armor","floor":1},{"not_picked":["Anger","Dark Embrace"],"picked":"Disarm","floor":2},{"not_picked":["Body Slam","True Grit"],"picked":"Reaper","floor":4},{"not_picked":["Headbutt","Sword Boomerang"],"picked":"Dual Wield","floor":5},{"not_picked":["Iron Wave","Clothesline"],"picked":"Power Through","floor":7},{"not_picked":["Sword Boomerang","Anger","Twin Strike"],"picked":"SKIP","floor":10}],"player_experience":3304399,"relics_obtained":[{"floor":7,"key":"Torii"},{"floor":9,"key":"Matryoshka"}],"event_choices":[{"damage_healed":0,"gold_gain":0,"player_choice":"Grow","damage_taken":0,"max_hp_gain":0,"max_hp_loss":0,"event_name":"Living Wall","floor":3,"gold_loss":0,"cards_upgraded":["Immolate"]}],"is_beta":false,"boss_relics":[],"items_purged_floors":[],"is_endless":false,"potions_floor_spawned":[1,2,7],"killed_by":"Gremlin Nob","ascension_level":20}}