{"host":"gaqyve1328ta0etl","time":1614339039,"event":{"mods":["BaseMod","Colored Map","Colored Powertips","Duelist Mod","Googly Eyes","Hero for Fun","Minty Spire (QoL Compilation)","Shop Mod","StSLib","SuperFastMode","The Hierophant","The Runesmith"],"gold_per_floor":[141,158,54,71,87,87,113,113,161,161,195,39,39,68,68,142,142,152,152,67,67,81,81,81,81,81],"floor_reached":25,"language":"ENG","playtime":651,"items_purged":["theDuelist:Sparks","theDuelist:Sparks"],"score":434,"play_id":"7fd47878-3007-4109-a8f1-6f407474f733","local_time":"20210226033039","is_ascension_mode":true,"campfire_choices":[{"data":"theDuelist:StarlightRoad","floor":6,"key":"SMITH"},{"floor":8,"key":"REST"},{"floor":10,"key":"REST"},{"floor":15,"key":"REST"},{"floor":23,"key":"REST"}],"circlet_count":0,"master_deck":["AscendersBane","theDuelist:BabyDragon","theDuelist:CastleWalls","theDuelist:CastleWalls","theDuelist:CaveDragon","theDuelist:CaveDragon","theDuelist:LesserDragon","theDuelist:LesserDragon","theDuelist:YamataDragon","theDuelist:StarlightRoad+1","theDuelist:StardustDragon","theDuelist:BlockGolem","theDuelist:CyberValley","theDuelist:Duoterion","theDuelist:GaiaDragonChamp","theDuelist:Kabazauls","theDuelist:MaskedDragon","theDuelist:ArmageddonDragonEmp","theDuelist:CastleDragonSouls"],"relics":["theDuelist:MillenniumPuzzle","theDuelist:CardPoolRelic","theDuelist:CardPoolBasicRelic","theDuelist:BoosterPackPoolRelic","theDuelist:CardPoolAddRelic","theDuelist:CardPoolMinusRelic","theDuelist:CardPoolSaveRelic","theDuelist:CardPoolOptionsRelic","InkBottle","Happy Flower","Ancient Tea Set","White Beast Statue","Cursed Key","theDuelist:DragonRelicB"],"acts_visited":["Exordium","TheCity"],"potions_floor_usage":[5,11,16,22],"damage_taken":[{"damage":4,"enemies":"Jaw Worm","floor":1,"turns":2},{"damage":2,"enemies":"Small Slimes","floor":2,"turns":3},{"damage":0,"enemies":"2 Louse","floor":4,"turns":2},{"damage":3,"enemies":"Gremlin Gang","floor":5,"turns":4},{"damage":31,"enemies":"Gremlin Nob","floor":7,"turns":4},{"damage":22,"enemies":"3 Sentries","floor":11,"turns":8},{"damage":29,"enemies":"Gremlin Nob","floor":14,"turns":4},{"damage":13,"enemies":"The Guardian","floor":16,"turns":8},{"damage":16,"enemies":"Shell Parasite","floor":18,"turns":3},{"damage":15,"enemies":"Chosen","floor":22,"turns":4},{"damage":36,"enemies":"Gremlin Leader","floor":25,"turns":3}],"seed_played":"-6064306232368252731","potions_obtained":[{"floor":1,"key":"Explosive Potion"},{"floor":4,"key":"HeartOfIron"},{"floor":5,"key":"Strength Potion"},{"floor":16,"key":"FearPotion"},{"floor":18,"key":"Swift Potion"},{"floor":22,"key":"theDuelist:WhiteBottle"}],"is_trial":false,"path_per_floor":["M","M","$","M","M","R","E","R","T","R","E","$","?","E","R","B",null,"M","?","?","$","M","R","T","E"],"character_chosen":"THE_DUELIST","items_purchased":["theDuelist:CyberValley","theDuelist:MaskedDragon"],"campfire_rested":4,"item_purchase_floors":[3,12],"current_hp_per_floor":[59,57,57,57,54,54,23,44,44,65,43,43,48,19,41,28,63,47,26,26,26,11,35,35,0,0],"gold":81,"neow_bonus":"THREE_CARDS","is_daily":false,"chose_seed":false,"campfire_upgraded":1,"win_rate":0.0,"timestamp":1614339039,"path_taken":["M","M","$","M","M","R","E","R","T","R","E","$","?","E","R","BOSS","M","?","?","?","M","R","?","E"],"items_purchased_type":["Card","Card"],"build_version":"2020-12-22","purchased_purges":2,"victory":false,"max_hp_per_floor":[70,70,70,70,70,70,70,70,70,70,70,70,75,75,75,75,75,75,80,80,80,80,80,80,80,80],"card_choices":[{"not_picked":["theDuelist:GalaxySoldier","theDuelist:VeilDarkness"],"picked":"theDuelist:StarlightRoad","floor":0},{"not_picked":["theDuelist:BusterBladerDDS","theDuelist:BlueDuston"],"picked":"theDuelist:StardustDragon","floor":1},{"not_picked":["theDuelist:LightningDarts","theDuelist:GreenGraveOni","theDuelist:HaneHane","theDuelist:JamBreeding"],"picked":"theDuelist:BlockGolem","floor":2},{"not_picked":["theDuelist:DarkHorus","theDuelist:BlackBrutdrago","theDuelist:FrostflameDragon","theDuelist:ArmedDragon5"],"picked":"theDuelist:Duoterion","floor":4},{"not_picked":["theDuelist:Pyrorex","theDuelist:MadFlameKaiju","theDuelist:GalaxyTyranno","theDuelist:Destroyersaurus","theDuelist:DarkDriceratops"],"picked":"SKIP","floor":5},{"not_picked":["theDuelist:VoidOgreDragon","theDuelist:QueenDragunDjinn","theDuelist:BusterBladerDDS","theDuelist:BlasterDragonInfernos"],"picked":"theDuelist:GaiaDragonChamp","floor":7},{"not_picked":["theDuelist:HazyFlameHydra","theDuelist:CyberValley","theDuelist:DefenseZone","theDuelist:SphereChaos"],"picked":"theDuelist:Kabazauls","floor":11},{"not_picked":["theDuelist:Beatraptor","theDuelist:SnowDragon","theDuelist:YamataDragon","theDuelist:DreadnoughtDreadnoid","theDuelist:StampingDestruction"],"picked":"SKIP","floor":14},{"not_picked":["theDuelist:VoidOgreDragon","theDuelist:OceanDragonLord","theDuelist:DragonMastery","theDuelist:ArmedProtectorDragon"],"picked":"theDuelist:ArmageddonDragonEmp","floor":16},{"not_picked":["theDuelist:Vandalgyon","theDuelist:TotemDragon","theDuelist:GalaxySoldier"],"picked":"theDuelist:CastleDragonSouls","floor":18},{"not_picked":["theDuelist:BlackPtera","theDuelist:AquaDolphin","theDuelist:BlackStego","theDuelist:MoltenDestruction","theDuelist:LavaDragon"],"picked":"SKIP","floor":22}],"player_experience":2260191,"relics_obtained":[{"floor":7,"key":"InkBottle"},{"floor":9,"key":"Happy Flower"},{"floor":11,"key":"Ancient Tea Set"},{"floor":14,"key":"White Beast Statue"}],"event_choices":[{"damage_healed":0,"gold_gain":0,"player_choice":"Donut","damage_taken":0,"max_hp_gain":5,"max_hp_loss":0,"event_name":"Big Fish","floor":13,"gold_loss":0},{"damage_healed":0,"gold_gain":0,"player_choice":"Shed Blood","damage_taken":26,"max_hp_gain":5,"max_hp_loss":0,"event_name":"Forgotten Altar","floor":19,"gold_loss":0},{"damage_healed":0,"gold_gain":0,"player_choice":"Obtained Relic","damage_taken":0,"relics_obtained":["theDuelist:DragonRelicB"],"max_hp_gain":0,"max_hp_loss":0,"event_name":"Addict","floor":20,"gold_loss":85}],"is_beta":false,"boss_relics":[{"not_picked":["HoveringKite","Snecko Eye"],"picked":"Cursed Key"}],"items_purged_floors":[3,12],"is_endless":false,"potions_floor_spawned":[1,4,5,16,18,22],"killed_by":"Gremlin Leader","ascension_level":20}}