{"host":"70zhvo5nwrhp1mbg","time":1614324656,"event":{"mods":["AchievementEnabler","BaseMod","Bestiary","Colored Map","Colored Powertips","Minty Spire (QoL Compilation)","Rare Cards Sparkle","Relic Stats","StSLib","ojb\u0027s Better Paths Mod","ojb\u0027s Info Mod: The sequel"],"gold_per_floor":[113,113,113,123,141,141,169,169,195,224,224,256,268,343,343,422,422,439,458,472,472,487,21,53,53,53,153,153,182,182,207,207,279,279,290,16,41,41,56,56,56,89,89,123,137,137,137,165,165,165],"floor_reached":51,"language":"ENG","playtime":3724,"items_purged":["Strike_R","Strike_R"],"score":1757,"play_id":"cee64589-130f-4ed4-817c-f9a5edb1f501","local_time":"20210226023056","is_ascension_mode":true,"campfire_choices":[{"data":"Flame Barrier","floor":6,"key":"SMITH"},{"floor":11,"key":"REST"},{"data":"Body Slam","floor":15,"key":"SMITH"},{"floor":25,"key":"DIG"},{"data":"Feel No Pain","floor":28,"key":"SMITH"},{"floor":32,"key":"DIG"},{"data":"Shrug It Off","floor":40,"key":"SMITH"},{"data":"Inflame","floor":46,"key":"SMITH"},{"data":"Feel No Pain","floor":47,"key":"SMITH"},{"floor":49,"key":"DIG"}],"circlet_count":0,"master_deck":["AscendersBane","Defend_R","Defend_R","Defend_R","Defend_R","Bash","Shrug It Off+1","Immolate+1","Feed+1","Body Slam+1","Flame Barrier+1","Barricade","Fire Breathing","Feel No Pain+1","Shockwave","Armaments+1","Entrench+1","Corruption","Feel No Pain+1","Sentinel+1","Dark Embrace","Inflame+1","Entrench+1","CurseOfTheBell","Iron Wave+1","Evolve","Shrug It Off+1","Bloodletting+1","Metallicize+1","Inflame"],"relics":["Burning Blood","The Courier","PreservedInsect","Darkstone Periapt","Juzu Bracelet","Bag of Preparation","Paper Frog","Snecko Eye","Letter Opener","Pear","Shovel","Centennial Puzzle","Thread and Needle","Pen Nib","Turnip","Prayer Wheel","Toxic Egg 2","Red Mask","Boot","Torii","Calling Bell","Happy Flower","Molten Egg 2","Girya","Lantern","WingedGreaves","Calipers","Ancient Tea Set","Art of War","Ginger","Bag of Marbles"],"acts_visited":["Exordium","TheCity","TheBeyond"],"potions_floor_usage":[7,10,13,27,31,33,35,39,48],"damage_taken":[{"damage":4,"enemies":"Cultist","floor":1,"turns":5},{"damage":2,"enemies":"Jaw Worm","floor":4,"turns":2},{"damage":2,"enemies":"2 Louse","floor":5,"turns":3},{"damage":49,"enemies":"Lagavulin","floor":7,"turns":8},{"damage":27,"enemies":"Gremlin Nob","floor":10,"turns":4},{"damage":38,"enemies":"Lagavulin","floor":12,"turns":8},{"damage":0,"enemies":"Large Slime","floor":13,"turns":4},{"damage":20,"enemies":"The Guardian","floor":16,"turns":14},{"damage":0,"enemies":"Chosen","floor":18,"turns":5},{"damage":0,"enemies":"3 Byrds","floor":19,"turns":3},{"damage":0,"enemies":"3 Cultists","floor":20,"turns":4},{"damage":3,"enemies":"Snecko","floor":22,"turns":5},{"damage":26,"enemies":"Book of Stabbing","floor":24,"turns":5},{"damage":0,"enemies":"Colosseum Slavers","floor":27,"turns":2},{"damage":0,"enemies":"Colosseum Nobs","floor":27,"turns":2},{"damage":56,"enemies":"Masked Bandits","floor":29,"turns":5},{"damage":5,"enemies":"Gremlin Leader","floor":31,"turns":4},{"damage":8,"enemies":"Champ","floor":33,"turns":10},{"damage":0,"enemies":"Orb Walker","floor":35,"turns":6},{"damage":37,"enemies":"Mind Bloom Boss Battle","floor":37,"turns":6},{"damage":8,"enemies":"3 Darklings","floor":39,"turns":3},{"damage":26,"enemies":"Reptomancer","floor":42,"turns":5},{"damage":6,"enemies":"Giant Head","floor":44,"turns":5},{"damage":3,"enemies":"Sphere and 2 Shapes","floor":45,"turns":6},{"damage":12,"enemies":"Nemesis","floor":48,"turns":10},{"damage":3,"enemies":"Time Eater","floor":50,"turns":12}],"seed_played":"-6271931481592837811","potions_obtained":[{"floor":1,"key":"PowerPotion"},{"floor":7,"key":"SpeedPotion"},{"floor":12,"key":"Fire Potion"},{"floor":16,"key":"CultistPotion"},{"floor":18,"key":"ColorlessPotion"},{"floor":24,"key":"Explosive Potion"},{"floor":29,"key":"Explosive Potion"},{"floor":33,"key":"GamblersBrew"},{"floor":37,"key":"Fire Potion"},{"floor":45,"key":"Weak Potion"}],"is_trial":false,"path_per_floor":["M","?","?","M","M","R","E","T","T","E","R","E","M","?","R","B",null,"M","M","M","?","M","$","E","R","T","?","R","?","?","E","R","B",null,"M","$","?","?","M","R","?","E","T","E","M","R","R","E","R","B",null],"character_chosen":"IRONCLAD","items_purchased":["Letter Opener","Pear","Shovel","Centennial Puzzle","Evolve","Lantern"],"campfire_rested":1,"item_purchase_floors":[23,23,23,23,36,36],"current_hp_per_floor":[74,67,49,57,65,65,22,22,22,21,47,19,69,58,58,44,82,92,98,103,103,103,113,93,93,93,109,109,59,23,28,28,106,127,132,132,101,101,99,99,99,83,83,83,86,86,86,80,80,83],"gold":165,"neow_bonus":"THREE_CARDS","is_daily":false,"chose_seed":false,"campfire_upgraded":6,"win_rate":0.0,"timestamp":1614324656,"path_taken":["M","?","?","M","M","R","E","?","T","E","R","E","M","?","R","BOSS","M","M","M","?","M","$","E","R","T","?","R","?","?","E","R","BOSS","M","$","?","?","M","R","?","E","T","E","M","R","R","E","R","BOSS"],"items_purchased_type":["Relic","Relic","Relic","Relic","Card","Relic"],"build_version":"2020-12-22","purchased_purges":2,"victory":true,"max_hp_per_floor":[79,79,79,83,87,87,87,87,87,87,87,91,95,95,95,95,95,99,99,103,103,103,113,113,113,113,117,117,117,122,126,126,126,132,132,132,132,132,132,132,132,136,136,136,136,136,136,136,136,136],"relic_stats":{"Darkstone Periapt":6,"Torii":8,"Happy Flower":[17],"counters":[26,146],"PreservedInsect":422,"Pen Nib":[6],"Juzu Bracelet":2,"Bag of Preparation":[42],"Letter Opener":[220],"Ginger":[3],"Boot":[12],"Burning Blood":147,"Centennial Puzzle":[33],"Shovel":3,"Snecko Eye":[189,166,211,198],"Prayer Wheel":3,"Turnip":[13],"Art of War":[12],"obtain_stats":[{"Darkstone Periapt":8,"Lantern":36,"Calipers":42,"Torii":32,"Juzu Bracelet":9,"Bag of Preparation":10,"Ginger":48,"Boot":31,"Ancient Tea Set":43,"Burning Blood":0,"Centennial Puzzle":23,"Shovel":23,"Prayer Wheel":27,"WingedGreaves":37,"Red Mask":29,"Toxic Egg 2":27,"Paper Frog":12,"Girya":34,"Pear":23,"Happy Flower":34,"Thread and Needle":24,"The Courier":3,"PreservedInsect":7,"Pen Nib":25,"Letter Opener":23,"Calling Bell":34,"Snecko Eye":17,"Molten Egg 2":34,"Turnip":26,"Art of War":44,"Bag of Marbles":49},{"Darkstone Periapt":4,"Lantern":19,"Calipers":22,"Torii":17,"Juzu Bracelet":4,"Bag of Preparation":5,"Ginger":25,"Boot":17,"Ancient Tea Set":22,"Burning Blood":0,"Centennial Puzzle":12,"Shovel":12,"Prayer Wheel":15,"WingedGreaves":20,"Red Mask":16,"Toxic Egg 2":15,"Paper Frog":6,"Girya":18,"Pear":12,"Happy Flower":18,"Thread and Needle":13,"The Courier":1,"PreservedInsect":4,"Pen Nib":13,"Letter Opener":12,"Calling Bell":18,"Snecko Eye":8,"Molten Egg 2":18,"Turnip":13,"Art of War":23,"Bag of Marbles":25},{"Darkstone Periapt":18,"Lantern":99,"Calipers":113,"Torii":83,"Juzu Bracelet":18,"Bag of Preparation":22,"Ginger":134,"Boot":83,"Ancient Tea Set":113,"Burning Blood":0,"Centennial Puzzle":65,"Shovel":65,"Prayer Wheel":74,"WingedGreaves":105,"Red Mask":79,"Toxic Egg 2":74,"Paper Frog":30,"Girya":93,"Pear":65,"Happy Flower":93,"Thread and Needle":70,"The Courier":5,"PreservedInsect":18,"Pen Nib":70,"Letter Opener":65,"Calling Bell":93,"Snecko Eye":48,"Molten Egg 2":93,"Turnip":70,"Art of War":118,"Bag of Marbles":134}]},"card_choices":[{"not_picked":["Sword Boomerang","Body Slam"],"picked":"Shrug It Off","floor":0},{"not_picked":["Rampage","Clash"],"picked":"Warcry","floor":1},{"not_picked":["Infernal Blade","Wild Strike"],"picked":"Body Slam","floor":4},{"not_picked":["Twin Strike","Ghostly Armor"],"picked":"Flame Barrier","floor":5},{"not_picked":["Pummel","Shrug It Off"],"picked":"Barricade","floor":7},{"not_picked":["Perfected Strike","Double Tap"],"picked":"Fire Breathing","floor":10},{"not_picked":["Havoc","Clash"],"picked":"Feel No Pain","floor":12},{"not_picked":["Body Slam","Clash"],"picked":"Shockwave","floor":13},{"not_picked":["Immolate","Offering"],"picked":"Corruption","floor":16},{"not_picked":["Warcry","Entrench"],"picked":"Feel No Pain","floor":18},{"not_picked":["Anger","Clothesline+1","Pummel"],"picked":"SKIP","floor":19},{"not_picked":["Warcry","Body Slam"],"picked":"Sentinel","floor":20},{"not_picked":["Warcry","Body Slam","Carnage+1"],"picked":"SKIP","floor":22},{"not_picked":["Anger+1","Sword Boomerang"],"picked":"Dark Embrace","floor":24},{"not_picked":["Wild Strike","Flex+1"],"picked":"Inflame","floor":27},{"not_picked":["Clash","Armaments+1","Perfected Strike"],"picked":"SKIP","floor":31},{"not_picked":["Pommel Strike+1","Perfected Strike+1"],"picked":"Iron Wave+1","floor":35},{"not_picked":["Perfected Strike+1","Wild Strike+1","Heavy Blade+1"],"picked":"SKIP","floor":35},{"not_picked":["Clash+1","Headbutt+1"],"picked":"Shrug It Off+1","floor":39},{"not_picked":["True Grit+1","Reckless Charge+1"],"picked":"Bloodletting+1","floor":39},{"not_picked":["Feed+1","Body Slam+1","Bloodletting+1"],"picked":"SKIP","floor":42},{"not_picked":["Clash+1","Uppercut+1","Anger+1"],"picked":"SKIP","floor":44},{"not_picked":["Thunderclap+1","Twin Strike+1"],"picked":"Metallicize+1","floor":45},{"not_picked":["Clash+1","Body Slam+1","Perfected Strike+1"],"picked":"SKIP","floor":45},{"not_picked":["Perfected Strike+1","Barricade"],"picked":"Inflame","floor":48}],"player_experience":738298,"relics_obtained":[{"floor":7,"key":"PreservedInsect"},{"floor":8,"key":"Darkstone Periapt"},{"floor":9,"key":"Juzu Bracelet"},{"floor":10,"key":"Bag of Preparation"},{"floor":12,"key":"Paper Frog"},{"floor":24,"key":"Thread and Needle"},{"floor":25,"key":"Pen Nib"},{"floor":26,"key":"Turnip"},{"floor":27,"key":"Prayer Wheel"},{"floor":27,"key":"Toxic Egg 2"},{"floor":29,"key":"Red Mask"},{"floor":31,"key":"Boot"},{"floor":32,"key":"Torii"},{"floor":34,"key":"Happy Flower"},{"floor":34,"key":"Molten Egg 2"},{"floor":34,"key":"Girya"},{"floor":37,"key":"WingedGreaves"},{"floor":42,"key":"Calipers"},{"floor":43,"key":"Ancient Tea Set"},{"floor":44,"key":"Art of War"},{"floor":48,"key":"Ginger"},{"floor":49,"key":"Bag of Marbles"}],"event_choices":[{"cards_removed":["Strike_R"],"damage_healed":0,"gold_gain":0,"player_choice":"Card Removal","damage_taken":7,"max_hp_gain":0,"max_hp_loss":0,"event_name":"Golden Wing","floor":2,"gold_loss":0},{"damage_healed":0,"gold_gain":0,"player_choice":"Success","damage_taken":18,"relics_obtained":["The Courier"],"max_hp_gain":0,"max_hp_loss":0,"event_name":"Scrap Ooze","floor":3,"gold_loss":0},{"damage_healed":0,"gold_gain":75,"player_choice":"Gather Gold","damage_taken":11,"max_hp_gain":0,"max_hp_loss":0,"event_name":"World of Goop","floor":14,"gold_loss":0},{"damage_healed":0,"gold_gain":0,"player_choice":"Ignored","damage_taken":0,"max_hp_gain":0,"max_hp_loss":0,"event_name":"Cursed Tome","floor":21,"gold_loss":0},{"damage_healed":0,"gold_gain":0,"player_choice":"Fight","damage_taken":0,"max_hp_gain":0,"max_hp_loss":0,"event_name":"Colosseum","floor":27,"gold_loss":0},{"damage_healed":0,"gold_gain":0,"player_choice":"Fought Nobs","damage_taken":0,"max_hp_gain":0,"max_hp_loss":0,"event_name":"Colosseum","floor":27,"gold_loss":0},{"damage_healed":0,"gold_gain":0,"player_choice":"Fought Bandits","damage_taken":0,"max_hp_gain":0,"max_hp_loss":0,"event_name":"Masked Bandits","floor":29,"gold_loss":0},{"damage_healed":0,"gold_gain":0,"player_choice":"Shed Blood","damage_taken":41,"max_hp_gain":5,"max_hp_loss":0,"event_name":"Forgotten Altar","floor":30,"gold_loss":0},{"damage_healed":0,"gold_gain":0,"player_choice":"Fight","damage_taken":0,"max_hp_gain":0,"max_hp_loss":0,"event_name":"MindBloom","floor":37,"gold_loss":0},{"damage_healed":0,"gold_gain":0,"player_choice":"Forge","damage_taken":0,"max_hp_gain":0,"max_hp_loss":0,"event_name":"Accursed Blacksmith","floor":38,"gold_loss":0,"cards_upgraded":["Sentinel"]},{"cards_removed":["Warcry"],"damage_healed":0,"gold_gain":0,"player_choice":"Purged","damage_taken":0,"max_hp_gain":0,"max_hp_loss":0,"event_name":"Purifier","floor":41,"gold_loss":0}],"is_beta":false,"boss_relics":[{"not_picked":["Runic Dome","Black Star"],"picked":"Snecko Eye"},{"not_picked":["Astrolabe","Runic Cube"],"picked":"Calling Bell"}],"items_purged_floors":[23,36],"is_endless":false,"potions_floor_spawned":[1,7,12,16,18,22,24,29,33,37,45],"ascension_level":19}}