{"host":"ww12db68ec84yd8w","time":1614368272,"event":{"mods":["BaseMod","Colored Map","Minty Spire (QoL Compilation)","StSLib"],"gold_per_floor":[109,109,109,7,31,72,0,0,0,0,40,40,140,154,154,285,348,368,122,146,245,270,270,289,289,289,325,240,115,115,129,129,129,129],"floor_reached":33,"language":"ENG","playtime":1496,"items_purged":["Strike_R","Defend_R","Strike_R"],"score":312,"play_id":"46ce702e-9601-4edd-9c40-83c85371e19c","local_time":"20210226113752","is_ascension_mode":true,"campfire_choices":[{"data":"Rampage","floor":8,"key":"SMITH"},{"floor":10,"key":"REST"},{"data":"Bash","floor":15,"key":"SMITH"},{"floor":23,"key":"REST"},{"floor":25,"key":"REST"},{"floor":30,"key":"REST"},{"floor":32,"key":"REST"}],"circlet_count":0,"master_deck":["Strike_R","Strike_R","Defend_R+1","Defend_R","Defend_R","Bash+1","Carnage","Shrug It Off","Shrug It Off","Rampage+1","Shrug It Off+1","Thunderclap","Demon Form","Pommel Strike","Battle Trance+1","Sword Boomerang+1","Cleave","Heavy Blade","Spot Weakness+1"],"relics":["Burning Blood","Torii","Golden Idol","Red Skull","Toxic Egg 2","Nunchaku","Tiny House","TheAbacus","White Beast Statue","Oddly Smooth Stone","Gremlin Horn"],"acts_visited":["Exordium","TheCity"],"potions_floor_usage":[16,18,27,33,33,33],"damage_taken":[{"damage":9,"enemies":"Small Slimes","floor":1,"turns":3},{"damage":0,"enemies":"2 Louse","floor":5,"turns":2},{"damage":35,"enemies":"3 Sentries","floor":6,"turns":12},{"damage":32,"enemies":"Lagavulin","floor":11,"turns":6},{"damage":1,"enemies":"Jaw Worm","floor":14,"turns":3},{"damage":28,"enemies":"Hexaghost","floor":16,"turns":12},{"damage":18,"enemies":"3 Byrds","floor":18,"turns":6},{"damage":33,"enemies":"2 Thieves","floor":20,"turns":4},{"damage":31,"enemies":"Centurion and Healer","floor":22,"turns":7},{"damage":8,"enemies":"Cultist and Chosen","floor":24,"turns":5},{"damage":42,"enemies":"Gremlin Leader","floor":27,"turns":7},{"damage":14,"enemies":"Sentry and Sphere","floor":31,"turns":7},{"damage":72,"enemies":"Champ","floor":33,"turns":10}],"seed_played":"7182413555322121955","potions_obtained":[{"floor":1,"key":"SpeedPotion"},{"floor":11,"key":"Block Potion"},{"floor":17,"key":"AttackPotion"},{"floor":18,"key":"SmokeBomb"},{"floor":22,"key":"ColorlessPotion"},{"floor":27,"key":"Fire Potion"},{"floor":31,"key":"FearPotion"}],"is_trial":false,"path_per_floor":["M","?","?","$","M","E","$","R","T","R","E","?","?","M","R","B",null,"M","$","M","?","M","R","M","R","T","E","?","$","R","M","R","B"],"character_chosen":"IRONCLAD","items_purchased":["Shrug It Off","Rampage","TheAbacus"],"campfire_rested":5,"item_purchase_floors":[4,7,19],"current_hp_per_floor":[69,69,51,51,57,28,28,28,28,49,23,47,47,52,52,30,77,65,65,38,38,13,36,34,57,57,21,21,21,44,36,59,0,0],"gold":129,"neow_bonus":"ONE_RARE_RELIC","is_daily":false,"chose_seed":false,"campfire_upgraded":2,"win_rate":0.0,"timestamp":1614368272,"path_taken":["M","?","?","?","M","E","$","R","T","R","E","?","?","?","R","BOSS","M","$","M","?","M","R","M","R","T","E","?","$","R","M","R","BOSS"],"items_purchased_type":["Card","Card","Relic"],"build_version":"2020-12-22","purchased_purges":3,"victory":false,"max_hp_per_floor":[72,72,72,72,72,72,72,72,72,72,72,72,72,72,72,72,77,77,77,77,77,77,77,77,77,77,77,77,77,77,77,77,77,77],"card_choices":[{"not_picked":["Warcry","True Grit"],"picked":"Carnage","floor":1},{"not_picked":["Clash","Armaments","Anger"],"picked":"SKIP","floor":5},{"not_picked":["Wild Strike","Burning Pact"],"picked":"Shrug It Off","floor":6},{"not_picked":["Pommel Strike","Power Through+1"],"picked":"Shrug It Off+1","floor":11},{"not_picked":["Combust","Metallicize"],"picked":"Thunderclap","floor":14},{"not_picked":["Corruption","Exhume+1"],"picked":"Demon Form","floor":16},{"not_picked":["Sever Soul","Shrug It Off+1"],"picked":"Pommel Strike","floor":17},{"not_picked":["Rupture","Metallicize+1"],"picked":"Battle Trance+1","floor":18},{"not_picked":["Clash+1","Entrench+1","Body Slam"],"picked":"SKIP","floor":20},{"not_picked":["Warcry+1","Iron Wave"],"picked":"Sword Boomerang+1","floor":22},{"not_picked":["Thunderclap","Exhume+1"],"picked":"Cleave","floor":24},{"not_picked":["Bloodletting+1","Anger"],"picked":"Heavy Blade","floor":27},{"not_picked":["Anger","Thunderclap"],"picked":"Spot Weakness+1","floor":31}],"player_experience":227946,"relics_obtained":[{"floor":6,"key":"Red Skull"},{"floor":9,"key":"Toxic Egg 2"},{"floor":11,"key":"Nunchaku"},{"floor":26,"key":"White Beast Statue"},{"floor":27,"key":"Oddly Smooth Stone"}],"event_choices":[{"cards_removed":["Strike_R"],"damage_healed":0,"gold_gain":0,"player_choice":"Forget","damage_taken":0,"max_hp_gain":0,"max_hp_loss":0,"event_name":"Living Wall","floor":2,"gold_loss":0},{"damage_healed":0,"gold_gain":0,"player_choice":"Take Damage","damage_taken":18,"relics_obtained":["Golden Idol"],"max_hp_gain":0,"max_hp_loss":0,"event_name":"Golden Idol","floor":3,"gold_loss":0},{"damage_healed":24,"gold_gain":0,"player_choice":"Banana","damage_taken":0,"max_hp_gain":0,"max_hp_loss":0,"event_name":"Big Fish","floor":12,"gold_loss":0},{"damage_healed":0,"gold_gain":100,"player_choice":"Pray","damage_taken":0,"max_hp_gain":0,"max_hp_loss":0,"event_name":"Golden Shrine","floor":13,"gold_loss":0},{"damage_healed":0,"gold_gain":99,"player_choice":"Stole From Cult","damage_taken":0,"max_hp_gain":0,"max_hp_loss":0,"event_name":"Nest","floor":21,"gold_loss":0},{"damage_healed":0,"gold_gain":0,"player_choice":"Obtained Relic","damage_taken":0,"relics_obtained":["Gremlin Horn"],"max_hp_gain":0,"max_hp_loss":0,"event_name":"Addict","floor":28,"gold_loss":85}],"is_beta":false,"boss_relics":[{"not_picked":["Coffee Dripper","Velvet Choker"],"picked":"Tiny House"}],"items_purged_floors":[4,19,29],"is_endless":false,"potions_floor_spawned":[1,11,18,22,27,31],"killed_by":"Champ","ascension_level":3}}