{"host":"2qv44oxt58ptq59r","time":1614348606,"event":{"mods":["AchievementEnabler","BaseMod","Colored Powertips","Highlight Path","Minty Spire (QoL Compilation)","Permanent Neow","StSLib"],"gold_per_floor":[216,216,20,35,55,88,88,102,102,122,142,142,142],"floor_reached":12,"language":"ENG","playtime":1362,"items_purged":[],"score":111,"play_id":"b6d00de7-6c40-4a05-b895-6728b7eff13b","local_time":"20210226141006","is_ascension_mode":true,"campfire_choices":[{"floor":7.0,"key":"RECALL"}],"circlet_count":0,"master_deck":["Strike_G","Strike_G","Strike_G","Strike_G","Strike_G","Defend_G","Defend_G","Defend_G","Defend_G","Defend_G","Survivor","Neutralize+1","Infinite Blades","Cloak And Dagger","Poisoned Stab","Crippling Poison","Bouncing Flask","Bane","Deadly Poison","Bane"],"relics":["Ring of the Snake","Akabeko","Bird Faced Urn","Bottled Lightning"],"acts_visited":["Exordium"],"potions_floor_usage":[12,12],"damage_taken":[{"damage":7.0,"enemies":"Small Slimes","floor":1.0,"turns":3.0},{"damage":0.0,"enemies":"Cultist","floor":4.0,"turns":3.0},{"damage":7.0,"enemies":"Jaw Worm","floor":5.0,"turns":4.0},{"damage":9.0,"enemies":"Lagavulin","floor":6.0,"turns":8.0},{"damage":9.0,"enemies":"Gremlin Gang","floor":8.0,"turns":5.0},{"damage":10,"enemies":"Lots of Slimes","floor":10,"turns":3},{"damage":10,"enemies":"Blue Slaver","floor":11,"turns":3},{"damage":23,"enemies":"3 Sentries","floor":12,"turns":5}],"seed_played":"3787103851464673187","potions_obtained":[{"floor":1.0,"key":"Dexterity Potion"},{"floor":10,"key":"LiquidMemories"},{"floor":11,"key":"LiquidBronze"}],"is_trial":false,"path_per_floor":["M","?","$","M","M","E","R","M","T","M","M","E"],"character_chosen":"THE_SILENT","items_purchased":["Akabeko","Cloak And Dagger"],"campfire_rested":0,"item_purchase_floors":[3,3],"current_hp_per_floor":[56,56,56,56,49,40,40,31,31,21,13,0,0],"gold":142,"neow_bonus":"HUNDRED_GOLD","is_daily":false,"chose_seed":false,"campfire_upgraded":0,"win_rate":0.0,"timestamp":1614348606,"path_taken":["M","?","$","M","?","E","R","M","T","M","M","E"],"items_purchased_type":["Relic","Card"],"build_version":"2020-12-22","purchased_purges":0,"victory":false,"max_hp_per_floor":[70,70,70,70,70,70,70,70,70,70,70,70,70],"card_choices":[{"not_picked":["Terror","Flechettes"],"picked":"Infinite Blades","floor":1.0},{"not_picked":["Underhanded Strike","Backflip"],"picked":"Poisoned Stab","floor":4.0},{"not_picked":["Quick Slash","Slice"],"picked":"Crippling Poison","floor":5.0},{"not_picked":["Dagger Throw","Outmaneuver"],"picked":"Bouncing Flask","floor":6.0},{"not_picked":["Flechettes","Blade Dance"],"picked":"Bane","floor":8.0},{"not_picked":["Tactician","Riddle With Holes"],"picked":"Deadly Poison","floor":10},{"not_picked":["Backflip","Bouncing Flask"],"picked":"Bane","floor":11}],"player_experience":5849131,"relics_obtained":[{"floor":6.0,"key":"Bird Faced Urn"},{"floor":9,"key":"Bottled Lightning"}],"event_choices":[{"damage_healed":0.0,"max_hp_gain":0.0,"max_hp_loss":0.0,"gold_gain":0.0,"event_name":"Accursed Blacksmith","player_choice":"Forge","floor":2.0,"gold_loss":0.0,"damage_taken":0.0,"cards_upgraded":["Neutralize"]}],"is_beta":false,"boss_relics":[],"items_purged_floors":[],"is_endless":false,"potions_floor_spawned":[1,10,11],"killed_by":"3 Sentries","ascension_level":7}}