{"host":"aaqofma31c3gm2hj","time":1614329517,"event":{"mods":["BaseMod","GungeonMod","Minty Spire (QoL Compilation)","Replay The Spire","Spicy Shops","StSLib"],"gold_per_floor":[112,112,162,87,97,97,131,147,147,147,147,47,61,101,101,117,117,117,188,188,203,216,266,279,154,172,207,207,239,239,252,252,263,103,103,103,122,149,149,223,223,237,237,237,257,277,277,297,310,150,150,150,164,195,195,230,284,284,284,284,284,284,5,36,36],"floor_reached":66,"language":"ZHS","playtime":2887,"items_purged":["Strike_G","Strike_G","Sickly"],"score":3567,"play_id":"c670dd5d-563e-4389-bf84-5c9665e2c262","local_time":"20210226165157","is_ascension_mode":true,"campfire_choices":[{"floor":6.0,"key":"RECALL"},{"data":"Blade Dance","floor":9.0,"key":"SMITH"},{"data":"Prepared","floor":15.0,"key":"SMITH"},{"data":"Acrobatics","floor":17.0,"key":"SMITH"},{"data":"Grand Finale","floor":28.0,"key":"SMITH"},{"data":"Adrenaline","floor":32.0,"key":"SMITH"},{"data":"Acrobatics","floor":39.0,"key":"SMITH"},{"data":"Madness","floor":47.0,"key":"SMITH"},{"data":"Madness","floor":58.0,"key":"SMITH"},{"data":"Seeing Red","floor":62.0,"key":"SMITH"}],"circlet_count":0,"master_deck":["AscendersBane","Defend_G","Survivor","Prepared+1","Adrenaline+1","Acrobatics+1","Acrobatics+1","Grand Finale+1","Terror+1","Footwork","Seeing Red+1","Offering","Madness+1","Madness+1","Second Wind+1"],"relics":["Ring of the Snake","NeowsBlessing","Happy Flower","InkBottle","Bottled Lightning","Strawberry","Kintsugi","Anchor","Juzu Bracelet","PrismaticShard","Incense Burner","Empty Cage","TheAbacus","Onion Ring","Orichalcum","DemoMod:GlassGuonStoneRelic","DemoMod:Relodestone","Ginger","Sundial","DemoMod:WeirdEgg"],"acts_visited":["Exordium","TheCity","TheBeyond","TheEnding"],"potions_floor_usage":[65,65],"damage_taken":[{"damage":0.0,"enemies":"2 Louse","floor":1.0,"turns":1.0},{"damage":0.0,"enemies":"Small Slimes","floor":5.0,"turns":1.0},{"damage":0.0,"enemies":"Lagavulin","floor":7.0,"turns":1.0},{"damage":0.0,"enemies":"Cultist","floor":8.0,"turns":3.0},{"damage":0.0,"enemies":"Blue Slaver","floor":13.0,"turns":3.0},{"damage":0.0,"enemies":"Looter","floor":16.0,"turns":3.0},{"damage":0.0,"enemies":"Fading Forest","floor":19.0,"turns":13.0},{"damage":0.0,"enemies":"3 Byrds","floor":21.0,"turns":1.0},{"damage":0.0,"enemies":"Chosen","floor":22.0,"turns":1.0},{"damage":0.0,"enemies":"3 Cultists","floor":24.0,"turns":1.0},{"damage":0.0,"enemies":"Chosen and Byrds","floor":26.0,"turns":1.0},{"damage":0.0,"enemies":"Replay:Snechameleon","floor":27.0,"turns":1.0},{"damage":0.0,"enemies":"Gremlin Leader","floor":29.0,"turns":1.0},{"damage":0.0,"enemies":"Centurion and Healer","floor":31.0,"turns":1.0},{"damage":0.0,"enemies":"Snake Plant","floor":33.0,"turns":1.0},{"damage":0.0,"enemies":"Chosen and Byrds","floor":37.0,"turns":1.0},{"damage":0.0,"enemies":"Replay:Snechameleon","floor":38.0,"turns":1.0},{"damage":0.0,"enemies":"Automaton","floor":40.0,"turns":2.0},{"damage":0.0,"enemies":"3 Darklings","floor":42.0,"turns":1.0},{"damage":0.0,"enemies":"3 Shapes","floor":45.0,"turns":1.0},{"damage":0.0,"enemies":"3 Darklings","floor":46.0,"turns":1.0},{"damage":0.0,"enemies":"Sphere and 2 Shapes","floor":48.0,"turns":1.0},{"damage":0.0,"enemies":"Transient","floor":49.0,"turns":4.0},{"damage":0.0,"enemies":"3 Darklings","floor":53.0,"turns":1.0},{"damage":0.0,"enemies":"Giant Head","floor":54.0,"turns":1.0},{"damage":3.0,"enemies":"R_Hoarder","floor":56.0,"turns":9.0},{"damage":0.0,"enemies":"2 Orb Walkers","floor":57.0,"turns":1.0},{"damage":0.0,"enemies":"Time Eater","floor":59.0,"turns":2.0},{"damage":0.0,"enemies":"Awakened One","floor":60.0,"turns":2.0},{"damage":0.0,"enemies":"Shield and Spear","floor":64.0,"turns":1.0},{"damage":10,"enemies":"The Heart","floor":65,"turns":5}],"seed_played":"-7731128897876488637","potions_obtained":[{"floor":1.0,"key":"SmokeBomb"},{"floor":7.0,"key":"Toxic Potion"},{"floor":14.0,"key":"GhostInAJar"},{"floor":19.0,"key":"PowerPotion"}],"is_trial":false,"path_per_floor":["M","?","?","$","M","R","E","M","R","T","T","$","M","?","R","M","R","R","B",null,"M","M","?","M","$","M","E","R","E","T","M","R","M","$","?","?","M","E","R","B",null,"M","?","?","M","M","R","M","M","$","?","T","M","E","?","E","?","R","B","B",null,"R","$","E","B",null],"character_chosen":"THE_SILENT","items_purchased":["PrismaticShard","TheAbacus","Sundial"],"campfire_rested":0,"item_purchase_floors":[34,50,63],"current_hp_per_floor":[59,59,59,59,59,59,59,59,59,59,59,59,59,66,66,66,66,66,66,71,71,71,71,71,71,71,71,71,71,71,71,71,71,71,71,71,71,71,71,71,73,73,60,60,60,60,60,60,60,60,60,60,60,60,60,61,61,61,61,61,70,70,70,70,60],"gold":36,"neow_bonus":"THREE_ENEMY_KILL","is_daily":false,"chose_seed":false,"campfire_upgraded":9,"win_rate":0.0,"timestamp":1614329517,"path_taken":["M","?","?","$","?","R","E","M","R","T","T","$","M","?","R","M","R","R","BOSS","M","M","?","M","$","M","E","R","E","T","M","R","M","$","?","?","M","E","R","BOSS","M","?","?","M","M","R","M","M","$","?","T","M","E","?","E","?","R","BOSS","BOSS","R","$","E","BOSS"],"items_purchased_type":["Relic","Relic","Relic"],"build_version":"2020-12-22","purchased_purges":3,"victory":true,"max_hp_per_floor":[66,66,66,66,66,66,66,66,66,66,66,66,66,73,73,73,73,73,73,73,73,73,73,73,73,73,73,73,73,73,73,73,73,73,73,73,73,73,73,73,73,73,73,73,73,73,73,73,73,73,73,73,73,73,73,73,73,73,73,73,73,73,73,73,73],"card_choices":[{"not_picked":["Slice","Infinite Blades"],"picked":"Blade Dance","floor":1.0},{"not_picked":["Well Laid Plans","Backflip"],"picked":"Prepared","floor":5.0},{"not_picked":["Underhanded Strike","Slice"],"picked":"Adrenaline","floor":7.0},{"not_picked":["Catalyst","Dagger Spray","Endless Agony"],"picked":"SKIP","floor":8.0},{"not_picked":["Outmaneuver","Riddle With Holes"],"picked":"Acrobatics","floor":13.0},{"not_picked":["Underhanded Strike","Sneak Up"],"picked":"Acrobatics","floor":14.0},{"not_picked":["All Out Attack","Acrobatics","ReplayTheSpireMod:Tripwire"],"picked":"SKIP","floor":16.0},{"not_picked":["Cloak And Dagger","Dagger Spray","Caltrops+1"],"picked":"SKIP","floor":21.0},{"not_picked":["Blade Dance","Toxin Wave","Prepared"],"picked":"SKIP","floor":22.0},{"not_picked":["Acrobatics+1","Dagger Throw"],"picked":"Terror+1","floor":24.0},{"not_picked":["Riddle With Holes","Underhanded Strike"],"picked":"Footwork","floor":26.0},{"not_picked":["Slice","Skewer","Catalyst+1"],"picked":"SKIP","floor":27.0},{"not_picked":["Calculated Gamble","Backflip","Expertise"],"picked":"SKIP","floor":29.0},{"not_picked":["Choke","Skewer","Die Die Die"],"picked":"SKIP","floor":31.0},{"not_picked":["Bane","Sucker Punch+1","Backflip"],"picked":"SKIP","floor":33.0},{"not_picked":["Halt","Heavy Blade+1","DemoMod:Elimentaler"],"picked":"SKIP","floor":37.0},{"not_picked":["Halt","Heavy Blade+1","DemoMod:Elimentaler"],"picked":"SKIP","floor":37.0},{"not_picked":["Deadly Poison","DemoMod:Replace"],"picked":"Seeing Red","floor":38.0},{"not_picked":["Poison Darts","Bludgeon"],"picked":"Offering","floor":40.0},{"not_picked":["Cloak And Dagger","DemoMod:CombinedRifle","Flex"],"picked":"SKIP","floor":42.0},{"not_picked":["FlyingSleeves+1","Wild Strike","Dagger Throw"],"picked":"SKIP","floor":45.0},{"not_picked":["Clothesline","Forethought","PathToVictory"],"picked":"SKIP","floor":46.0},{"not_picked":["Weave","Havoc"],"picked":"Second Wind+1","floor":48.0},{"not_picked":["DemoMod:Unmoved","Warcry","Demon Form"],"picked":"SKIP","floor":49.0},{"not_picked":["DemoMod:PracticeMakesPerfect","ReplayTheSpireMod:Scrap Shanks","Cold Snap"],"picked":"SKIP","floor":53.0},{"not_picked":["Sword Boomerang","CarveReality+1","DemoMod:ConditionalReflex"],"picked":"SKIP","floor":54.0},{"not_picked":["EmptyFist","Outmaneuver","A Thousand Cuts"],"picked":"SKIP","floor":56.0},{"not_picked":["DemoMod:AC15","DemoMod:HighKaliber+1","Outmaneuver+1"],"picked":"SKIP","floor":64.0}],"player_experience":704806,"relics_obtained":[{"floor":7.0,"key":"Happy Flower"},{"floor":10.0,"key":"InkBottle"},{"floor":11.0,"key":"Bottled Lightning"},{"floor":14.0,"key":"Strawberry"},{"floor":27.0,"key":"Anchor"},{"floor":29.0,"key":"Juzu Bracelet"},{"floor":38.0,"key":"Incense Burner"},{"floor":52.0,"key":"Onion Ring"},{"floor":54.0,"key":"Orichalcum"},{"floor":56.0,"key":"DemoMod:Relodestone"},{"floor":57.0,"key":"Ginger"},{"floor":64.0,"key":"DemoMod:WeirdEgg"}],"event_choices":[{"damage_healed":0.0,"max_hp_gain":0.0,"max_hp_loss":0.0,"gold_gain":50.0,"event_name":"Golden Shrine","player_choice":"Pray","floor":3.0,"gold_loss":0.0,"damage_taken":0.0},{"damage_healed":0.0,"max_hp_gain":0.0,"max_hp_loss":0.0,"gold_gain":100.0,"event_name":"The Joust","player_choice":"Bet on Murderer","floor":23.0,"gold_loss":50.0,"damage_taken":0.0},{"damage_healed":0.0,"max_hp_gain":0.0,"max_hp_loss":0.0,"gold_gain":0.0,"event_name":"The Mausoleum","player_choice":"Ignored","floor":35.0,"gold_loss":0.0,"damage_taken":0.0},{"damage_healed":0.0,"max_hp_gain":0.0,"max_hp_loss":0.0,"gold_gain":0.0,"event_name":"Winding Halls","player_choice":"Embrace Madness","floor":43.0,"gold_loss":0.0,"damage_taken":13.0,"cards_obtained":["Madness","Madness"]},{"cards_removed":["Neutralize"],"damage_healed":0.0,"max_hp_gain":0.0,"max_hp_loss":0.0,"gold_gain":0.0,"event_name":"Falling","player_choice":"Removed Attack","floor":44.0,"gold_loss":0.0,"damage_taken":0.0},{"damage_healed":0.0,"max_hp_gain":0.0,"max_hp_loss":0.0,"gold_gain":0.0,"event_name":"SensoryStone","player_choice":"Memory 1","floor":51.0,"gold_loss":0.0,"damage_taken":0.0},{"damage_healed":0.0,"max_hp_gain":0.0,"max_hp_loss":0.0,"gold_gain":0.0,"event_name":"Tomb of Lord Red Mask","player_choice":"Ignored","floor":55.0,"gold_loss":0.0,"damage_taken":0.0},{"damage_healed":0.0,"max_hp_gain":0.0,"max_hp_loss":0.0,"gold_gain":0.0,"event_name":"Mysterious Sphere","player_choice":"Fight","floor":57.0,"gold_loss":0.0,"damage_taken":0.0}],"is_beta":false,"boss_relics":[{"not_picked":["Replay:Drink Me","Runic Pyramid"],"picked":"Kintsugi"},{"not_picked":["Calling Bell","Astrolabe"],"picked":"Empty Cage"}],"items_purged_floors":[4,12,25],"is_endless":false,"potions_floor_spawned":[1,7,16,19,21,22,27,33,38,45,49,53,56,64],"ascension_level":20}}