{"host":"1vxemzms76200xsp","time":1614355431,"event":{"mods":["AchievementEnabler","BaseMod","Better Synergies","Downfall","Friendly Minions","Highlight Path","Minty Spire (QoL Compilation)","StSLib","The Bug Knight","The Mystic"],"gold_per_floor":[99,111,73,85,85,160,160,175,4,4,4,30,30,30,48,48,48,48],"floor_reached":16,"language":"ENG","playtime":641,"items_purged":["downfall:Malfunctioning"],"score":98,"play_id":"e4a42e2d-d490-42f5-a805-8df8868d4b0c","local_time":"20210226180351","is_ascension_mode":false,"campfire_choices":[{"data":"Slimebound:Split","floor":1,"key":"SMITH"},{"floor":11,"key":"RECALL"},{"floor":13,"key":"REST"}],"circlet_count":0,"master_deck":["Slimebound:Strike_Slimebound","Slimebound:Strike_Slimebound+1","Slimebound:Tackle","Slimebound:Defend_Slimebound","Slimebound:Defend_Slimebound+1","Slimebound:Defend_Slimebound","Slimebound:Defend_Slimebound","Slimebound:Split+1","Slimebound:CorrosiveSpit+1","Slimebound:SplitBruiser","Slimebound:ComboTackle","Slimebound:SplitLeeching","Slimebound:Equalize","Slimebound:Equalize","Slimebound:LevelUp","Slimebound:Repurpose","Slimebound:HauntingLick","Slimebound:RallyTheTroops"],"relics":["Slimebound:AbsorbEndCombat","downfall:BrokenWingStatue","PreservedInsect"],"acts_visited":["Exordium"],"potions_floor_usage":[],"damage_taken":[{"damage":14,"enemies":"Jaw Worm","floor":2,"turns":3},{"damage":8,"enemies":"downfall:FleeingMerchant","floor":3,"turns":4},{"damage":14,"enemies":"Small Slimes","floor":4,"turns":2},{"damage":3,"enemies":"2 Louse","floor":8,"turns":3},{"damage":18,"enemies":"downfall:FleeingMerchant","floor":9,"turns":4},{"damage":35,"enemies":"Gremlin Nob","floor":12,"turns":4},{"damage":4,"enemies":"downfall:LooterAlt","floor":15,"turns":2},{"damage":42,"enemies":"WA_ARCHETYPE_RETAIN","floor":16,"turns":4}],"seed_played":"8112713277810575715","potions_obtained":[{"floor":2,"key":"LiquidMemories"},{"floor":4,"key":"AttackPotion"},{"floor":8,"key":"FearPotion"},{"floor":12,"key":"Slimebound:SlimyTonguePotion"}],"is_trial":false,"path_per_floor":["R","M","$","M","?","?","T","M","$","?","R","E","R","?","M","B"],"character_chosen":"SLIMEBOUND","items_purchased":["Slimebound:SplitLeeching","Slimebound:Repurpose"],"campfire_rested":1,"item_purchase_floors":[3,9],"current_hp_per_floor":[71,59,59,45,45,45,45,50,40,40,40,5,26,26,26,0,0,0],"gold":48,"neow_bonus":"TEN_PERCENT_HP_BONUS","is_daily":false,"chose_seed":false,"campfire_upgraded":1,"win_rate":0.0,"timestamp":1614355431,"path_taken":["R","M","$","M","?","?","T","M","$","?","R","E","R","?","M","BOSS"],"items_purchased_type":["Card","Card"],"build_version":"2020-12-22","purchased_purges":1,"victory":false,"max_hp_per_floor":[71,71,71,71,71,71,71,71,71,71,71,71,71,71,71,71,71,71],"card_choices":[{"not_picked":["Slimebound:SpikyOuterGoop","Slimebound:SlimeTap"],"picked":"Slimebound:SplitBruiser","floor":2},{"not_picked":["Slimebound:OozeBath","Slimebound:LeechingTouch"],"picked":"Slimebound:ComboTackle","floor":3},{"not_picked":["Slimebound:Gluttony","Slimebound:ItLooksTasty"],"picked":"Slimebound:Equalize","floor":4},{"not_picked":["Slimebound:LeechingTouch","Slimebound:GoopTackle"],"picked":"Slimebound:Equalize","floor":8},{"not_picked":["Slimebound:Replication","Slimebound:SplitLeeching"],"picked":"Slimebound:LevelUp","floor":9},{"not_picked":["Slimebound:GoopTackle","Slimebound:ForwardTackle"],"picked":"Slimebound:HauntingLick","floor":12},{"not_picked":["Slimebound:Grow","Slimebound:RollThrough"],"picked":"Slimebound:RallyTheTroops","floor":15}],"player_experience":31982,"relics_obtained":[{"floor":12,"key":"PreservedInsect"}],"event_choices":[],"is_beta":false,"boss_relics":[],"items_purged_floors":[9],"is_endless":false,"potions_floor_spawned":[2,4,8,12,15],"killed_by":"WA_ARCHETYPE_RETAIN","ascension_level":0}}