{"host":"2haferq23ht5nrlk","time":1614346631,"event":{"mods":["ATMod(°¢èªMod)","AchievementEnabler","Alarm Clock","Aspiration","BaseMod","BetterRewards","Colored Powertips","Conspire","Dota2Spire","Faster Ascension Climbing","Infinite Spire","KomeijiMod","Library of Ruina","Library of Ruina Extra","Lobotomy","LobotomyExtend","Marked Mod","Minty Spire (QoL Compilation)","Quick Restart","Relic Filter Mod","Relic Stats","Reliquary","Replay The Spire","RumiaBox-Â¶Ã×æ«µÄÉñÃØºÐ×Ó","Spicy Shops","StSLib","TestMod","The Cursed","The Jungle","UnlockEverythingMod","¡¾ÒÅÎï¿¨ÅÆ¡¿REMEMod"],"gold_per_floor":[111,186,206,206,106,133,63,78,78,97,97,97,97,114,114,114,114],"floor_reached":16,"language":"ZHS","playtime":642,"items_purged":[],"score":155,"play_id":"ac35c6fb-af6c-4c51-b9d9-512f7cc4222b","local_time":"20210226213711","is_ascension_mode":true,"campfire_choices":[{"floor":11,"key":"REST"},{"data":"AT_ShadowStep","floor":13,"key":"SMITH"},{"data":"Bvapour","floor":15,"key":"SMITH"}],"circlet_count":0,"master_deck":["Dodge","LightDefense","LightAttack","LightAttack","LightAttack","LightDefense","LightDefense","LightDefense","ChargeAndCover","FocusedStrikes","AT_ShadowStep+1","Phantasmal Killer+1","Scorched","GuidanceOfTheGears","Wellcheers","Rampage_lor","Ghostly","Fence","Standoff","GreatSerpentsImpact","FieryBird","Laceration","EnergyConversion","VoidDream","Bvapour+1"],"relics":["PageOfLibrarian","AT_ATBox","REME_ComplimentaryCards","testmod-TestBox","testmod-TurbochargingSystem","CogitoBucket","RabbitCall","LetterFromLob","AT_SunfireAegis","Dota2Spire:OrchidMalevolence","LaetitiaHeart","AspirationHeart"],"acts_visited":["Exordium"],"potions_floor_usage":[],"damage_taken":[{"damage":2,"enemies":"2 Louse","floor":1,"turns":3},{"damage":0,"enemies":"Jaw Worm","floor":3,"turns":2},{"damage":24,"enemies":"Lagavulin","floor":6,"turns":5},{"damage":0,"enemies":"Cultist","floor":8,"turns":2},{"damage":10,"enemies":"Lots of Slimes","floor":10,"turns":3},{"damage":33,"enemies":"Looter","floor":14,"turns":4},{"damage":30,"enemies":"Hexaghost","floor":16,"turns":2}],"seed_played":"-6276775525151654702","potions_obtained":[{"floor":1,"key":"Death Potion"},{"floor":6,"key":"Fire Potion"},{"floor":8,"key":"Fire Potion"}],"is_trial":false,"path_per_floor":["M","?","M","?","?","E","$","M","T","M","R","M","R","M","R","B"],"character_chosen":"Librarian","items_purchased":["Standoff","GreatSerpentsImpact"],"campfire_rested":1,"item_purchase_floors":[7,7],"current_hp_per_floor":[58,47,47,47,47,23,23,23,23,16,34,34,34,14,14,0,0],"gold":114,"neow_bonus":"","is_daily":false,"chose_seed":false,"campfire_upgraded":2,"win_rate":0.0,"timestamp":1614346631,"path_taken":["M","?","M","?","?","E","$","M","T","?","R","M","R","M","R","BOSS"],"items_purchased_type":["Card","Card"],"build_version":"2020-12-22","purchased_purges":0,"victory":false,"max_hp_per_floor":[68,68,62,62,62,62,62,62,62,62,62,62,62,91,91,91,91],"relic_stats":{"counters":[8,22],"obtain_stats":[{"PageOfLibrarian":0,"RabbitCall":0,"CogitoBucket":0,"AT_ATBox":0,"testmod-TestBox":0,"LaetitiaHeart":12,"Dota2Spire:OrchidMalevolence":9,"AspirationHeart":14,"LetterFromLob":1,"testmod-TurbochargingSystem":0,"AT_SunfireAegis":6,"REME_ComplimentaryCards":0},{"PageOfLibrarian":0,"RabbitCall":0,"CogitoBucket":0,"AT_ATBox":0,"testmod-TestBox":0,"LaetitiaHeart":5,"Dota2Spire:OrchidMalevolence":4,"AspirationHeart":7,"LetterFromLob":1,"testmod-TurbochargingSystem":0,"AT_SunfireAegis":3,"REME_ComplimentaryCards":0},{"PageOfLibrarian":0,"RabbitCall":0,"CogitoBucket":0,"AT_ATBox":0,"testmod-TestBox":0,"LaetitiaHeart":15,"Dota2Spire:OrchidMalevolence":12,"AspirationHeart":20,"LetterFromLob":3,"testmod-TurbochargingSystem":0,"AT_SunfireAegis":10,"REME_ComplimentaryCards":0}]},"card_choices":[{"not_picked":["Mercenary","BeautyBeast"],"picked":"Scorched","floor":1},{"not_picked":["Faith","ClassAndRespect","SweepTheBackstreets","SuppressingShot","UnavoidableGaze","Diversion","GoinFirst","FleetEdge"],"picked":"GuidanceOfTheGears","floor":1},{"not_picked":["CherryBlossoms","FairyFestival"],"picked":"Wellcheers","floor":3},{"not_picked":["FocusFire","YoureTooSlow","HandleRequest","MindCrush","DarkCloud","Leap_lor","GreatSerpentsImpact","SharpNails"],"picked":"Rampage_lor","floor":3},{"not_picked":["UnavoidableGaze","LossOfSenses","BiAn","SkitterAway","OpportunitySpotted","MultiHit","BlazingStrike","Eliminate"],"picked":"Fence","floor":6},{"not_picked":["MeatLantern","MHz"],"picked":"FieryBird","floor":8},{"not_picked":["GuardingStance","FleetEdge","NightInTheBackstreets","AsThePrescriptOrders","BackstreetsDash","StrikeDown","MindPrepared","TasteMyFlamingBat"],"picked":"Laceration","floor":8},{"not_picked":["DarkCloud","Faith","Deflect_lor","SmokingPipe","HiddenBlade","StrikeDown","TendonChords","HandleRequest"],"picked":"EnergyConversion","floor":10},{"not_picked":["HappyTeddy","Funeral"],"picked":"VoidDream","floor":14},{"not_picked":["YourShield","Leap_lor","ClassAndRespect","FlyingSword","DesperateStruggle","NightInTheBackstreets","Reload","CleanUp"],"picked":"Bvapour","floor":14}],"player_experience":47426,"relics_obtained":[{"floor":1,"key":"LetterFromLob"},{"floor":6,"key":"AT_SunfireAegis"},{"floor":9,"key":"Dota2Spire:OrchidMalevolence"}],"event_choices":[{"damage_healed":0,"gold_gain":75,"player_choice":"Gather Gold","damage_taken":11,"max_hp_gain":0,"max_hp_loss":0,"event_name":"World of Goop","floor":2,"gold_loss":0},{"damage_healed":0,"gold_gain":0,"player_choice":"Grow","damage_taken":0,"max_hp_gain":0,"max_hp_loss":0,"event_name":"Living Wall","floor":4,"gold_loss":0,"cards_upgraded":["Phantasmal Killer"]},{"damage_healed":0,"gold_gain":0,"player_choice":"Argue","damage_taken":0,"max_hp_gain":0,"max_hp_loss":0,"event_name":"conspire:LoneGhost","floor":5,"gold_loss":0}],"is_beta":false,"boss_relics":[],"items_purged_floors":[],"is_endless":false,"potions_floor_spawned":[1,6,8],"killed_by":"Hexaghost","ascension_level":1}}