{"host":"n91kx4xj3dn3811n","time":1614336707,"event":{"mods":["Act Like it!","BaseMod","Better Third Choice","CapriCore","Card Forge","Colored Powertips","Downfall","Highlight Path","Library of Ruina","Library of Ruina Extra","Minty Spire (QoL Compilation)","MostiFishMod","Quick Restart","Reimu£®≤©¿ˆ¡È√Œ£©","Remilia£®¿Ÿ√◊¿Ú—«£©","Spicy Shops","StSLib","The Cursed","The Immortal","Waifu the Spire","≤–¡Ù÷ÆŒÔ","ÛÙª÷∏ƒœ"],"gold_per_floor":[99,113,113,129,3000,3000,3000,3000,3000,3000,3000,3000,3000,3000,3000,3000,3000,3000,3000,3000,3000,3000,3000,3000,3000,3000,3000,3000,3000,3000,3000,3000,3000,3000,3000,3000,3000,3000,3000,3000,3000,3000,3000,3000,3000,3000,3000,3000,3000,3000,3000,3000,3000,3000],"floor_reached":56,"language":"ZHS","playtime":3280,"items_purged":[],"score":2360,"play_id":"91000d04-5f98-4be7-a60c-ca125b77c227","local_time":"20210226185147","is_ascension_mode":true,"campfire_choices":[{"floor":1,"key":"RECALL"}],"circlet_count":0,"master_deck":["bronze:Strike+1","bronze:Strike+1","bronze:Strike+1","bronze:Strike+1","bronze:Defend+1","bronze:Defend+1","bronze:Defend+1","bronze:Defend+1","bronze:Verify+1","bronze:InfiniteLoop+1","bronze:InfiniteLoop+1","bronze:Verify+1","bronze:InfiniteLoop+1","bronze:HyperBeam+1"],"relics":["bronze:BronzeCore","Hammer of Thor","Seething Fire","Anvil of the Gods","DaveBox","Medical Kit","Whetstone","downfall:HeartBlessingRed","downfall:HeartBlessingBlue","Centennial Puzzle","Pen Nib","Blood Vial","Lee\u0027s Waffle","Sling","PageOfTheQueenOfHatred","Meat on the Bone","White Beast Statue","PageOfTodaysShyLook","BirthdayGift-Tetrahedron","Mummified Hand","Vajra","Orichalcum","Nunchaku","RuthlessExorcism:ReiMu","Civilization","PageOfPinocchio","PageOfQueenBee","PageOfTheKnightOfDespair","PageOfGreed","CeramicFish","PlaceholderMod:DeVermisMysteriis","PageOfBigBadWolf","PageOfWrath","downfall:HeartBlessingGreen","SentryEyes","Strawberry","PageOfNosferatu","PageOfNihil","FeatherPendant","Juzu Bracelet","BirthdayGift-Icosahedron","Art of War","PageOfSingingMachine","PlaceholderMod:FlatBlood","TentaclePot:ReiMu","PageOfLumberjack","PageOfPorccubus","Prayer Wheel","Chemical X","BrkXgEgg","PageOfHappyTeddyBear","Darkstone Periapt","Lantern","PageOfSpiderBud","ScarletDevilRocket","SynthV:MejaisSoulstealer","Bird Faced Urn","Akabeko","Ornamental Fan","Eternal Feather"],"acts_visited":["Exordium","TheCity","TheBeyond","TheEnding"],"potions_floor_usage":[],"damage_taken":[{"damage":0,"enemies":"Jaw Worm","floor":2,"turns":3},{"damage":0,"enemies":"Small Slimes","floor":4,"turns":2},{"damage":0,"enemies":"Gremlin Nob","floor":6,"turns":2},{"damage":0,"enemies":"downfall:FleeingMerchant","floor":9,"turns":4},{"damage":2,"enemies":"2 Louse","floor":11,"turns":2},{"damage":0,"enemies":"Blue Slaver","floor":12,"turns":1},{"damage":4,"enemies":"Large Slime","floor":14,"turns":3},{"damage":2,"enemies":"Red Slaver","floor":15,"turns":2},{"damage":2,"enemies":"DF_ARCHETYPE_STREAMLINE","floor":16,"turns":2},{"damage":2,"enemies":"Spheric Guardian","floor":19,"turns":2},{"damage":2,"enemies":"downfall:LooterAlt2","floor":21,"turns":2},{"damage":0,"enemies":"downfall:FleeingMerchant","floor":22,"turns":1},{"damage":5,"enemies":"Shelled Parasite and Fungi","floor":23,"turns":1},{"damage":0,"enemies":"Snake Plant","floor":25,"turns":1},{"damage":0,"enemies":"3 Cultists","floor":26,"turns":1},{"damage":0,"enemies":"Book of Stabbing","floor":27,"turns":1},{"damage":0,"enemies":"Gremlin Leader","floor":29,"turns":1},{"damage":20,"enemies":"Book of Stabbing","floor":31,"turns":3},{"damage":0,"enemies":"Centurion and Healer","floor":32,"turns":1},{"damage":2,"enemies":"SI_MIRROR_ARCHETYPE","floor":33,"turns":2},{"damage":0,"enemies":"Orb Walker","floor":36,"turns":1},{"damage":0,"enemies":"3 Darklings","floor":37,"turns":1},{"damage":0,"enemies":"Reptomancer","floor":43,"turns":1},{"damage":0,"enemies":"Giant Head","floor":45,"turns":1},{"damage":0,"enemies":"Nemesis","floor":48,"turns":1},{"damage":0,"enemies":"Transient","floor":49,"turns":1},{"damage":0,"enemies":"IC_BLOCK_ARCHETYPE","floor":50,"turns":1},{"damage":0,"enemies":"IC_BLOCK_ARCHETYPE","floor":51,"turns":1},{"damage":3,"enemies":"downfall:NeowBoss","floor":54,"turns":3},{"damage":3,"enemies":"downfall:NeowBossFinal","floor":55,"turns":3}],"seed_played":"2352290077461381556","potions_obtained":[{"floor":2,"key":"MagicPotion:ReiMu"},{"floor":6,"key":"ZuzhouPotion:ReiMu"},{"floor":14,"key":"ColorlessPotion"}],"is_trial":false,"path_per_floor":["R","M","?","M","?","?","T","R","$","?","M","M","R","M","M","B",null,"R","M","?","M","$","M","T","M","M","E","R","E","R","E","M","B",null,"R","M","M","$","?","?","T","R","E","?","E","R","?","E","M","B",null,null,"B","B",null],"character_chosen":"THE_AUTOMATON","items_purchased":["Centennial Puzzle","Pen Nib","Blood Vial","Lee\u0027s Waffle","Sling","GrandPatriotsElixir:ReiMu","PageOfTheQueenOfHatred","Meat on the Bone","White Beast Statue","PageOfTodaysShyLook","BirthdayGift-Tetrahedron","Mummified Hand","Vajra","Orichalcum","Nunchaku","RuthlessExorcism:ReiMu","Civilization","PageOfPinocchio","PageOfQueenBee","CeramicFish","PlaceholderMod:DeVermisMysteriis","PageOfBigBadWolf","SentryEyes","Strawberry","PageOfNosferatu","Juzu Bracelet","BirthdayGift-Icosahedron","Art of War","PageOfSingingMachine","PlaceholderMod:FlatBlood","TentaclePot:ReiMu","PageOfLumberjack","PageOfPorccubus","Chemical X","BrkXgEgg","PageOfHappyTeddyBear","ScarletDevilRocket","SynthV:MejaisSoulstealer","Bird Faced Urn","Akabeko","Ornamental Fan"],"campfire_rested":0,"item_purchase_floors":[8,8,8,8,8,8,8,9,9,9,9,13,13,13,18,18,18,18,22,28,28,28,30,30,30,35,35,35,35,38,38,38,38,42,42,42,46,46,46,46,46],"current_hp_per_floor":[70,70,70,70,70,70,70,87,87,87,85,87,87,83,83,83,87,87,86,86,89,95,95,95,102,109,115,115,120,25,40,67,88,243,243,248,253,253,285,285,285,285,290,290,295,295,295,300,305,310,315,315,320,325],"gold":3000,"neow_bonus":"TRANSFORM_CARD","is_daily":false,"chose_seed":false,"campfire_upgraded":0,"win_rate":0.0,"timestamp":1614336707,"path_taken":["R","M","?","M","?","?","T","R","$","?","M","?","R","M","M","BOSS","R","M","?","M","$","M","T","M","M","E","R","E","R","E","M","BOSS","R","M","M","$","?","?","T","R","E","?","E","R","?","E","M","BOSS","BOSS","BOSS"],"items_purchased_type":["Relic","Relic","Relic","Relic","Relic","Potion","Relic","Relic","Relic","Relic","Relic","Relic","Relic","Relic","Relic","Relic","Relic","Relic","Relic","Relic","Relic","Relic","Relic","Relic","Relic","Relic","Relic","Relic","Relic","Relic","Relic","Relic","Relic","Relic","Relic","Relic","Relic","Relic","Relic","Relic","Relic"],"build_version":"2020-12-22","purchased_purges":0,"victory":true,"max_hp_per_floor":[70,70,70,70,70,70,70,87,87,87,87,87,87,87,87,87,87,87,88,88,91,95,100,100,105,110,115,115,120,228,233,238,243,243,243,248,253,253,285,285,285,285,290,290,295,295,295,300,305,310,315,315,320,325],"card_choices":[{"not_picked":["bronze:Shell","bronze:Allocate"],"picked":"bronze:Invalidate","floor":2},{"not_picked":["bronze:Invalidate","bronze:BuggyMess","bronze:Branch"],"picked":"SKIP","floor":4},{"not_picked":["bronze:WhirlingStrike","bronze:BronzeArmor","bronze:RecursiveStrike"],"picked":"SKIP","floor":9},{"not_picked":["bronze:FineTuning","bronze:DelayedSlice","bronze:WildBeam"],"picked":"SKIP","floor":11},{"not_picked":["bronze:BuggyMess","bronze:Branch","bronze:DarkDash"],"picked":"SKIP","floor":12},{"not_picked":["bronze:ItsAFeature","bronze:Overheat","bronze:Deprecate"],"picked":"SKIP","floor":14},{"not_picked":["bronze:Repulsor","bronze:Terminator","bronze:FineTuning"],"picked":"SKIP","floor":15},{"not_picked":["bronze:Verify","bronze:Mutator"],"picked":"bronze:HyperBeam","floor":16},{"not_picked":["bronze:Boost","bronze:CutThrough","bronze:Frontload+1"],"picked":"SKIP","floor":19},{"not_picked":["bronze:Constructor","bronze:FollowUp","bronze:DelayedSlice"],"picked":"SKIP","floor":21},{"not_picked":["bronze:BugBarrage","bronze:BitShift","bronze:Repair"],"picked":"SKIP","floor":22},{"not_picked":["bronze:Repulsor+1","bronze:OilSpill","bronze:DigitalCarnage"],"picked":"SKIP","floor":23},{"not_picked":["bronze:OilSpill+1","bronze:BronzeOrb","bronze:Flail"],"picked":"SKIP","floor":25},{"not_picked":["bronze:ChosenStrike","bronze:FineTuning","bronze:Backtrace"],"picked":"SKIP","floor":26},{"not_picked":["bronze:Invalidate","bronze:WildBeam","bronze:Overheat"],"picked":"SKIP","floor":27},{"not_picked":["bronze:Shield","bronze:Fortify","bronze:Branch+1"],"picked":"SKIP","floor":29},{"not_picked":["bronze:Safeguard","bronze:ChildClass","bronze:Mutator"],"picked":"SKIP","floor":31},{"not_picked":["bronze:Flail+1","bronze:CutThrough","bronze:Overheat"],"picked":"SKIP","floor":32},{"not_picked":["bronze:Shield+1","bronze:ClassDefault+1","bronze:Overheat"],"picked":"SKIP","floor":36},{"not_picked":["bronze:Boost","bronze:Repair+1","bronze:DelayedGuard"],"picked":"SKIP","floor":37},{"not_picked":["bronze:Separator","bronze:Branch","bronze:OilSpill+1"],"picked":"SKIP","floor":43},{"not_picked":["bronze:CutThrough+1","bronze:Frontload+1","bronze:Overheat+1"],"picked":"SKIP","floor":45},{"not_picked":["bronze:NullPointer+1","bronze:HyperBeam+1","bronze:CleanCode+1"],"picked":"SKIP","floor":48},{"not_picked":["bronze:BronzeOrb+1","bronze:DelayedGuard","bronze:Branch"],"picked":"SKIP","floor":49},{"not_picked":["bronze:BronzeArmor","bronze:GetLatest","bronze:WhirlingStrike+1"],"picked":"SKIP","floor":49}],"player_experience":268078,"relics_obtained":[{"floor":6,"key":"Whetstone"},{"floor":24,"key":"PageOfTheKnightOfDespair"},{"floor":27,"key":"PageOfGreed"},{"floor":29,"key":"PageOfWrath"},{"floor":31,"key":"PageOfNihil"},{"floor":41,"key":"Prayer Wheel"},{"floor":43,"key":"Darkstone Periapt"},{"floor":44,"key":"Lantern"},{"floor":45,"key":"PageOfSpiderBud"},{"floor":48,"key":"Eternal Feather"}],"event_choices":[],"is_beta":false,"boss_relics":[{"not_picked":["BloodWine","HereWithMe","Sozu"]},{"not_picked":["xbg","MoonlightInvasionPlan"],"picked":"FeatherPendant"}],"items_purged_floors":[],"is_endless":false,"potions_floor_spawned":[2,6,11,12,14,15,16,19,21,22,23,25,26,27,29,31,32,33,36,37,43,45,48,49,51],"ascension_level":1}}