{"host":"rsokn1b2nrspb1iw","time":1614325783,"event":{"mods":["BaseMod","Better Altar","Better Match","Better Note","Better Sensory Stone","Better Skull","Better Third Choice","Better Vampires","BetterRewards","Block Reminder","Colored Map","Colored Powertips","Curses Come First","Custom Start","GifTheSpireLib","Hermit","Minty Spire (QoL Compilation)","Quick Restart","Rare Cards Sparkle","Relic Stats","Spire Birthday Party","StSLib","Unceasing Turn Reminder"],"gold_per_floor":[218,290,465,479,444,444,140,171,171,190,190,190,203,49,49,151,151,167,186,186,186,186,186],"floor_reached":22,"language":"ENG","playtime":592,"items_purged":[],"score":182,"play_id":"b07cc597-5e4c-42dc-afd7-2bf07f8161b9","local_time":"20210226004943","is_ascension_mode":false,"campfire_choices":[{"data":"Fire Breathing","floor":6,"key":"SMITH"},{"floor":12,"key":"RECALL"},{"data":"Wild Strike","floor":15,"key":"SMITH"}],"circlet_count":0,"master_deck":["Strike_R","Strike_R","Strike_R","Strike_R","Defend_R","Defend_R","Defend_R","Defend_R","Bash","Wild Strike+1","Doubt","Fire Breathing+1","Evolve","CurseOfTheBell"],"relics":["Burning Blood","Juzu Bracelet","Boot","Ancient Tea Set","Membership Card","Calling Bell","Darkstone Periapt","Girya","Tiny Chest"],"acts_visited":["Exordium","TheCity"],"potions_floor_usage":[16],"damage_taken":[{"damage":3,"enemies":"2 Louse","floor":1,"turns":3},{"damage":11,"enemies":"Jaw Worm","floor":4,"turns":2},{"damage":23,"enemies":"3 Sentries","floor":8,"turns":4},{"damage":0,"enemies":"Small Slimes","floor":10,"turns":3},{"damage":10,"enemies":"Exordium Thugs","floor":13,"turns":4},{"damage":48,"enemies":"The Guardian","floor":16,"turns":10},{"damage":30,"enemies":"2 Thieves","floor":18,"turns":4},{"damage":42,"enemies":"Shell Parasite","floor":19,"turns":7},{"damage":20,"enemies":"Snecko","floor":22,"turns":3}],"seed_played":"5175938312691632708","potions_obtained":[{"floor":1,"key":"Swift Potion"},{"floor":8,"key":"Explosive Potion"},{"floor":19,"key":"FearPotion"}],"is_trial":false,"path_per_floor":["M","?","?","M","$","R","$","E","T","M","?","R","M","$","R","B",null,"M","M","?","?","M"],"character_chosen":"IRONCLAD","items_purchased":["Fire Breathing","Juzu Bracelet","Boot","Membership Card"],"campfire_rested":0,"item_purchase_floors":[5,7,7,14],"current_hp_per_floor":[80,80,80,75,75,75,75,58,58,64,64,64,60,60,60,18,80,56,20,20,20,0,0],"gold":186,"neow_bonus":"HUNDRED_GOLD","is_daily":false,"chose_seed":false,"campfire_upgraded":2,"win_rate":0.0,"timestamp":1614325783,"path_taken":["M","?","?","M","$","R","?","E","T","M","?","R","M","$","R","BOSS","M","M","?","?","M"],"items_purchased_type":["Card","Relic","Relic","Relic"],"build_version":"2020-12-22","purchased_purges":0,"victory":false,"max_hp_per_floor":[80,80,80,80,80,80,80,80,80,80,80,80,80,80,80,80,80,80,80,80,80,80,80],"relic_stats":{"Darkstone Periapt":0,"counters":[9,40],"Tiny Chest":0,"Juzu Bracelet":0,"Boot":[12],"obtain_stats":[{"Calling Bell":17,"Darkstone Periapt":17,"Girya":17,"Tiny Chest":17,"Juzu Bracelet":7,"Membership Card":14,"Boot":7,"Ancient Tea Set":8,"Burning Blood":0},{"Calling Bell":6,"Darkstone Periapt":6,"Girya":6,"Tiny Chest":6,"Juzu Bracelet":2,"Membership Card":5,"Boot":2,"Ancient Tea Set":3,"Burning Blood":0},{"Calling Bell":26,"Darkstone Periapt":26,"Girya":26,"Tiny Chest":26,"Juzu Bracelet":5,"Membership Card":16,"Boot":5,"Ancient Tea Set":9,"Burning Blood":0}],"Burning Blood":45},"card_choices":[{"not_picked":["Whirlwind","Uppercut"],"picked":"Wild Strike","floor":1},{"not_picked":["Cleave","Clash","Warcry"],"picked":"SKIP","floor":4},{"not_picked":["Dark Embrace","Flame Barrier"],"picked":"Evolve","floor":8},{"not_picked":["Uppercut","Intimidate","Immolate"],"picked":"SKIP","floor":10},{"not_picked":["Body Slam","Flame Barrier","True Grit"],"picked":"SKIP","floor":13},{"not_picked":["Warcry","Body Slam+1","Armaments"],"picked":"SKIP","floor":18},{"not_picked":["Twin Strike+1","Anger","Combust"],"picked":"SKIP","floor":19}],"player_experience":200225,"relics_obtained":[{"floor":8,"key":"Ancient Tea Set"},{"floor":17,"key":"Darkstone Periapt"},{"floor":17,"key":"Girya"},{"floor":17,"key":"Tiny Chest"}],"event_choices":[{"damage_healed":0,"gold_gain":72,"player_choice":"Gained Gold","damage_taken":0,"max_hp_gain":0,"max_hp_loss":0,"event_name":"Golden Wing","floor":2,"gold_loss":0},{"damage_healed":0,"gold_gain":175,"player_choice":"AGREE","damage_taken":290,"max_hp_gain":0,"max_hp_loss":0,"event_name":"betterThird:BetterSerpent","floor":3,"gold_loss":0},{"damage_healed":0,"gold_gain":0,"player_choice":"Bought 0 Potions","damage_taken":0,"max_hp_gain":0,"max_hp_loss":0,"event_name":"The Woman in Blue","floor":11,"gold_loss":0},{"cards_removed":["Strike_R"],"damage_healed":0,"gold_gain":0,"player_choice":"Card Removal","damage_taken":0,"max_hp_gain":0,"max_hp_loss":0,"event_name":"Wheel of Change","floor":20,"gold_loss":0},{"damage_healed":0,"gold_gain":0,"player_choice":"Ignored","damage_taken":0,"max_hp_gain":0,"max_hp_loss":0,"event_name":"Fountain of Cleansing","floor":21,"gold_loss":0}],"is_beta":false,"boss_relics":[{"not_picked":["Philosopher\u0027s Stone","Cursed Key"],"picked":"Calling Bell"}],"items_purged_floors":[],"is_endless":false,"potions_floor_spawned":[1,8,19],"killed_by":"Snecko","ascension_level":0}}