{"host":"fooy2gnzsnh4qz9y","time":1614343733,"event":{"mods":["2.2 Compatiblity","AchievementEnabler","BaseMod","Colored Map","Colored Powertips","DeckTracker","Highlight Path","Keyboard Shortcuts","Minty Spire (QoL Compilation)","Permanent Neow","Quick Restart","Random Character Button","StSLib","SuperFastMode","everything is the same but u backflip on backflip"],"gold_per_floor":[113,128,203,22,37,37,56,69,69,69,97,116,134,24,24,24,24],"floor_reached":16,"language":"KOR","playtime":1149,"items_purged":["Strike_R"],"score":120,"play_id":"a3bc77f0-1d45-4c8e-8f40-5dee3b4c5cd5","local_time":"20210226214853","is_ascension_mode":true,"campfire_choices":[{"data":"Searing Blow","floor":6,"key":"SMITH"},{"data":"Searing Blow+1","floor":10,"key":"SMITH"},{"data":"Searing Blow+2","floor":15,"key":"SMITH"}],"circlet_count":0,"master_deck":["Strike_R","Strike_R","Strike_R","Strike_R","Defend_R","Defend_R","Defend_R","Defend_R","Bash","Searing Blow+3","Headbutt","Master of Strategy","Shrug It Off","True Grit","Armaments","Battle Trance"],"relics":["Burning Blood","Shuriken","Mercury Hourglass"],"acts_visited":["Exordium"],"potions_floor_usage":[11,13],"damage_taken":[{"damage":11,"enemies":"Jaw Worm","floor":1,"turns":4},{"damage":11,"enemies":"Cultist","floor":2,"turns":4},{"damage":3,"enemies":"2 Louse","floor":5,"turns":3},{"damage":8,"enemies":"Blue Slaver","floor":7,"turns":3},{"damage":7,"enemies":"Looter","floor":8,"turns":3},{"damage":33,"enemies":"Lagavulin","floor":11,"turns":6},{"damage":14,"enemies":"Exordium Thugs","floor":12,"turns":5},{"damage":0,"enemies":"Large Slime","floor":13,"turns":4},{"damage":33,"enemies":"The Guardian","floor":16,"turns":9}],"seed_played":"-333059719912295933","potions_obtained":[{"floor":5,"key":"SkillPotion"},{"floor":8,"key":"BlessingOfTheForge"}],"is_trial":false,"path_per_floor":["M","M","?","$","M","R","M","M","T","R","E","M","M","$","R","B"],"character_chosen":"IRONCLAD","items_purchased":["Master of Strategy","Battle Trance"],"campfire_rested":0,"item_purchase_floors":[4,14],"current_hp_per_floor":[75,70,62,62,65,65,63,62,62,62,35,27,33,33,33,0,0],"gold":24,"neow_bonus":"THREE_CARDS","is_daily":false,"chose_seed":false,"campfire_upgraded":3,"win_rate":0.0,"timestamp":1614343733,"path_taken":["M","M","?","$","M","R","M","?","T","R","E","?","M","$","R","BOSS"],"items_purchased_type":["Card","Card"],"build_version":"2020-12-22","purchased_purges":1,"victory":false,"max_hp_per_floor":[80,80,80,80,80,80,80,80,80,80,80,80,80,80,80,80,80],"card_choices":[{"not_picked":["Headbutt","Uppercut"],"picked":"Searing Blow","floor":0},{"not_picked":["Hemokinesis","Burning Pact"],"picked":"Headbutt","floor":1},{"not_picked":["Havoc","Sever Soul","Rupture"],"picked":"SKIP","floor":2},{"not_picked":["Havoc","Sever Soul","Rupture"],"picked":"SKIP","floor":2},{"not_picked":["Twin Strike","Pommel Strike"],"picked":"Shrug It Off","floor":5},{"not_picked":["Pommel Strike","Spot Weakness"],"picked":"True Grit","floor":7},{"not_picked":["Twin Strike","Clothesline","Entrench"],"picked":"SKIP","floor":8},{"not_picked":["Headbutt","Perfected Strike","Infernal Blade"],"picked":"SKIP","floor":11},{"not_picked":["Iron Wave","Clothesline","Wild Strike"],"picked":"SKIP","floor":12},{"not_picked":["Body Slam","Evolve"],"picked":"Armaments","floor":13}],"player_experience":255370,"relics_obtained":[{"floor":9,"key":"Shuriken"},{"floor":11,"key":"Mercury Hourglass"}],"event_choices":[{"damage_healed":0,"gold_gain":75,"player_choice":"Touch","damage_taken":8,"max_hp_gain":0,"max_hp_loss":0,"event_name":"FaceTrader","floor":3,"gold_loss":0}],"is_beta":false,"boss_relics":[],"items_purged_floors":[14],"is_endless":false,"potions_floor_spawned":[5,8],"killed_by":"The Guardian","ascension_level":3}}