{"host":"hx5bui4di82vxq8x","time":1614372122,"event":{"mods":["Act Like it!","BaseMod","Colored Powertips","Dota2Spire","Friendly Minions","Minty Spire (QoL Compilation)","Quick Restart","Replay The Spire","Spicy Shops","StSLib","The Alterego","The Animator"],"gold_per_floor":[123,123,70,82,101,101,127,127,127,127,127,158,158,12,12,114,114,134,162,162,211,211,211,257,271,271,286,286,314,332,356,356,469,469,497,520,579,599,622,622,664,664,664,723,723,199,217,266,266,296],"floor_reached":51,"language":"ZHS","playtime":4326,"items_purged":["animator:HarukoHaruhara"],"score":824,"play_id":"0c5ad978-e14d-47d1-a3bc-b65e745af56b","local_time":"20210227044202","is_ascension_mode":false,"campfire_choices":[{"data":"animator:LeleiLaLalena","floor":6.0,"key":"SMITH"},{"data":"animator:YachiyoNanami","floor":8.0,"key":"SMITH"},{"data":"animator:ElricEdward","floor":10.0,"key":"SMITH"},{"data":"animator:TukaLunaMarceau","floor":15.0,"key":"SMITH"},{"data":"animator:MamiTomoe","floor":23.0,"key":"SMITH"},{"data":"animator:Ain","floor":28.0,"key":"SMITH"},{"floor":32.0,"key":"REST"},{"floor":40,"key":"REST"},{"data":"animator:Aqua","floor":42,"key":"SMITH"},{"data":"animator:Ainz","floor":49,"key":"SMITH"}],"circlet_count":0,"master_deck":["animator:Defend_MadokaMagica","animator:Strike+1","animator:Defend","animator:Defend","animator:IrohaTamaki+1","animator:YuiTsuruno","animator:Arpeggio+1","animator:TukaLunaMarceau+1","animator:ElricEdward+1","animator:LeleiLaLalena+1","animator:YachiyoNanami+1","animator:Chris","animator:Kyubey","animator:DolaRiku","animator:MamiTomoe+1","animator:DolaCouronne+1","animator:ElricAlphonse+1","animator:Ain+1","animator:Arpeggio","animator:Kazuma","animator:KyokoSakura","animator:Ainz+1","animator:DolaSchwi","animator:SuzuneAmano","Parasite","animator:IrohaTamaki","animator:Aqua+1","animator:NarberalGamma","animator:OrikoMikuni"],"relics":["animator:VividPicture","animator:TheMissingPiece","animator:PurgingStone","NeowsBlessing","HornCleat","Replay:PocketPolymizer","DataDisk","Replay:Grab Bag","SlaversCollar","Sozu","Black Star","MutagenicStrength","alterego_mod:FleetingLove","ReplayTheSpireMod:Lightbulb","Lantern","Ornamental Fan","Toy Ornithopter","Oddly Smooth Stone","Chameleon Ring","Dota2Spire:HandOfMidas","animator:HeavyHalberd","Paper Frog","animator:BattleDrones","Replay:Bottled Flurry","Lee\u0027s Waffle","Replay:WaspNest"],"acts_visited":["Exordium","TheCity","TheBeyond"],"potions_floor_usage":[],"damage_taken":[{"damage":0.0,"enemies":"Jaw Worm","floor":1.0,"turns":1.0},{"damage":0.0,"enemies":"Small Slimes","floor":4.0,"turns":1.0},{"damage":0.0,"enemies":"2 Louse","floor":5.0,"turns":1.0},{"damage":4.0,"enemies":"Exordium Wildlife","floor":7.0,"turns":3.0},{"damage":0.0,"enemies":"3 Sentries","floor":12.0,"turns":7.0},{"damage":17.0,"enemies":"Fading Forest","floor":16.0,"turns":11.0},{"damage":0.0,"enemies":"Spheric Guardian","floor":18.0,"turns":4.0},{"damage":0.0,"enemies":"3 Byrds","floor":19.0,"turns":8.0},{"damage":16.0,"enemies":"Centurion and Healer","floor":21.0,"turns":13.0},{"damage":0.0,"enemies":"Replay:Snechameleon","floor":24.0,"turns":8.0},{"damage":1.0,"enemies":"Snecko","floor":25.0,"turns":5.0},{"damage":7.0,"enemies":"Snake Plant","floor":27.0,"turns":5.0},{"damage":5.0,"enemies":"animator:HornedBat","floor":29.0,"turns":4.0},{"damage":1.0,"enemies":"Chosen and Byrds","floor":30.0,"turns":5.0},{"damage":6.0,"enemies":"3 Cultists","floor":31.0,"turns":4.0},{"damage":13.0,"enemies":"Champ","floor":33.0,"turns":10.0},{"damage":13,"enemies":"Orb Walker","floor":35,"turns":5},{"damage":28,"enemies":"3 Shapes","floor":36,"turns":5},{"damage":0,"enemies":"Writhing Mass","floor":38,"turns":5},{"damage":2,"enemies":"Maw","floor":39,"turns":8},{"damage":0,"enemies":"Giant Head","floor":41,"turns":9},{"damage":5,"enemies":"R_Hoarder","floor":44,"turns":6},{"damage":11,"enemies":"Sphere and 2 Shapes","floor":47,"turns":4},{"damage":6,"enemies":"Spire Growth","floor":48,"turns":4},{"damage":15,"enemies":"Donu and Deca","floor":50,"turns":8}],"seed_played":"-1087633789919998445","potions_obtained":[{"floor":1.0,"key":"Adrenaline Potion"},{"floor":5.0,"key":"Fire Potion"},{"floor":12.0,"key":"SmokeBomb"}],"is_trial":false,"path_per_floor":["M","?","$","M","M","R","M","R","T","R","?","E","?","$","R","B",null,"M","M","?","M","?","R","E","M","T","M","R","E","M","M","R","B",null,"M","M","?","M","M","R","E","R","T","E","?","$","M","M","R","B",null],"character_chosen":"THE_ANIMATOR","items_purchased":["animator:TukaLunaMarceau","DataDisk","Lee\u0027s Waffle","Replay:WaspNest","animator:OrikoMikuni"],"campfire_rested":2,"item_purchase_floors":[3,14,46,46,46],"current_hp_per_floor":[66,53,53,53,54,54,50,50,50,50,50,50,43,43,43,37,68,68,68,68,52,52,52,52,51,51,44,44,39,38,32,52,39,68,55,28,28,28,26,46,48,48,48,46,40,76,68,65,65,53],"gold":296,"neow_bonus":"THREE_ENEMY_KILL","is_daily":false,"chose_seed":false,"campfire_upgraded":8,"win_rate":0.0,"timestamp":1614372122,"path_taken":["M","?","$","M","M","R","M","R","T","R","?","E","?","$","R","BOSS","M","M","?","M","?","R","E","M","T","M","R","E","M","M","R","BOSS","BOSS","M","M","?","M","M","R","E","R","T","E","?","$","M","?","R","BOSS"],"items_purchased_type":["Card","Relic","Relic","Relic","Card"],"build_version":"2020-12-22","purchased_purges":1,"victory":true,"max_hp_per_floor":[66,66,66,66,67,67,67,67,67,67,67,67,67,67,67,68,68,68,68,68,68,68,68,68,68,68,68,68,68,68,68,68,68,68,68,69,69,69,69,69,69,69,69,69,69,76,76,76,76,76],"card_choices":[{"not_picked":["animator:Shion","animator:Pride"],"picked":"animator:Arpeggio","floor":1.0},{"not_picked":["animator:YunYun","animator:YaoHaDucy"],"picked":"animator:ElricEdward","floor":4.0},{"not_picked":["animator:NarberalGamma","animator:Vanir"],"picked":"animator:LeleiLaLalena","floor":5.0},{"not_picked":["animator:OrikoMikuni","animator:SuzuneAmano"],"picked":"animator:YachiyoNanami","floor":7.0},{"not_picked":["animator:Darkness","animator:Elsword"],"picked":"animator:Chris","floor":12.0},{"not_picked":["animator:Wiz","animator:Elesis"],"picked":"animator:Kyubey","floor":16.0},{"not_picked":["animator:Benimaru","animator:Jibril","animator:Demiurge"],"picked":"SKIP","floor":18.0},{"not_picked":["animator:Chung","animator:YachiyoNanami"],"picked":"animator:DolaRiku","floor":19.0},{"not_picked":["animator:YachiyoNanami","animator:OrikoMikuni"],"picked":"animator:MamiTomoe","floor":21.0},{"not_picked":["animator:FielNirvalen","animator:Demiurge","animator:Ain"],"picked":"SKIP","floor":24.0},{"not_picked":["animator:Elsword","animator:Ain"],"picked":"animator:DolaCouronne+1","floor":25.0},{"not_picked":["animator:Scar","animator:Shion"],"picked":"animator:ElricAlphonse+1","floor":27.0},{"not_picked":["animator:Tyuule","animator:Bozes"],"picked":"animator:Arpeggio","floor":29.0},{"not_picked":["animator:Laby","animator:Elsword","animator:Sloth"],"picked":"SKIP","floor":30.0},{"not_picked":["animator:Souei","animator:YuiTsuruno"],"picked":"animator:Kazuma","floor":31.0},{"not_picked":["animator:Father","animator:Greed"],"picked":"animator:Ainz","floor":33},{"not_picked":["animator:ElricEdward+1","animator:Evileye"],"picked":"animator:DolaSchwi","floor":35},{"not_picked":["animator:HomuraAkemi","animator:YachiyoNanami"],"picked":"animator:SuzuneAmano","floor":36},{"not_picked":["animator:MamiTomoe","animator:KyokoSakura"],"picked":"animator:IrohaTamaki","floor":38},{"not_picked":["animator:KyokoSakura","animator:Raven+1"],"picked":"animator:Aqua","floor":39},{"not_picked":["animator:Tyuule","animator:Kazuma+1"],"picked":"animator:NarberalGamma","floor":41},{"not_picked":["animator:Ain","animator:Kaijin","animator:WinryRockbell+1"],"picked":"SKIP","floor":47},{"not_picked":["animator:Chung","animator:Add+1","animator:ElricEdward"],"picked":"SKIP","floor":48}],"player_experience":666483,"relics_obtained":[{"floor":9.0,"key":"HornCleat"},{"floor":12.0,"key":"Replay:PocketPolymizer"},{"floor":24.0,"key":"ReplayTheSpireMod:Lightbulb"},{"floor":24.0,"key":"Lantern"},{"floor":26.0,"key":"Ornamental Fan"},{"floor":29.0,"key":"Toy Ornithopter"},{"floor":29.0,"key":"Oddly Smooth Stone"},{"floor":37,"key":"Chameleon Ring"},{"floor":41,"key":"Dota2Spire:HandOfMidas"},{"floor":41,"key":"animator:HeavyHalberd"},{"floor":43,"key":"Paper Frog"},{"floor":44,"key":"animator:BattleDrones"},{"floor":44,"key":"Replay:Bottled Flurry"}],"event_choices":[{"damage_healed":0.0,"max_hp_gain":0.0,"max_hp_loss":0.0,"gold_gain":0.0,"event_name":"Shining Light","player_choice":"Entered Light","floor":2.0,"gold_loss":0.0,"damage_taken":13.0,"cards_upgraded":["animator:Strike","animator:Arpeggio"]},{"cards_removed":["animator:Strike"],"damage_healed":0.0,"max_hp_gain":0.0,"max_hp_loss":0.0,"gold_gain":0.0,"event_name":"Golden Wing","player_choice":"Card Removal","floor":13.0,"gold_loss":0.0,"damage_taken":7.0},{"damage_healed":0.0,"max_hp_gain":0.0,"max_hp_loss":0.0,"gold_gain":0.0,"event_name":"Drug Dealer","player_choice":"Inject Mutagens","floor":20.0,"gold_loss":0.0,"damage_taken":0.0,"relics_obtained":["MutagenicStrength"]},{"damage_healed":0.0,"max_hp_gain":0.0,"max_hp_loss":0.0,"gold_gain":0.0,"event_name":"°®µÄÉñÊ¥»¨Ô°","player_choice":"Choice 1","floor":22.0,"gold_loss":0.0,"damage_taken":0.0,"relics_obtained":["alterego_mod:FleetingLove"]},{"damage_healed":0,"gold_gain":0,"player_choice":"Damaged","damage_taken":6,"max_hp_gain":0,"max_hp_loss":0,"event_name":"Wheel of Change","floor":45,"gold_loss":0}],"is_beta":false,"boss_relics":[{"not_picked":["animator:HolyGrailRelic","Mark of Pain"],"picked":"Replay:Grab Bag"},{"not_picked":["Velvet Choker","Fusion Hammer"],"picked":"SlaversCollar"},{"not_picked":["Coffee Dripper","Runic Dome"],"picked":"Sozu"},{"not_picked":["SacredBark","Astrolabe"],"picked":"Black Star"},{"not_picked":["ReplayTheSpireMod:DimensionalGlitch","animator:CrumblingOrb"],"picked":"animator:VividPicture"}],"items_purged_floors":[46],"is_endless":false,"potions_floor_spawned":[1,5,12,18,25,27,29,31,35,38,39,47],"ascension_level":0}}