{"host":"3azvxbhvx7nk2p5g","time":1614317997,"event":{"mods":["10 clothes from DAL","100% Spire Juice","ATMod(∞¢Ë™Mod)","BaseMod","Colored Powertips","Minty Spire (QoL Compilation)","MostiFishMod","Reimu£®≤©¿ˆ¡È√Œ£©","Remilia£®¿Ÿ√◊¿Ú—«£©","Robot Space Explorer","StSLib","The Administrix","The Alterego","The Bug Knight","The Servant 0.9.4","Waifu the Spire","WarShipGirlsR/’ΩΩ¢…Ÿ≈ÆR mod","Warlord Emblem","Youmu£®ªÍ∆«—˝√Œ£©","Yuri Mod","°æ“≈ŒÔø®≈∆°øREMEMod"],"gold_per_floor":[11,32,47,47,62,62,93,93,93,112,146,146,126,144,144,260,560,578,308,324,178,260,295,295,325,352,373,373,373,390,390,390,489,489,500,500,312,363,363,397,408,439,464,464,477,515,533,554,554,556,556,556,358,391,392],"floor_reached":56,"language":"ZHS","playtime":5042,"items_purged":["Strike_R","Strike_R","Cleave","Pommel Strike"],"score":1514,"play_id":"bfaceb12-11b6-4d21-920b-c82ce4cdf514","local_time":"20210226133957","is_ascension_mode":true,"campfire_choices":[{"data":"REME_LeechingPoison","floor":6.0,"key":"SMITH"},{"data":"Evolve","floor":12.0,"key":"SMITH"},{"data":"Dual Wield","floor":15.0,"key":"SMITH"},{"data":"MostiFishMod:HellRitual","floor":24.0,"key":"SMITH"},{"data":"True Grit","floor":28.0,"key":"SMITH"},{"data":"REME_Scribble","floor":32.0,"key":"SMITH"},{"floor":44.0,"key":"RECALL"},{"data":"AT_CaressingTears","floor":49.0,"key":"SMITH"},{"data":"REME_MagicPocketWatch","floor":52.0,"key":"SMITH"}],"circlet_count":0,"master_deck":["Defend_R","Defend_R","Defend_R","Defend_R","Bash","AT_EmpoweredMortalDraw","REME_LeechingPoison+1","MostiFishMod:KingOfFree","REME_Cut","Evolve+1","Ghostly Armor","Fire Breathing","Shockwave","Dual Wield+1","MostiFishMod:HellRitual+1","CurseOfTheBell","Metallicize+1","Burning Pact+1","REME_TheLastStrike","True Grit+1","Sentinel","Necronomicurse","REME_Scribble+1","Juggernaut+1","Berserk+1","Inflame+1","Apotheosis+1","REME_MagicPocketWatch+1","Thinking Ahead","MostiFishMod:ButterFly","Shrug It Off+1","Barricade+1","AT_CaressingTears+1","Violence","Shrug It Off"],"relics":["Burning Blood","AT_ATBox","DaveBox","REME_ComplimentaryCards","RhineSuit","SynthV:TestCard","DALC_SIX","Thread and Needle","Ice Cream","Calling Bell","AT_SunfireAegis","Frozen Egg 2","Old Coin","Membership Card","Shuriken","ImprovedEquipment","Mango","SynthV:C4","Necronomicon","AT_TrinityForce","ChiLing","Chi","Ling","HollowMod:QueensCombRelic","InkBottle","HollowMod:LifeEnderRelic","AT_RedTearstoneRing","Torii"],"acts_visited":["Exordium","TheCity","TheBeyond","TheEnding"],"potions_floor_usage":[54,55,55],"damage_taken":[{"damage":0.0,"enemies":"Cultist","floor":1.0,"turns":2.0},{"damage":0.0,"enemies":"Small Slimes","floor":2.0,"turns":1.0},{"damage":0.0,"enemies":"2 Louse","floor":3.0,"turns":1.0},{"damage":12.0,"enemies":"Lots of Slimes","floor":5.0,"turns":5.0},{"damage":6.0,"enemies":"Gremlin Nob","floor":7.0,"turns":3.0},{"damage":0.0,"enemies":"3 Louse","floor":10.0,"turns":2.0},{"damage":0.0,"enemies":"3 Sentries","floor":11.0,"turns":5.0},{"damage":0.0,"enemies":"Large Slime","floor":14.0,"turns":4.0},{"damage":3.0,"enemies":"Hexaghost","floor":16.0,"turns":6.0},{"damage":0.0,"enemies":"Shell Parasite","floor":18.0,"turns":5.0},{"damage":34.0,"enemies":"2 Thieves","floor":20.0,"turns":5.0},{"damage":35.0,"enemies":"REME_1_Revenger","floor":23.0,"turns":6.0},{"damage":51.0,"enemies":"Slavers","floor":25.0,"turns":4.0},{"damage":12.0,"enemies":"Chosen and Byrds","floor":27.0,"turns":5.0},{"damage":0.0,"enemies":"Centurion and Healer","floor":30.0,"turns":6.0},{"damage":15.0,"enemies":"Champ","floor":33.0,"turns":9.0},{"damage":7.0,"enemies":"3 Shapes","floor":35.0,"turns":2.0},{"damage":3.0,"enemies":"Mind Bloom Boss Battle","floor":38.0,"turns":5.0},{"damage":19.0,"enemies":"Nemesis","floor":40.0,"turns":7.0},{"damage":0.0,"enemies":"3 Darklings","floor":41.0,"turns":2.0},{"damage":21.0,"enemies":"Reptomancer","floor":42.0,"turns":4.0},{"damage":12.0,"enemies":"4 Shapes","floor":45.0,"turns":2.0},{"damage":5.0,"enemies":"Giant Head","floor":46.0,"turns":6.0},{"damage":75.0,"enemies":"Writhing Mass","floor":47.0,"turns":4.0},{"damage":8.0,"enemies":"Transient","floor":48.0,"turns":5.0},{"damage":16.0,"enemies":"Awakened One","floor":50.0,"turns":7.0},{"damage":50,"enemies":"Shield and Spear","floor":54,"turns":5},{"damage":18,"enemies":"The Heart","floor":55,"turns":7}],"seed_played":"3391824876243211329","potions_obtained":[{"floor":2.0,"key":"ElixirPotion"},{"floor":10.0,"key":"DistilledChaos"},{"floor":11.0,"key":"Fire Potion"},{"floor":13.0,"key":"BlessingOfTheForge"},{"floor":18.0,"key":"CultistPotion"},{"floor":25.0,"key":"Block Potion"},{"floor":33.0,"key":"Fruit Juice"},{"floor":35.0,"key":"Weak Potion"}],"is_trial":false,"path_per_floor":["M","M","M","?","M","R","E","?","T","M","E","R","?","M","R","B",null,"M","$","M","$","T","E","R","E","T","M","R","?","M","?","R","B",null,"M","?","$","?","?","E","M","E","T","R","M","E","M","M","R","B",null,"R","$","E","B",null],"character_chosen":"IRONCLAD","items_purchased":["Membership Card","Fruit Juice","Metallicize+1","REME_TheLastStrike","True Grit","ChiLing","MostiFishMod:ButterFly","Violence","LiquidMemories"],"campfire_rested":0,"item_purchase_floors":[19,19,19,21,21,37,37,53,53],"current_hp_per_floor":[80,80,80,80,80,80,80,80,80,80,80,80,80,80,80,80,80,80,85,85,85,85,56,56,26,26,47,47,31,79,79,79,105,107,110,100,100,74,74,66,77,66,66,66,68,86,25,82,82,85,95,95,95,55,101],"gold":392,"neow_bonus":"RANDOM_COLORLESS_2","is_daily":false,"chose_seed":false,"campfire_upgraded":8,"win_rate":0.0,"timestamp":1614317997,"path_taken":["M","?","M","?","?","R","E","?","T","M","E","R","?","M","R","BOSS","M","$","M","$","?","E","R","E","T","M","R","?","M","?","R","BOSS","M","?","$","?","?","E","?","E","T","R","M","E","M","M","R","BOSS","R","$","E","BOSS"],"items_purchased_type":["Relic","Potion","Card","Card","Card","Relic","Card","Card","Potion"],"build_version":"2020-12-22","purchased_purges":4,"victory":true,"max_hp_per_floor":[80,80,80,80,80,80,80,80,80,80,80,80,80,80,80,80,80,80,85,85,85,85,85,85,99,99,99,99,99,99,99,99,107,107,110,110,110,74,74,77,77,80,80,80,83,86,89,92,92,95,95,95,95,98,101],"card_choices":[{"not_picked":["REME_ProfessionalPlagiarism","REME_EyeOfCthun"],"picked":"MostiFishMod:KingOfFree","floor":0.0},{"not_picked":["Flex","Heavy Blade"],"picked":"REME_Cut","floor":1.0},{"not_picked":["Body Slam","AT_ManFootWork","Seeing Red","Clothesline"],"picked":"Pommel Strike","floor":2.0},{"not_picked":["Havoc","Headbutt","Thunderclap","Iron Wave"],"picked":"Evolve","floor":3.0},{"not_picked":["Anger","REME_FearOfPain","Pommel Strike","Clothesline"],"picked":"Ghostly Armor","floor":5.0},{"not_picked":["Pommel Strike","Dropkick","Spot Weakness","Perfected Strike"],"picked":"Fire Breathing","floor":7.0},{"not_picked":["AT_BodySlamDance","Rage","Thunderclap","Fire Breathing"],"picked":"Shockwave","floor":10.0},{"not_picked":["Twin Strike","MostiFishMod:FlyOverUtopia","Rampage","MostiFishMod:#F4004","Battle Trance"],"picked":"SKIP","floor":11.0},{"not_picked":["Cleave","Entrench","Anger","Flex"],"picked":"Dual Wield","floor":14.0},{"not_picked":["Brutality","MostiFishMod:RainCloud","MostiFishMod:RacingGame","MostiFishMod:Chiaki"],"picked":"MostiFishMod:HellRitual","floor":16.0},{"not_picked":["Pommel Strike+1","Headbutt","Iron Wave","Shockwave","Havoc"],"picked":"SKIP","floor":18.0},{"not_picked":["Pummel","Disarm","AT_DrawKnifeCut","Sword Boomerang"],"picked":"Burning Pact+1","floor":20.0},{"not_picked":["Evolve+1","Dropkick","Warcry","MostiFishMod:BrandingRite"],"picked":"Sentinel","floor":23.0},{"not_picked":["Dropkick","Wild Strike","Reckless Charge","Hemokinesis","Metallicize+1"],"picked":"SKIP","floor":25.0},{"not_picked":["Havoc","REME_SingleHolding","Clash","AT_BodySlamDance","AT_DrawKnifeCut"],"picked":"SKIP","floor":27.0},{"not_picked":["Pommel Strike","True Grit","Fire Breathing+1","Feel No Pain+1"],"picked":"REME_Scribble","floor":30.0},{"not_picked":["Fiend Fire","Immolate","MostiFishMod:Mania+1","MostiFishMod:ChineseTea"],"picked":"Berserk+1","floor":33.0},{"not_picked":["Armaments","Bloodletting","REME_Cut+1","Twin Strike+1"],"picked":"Inflame+1","floor":35.0},{"not_picked":["Deep Breath","Camael","AT_LightSaberMaster+1","MostiFishMod:SupremeArchaeology"],"picked":"Apotheosis","floor":36.0},{"not_picked":["MostiFishMod:PerfectForm+1","REME_PuzzleBox","ThunderHit","MostiFishMod:OneDayCity"],"picked":"REME_MagicPocketWatch","floor":36.0},{"not_picked":["Flash of Steel","PanicButton","Panacea","Bandage Up"],"picked":"Thinking Ahead","floor":36.0},{"not_picked":["REME_Fury","Body Slam+1","Ghostly Armor","Sentinel","MostiFishMod:WingOfPhoenix+1"],"picked":"SKIP","floor":40.0},{"not_picked":["REME_Scribble","Wild Strike+1","AT_IchimonjiDouble+1","Hemokinesis+1"],"picked":"Shrug It Off+1","floor":41.0},{"not_picked":["Warcry+1","Burning Pact","Entrench","Impervious"],"picked":"Barricade+1","floor":42.0},{"not_picked":["Wild Strike","Anger","Shockwave+1","Sword Boomerang","Twin Strike+1"],"picked":"SKIP","floor":45.0},{"not_picked":["Headbutt","Disarm","Twin Strike+1","Wild Strike","Pommel Strike"],"picked":"SKIP","floor":46.0},{"not_picked":["AT_DrawKnifeCut","Rupture+1","Body Slam+1","Warcry"],"picked":"AT_CaressingTears","floor":47.0},{"not_picked":["Body Slam+1","Feed","Pommel Strike","Heavy Blade+1","Havoc"],"picked":"SKIP","floor":48.0},{"not_picked":["Headbutt+1","Pummel+1","Pommel Strike+1","Warcry+1"],"picked":"Shrug It Off","floor":54}],"player_experience":177858,"relics_obtained":[{"floor":1.0,"key":"SynthV:TestCard"},{"floor":7.0,"key":"DALC_SIX"},{"floor":9.0,"key":"Thread and Needle"},{"floor":11.0,"key":"Ice Cream"},{"floor":17.0,"key":"AT_SunfireAegis"},{"floor":17.0,"key":"Frozen Egg 2"},{"floor":17.0,"key":"Old Coin"},{"floor":22.0,"key":"Shuriken"},{"floor":23.0,"key":"ImprovedEquipment"},{"floor":25.0,"key":"Mango"},{"floor":26.0,"key":"SynthV:C4"},{"floor":29.0,"key":"Necronomicon"},{"floor":38.0,"key":"HollowMod:QueensCombRelic"},{"floor":40.0,"key":"InkBottle"},{"floor":42.0,"key":"HollowMod:LifeEnderRelic"},{"floor":46.0,"key":"AT_RedTearstoneRing"},{"floor":54,"key":"Torii"}],"event_choices":[{"cards_removed":["Strike_R"],"damage_healed":0.0,"max_hp_gain":0.0,"max_hp_loss":0.0,"gold_gain":0.0,"event_name":"Purifier","player_choice":"Purged","floor":4.0,"gold_loss":0.0,"damage_taken":0.0},{"damage_healed":0.0,"max_hp_gain":0.0,"max_hp_loss":0.0,"gold_gain":0.0,"cards_transformed":["Strike_R"],"event_name":"Living Wall","player_choice":"Change","floor":8.0,"gold_loss":0.0,"damage_taken":0.0,"cards_obtained":["Cleave"]},{"damage_healed":0.0,"max_hp_gain":0.0,"max_hp_loss":0.0,"gold_gain":0.0,"event_name":"The Woman in Blue","player_choice":"Bought 1 Potion","floor":13.0,"gold_loss":0.0,"damage_taken":0.0},{"damage_healed":0.0,"max_hp_gain":0.0,"max_hp_loss":0.0,"gold_gain":0.0,"event_name":"Cursed Tome","player_choice":"Obtained Book","floor":29.0,"gold_loss":0.0,"damage_taken":16.0},{"damage_healed":0.0,"max_hp_gain":0.0,"max_hp_loss":0.0,"gold_gain":0.0,"cards_transformed":["Strike_R"],"event_name":"Transmorgrifier","player_choice":"Transformed","floor":31.0,"gold_loss":0.0,"damage_taken":0.0,"cards_obtained":["Juggernaut"]},{"damage_healed":0.0,"max_hp_gain":0.0,"max_hp_loss":0.0,"gold_gain":0.0,"event_name":"SensoryStone","player_choice":"Memory 3","floor":36.0,"gold_loss":0.0,"damage_taken":10.0},{"damage_healed":0.0,"max_hp_gain":0.0,"max_hp_loss":0.0,"gold_gain":0.0,"event_name":"MindBloom","player_choice":"Fight","floor":38.0,"gold_loss":0.0,"damage_taken":0.0},{"damage_healed":0.0,"max_hp_gain":0.0,"max_hp_loss":0.0,"gold_gain":0.0,"event_name":"Accursed Blacksmith","player_choice":"Forge","floor":39.0,"gold_loss":0.0,"damage_taken":0.0,"cards_upgraded":["Apotheosis"]}],"is_beta":false,"boss_relics":[{"not_picked":["Velvet Choker","RedLine:ReiMu"],"picked":"Calling Bell"},{"not_picked":["Busted Crown","SacredBark"],"picked":"AT_TrinityForce"}],"items_purged_floors":[19,21,37,53],"is_endless":false,"potions_floor_spawned":[2,10,11,14,16,18,25,27,33,35,42,45,46,47],"ascension_level":2}}