{"host":"gzz35fplm60aw28t","time":1614378152,"event":{"mods":["AchievementEnabler","BaseMod","Colored Powertips","Dark Map","DeckTracker","Minty Spire (QoL Compilation)","SuperFastMode"],"gold_per_floor":[109,34,34,34,209,240,240,253,304,318,318,336,376,397,397,526,526,547,547,560,560,593,593,633,633,659,659,659,682,701,800,800,800,800],"floor_reached":33,"language":"ENG","playtime":1983,"items_purged":["Strike_G"],"score":382,"play_id":"c6ba0633-3258-4eca-a9db-3bb087317d59","local_time":"20210226232232","is_ascension_mode":true,"campfire_choices":[{"floor":7.0,"key":"REST"},{"data":"Noxious Fumes","floor":11.0,"key":"SMITH"},{"floor":15.0,"key":"REST"},{"floor":23.0,"key":"REST"},{"floor":28.0,"key":"REST"},{"floor":32.0,"key":"REST"}],"circlet_count":0,"master_deck":["Strike_G","Strike_G","Defend_G","Defend_G","Defend_G","Defend_G","Survivor","Neutralize+1","Endless Agony","Noxious Fumes+1","Doubt","Catalyst","Footwork","Infinite Blades","Tools of the Trade","Cloak And Dagger+1","Decay","Cloak And Dagger","Tools of the Trade","Terror","Catalyst+1","Underhanded Strike","Footwork","Deflect"],"relics":["Ring of the Snake","Golden Idol","Bag of Marbles","Nunchaku","Bag of Preparation","SlaversCollar","Red Mask","Bronze Scales","Orichalcum","FossilizedHelix"],"acts_visited":[],"potions_floor_usage":[],"damage_taken":[{"damage":0.0,"enemies":"Cultist","floor":1.0,"turns":4.0},{"damage":57.0,"enemies":"Gremlin Nob","floor":6.0,"turns":6.0},{"damage":0.0,"enemies":"Small Slimes","floor":8.0,"turns":4.0},{"damage":0.0,"enemies":"2 Louse","floor":10.0,"turns":3.0},{"damage":0.0,"enemies":"Exordium Wildlife","floor":12.0,"turns":4.0},{"damage":6.0,"enemies":"Lagavulin","floor":13.0,"turns":8.0},{"damage":7.0,"enemies":"2 Fungi Beasts","floor":14.0,"turns":5.0},{"damage":27.0,"enemies":"Slime Boss","floor":16.0,"turns":12.0},{"damage":8.0,"enemies":"Chosen","floor":18.0,"turns":6.0},{"damage":12.0,"enemies":"3 Byrds","floor":20.0,"turns":5.0},{"damage":29.0,"enemies":"Masked Bandits","floor":22.0,"turns":6.0},{"damage":17.0,"enemies":"Book of Stabbing","floor":24.0,"turns":6.0},{"damage":10.0,"enemies":"Shelled Parasite and Fungi","floor":29.0,"turns":6.0},{"damage":0.0,"enemies":"Cultist and Chosen","floor":30.0,"turns":6.0},{"damage":40,"enemies":"Automaton","floor":33,"turns":6}],"seed_played":"-6624206075649130866","potions_obtained":[{"floor":1.0,"key":"BlessingOfTheForge"},{"floor":10.0,"key":"LiquidBronze"},{"floor":14.0,"key":"PowerPotion"},{"floor":16.0,"key":"Ancient Potion"},{"floor":20.0,"key":"FearPotion"},{"floor":22.0,"key":"BlessingOfTheForge"},{"floor":24.0,"key":"SpeedPotion"}],"is_trial":false,"path_per_floor":["M","$","?","?","?","E","R","M","T","M","R","M","E","M","R","B",null,"M","?","M","?","?","R","E","?","T","T","R","M","M","?","R","B"],"character_chosen":"THE_SILENT","items_purchased":[],"campfire_rested":5,"item_purchase_floors":[],"current_hp_per_floor":[63,63,63,63,63,6,25,25,25,25,25,25,19,12,31,4,50,42,42,30,30,1,20,3,3,3,3,22,12,12,12,31,0,0],"gold":800,"neow_bonus":"TRANSFORM_CARD","is_daily":false,"chose_seed":false,"campfire_upgraded":1,"win_rate":0.0,"timestamp":1614378152,"path_taken":["M","$","?","?","?","E","R","M","T","?","R","M","E","M","R","BOSS","M","?","M","?","?","R","E","?","T","?","R","?","M","?","R","BOSS"],"items_purchased_type":[],"build_version":"2020-12-22","purchased_purges":1,"victory":false,"max_hp_per_floor":[70,70,65,65,65,65,65,65,65,65,65,65,65,65,65,65,65,65,65,65,65,65,65,65,65,65,65,65,65,65,65,65,65,65],"card_choices":[{"not_picked":["Skewer","Blade Dance"],"picked":"Noxious Fumes","floor":1.0},{"not_picked":["Terror","Calculated Gamble","Finisher"],"picked":"SKIP","floor":6.0},{"not_picked":["Underhanded Strike","Flechettes","Skewer"],"picked":"SKIP","floor":8.0},{"not_picked":["Well Laid Plans","Underhanded Strike"],"picked":"Catalyst","floor":10.0},{"not_picked":["Slice","Poisoned Stab"],"picked":"Footwork","floor":12.0},{"not_picked":["Quick Slash","Wraith Form v2"],"picked":"Infinite Blades","floor":13.0},{"not_picked":["Flying Knee","Heel Hook","Slice"],"picked":"SKIP","floor":14.0},{"not_picked":["Unload","Glass Knife"],"picked":"Tools of the Trade","floor":16.0},{"not_picked":["Outmaneuver","Blur"],"picked":"Cloak And Dagger+1","floor":18.0},{"not_picked":["Outmaneuver","Prepared"],"picked":"Cloak And Dagger","floor":20.0},{"not_picked":["Caltrops","Underhanded Strike"],"picked":"Catalyst+1","floor":22.0},{"not_picked":["Quick Slash","Prepared"],"picked":"Underhanded Strike","floor":24.0},{"not_picked":["Bane","Setup"],"picked":"Footwork","floor":29.0},{"not_picked":["Outmaneuver","Riddle With Holes"],"picked":"Deflect","floor":30.0}],"player_experience":84175,"relics_obtained":[{"floor":6.0,"key":"Bag of Marbles"},{"floor":9.0,"key":"Nunchaku"},{"floor":13.0,"key":"Bag of Preparation"},{"floor":22.0,"key":"Red Mask"},{"floor":24.0,"key":"Bronze Scales"},{"floor":26.0,"key":"Orichalcum"},{"floor":27.0,"key":"FossilizedHelix"}],"event_choices":[{"damage_healed":0.0,"max_hp_gain":0.0,"max_hp_loss":5.0,"gold_gain":0.0,"event_name":"Golden Idol","player_choice":"Lose Max HP","floor":3.0,"gold_loss":0.0,"damage_taken":0.0,"relics_obtained":["Golden Idol"]},{"damage_healed":0.0,"max_hp_gain":0.0,"max_hp_loss":0.0,"gold_gain":0.0,"event_name":"Living Wall","player_choice":"Grow","floor":4.0,"gold_loss":0.0,"damage_taken":0.0,"cards_upgraded":["Neutralize"]},{"damage_healed":0.0,"max_hp_gain":0.0,"max_hp_loss":0.0,"gold_gain":175.0,"event_name":"Liars Game","player_choice":"AGREE","floor":5.0,"gold_loss":0.0,"damage_taken":0.0,"cards_obtained":["Doubt"]},{"damage_healed":0.0,"max_hp_gain":0.0,"max_hp_loss":0.0,"gold_gain":0.0,"event_name":"Forgotten Altar","player_choice":"Smashed Altar","floor":19.0,"gold_loss":0.0,"damage_taken":0.0,"cards_obtained":["Decay"]},{"damage_healed":0.0,"max_hp_gain":0.0,"max_hp_loss":0.0,"gold_gain":0.0,"cards_transformed":["Defend_G","Strike_G"],"event_name":"Drug Dealer","player_choice":"Became Test Subject","floor":21.0,"gold_loss":0.0,"damage_taken":0.0,"cards_obtained":["Tools of the Trade","Terror"]},{"damage_healed":0.0,"max_hp_gain":0.0,"max_hp_loss":0.0,"gold_gain":0.0,"event_name":"Masked Bandits","player_choice":"Fought Bandits","floor":22.0,"gold_loss":0.0,"damage_taken":0.0},{"damage_healed":0.0,"max_hp_gain":0.0,"max_hp_loss":0.0,"gold_gain":0.0,"event_name":"Cursed Tome","player_choice":"Ignored","floor":25.0,"gold_loss":0.0,"damage_taken":0.0},{"damage_healed":0.0,"max_hp_gain":0.0,"max_hp_loss":0.0,"gold_gain":99.0,"event_name":"Nest","player_choice":"Stole From Cult","floor":31.0,"gold_loss":0.0,"damage_taken":0.0}],"is_beta":false,"boss_relics":[{"not_picked":["Fusion Hammer","Snecko Eye"],"picked":"SlaversCollar"}],"items_purged_floors":[2],"is_endless":false,"potions_floor_spawned":[1,10,14,16,20,22,24],"killed_by":"Automaton","ascension_level":8}}