{"host":"dapjhzz8gxmkyyt6","time":1614312289,"event":{"mods":["BaseMod","BetterRewards","Hubris","Infinite Spire","Minty Spire (QoL Compilation)","Replay The Spire","Somnambulant","StSLib","The Blackbeard","The Jungle","The Necromancer"],"gold_per_floor":[109,120,131,27,43,43,43],"floor_reached":6,"language":"ENG","playtime":354,"items_purged":["Defend_G"],"score":38,"play_id":"ac5c0447-1ea4-45e8-9186-67430ec4a77b","local_time":"20210225230449","is_ascension_mode":false,"campfire_choices":[],"circlet_count":0,"master_deck":["Strike_G","Strike_G","Strike_G","Strike_G","Strike_G","Defend_G","Defend_G","Defend_G","Defend_G","Survivor","Neutralize","Flying Knee+1","Crippling Poison","Bouncing Flask","Outmaneuver","Die Die Die","Outmaneuver+1","All Out Attack","Cloak And Dagger"],"relics":["Ring of the Snake","Chameleon Ring","infinitespire:EmpoweringShard","hubris:Teleporter"],"acts_visited":["Exordium"],"potions_floor_usage":[6,6],"damage_taken":[{"damage":0,"enemies":"Cultist","floor":1,"turns":3},{"damage":0,"enemies":"Jaw Worm","floor":2,"turns":3},{"damage":9,"enemies":"2 Louse","floor":3,"turns":2},{"damage":9,"enemies":"Exordium Thugs","floor":5,"turns":3},{"damage":26,"enemies":"Lagavulin","floor":6,"turns":8}],"seed_played":"-7010475239243750254","potions_obtained":[{"floor":2,"key":"Explosive Potion"},{"floor":5,"key":"Milkshake"}],"is_trial":false,"path_per_floor":["M","M","M","$","M","E"],"character_chosen":"THE_SILENT","items_purchased":["Chameleon Ring","infinitespire:EmpoweringShard","Flying Knee+1","Crippling Poison","Outmaneuver+1","All Out Attack"],"campfire_rested":0,"item_purchase_floors":[0,0,0,0,4,4],"current_hp_per_floor":[38,38,29,29,20,0,0],"gold":43,"neow_bonus":"","is_daily":false,"chose_seed":false,"campfire_upgraded":0,"win_rate":0.0,"timestamp":1614312289,"path_taken":["M","M","M","$","M","E"],"items_purchased_type":["Relic","Relic","Card","Card","Card","Card"],"build_version":"2020-12-22","purchased_purges":1,"victory":false,"max_hp_per_floor":[70,70,70,70,70,70,70],"card_choices":[{"not_picked":["Prepared","ReplayTheSpireMod:Shiv Toss"],"picked":"Bouncing Flask","floor":1},{"not_picked":["Expertise","ReplayTheSpireMod:The Works"],"picked":"Outmaneuver","floor":2},{"not_picked":["hubris:SlightOfHand","Slice"],"picked":"Die Die Die","floor":3},{"not_picked":["Dagger Spray","Underhanded Strike"],"picked":"Cloak And Dagger","floor":5}],"player_experience":7348877,"relics_obtained":[],"event_choices":[],"is_beta":false,"boss_relics":[],"items_purged_floors":[0],"is_endless":false,"potions_floor_spawned":[2,5],"killed_by":"Lagavulin","ascension_level":0}}