{"host":"ssbj2e5691x5ub3h","time":1614379108,"event":{"mods":["BaseMod","Minty Spire (QoL Compilation)","Quick Restart","StSLib","SuperFastMode","The Dragon Tamer","The Gatherer","The Hierophant","The Marked"],"gold_per_floor":[209,226,237,256,256,256,255,255,255,255,255,255,255,255,255,255,255],"floor_reached":16,"language":"ENG","playtime":811,"items_purged":[],"score":98,"play_id":"f3d0d3a4-0e80-4be1-ba55-2f18ca38e801","local_time":"20210226193828","is_ascension_mode":false,"campfire_choices":[{"data":"hierophant:ChurchCoffers","floor":6,"key":"SMITH"},{"floor":10,"key":"REST"},{"floor":12,"key":"REST"},{"data":"hierophant:Shelter","floor":15,"key":"SMITH"}],"circlet_count":0,"master_deck":["hierophant:Strike_Hierophant","hierophant:Strike_Hierophant","hierophant:Strike_Hierophant","hierophant:Strike_Hierophant","hierophant:Punish","hierophant:Defend_Hierophant","hierophant:Defend_Hierophant","hierophant:Defend_Hierophant","hierophant:Defend_Hierophant","hierophant:ChurchCoffers+1","hierophant:Shelter+1","hierophant:Encroach","hierophant:HammerAndAnvil","hierophant:DeathKnell+1"],"relics":["hierophant:PropheticMaskRelic","Meat on the Bone","Bag of Preparation","MealTicket","Unceasing Top","Strawberry"],"acts_visited":["Exordium"],"potions_floor_usage":[7],"damage_taken":[{"damage":1,"enemies":"Cultist","floor":1,"turns":4},{"damage":0,"enemies":"Small Slimes","floor":2,"turns":3},{"damage":6,"enemies":"Jaw Worm","floor":3,"turns":7},{"damage":0,"enemies":"3 Louse","floor":4,"turns":2},{"damage":68,"enemies":"Lagavulin","floor":7,"turns":14},{"damage":71,"enemies":"Hexaghost","floor":16,"turns":14}],"seed_played":"-8629091515263403844","potions_obtained":[{"floor":3,"key":"FairyPotion"},{"floor":4,"key":"ColorlessPotion"}],"is_trial":false,"path_per_floor":["M","M","M","M","T","R","E","?","T","R","T","R","$","?","R","B"],"character_chosen":"HIEROPHANT","items_purchased":[],"campfire_rested":2,"item_purchase_floors":[],"current_hp_per_floor":[74,74,68,68,68,68,34,1,1,23,30,54,69,69,69,0,0],"gold":255,"neow_bonus":"HUNDRED_GOLD","is_daily":false,"chose_seed":false,"campfire_upgraded":2,"win_rate":0.0,"timestamp":1614379108,"path_taken":["M","M","M","M","?","R","E","?","T","R","?","R","$","?","R","BOSS"],"items_purchased_type":[],"build_version":"2020-12-22","purchased_purges":0,"victory":false,"max_hp_per_floor":[75,75,75,75,75,75,75,75,75,75,82,82,82,82,82,82,82],"card_choices":[{"not_picked":["hierophant:FieryStrike","hierophant:Exaltation"],"picked":"hierophant:Shelter","floor":1},{"not_picked":["hierophant:FieryStrike","hierophant:Rebuild"],"picked":"hierophant:Encroach","floor":2},{"not_picked":["hierophant:Encroach","hierophant:Smite","hierophant:DisplayOfPower"],"picked":"SKIP","floor":3},{"not_picked":["hierophant:SealAway","hierophant:RustyCrate"],"picked":"hierophant:HammerAndAnvil","floor":4},{"not_picked":["hierophant:FieryStrike","hierophant:AuricForm"],"picked":"hierophant:DeathKnell","floor":7}],"player_experience":149724,"relics_obtained":[{"floor":5,"key":"Meat on the Bone"},{"floor":7,"key":"Bag of Preparation"},{"floor":9,"key":"Unceasing Top"},{"floor":11,"key":"Strawberry"}],"event_choices":[{"damage_healed":0,"gold_gain":0,"player_choice":"Success","damage_taken":33,"relics_obtained":["MealTicket"],"max_hp_gain":0,"max_hp_loss":0,"event_name":"Scrap Ooze","floor":8,"gold_loss":0},{"damage_healed":0,"gold_gain":0,"player_choice":"Forge","damage_taken":0,"max_hp_gain":0,"max_hp_loss":0,"event_name":"Accursed Blacksmith","floor":14,"gold_loss":0,"cards_upgraded":["hierophant:DeathKnell"]}],"is_beta":false,"boss_relics":[],"items_purged_floors":[],"is_endless":false,"potions_floor_spawned":[3,4],"killed_by":"Hexaghost","ascension_level":0}}