{"host":"ukua5nayqgp5m5h5","time":1614378113,"event":{"mods":["BaseMod","BetterRewards","Colored Map","Minty Spire (QoL Compilation)","StSLib","SuperFastMode"],"gold_per_floor":[110,110,121,134,34,34,45,73,73,73,73,93,43,58,58,156,206,226,226,101,117,127,127,176,176,199,199,199,214,224,239,239,340,340,358,268,281,293,75,75,85,85,112,130,3,23,373,390,390,390,390,390,86,111,111,111],"floor_reached":55,"language":"ENG","playtime":1045,"items_purged":["Defend_R","Strike_R","Strike_R","Defend_R","Whirlwind"],"score":873,"play_id":"81399182-76b7-4505-a3d6-a477e52848a8","local_time":"20210226152153","is_ascension_mode":false,"campfire_choices":[{"data":"Flex","floor":6,"key":"SMITH"},{"data":"Reaper","floor":10,"key":"SMITH"},{"data":"Double Tap","floor":15,"key":"SMITH"},{"data":"1","floor":23,"key":"LIFT"},{"data":"2","floor":25,"key":"LIFT"},{"data":"3","floor":28,"key":"LIFT"},{"data":"Uppercut","floor":32,"key":"SMITH"},{"data":"Inflame","floor":40,"key":"SMITH"},{"floor":49,"key":"RECALL"},{"data":"Berserk","floor":52,"key":"SMITH"}],"circlet_count":0,"master_deck":["Strike_R","Strike_R+1","Defend_R+1","Bash","Flex+1","Reaper+1","Flash of Steel","Double Tap+1","Berserk+1","Uppercut+1","Flex+1","Inflame+1","Pommel Strike+1","Inflame+1","Shrug It Off+1","Impervious"],"relics":["Burning Blood","Ice Cream","Nunchaku","Tiny House","Girya","Potion Belt","Bag of Preparation","Coffee Dripper","Membership Card","Red Skull","Bottled Tornado","Old Coin","Toy Ornithopter","Strawberry","Bag of Marbles"],"acts_visited":["Exordium","TheCity","TheBeyond","TheEnding"],"potions_floor_usage":[8,16,16,33,50,50,54,54,55,55,55,55],"damage_taken":[{"damage":8,"enemies":"Jaw Worm","floor":1,"turns":3},{"damage":6,"enemies":"Cultist","floor":3,"turns":3},{"damage":0,"enemies":"2 Louse","floor":4,"turns":2},{"damage":8,"enemies":"Exordium Wildlife","floor":7,"turns":3},{"damage":31,"enemies":"Lagavulin","floor":8,"turns":5},{"damage":15,"enemies":"Lots of Slimes","floor":12,"turns":2},{"damage":5,"enemies":"Gremlin Gang","floor":14,"turns":3},{"damage":16,"enemies":"Slime Boss","floor":16,"turns":6},{"damage":14,"enemies":"Chosen","floor":18,"turns":3},{"damage":50,"enemies":"2 Thieves","floor":21,"turns":3},{"damage":21,"enemies":"Cultist and Chosen","floor":22,"turns":4},{"damage":15,"enemies":"Sentry and Sphere","floor":29,"turns":3},{"damage":20,"enemies":"Centurion and Healer","floor":30,"turns":3},{"damage":10,"enemies":"Chosen and Byrds","floor":31,"turns":3},{"damage":36,"enemies":"Automaton","floor":33,"turns":5},{"damage":8,"enemies":"3 Darklings","floor":35,"turns":2},{"damage":22,"enemies":"3 Shapes","floor":37,"turns":2},{"damage":15,"enemies":"3 Darklings","floor":38,"turns":3},{"damage":5,"enemies":"Jaw Worm Horde","floor":41,"turns":3},{"damage":24,"enemies":"Spire Growth","floor":44,"turns":3},{"damage":5,"enemies":"Maw","floor":46,"turns":4},{"damage":47,"enemies":"2 Orb Walkers","floor":47,"turns":3},{"damage":30,"enemies":"Jaw Worm Horde","floor":48,"turns":2},{"damage":59,"enemies":"Donu and Deca","floor":50,"turns":6},{"damage":71,"enemies":"Shield and Spear","floor":54,"turns":5},{"damage":126,"enemies":"The Heart","floor":55,"turns":6}],"seed_played":"-1745635967110489529","potions_obtained":[{"floor":1,"key":"Swift Potion"},{"floor":3,"key":"DistilledChaos"},{"floor":4,"key":"FearPotion"},{"floor":14,"key":"Explosive Potion"},{"floor":17,"key":"LiquidBronze"},{"floor":18,"key":"SmokeBomb"},{"floor":30,"key":"BloodPotion"},{"floor":31,"key":"Ancient Potion"},{"floor":33,"key":"LiquidMemories"},{"floor":37,"key":"DuplicationPotion"},{"floor":38,"key":"PowerPotion"},{"floor":48,"key":"EssenceOfSteel"},{"floor":54,"key":"Block Potion"}],"is_trial":false,"path_per_floor":["M","?","M","M","$","R","M","E","T","R","$","M","?","M","R","B",null,"M","?","$","M","M","R","T","R","T","?","R","M","M","M","R","B",null,"M","?","M","M","$","R","M","?","T","M","$","M","?","M","R","B",null,"R","$","E","B"],"character_chosen":"IRONCLAD","items_purchased":["Ice Cream","Flex","Reaper","Flash of Steel","Membership Card","Bottled Tornado","Toy Ornithopter","Strawberry","Block Potion","LiquidMemories"],"campfire_rested":0,"item_purchase_floors":[0,0,0,0,39,45,53,53,53,53],"current_hp_per_floor":[57,80,80,80,80,80,78,55,55,55,55,71,71,80,80,70,85,78,78,78,54,52,52,52,52,52,80,80,71,71,81,81,51,85,85,85,72,76,76,76,85,85,85,85,85,85,70,61,61,30,85,85,92,55,0,0],"gold":111,"neow_bonus":"","is_daily":false,"chose_seed":false,"campfire_upgraded":6,"win_rate":0.0,"timestamp":1614378113,"path_taken":["M","?","M","M","$","R","M","E","T","R","?","?","?","M","R","BOSS","M","?","$","?","M","R","?","R","T","?","R","M","M","M","R","BOSS","M","?","?","?","?","R","M","?","T","M","?","?","?","M","R","BOSS","R","$","E","BOSS"],"items_purchased_type":["Relic","Card","Card","Card","Relic","Relic","Relic","Relic","Potion","Potion"],"build_version":"2020-12-22","purchased_purges":5,"victory":false,"max_hp_per_floor":[80,80,80,80,80,80,80,80,80,80,80,80,80,80,80,80,85,85,85,85,85,85,85,85,85,85,85,85,85,85,85,85,85,85,85,85,85,85,85,85,85,85,85,85,85,85,85,85,85,85,85,85,92,92,92,92],"card_choices":[{"not_picked":["Sentinel","Sword Boomerang","Bloodletting"],"picked":"SKIP","floor":1},{"not_picked":["Entrench","Heavy Blade"],"picked":"Pommel Strike","floor":3},{"not_picked":["Bloodletting","Twin Strike","Blood for Blood"],"picked":"SKIP","floor":4},{"not_picked":["Hemokinesis","Fire Breathing","Twin Strike"],"picked":"SKIP","floor":7},{"not_picked":["Flame Barrier","Dropkick","Sword Boomerang"],"picked":"SKIP","floor":8},{"not_picked":["Armaments","Wild Strike","Clash"],"picked":"SKIP","floor":12},{"not_picked":["Heavy Blade","True Grit"],"picked":"Double Tap","floor":14},{"not_picked":["Juggernaut","Double Tap"],"picked":"Berserk","floor":16},{"not_picked":["Clothesline","Iron Wave"],"picked":"Whirlwind","floor":17},{"not_picked":["Infernal Blade","Searing Blow","Perfected Strike"],"picked":"SKIP","floor":18},{"not_picked":["Iron Wave","True Grit"],"picked":"Uppercut","floor":21},{"not_picked":["Clothesline","Perfected Strike+1","Uppercut"],"picked":"SKIP","floor":22},{"not_picked":["Dark Embrace","Intimidate","Blood for Blood"],"picked":"SKIP","floor":29},{"not_picked":["Perfected Strike+1","Havoc"],"picked":"Flex+1","floor":30},{"not_picked":["Body Slam","Power Through"],"picked":"Inflame","floor":31},{"not_picked":["Rampage","Headbutt+1"],"picked":"Pommel Strike+1","floor":35},{"not_picked":["Twin Strike+1","Clothesline+1","Shockwave"],"picked":"SKIP","floor":37},{"not_picked":["Rupture+1","Sword Boomerang+1","Armaments"],"picked":"SKIP","floor":38},{"not_picked":["Sword Boomerang+1","Hemokinesis"],"picked":"Inflame+1","floor":41},{"not_picked":["Burning Pact","Perfected Strike+1","Twin Strike+1"],"picked":"SKIP","floor":44},{"not_picked":["Iron Wave+1","Sword Boomerang+1","Blood for Blood+1"],"picked":"SKIP","floor":46},{"not_picked":["Impervious","Perfected Strike"],"picked":"Shrug It Off+1","floor":48},{"not_picked":["Dropkick","Fire Breathing"],"picked":"Impervious","floor":54}],"player_experience":947041,"relics_obtained":[{"floor":8,"key":"Nunchaku"},{"floor":24,"key":"Potion Belt"},{"floor":26,"key":"Bag of Preparation"},{"floor":43,"key":"Red Skull"},{"floor":47,"key":"Old Coin"},{"floor":54,"key":"Bag of Marbles"}],"event_choices":[{"damage_healed":23,"gold_gain":0,"player_choice":"Full Heal","damage_taken":0,"max_hp_gain":0,"max_hp_loss":0,"event_name":"Wheel of Change","floor":2,"gold_loss":0},{"cards_removed":["Strike_R"],"damage_healed":0,"gold_gain":0,"player_choice":"Card Removal","damage_taken":0,"max_hp_gain":0,"max_hp_loss":0,"event_name":"The Cleric","floor":13,"gold_loss":50},{"damage_healed":0,"gold_gain":0,"player_choice":"Gave Potion","damage_taken":0,"relics_obtained":["Girya"],"max_hp_gain":0,"max_hp_loss":0,"event_name":"WeMeetAgain","floor":19,"gold_loss":0},{"damage_healed":28,"gold_gain":0,"player_choice":"Heal","damage_taken":0,"max_hp_gain":0,"max_hp_loss":0,"event_name":"The Library","floor":27,"gold_loss":0},{"cards_removed":["Defend_R"],"damage_healed":0,"gold_gain":0,"player_choice":"Upgrade and Remove","damage_taken":0,"max_hp_gain":0,"max_hp_loss":0,"event_name":"Designer","floor":36,"gold_loss":90,"cards_upgraded":["Defend_R"]},{"cards_removed":["Pommel Strike"],"damage_healed":0,"gold_gain":0,"player_choice":"Removed Attack","damage_taken":0,"max_hp_gain":0,"max_hp_loss":0,"event_name":"Falling","floor":42,"gold_loss":0},{"damage_healed":0,"gold_gain":0,"player_choice":"Fight","damage_taken":0,"max_hp_gain":0,"max_hp_loss":0,"event_name":"Mysterious Sphere","floor":47,"gold_loss":0}],"is_beta":false,"boss_relics":[{"not_picked":["Cursed Key","Snecko Eye"],"picked":"Tiny House"},{"not_picked":["Philosopher\u0027s Stone","Calling Bell"],"picked":"Coffee Dripper"}],"items_purged_floors":[0,5,20,39,53],"is_endless":false,"potions_floor_spawned":[1,3,4,14,18,30,31,33,37,38,48,54],"killed_by":"The Heart","ascension_level":0}}