{"host":"6dypmz777xraikqf","time":1614338695,"event":{"mods":["AchievementEnabler","BaseMod","BetterRewards","Colored Map","Colored Powertips","Downfall","Highlight Path","Hubris","Infinite Spire","Minty Spire (QoL Compilation)","Replay The Spire","StSLib"],"gold_per_floor":[113,133,153,165,165,198,198,198,224,234,250,263,38,109,109,214,214,227,263,353,410,448,479,479,535,561,53,69,69,69,87,87,262,262,287,287],"floor_reached":35,"language":"ENG","playtime":1163,"items_purged":["Strike_P","Strike_P"],"score":877,"play_id":"1a9c0f8d-b70f-412e-b221-fc7e33f7bac9","local_time":"20210226112455","is_ascension_mode":true,"campfire_choices":[{"data":"Perseverance","floor":7,"key":"SMITH"},{"data":"Eruption","floor":15,"key":"SMITH"},{"floor":29,"key":"REST"}],"circlet_count":0,"master_deck":["hubris:InfiniteBlow+129","Strike_P+1","Defend_P+1","Defend_P+1","Defend_P+1","Defend_P+1","Vigilance","CarveReality+1","Perseverance+1","Fasting2","ThirdEye","Sanctity","Wish","ThirdEye","CutThroughFate","InnerPeace+1","hubris:InfiniteBlow+129","InnerPeace","Scrawl"],"relics":["Quantum Egg","Ring of Misfortune","ReplayTheSpireMod:Ring of Challenge","hexamod:SoulOfChaos","HoveringKite","Happy Flower","hubris:Potato","infinitespire:Chaos","Runic Dome","Eternal Feather","Red Mask","Replay:Rubber Ducky","DollysMirror","ReplayTheSpireMod:Shallot","Damaru","hubris:BlackHole"],"acts_visited":["Exordium","TheCity","TheBeyond"],"potions_floor_usage":[14,18],"damage_taken":[{"damage":0,"enemies":"2 Louse","floor":1,"turns":2},{"damage":0,"enemies":"Jaw Worm","floor":2,"turns":1},{"damage":0,"enemies":"Cultist","floor":3,"turns":1},{"damage":2,"enemies":"Exordium Wildlife","floor":4,"turns":2},{"damage":0,"enemies":"Gremlin Nob","floor":6,"turns":2},{"damage":0,"enemies":"Looter","floor":10,"turns":2},{"damage":1,"enemies":"3 Louse","floor":11,"turns":4},{"damage":1,"enemies":"Large Slime","floor":12,"turns":2},{"damage":12,"enemies":"Gremlin Gang","floor":14,"turns":6},{"damage":0,"enemies":"Hexaghost","floor":16,"turns":2},{"damage":2,"enemies":"2 Thieves","floor":18,"turns":5},{"damage":6,"enemies":"Shell Parasite","floor":19,"turns":2},{"damage":12,"enemies":"Cultist and Chosen","floor":20,"turns":4},{"damage":9,"enemies":"Centurion and Healer","floor":21,"turns":5},{"damage":0,"enemies":"Chosen and Byrds","floor":22,"turns":3},{"damage":0,"enemies":"Gremlin Leader","floor":23,"turns":1},{"damage":4,"enemies":"Masked Bandits","floor":25,"turns":6},{"damage":0,"enemies":"Cultist and Chosen","floor":28,"turns":1},{"damage":0,"enemies":"Snake Plant","floor":31,"turns":1},{"damage":3,"enemies":"hubris:MusketHawk","floor":33,"turns":2},{"damage":19,"enemies":"3 Darklings","floor":35,"turns":3}],"seed_played":"7046474025811283362","potions_obtained":[{"floor":1,"key":"hexamod:SoulburnPotion"},{"floor":10,"key":"Swift Potion"},{"floor":12,"key":"ColorlessPotion"},{"floor":14,"key":"Weak Potion"},{"floor":19,"key":"hexamod:SoulburnPotion"},{"floor":20,"key":"sneckomod:MuddlingPotion"},{"floor":22,"key":"Explosive Potion"},{"floor":28,"key":"EssenceOfSteel"}],"is_trial":false,"path_per_floor":["M","M","M","M","?","E","R","?","T","M","M","M","$","M","R","B",null,"M","M","M","M","M","E","?","?","T","$","M","R","?","M","R_BF","B",null,"M"],"character_chosen":"WATCHER","items_purchased":["CarveReality+1","Guide Book","infinitespire:Chaos","DollysMirror","ReplayTheSpireMod:Shallot"],"campfire_rested":1,"item_purchase_floors":[0,0,13,27,27],"current_hp_per_floor":[65,65,65,63,63,63,63,63,63,63,62,61,72,60,60,60,72,70,64,52,43,43,43,43,39,39,39,39,69,69,69,72,69,72,53,53],"gold":287,"neow_bonus":"","is_daily":false,"chose_seed":false,"campfire_upgraded":2,"win_rate":0.0,"timestamp":1614338695,"path_taken":["M","M","M","M","?","E","R","?","T","?","M","M","$","M","R","BOSS","M","M","M","M","M","E","?","?","T","$","M","R","?","M","R_BF","BOSS","M"],"items_purchased_type":["Card","Relic","Relic","Relic","Relic"],"build_version":"2020-12-22","purchased_purges":2,"victory":false,"max_hp_per_floor":[72,72,72,72,72,72,72,72,72,72,72,72,72,72,72,72,72,72,72,72,72,72,72,72,72,72,72,72,72,72,72,72,72,72,72,72],"card_choices":[{"not_picked":["Replay:Vibes","PathToVictory","Replay:Anticipation"],"picked":"SKIP","floor":1},{"not_picked":["EmptyFist","JustLucky","PathToVictory"],"picked":"SKIP","floor":2},{"not_picked":["Crescendo","MentalFortress"],"picked":"Perseverance","floor":3},{"not_picked":["ReachHeaven","FollowUp","Prostrate"],"picked":"SKIP","floor":4},{"not_picked":["Judgement","Alpha","Replay:BluntJabs"],"picked":"SKIP","floor":6},{"not_picked":["WreathOfFlame","FlurryOfBlows"],"picked":"ThirdEye","floor":10},{"not_picked":["Protect","Adaptation"],"picked":"Sanctity","floor":11},{"not_picked":["BattleHymn","Replay:ManipulateFuture","FlurryOfBlows"],"picked":"SKIP","floor":12},{"not_picked":["PathToVictory","Halt","FlurryOfBlows"],"picked":"SKIP","floor":14},{"not_picked":["Alpha","Replay:LoomingThreat"],"picked":"Wish","floor":16},{"not_picked":["FearNoEvil+1","ClearTheMind","Replay:BluntJabs"],"picked":"SKIP","floor":18},{"not_picked":["Evaluate+1","Replay:BluntJabs+1"],"picked":"ThirdEye","floor":19},{"not_picked":["Perseverance","Alpha"],"picked":"CutThroughFate","floor":20},{"not_picked":["Replay:ManipulateFuture+1","EmptyFist+1","Study"],"picked":"SKIP","floor":21},{"not_picked":["Perseverance","Replay:AtTheReady"],"picked":"InnerPeace+1","floor":22},{"not_picked":["EmptyBody","Replay:ManipulateFuture","Indignation"],"picked":"SKIP","floor":23},{"not_picked":["Replay:AtTheReady","Nirvana+1","InnerPeace"],"picked":"SKIP","floor":28},{"not_picked":["Nirvana","FollowUp+1","Replay:AtTheReady+1"],"picked":"SKIP","floor":31},{"not_picked":["Brilliance","Ragnarok"],"picked":"Scrawl","floor":33}],"player_experience":292912,"relics_obtained":[{"floor":6,"key":"Blue Candle"},{"floor":9,"key":"Oddly Smooth Stone"},{"floor":12,"key":"MealTicket"},{"floor":23,"key":"Eternal Feather"},{"floor":25,"key":"Red Mask"},{"floor":26,"key":"Replay:Rubber Ducky"},{"floor":33,"key":"Damaru"}],"event_choices":[{"damage_healed":0,"gold_gain":0,"cards_transformed":["Strike_P"],"player_choice":"Transformed","damage_taken":0,"max_hp_gain":0,"max_hp_loss":0,"event_name":"Transmorgrifier","floor":8,"gold_loss":0,"cards_obtained":["Fasting2"]},{"damage_healed":0,"gold_gain":0,"player_choice":"Fought Bandits","damage_taken":0,"max_hp_gain":0,"max_hp_loss":0,"event_name":"Masked Bandits","floor":25,"gold_loss":0},{"damage_healed":0,"gold_gain":0,"player_choice":"Simplicity","damage_taken":0,"max_hp_gain":0,"max_hp_loss":0,"event_name":"Back to Basics","floor":30,"gold_loss":0,"cards_upgraded":["Defend_P","Defend_P","Defend_P","Defend_P"]}],"is_beta":false,"boss_relics":[{"not_picked":["Runic Pyramid","VioletLotus"],"picked":"Runic Dome"},{"not_picked":["Kintsugi","Honey Jar"],"picked":"hubris:BlackHole"}],"items_purged_floors":[13,27],"is_endless":false,"potions_floor_spawned":[1,10,12,14,19,20,22,28,31,33],"killed_by":"3 Darklings","ascension_level":4}}