{"host":"yzy3lyltrgq1sam1","time":1614333445,"event":{"mods":["Act Like it!","BaseMod","CapriCore","Downfall","Gensokyo","Koishi","Marisa£®ÏF”Í°°ƒß¿Ì…≥£©","Minty Spire (QoL Compilation)","Quick Restart","Reimu£®≤©¿ˆ¡È√Œ£©","Reliquary","Remilia£®¿Ÿ√◊¿Ú—«£©","StSLib","The Administrix","The Alterego","The Gatherer","WarShipGirlsR/’ΩΩ¢…Ÿ≈ÆR mod","Youmu£®ªÍ∆«—˝√Œ£©","°æ“≈ŒÔø®≈∆°øREMEMod"],"gold_per_floor":[99,111,111,111,130,150,204,232,232,260,160,180,180,211,229,329,329,329,342,354,364,379,410,410,310,340,300,300,316,345,445,461,560,560,560,579,549,575,625,653,653,687,687,698,798,698,734,764,782,782,782,811,108,108,108,108],"floor_reached":57,"language":"ZHS","playtime":5544,"items_purged":["Guardian:Defend_Guardian"],"score":1577,"play_id":"b0c9b978-aceb-4021-ab2e-fc48c6b9e1ea","local_time":"20210226175725","is_ascension_mode":true,"campfire_choices":[{"data":"alterego_mod:BrynhildrRomantia","floor":1.0,"key":"SMITH"},{"data":"Guardian:Repulse","floor":11.0,"key":"SMITH"},{"data":"Guardian:ChargeUp","floor":13.0,"key":"SMITH"},{"floor":18.0,"key":"RECALL"},{"data":"Guardian:BaubleBeam","floor":25.0,"key":"SMITH"},{"data":"ZunPunch:ReiMu","floor":28.0,"key":"SMITH"},{"data":"Guardian:RevengeProtocol","floor":35.0,"key":"SMITH"},{"data":"J.A.X.","floor":46,"key":"SMITH"},{"data":"expansioncontent:StudyTheSpire","floor":54,"key":"SMITH"}],"circlet_count":0,"master_deck":["Guardian:Strike_Guardian+1","Guardian:Defend_Guardian","Guardian:Defend_Guardian","Guardian:CurlUp","Guardian:TwinSlam","alterego_mod:BrynhildrRomantia+1","Guardian:Repulse+1","Guardian:ChargeUp+1","Guardian:PiercingHide","Guardian:BaubleBeam+1","Guardian:AncientConstruct","Guardian:CrystalBeam","Guardian:Reroute","Guardian:BronzeOrb","Doubt","Guardian:PrismaticBarrier+1","ZunPunch:ReiMu+1","Guardian:FuturePlans","J.A.X.+1","Guardian:RevengeProtocol+1","Guardian:FloatingOrbs","Guardian:TemporalStrike","Guardian:BaubleBeam","downfall:Bewildered","Guardian:ChargeUp","Writhe","Guardian:CrystalBeam+1","expansioncontent:StudyTheSpire+1"],"relics":["Guardian:ModeShifter","REME_ComplimentaryCards","Guardian:PickAxe","Nunchaku","Unceasing Top","Question Card","downfall:HeartBlessingGreen","reliquary:SharkskinSheath","Cursed Key","MealTicket","Du-Vu Doll","downfall:HeartBlessingRed","reliquary:HotPoker","Thread and Needle","MutagenicStrength","Busted Crown","CaptainsWheel","Bronze Scales","reliquary:Firecrackers","reliquary:IridiumChain","downfall:HeartBlessingBlue","Art of War","reliquary:OuijaBoard","Strawberry","Anchor","Toolbox"],"acts_visited":["Exordium","TheCity","TheBeyond","TheEnding"],"potions_floor_usage":[],"damage_taken":[{"damage":6.0,"enemies":"Jaw Worm","floor":2.0,"turns":2.0},{"damage":34.0,"enemies":"Jaw Worm","floor":4.0,"turns":6.0},{"damage":0.0,"enemies":"Small Slimes","floor":5.0,"turns":4.0},{"damage":6.0,"enemies":"Cultist","floor":6.0,"turns":5.0},{"damage":24.0,"enemies":"Lagavulin","floor":8.0,"turns":6.0},{"damage":14.0,"enemies":"Gremlin Nob","floor":10.0,"turns":4.0},{"damage":17.0,"enemies":"Lots of Slimes","floor":12.0,"turns":8.0},{"damage":17.0,"enemies":"3 Sentries","floor":14.0,"turns":11.0},{"damage":0.0,"enemies":"downfall:LooterAlt","floor":15.0,"turns":1.0},{"damage":23.0,"enemies":"IC_STATUS_ARCHETYPE","floor":16.0,"turns":9.0},{"damage":3.0,"enemies":"3 Byrds","floor":19.0,"turns":7.0},{"damage":2.0,"enemies":"Chosen","floor":20.0,"turns":5.0},{"damage":10.0,"enemies":"Snake Plant","floor":21.0,"turns":5.0},{"damage":15.0,"enemies":"Shelled Parasite and Fungi","floor":22.0,"turns":5.0},{"damage":21.0,"enemies":"Book of Stabbing","floor":23.0,"turns":5.0},{"damage":30.0,"enemies":"Gremlin Leader","floor":26.0,"turns":6.0},{"damage":0.0,"enemies":"Snecko","floor":29.0,"turns":1.0},{"damage":4.0,"enemies":"Book of Stabbing","floor":30.0,"turns":4.0},{"damage":2.0,"enemies":"downfall:Augmenter","floor":31.0,"turns":6.0},{"damage":16.0,"enemies":"Centurion and Healer","floor":32.0,"turns":7.0},{"damage":43.0,"enemies":"DF_ARCHETYPE_CLAW","floor":33.0,"turns":7.0},{"damage":3.0,"enemies":"3 Darklings","floor":36.0,"turns":3.0},{"damage":6.0,"enemies":"3 Darklings","floor":39.0,"turns":6.0},{"damage":22.0,"enemies":"Nemesis","floor":40.0,"turns":5.0},{"damage":7.0,"enemies":"Reptomancer","floor":42.0,"turns":8.0},{"damage":2.0,"enemies":"3 Shapes","floor":44.0,"turns":4.0},{"damage":3,"enemies":"Maw","floor":47,"turns":6},{"damage":29,"enemies":"Nemesis","floor":48,"turns":5},{"damage":8,"enemies":"Transient","floor":49,"turns":5},{"damage":27,"enemies":"SI_POISON_ARCHETYPE","floor":50,"turns":5},{"damage":23,"enemies":"downfall:CharBossMerchant","floor":52,"turns":6},{"damage":21,"enemies":"downfall:NeowBoss","floor":55,"turns":10},{"damage":13,"enemies":"downfall:NeowBossFinal","floor":56,"turns":7}],"seed_played":"1645515800766752088","potions_obtained":[{"floor":5.0,"key":"Fruit Juice"},{"floor":6.0,"key":"SkillPotion"},{"floor":14.0,"key":"Block Potion"},{"floor":15.0,"key":"Fire Potion"},{"floor":16.0,"key":"Guardian:BlockOnCardUsePotion"},{"floor":20.0,"key":"EntropicBrew"},{"floor":23.0,"key":"Fire Potion"},{"floor":26.0,"key":"Energy Potion"},{"floor":30.0,"key":"EntropicBrew"},{"floor":32.0,"key":"MagicPotion:ReiMu"}],"is_trial":false,"path_per_floor":["R","M","?","?","M","M","T","E","?","E","R","M","R","E","M","B",null,"R","M","M","M","M","E","T","R","E","?","R","M","E","?","M","B",null,"R","M","?","?","?","E","T","E","?","M","?","R","M","E","M","B",null,"E","$","R","B","B",null],"character_chosen":"GUARDIAN","items_purchased":["Strawberry","Anchor","Toolbox","expansioncontent:StudyTheSpire"],"campfire_rested":0,"item_purchase_floors":[53,53,53,53],"current_hp_per_floor":[88,92,92,78,100,105,105,97,97,94,94,121,121,126,137,125,161,161,173,177,167,174,153,153,153,162,162,162,162,169,167,162,141,197,197,194,194,194,188,166,166,177,169,178,178,188,185,167,159,139,219,207,229,229,218,230],"gold":108,"neow_bonus":"TEN_PERCENT_HP_BONUS","is_daily":false,"chose_seed":false,"campfire_upgraded":8,"win_rate":0.0,"timestamp":1614333445,"path_taken":["R","M","?","?","M","M","T","E","?","E","R","M","R","E","M","BOSS","R","M","M","M","M","E","T","R","E","?","R","M","E","?","M","BOSS","R","M","?","?","?","E","T","E","?","?","?","R","M","E","M","BOSS","E","$","R","BOSS","BOSS"],"items_purchased_type":["Relic","Relic","Relic","Card"],"build_version":"2020-12-22","purchased_purges":1,"victory":true,"max_hp_per_floor":[88,92,92,104,112,116,116,125,125,129,129,145,145,153,157,161,161,161,173,177,177,185,185,185,185,189,189,189,189,193,193,197,197,197,197,197,197,197,197,197,197,201,201,205,205,215,215,219,219,219,219,223,230,230,230,230],"card_choices":[{"not_picked":["Guardian:ShieldCharger","Guardian:Suspension"],"picked":"Guardian:Gem_Red","floor":2.0},{"not_picked":["Guardian:SpikerProtocol","Guardian:ChargeCore"],"picked":"Guardian:Repulse","floor":5.0},{"not_picked":["Guardian:Gem_Lightblue","Guardian:VentSteam","Guardian:Recover"],"picked":"SKIP","floor":6.0},{"not_picked":["Guardian:FloatingOrbs","Guardian:DonusPower"],"picked":"Guardian:ChargeUp","floor":8.0},{"not_picked":["Guardian:ShieldSpikes","Guardian:Gem_Red","Guardian:Recover"],"picked":"SKIP","floor":10.0},{"not_picked":["Guardian:ChargeCore","Guardian:ShieldCharger","Guardian:SphericShield"],"picked":"Guardian:Gem_Cyan","floor":12.0},{"not_picked":["Guardian:Gem_Red","Guardian:Gem_Cyan","Guardian:TemporalShield"],"picked":"Guardian:PiercingHide","floor":14.0},{"not_picked":["Guardian:EvasiveProtocol","Guardian:WalkerClaw","Guardian:Gem_Lightblue"],"picked":"Guardian:BaubleBeam","floor":15.0},{"not_picked":["Guardian:SphericShield","Guardian:HyperBeam_Guardian","Guardian:FastForward"],"picked":"Guardian:AncientConstruct","floor":16.0},{"not_picked":["Guardian:DonusPower","Guardian:PrimingBeam","Guardian:ChargeCore+1"],"picked":"Guardian:CrystalBeam","floor":19.0},{"not_picked":["Guardian:Clone","Guardian:Gem_Green","Guardian:Emergency+1","Guardian:Gem_Red"],"picked":"SKIP","floor":20.0},{"not_picked":["Guardian:VentSteam+1","Guardian:MultiBeam","Guardian:Gem_Yellow"],"picked":"Guardian:Reroute","floor":21.0},{"not_picked":["Guardian:Gem_Crimson","Guardian:TemporalShield","Guardian:Incinerate"],"picked":"Guardian:BronzeOrb","floor":22.0},{"not_picked":["Guardian:GemFire","Guardian:Gem_Red","Guardian:MultiBeam+1","Guardian:Planning"],"picked":"SKIP","floor":23.0},{"not_picked":["Guardian:Clone","Guardian:DonusPower","Guardian:Suspension"],"picked":"Guardian:PrismaticBarrier+1","floor":26.0},{"not_picked":["Guardian:RollAttack","Guardian:SphericShield","Guardian:Recover+1"],"picked":"Guardian:FuturePlans","floor":29.0},{"not_picked":["Guardian:Repulse","Guardian:Planning","Guardian:StasisStrike","Guardian:Gem_Blue"],"picked":"SKIP","floor":30.0},{"not_picked":[],"picked":"J.A.X.","floor":31.0},{"not_picked":["Guardian:Reroute","Guardian:ShieldCharger","Guardian:WalkerClaw"],"picked":"Guardian:Gem_Synthetic","floor":31.0},{"not_picked":["Guardian:MultiBeam","Guardian:BronzeOrb","Guardian:ChargeCore+1"],"picked":"Guardian:Gem_Red","floor":32.0},{"not_picked":["Guardian:GemFinder","Guardian:RevengeProtocol","Guardian:HyperBeam_Guardian"],"picked":"Guardian:Gem_Synthetic","floor":33.0},{"not_picked":["Guardian:ChargeCore","Guardian:TemporalShield+1"],"picked":"SKIP","floor":36.0},{"not_picked":[],"picked":"Guardian:TemporalStrike","floor":37.0},{"not_picked":[],"picked":"Guardian:BaubleBeam","floor":37.0},{"not_picked":["Guardian:Reroute+1"],"picked":"Guardian:ChargeUp","floor":39.0},{"not_picked":["Guardian:Planning+1","Guardian:Repulse"],"picked":"SKIP","floor":40.0},{"not_picked":["Guardian:PiercingHide"],"picked":"Guardian:Gem_Lightblue","floor":42.0},{"not_picked":["Guardian:GuardianWhirl+1","Guardian:Orbwalk"],"picked":"SKIP","floor":44.0},{"not_picked":["Guardian:PiercingHide","Guardian:BronzeOrb"],"picked":"SKIP","floor":47},{"not_picked":["Guardian:Incinerate+1","Guardian:ArmoredProtocol"],"picked":"SKIP","floor":48},{"not_picked":["Guardian:VentSteam+1"],"picked":"Guardian:CrystalBeam+1","floor":49},{"not_picked":["Guardian:PiercingHide+1","Guardian:PrimingBeam+1"],"picked":"SKIP","floor":52}],"player_experience":940623,"relics_obtained":[{"floor":7.0,"key":"Nunchaku"},{"floor":8.0,"key":"Unceasing Top"},{"floor":10.0,"key":"Question Card"},{"floor":14.0,"key":"reliquary:SharkskinSheath"},{"floor":23.0,"key":"MealTicket"},{"floor":24.0,"key":"Du-Vu Doll"},{"floor":26.0,"key":"reliquary:HotPoker"},{"floor":30.0,"key":"Thread and Needle"},{"floor":31.0,"key":"MutagenicStrength"},{"floor":39.0,"key":"CaptainsWheel"},{"floor":40.0,"key":"Bronze Scales"},{"floor":41.0,"key":"reliquary:Firecrackers"},{"floor":42.0,"key":"reliquary:IridiumChain"},{"floor":48,"key":"Art of War"},{"floor":52,"key":"reliquary:OuijaBoard"}],"event_choices":[{"cards_removed":["Guardian:Strike_Guardian"],"damage_healed":0.0,"max_hp_gain":0.0,"max_hp_loss":0.0,"gold_gain":0.0,"event_name":"The Cleric","player_choice":"Card Removal","floor":3.0,"gold_loss":0.0,"damage_taken":0.0},{"damage_healed":0.0,"max_hp_gain":0.0,"max_hp_loss":0.0,"gold_gain":0.0,"event_name":"ZunEvent","player_choice":"Ωª≥ˆ…Òæ∆","floor":27.0,"relics_lost":["ZunR:ReiMu"],"gold_loss":0.0,"damage_taken":0.0,"cards_obtained":["ZunPunch:ReiMu"]}],"is_beta":false,"boss_relics":[{"not_picked":["SacredBark","Empty Cage"],"picked":"Cursed Key"},{"not_picked":["Guardian:StasisSlotReductionRelic","Tiny House"],"picked":"Busted Crown"}],"items_purged_floors":[53],"is_endless":false,"potions_floor_spawned":[4,5,6,14,15,16,20,23,26,30,32,33,36,40,42,44],"ascension_level":1}}