{"host":"gaqyve1328ta0etl","time":1614338364,"event":{"mods":["BaseMod","Colored Map","Colored Powertips","Duelist Mod","Googly Eyes","Hero for Fun","Minty Spire (QoL Compilation)","Shop Mod","StSLib","SuperFastMode","The Hierophant","The Runesmith"],"gold_per_floor":[137,62,76,76,76,76,104,16,16,16,32,32,46,65,65,137,137,179,196,71,121,139,139,169,179,179,179,104,116,126,136,136,207,207,220,53,98,98,117,117,142,0,0,0,18,18,18,31,31,31,31],"floor_reached":52,"language":"ENG","playtime":2627,"items_purged":["theDuelist:Sparks","theDuelist:Sparks","theDuelist:BeaverWarrior"],"score":2104,"play_id":"f6949728-9098-4d54-a764-99ee58172e79","local_time":"20210226031924","is_ascension_mode":true,"campfire_choices":[{"data":"theDuelist:Metronome","floor":6.0,"key":"SMITH"},{"data":"theDuelist:HappyLover","floor":10.0,"key":"SMITH"},{"data":"theDuelist:SpiritHarp","floor":15.0,"key":"SMITH"},{"data":"theDuelist:KamionTimelord","floor":23.0,"key":"SMITH"},{"data":"theDuelist:SwordsConcealing","floor":27,"key":"SMITH"},{"data":"theDuelist:Kuribohrn","floor":32,"key":"SMITH"},{"floor":40,"key":"REST"},{"floor":44,"key":"REST"},{"data":"theDuelist:SwordsConcealing","floor":46,"key":"SMITH"},{"floor":49,"key":"REST"}],"circlet_count":0,"master_deck":["AscendersBane","theDuelist:BeaverWarrior","theDuelist:CastleWalls","theDuelist:CastleWalls","theDuelist:FinalFlame","theDuelist:GiantSoldier","theDuelist:GiantSoldier","theDuelist:ScrapFactory","theDuelist:RainbowNeos","theDuelist:Eva","theDuelist:Metronome+1","theDuelist:HappyLover+1","theDuelist:InfernoFireBlast","theDuelist:SpiritHarp+1","theDuelist:KamionTimelord+1","theDuelist:SwordsConcealing+1","theDuelist:Kuribohrn+1","theDuelist:MillenniumShield","theDuelist:SwordsConcealing+1","theDuelist:AmuletAmbition","Parasite"],"relics":["theDuelist:MillenniumPuzzle","theDuelist:CardPoolRelic","theDuelist:CardPoolBasicRelic","theDuelist:BoosterPackPoolRelic","theDuelist:CardPoolAddRelic","theDuelist:CardPoolMinusRelic","theDuelist:CardPoolSaveRelic","theDuelist:CardPoolOptionsRelic","NeowsBlessing","MawBank","Gremlin Horn","theDuelist:ElectricKey","Frozen Eye","Pocketwatch","theDuelist:DuelistLetterOpener","Black Star","Oddly Smooth Stone","Prayer Wheel","Gambling Chip","Ice Cream","Nunchaku","Ornamental Fan","theDuelist:DuelistLetterOpener","Toxic Egg 2"],"acts_visited":["Exordium","TheCity","TheBeyond"],"potions_floor_usage":[25,33,51],"damage_taken":[{"damage":0.0,"enemies":"Small Slimes","floor":1.0,"turns":2.0},{"damage":0.0,"enemies":"Jaw Worm","floor":3.0,"turns":1.0},{"damage":0.0,"enemies":"3 Sentries","floor":7.0,"turns":1.0},{"damage":2.0,"enemies":"2 Louse","floor":11.0,"turns":4.0},{"damage":0.0,"enemies":"Looter","floor":13.0,"turns":4.0},{"damage":0.0,"enemies":"Large Slime","floor":14.0,"turns":4.0},{"damage":13.0,"enemies":"Slime Boss","floor":16.0,"turns":11.0},{"damage":0.0,"enemies":"Shell Parasite","floor":18.0,"turns":6.0},{"damage":0.0,"enemies":"Spheric Guardian","floor":19.0,"turns":3.0},{"damage":8.0,"enemies":"Centurion and Healer","floor":22.0,"turns":13.0},{"damage":0.0,"enemies":"Gremlin Leader","floor":24.0,"turns":5.0},{"damage":0,"enemies":"Shelled Parasite and Fungi","floor":25,"turns":6},{"damage":0,"enemies":"Snake Plant","floor":29,"turns":3},{"damage":0,"enemies":"Sentry and Sphere","floor":30,"turns":6},{"damage":0,"enemies":"Cultist and Chosen","floor":31,"turns":6},{"damage":0,"enemies":"Collector","floor":33,"turns":9},{"damage":0,"enemies":"Orb Walker","floor":35,"turns":3},{"damage":17,"enemies":"Orb Walker","floor":37,"turns":14},{"damage":19,"enemies":"3 Darklings","floor":39,"turns":3},{"damage":0,"enemies":"Nemesis","floor":41,"turns":13},{"damage":0,"enemies":"Writhing Mass","floor":45,"turns":7},{"damage":32,"enemies":"Transient","floor":48,"turns":6},{"damage":0,"enemies":"Donu and Deca","floor":50,"turns":11},{"damage":16,"enemies":"Time Eater","floor":51,"turns":14}],"seed_played":"-3816177422362536641","potions_obtained":[{"floor":11.0,"key":"theDuelist:BottledKuriboh"},{"floor":13.0,"key":"PowerPotion"},{"floor":16.0,"key":"EssenceOfSteel"},{"floor":19.0,"key":"DistilledChaos"},{"floor":30,"key":"theDuelist:SummonArmorPotion"},{"floor":33,"key":"Strength Potion"}],"is_trial":false,"path_per_floor":["M","$","M","?","?","R","E","$","T","R","M","?","M","M","R","B",null,"M","M","$","?","M","R","E","M","T","R","?","M","M","M","R","B",null,"M","$","?","$","M","R","E","?","T","R","M","R","?","M","R","B","B",null],"character_chosen":"THE_DUELIST","items_purchased":["Oddly Smooth Stone"],"campfire_rested":3,"item_purchase_floors":[36],"current_hp_per_floor":[63,63,63,68,68,68,68,68,68,68,66,59,59,59,59,46,68,68,68,68,68,60,60,60,60,60,60,60,60,60,60,60,60,71,71,71,54,54,35,57,57,57,57,75,75,75,75,43,65,65,75],"gold":31,"neow_bonus":"THREE_ENEMY_KILL","is_daily":false,"chose_seed":false,"campfire_upgraded":7,"win_rate":0.0,"timestamp":1614338364,"path_taken":["M","$","M","?","?","R","E","$","T","R","M","?","M","M","R","BOSS","M","M","$","?","M","R","E","M","T","R","?","M","M","M","R","BOSS","M","$","?","$","M","R","E","?","T","R","M","R","?","M","R","BOSS","BOSS"],"items_purchased_type":["Relic"],"build_version":"2020-12-22","purchased_purges":3,"victory":true,"max_hp_per_floor":[70,70,70,75,75,75,75,75,75,75,75,75,75,75,75,75,75,75,75,75,75,75,75,75,75,75,75,75,75,75,75,75,75,75,75,75,75,75,75,75,75,75,75,75,75,75,75,75,75,75,75],"card_choices":[{"not_picked":["theDuelist:FairyBox","theDuelist:WhiteMagicalHat","theDuelist:CombinationAttack","theDuelist:SpiritHarp"],"picked":"theDuelist:RainbowNeos","floor":1.0},{"not_picked":["theDuelist:SpiritHarp","theDuelist:SangaEarth","theDuelist:FrontierWiseman","theDuelist:RainbowNeos"],"picked":"theDuelist:Eva","floor":3.0},{"not_picked":["theDuelist:WhiteMagicalHat","theDuelist:SangaEarth","theDuelist:MythicalBeast","theDuelist:FrontierWiseman"],"picked":"theDuelist:HappyLover","floor":7.0},{"not_picked":["theDuelist:SpellShatteringArrow","theDuelist:DoubleTool","theDuelist:CoreBlaster","theDuelist:BigFire","theDuelist:GravityBlaster"],"picked":"SKIP","floor":11.0},{"not_picked":["theDuelist:LightningBlade","theDuelist:ForbiddenLance"],"picked":"theDuelist:InfernoFireBlast","floor":13.0},{"not_picked":["theDuelist:Sangan","theDuelist:MythicalBeast","theDuelist:WhiteNinja","theDuelist:FrontierWiseman"],"picked":"theDuelist:SpiritHarp","floor":14.0},{"not_picked":["theDuelist:Raigeki","theDuelist:LightningBlade","theDuelist:MillenniumShield","theDuelist:Mathematician"],"picked":"theDuelist:KamionTimelord","floor":16.0},{"not_picked":["theDuelist:MeteorDestruction","theDuelist:Hinotama+1","theDuelist:DoubleTool","theDuelist:CoreBlaster","theDuelist:MythicalBeast"],"picked":"SKIP","floor":18.0},{"not_picked":["theDuelist:RainbowNeos+1","theDuelist:HappyLover","theDuelist:Eva","theDuelist:RainbowOverdragon"],"picked":"theDuelist:RainbowKuriboh","floor":19.0},{"not_picked":["theDuelist:RainbowNeos","theDuelist:Invigoration","theDuelist:SpiritHarp","theDuelist:MeteorDestruction","theDuelist:InfernoFireBlast"],"picked":"SKIP","floor":22.0},{"not_picked":["theDuelist:YamiForm","theDuelist:PineappleBlast"],"picked":"theDuelist:SwordsConcealing","floor":24.0},{"not_picked":["theDuelist:HappyLover","theDuelist:BlueBloodedOni","theDuelist:GreenGraveOni+1","theDuelist:GreyGreedOni","theDuelist:PurplePainOni"],"picked":"SKIP","floor":25},{"not_picked":["theDuelist:BerserkerCrush","theDuelist:FuryFire","theDuelist:AfterTheStorm","theDuelist:BlackPendant","theDuelist:GravityBlaster"],"picked":"SKIP","floor":29},{"not_picked":["theDuelist:FuryFire","theDuelist:Hinotama","theDuelist:Terraforming","theDuelist:MudGolem+1"],"picked":"theDuelist:Kuribohrn","floor":30},{"not_picked":["theDuelist:BigFire","theDuelist:CombinationAttack+1","theDuelist:DoubleTool","theDuelist:MeteorDestruction","theDuelist:LightningVortex"],"picked":"SKIP","floor":31},{"not_picked":["theDuelist:FeatherShot","theDuelist:ForbiddenLance","theDuelist:LightLaser","theDuelist:SevenCompleted"],"picked":"theDuelist:MillenniumShield","floor":33},{"not_picked":["theDuelist:ElectromagneticShield","theDuelist:Electrowhip+1","theDuelist:ImperialOrder","theDuelist:WhiteHowling"],"picked":"theDuelist:SwordsConcealing","floor":35},{"not_picked":["theDuelist:MillenniumShield","theDuelist:GravityLash","theDuelist:LightningBlade+1","theDuelist:SevenCompleted+1"],"picked":"theDuelist:AmuletAmbition","floor":39},{"not_picked":["theDuelist:CombinationAttack","theDuelist:Eva","theDuelist:RainbowNeos","theDuelist:EgoBoost","theDuelist:PowerKaishin"],"picked":"SKIP","floor":39},{"not_picked":["theDuelist:BattleguardKing","theDuelist:EarthquakeGiant","theDuelist:Fissure","theDuelist:PowerGiant","theDuelist:ForbiddenLance"],"picked":"SKIP","floor":41},{"not_picked":["theDuelist:MeteorDestruction","theDuelist:PowerKaishin+1","theDuelist:SpiritHarp+1","theDuelist:Hinotama+1","theDuelist:CrystalRaigeki"],"picked":"SKIP","floor":45},{"not_picked":["theDuelist:SpellShatteringArrow","theDuelist:DarkBurningAttack+1","theDuelist:WormApocalypse+1","theDuelist:EgoBoost+1","theDuelist:DeltaAttacker+1"],"picked":"SKIP","floor":45},{"not_picked":["theDuelist:Eva+1","theDuelist:HappyLover+1","theDuelist:MythicalBeast","theDuelist:SangaEarth+1","theDuelist:WhiteMagicalHat+1"],"picked":"SKIP","floor":48},{"not_picked":["theDuelist:SpiritHarp+1","theDuelist:GreyGreedOni+1","theDuelist:BeaverWarrior+1","theDuelist:RainbowNeos","theDuelist:Kuribohrn+1"],"picked":"SKIP","floor":48}],"player_experience":2257564,"relics_obtained":[{"floor":7.0,"key":"MawBank"},{"floor":9.0,"key":"Gremlin Horn"},{"floor":24.0,"key":"Pocketwatch"},{"floor":26,"key":"theDuelist:DuelistLetterOpener"},{"floor":37,"key":"Prayer Wheel"},{"floor":37,"key":"Gambling Chip"},{"floor":37,"key":"Ice Cream"},{"floor":41,"key":"Nunchaku"},{"floor":41,"key":"Ornamental Fan"},{"floor":43,"key":"Toxic Egg 2"}],"event_choices":[{"damage_healed":0.0,"max_hp_gain":5.0,"max_hp_loss":0.0,"gold_gain":0.0,"event_name":"Big Fish","player_choice":"Donut","floor":4.0,"gold_loss":0.0,"damage_taken":0.0},{"damage_healed":0.0,"max_hp_gain":0.0,"max_hp_loss":0.0,"gold_gain":0.0,"event_name":"Millennium Items","player_choice":"Took item - Received: Millennium Metronome","duelist":true,"floor":5.0,"gold_loss":0.0,"damage_taken":0.0},{"cards_removed":["theDuelist:CurseAging"],"damage_healed":0.0,"max_hp_gain":0.0,"max_hp_loss":0.0,"gold_gain":0.0,"event_name":"Golden Wing","player_choice":"Card Removal","floor":12.0,"gold_loss":0.0,"damage_taken":7.0},{"damage_healed":0.0,"max_hp_gain":0.0,"max_hp_loss":0.0,"gold_gain":50.0,"event_name":"Nest","player_choice":"Stole From Cult","floor":21.0,"gold_loss":0.0,"damage_taken":0.0},{"cards_removed":["theDuelist:RainbowKuriboh"],"damage_healed":0,"gold_gain":0,"player_choice":"Gave Gold","damage_taken":0,"max_hp_gain":0,"max_hp_loss":0,"event_name":"Beggar","floor":28,"gold_loss":75},{"damage_healed":0,"gold_gain":0,"player_choice":"Fight","duelist":true,"damage_taken":0,"max_hp_gain":0,"max_hp_loss":0,"event_name":"Battle City","floor":37,"gold_loss":0},{"damage_healed":0,"gold_gain":0,"player_choice":"Duplicated Relic - Paladin Scrollcleaver","duelist":true,"damage_taken":0,"max_hp_gain":0,"max_hp_loss":0,"event_name":"Relic Duplicator","floor":42,"gold_loss":0},{"damage_healed":0,"gold_gain":0,"player_choice":"Leave","duelist":true,"damage_taken":0,"max_hp_gain":0,"max_hp_loss":0,"event_name":"Egyptian Village","floor":47,"gold_loss":0}],"is_beta":false,"boss_relics":[{"not_picked":["Philosopher\u0027s Stone","Inserter"],"picked":"theDuelist:ElectricKey"},{"not_picked":["SlaversCollar","Coffee Dripper"],"picked":"Black Star"}],"items_purged_floors":[2,8,20],"is_endless":false,"potions_floor_spawned":[11,13,16,19,22,24,30,33,37,39],"ascension_level":20}}