{"host":"kipy315whq7pv20a","time":1614339543,"event":{"mods":["BaseMod","Marisa????????","Minty Spire (QoL Compilation)","Replay The Spire","StSLib"],"gold_per_floor":[114,114,132,146,162,190,190,204,204,235,235,266,266,266,266,369,369,387,486,504,584,602,636,561,595,620,248,266,266,279,279,279,376,376,390,390,440,460,477,477,506,506,586,603,603,426,442,453,453,453,453,453,42,76,76,76],"floor_reached":55,"language":"ENG","playtime":5045,"items_purged":["Strike_MRS"],"score":1287,"play_id":"9934e5a4-b252-45c8-82c5-5097d570ecce","local_time":"20210226123903","is_ascension_mode":true,"campfire_choices":[{"floor":7,"key":"REST"},{"data":"Singularity","floor":11,"key":"SMITH"},{"data":"PropBag","floor":15,"key":"SMITH"},{"floor":32,"key":"REST"},{"floor":40,"key":"RECALL"},{"data":"CasketOfStar","floor":42,"key":"SMITH"},{"data":"CasketOfStar","floor":45,"key":"SMITH"},{"data":"IllusionStar","floor":49,"key":"SMITH"},{"data":"IllusionStar","floor":52,"key":"SMITH"}],"circlet_count":0,"master_deck":["Strike_MRS","Strike_MRS","Defend_MRS","Defend_MRS","Defend_MRS+1","Defend_MRS","UpSweep","MysteriousBeam","PropBag+1","UnstableBomb","NonDirectionalLaser","Singularity+1","UnstableBomb+1","Neutralize","JA+1","AlicesGift","DoubleSpark","JA+1","Acceleration","StarBarrage","GrandCross","Ghostly","Ghostly","Ghostly","Ghostly","Ghostly","AsteroidBelt","CasketOfStar+1","CasketOfStar+1","UnstableBomb","MysteriousBeam+1","FairyDestructionRay+1","MagicChant+1","DarkMatter","IllusionStar+1","IllusionStar+1","LuminesStrike+1","MysteriousBeam+1","IllusionStar+1","IllusionStar","UnstableBomb+1"],"relics":["ReplayTheSpireMod:DimensionalGlitch","Busted Crown","Dream Catcher","Incense Burner","FossilizedHelix","Mango","m_TsuchinokoRing","Honey Jar","HornCleat","Potion Belt","ReplayFunnel","Guide Book","Oddly Smooth Stone","Nilry\u0027s Codex","Replay:Grab Bag","Painkiller Herb","Philosopher\u0027s Stone","ExperimentalFamiliar","Replay:Kaleidoscope","Quantum Egg","Molten Egg 2","Iron Hammer","Ice Cream","Mercury Hourglass"],"acts_visited":["Exordium","TheCity","TheBeyond","TheEnding"],"potions_floor_usage":[6,12,16,18,25,25,28,33,37,44,44,50,54],"damage_taken":[{"damage":1,"enemies":"2 Louse","floor":1,"turns":2},{"damage":0,"enemies":"Small Slimes","floor":3,"turns":2},{"damage":6,"enemies":"Jaw Worm","floor":4,"turns":2},{"damage":0,"enemies":"Exordium Thugs","floor":5,"turns":3},{"damage":8,"enemies":"Lagavulin","floor":6,"turns":3},{"damage":0,"enemies":"3 Louse","floor":8,"turns":3},{"damage":6,"enemies":"Gremlin Nob","floor":10,"turns":3},{"damage":0,"enemies":"Lagavulin","floor":12,"turns":4},{"damage":31,"enemies":"Hexaghost","floor":16,"turns":6},{"damage":0,"enemies":"Spheric Guardian","floor":18,"turns":1},{"damage":6,"enemies":"Shell Parasite","floor":20,"turns":3},{"damage":1,"enemies":"Centurion and Healer","floor":22,"turns":2},{"damage":0,"enemies":"Gremlin Leader","floor":23,"turns":5},{"damage":16,"enemies":"Slavers","floor":25,"turns":2},{"damage":8,"enemies":"Shelled Parasite and Fungi","floor":28,"turns":2},{"damage":3,"enemies":"Snake Plant","floor":30,"turns":4},{"damage":0,"enemies":"Pondfish","floor":33,"turns":9},{"damage":0,"enemies":"3 Shapes","floor":35,"turns":1},{"damage":0,"enemies":"2 Orb Walkers","floor":37,"turns":4},{"damage":0,"enemies":"3 Darklings","floor":38,"turns":3},{"damage":0,"enemies":"Maw","floor":39,"turns":6},{"damage":0,"enemies":"Giant Head","floor":41,"turns":5},{"damage":0,"enemies":"Transient","floor":44,"turns":5},{"damage":0,"enemies":"Jaw Worm Horde","floor":47,"turns":1},{"damage":0,"enemies":"3 Darklings","floor":48,"turns":3},{"damage":5,"enemies":"Time Eater","floor":50,"turns":7},{"damage":6,"enemies":"Shield and Spear","floor":54,"turns":4},{"damage":39,"enemies":"The Heart","floor":55,"turns":8}],"seed_played":"-3161702736458169370","potions_obtained":[{"floor":3,"key":"LiquidMemories"},{"floor":6,"key":"Explosive Potion"},{"floor":10,"key":"Fruit Juice"},{"floor":12,"key":"Regen Potion"},{"floor":16,"key":"PowerPotion"},{"floor":18,"key":"Toxic Potion"},{"floor":22,"key":"PowerPotion"},{"floor":25,"key":"ColorlessPotion"},{"floor":33,"key":"DistilledChaos"},{"floor":35,"key":"BlessingOfTheForge"},{"floor":37,"key":"PowerPotion"},{"floor":39,"key":"SneckoOil"}],"is_trial":false,"path_per_floor":["M","?","M","M","M","E","R","M","T","E","R","E","?","?","R","B",null,"M","?","M","T","M","E","?","E","T","$","M","?","M","?","R","B",null,"?","?","?","?","?","T","E","T","T","?","T","T","?","?","T","B",null,"T","T","E","B"],"character_chosen":"MARISA","items_purchased":["Guide Book","Oddly Smooth Stone","StarBarrage","IllusionStar","LuminesStrike+1","Iron Hammer","IllusionStar","BlessingOfTheForge","AttackPotion"],"campfire_rested":2,"item_purchase_floors":[27,27,27,46,46,53,53,53,53],"current_hp_per_floor":[74,67,67,61,61,53,75,75,75,69,69,86,86,67,67,44,94,94,94,88,88,87,87,87,71,71,71,63,47,44,19,33,33,47,47,45,45,45,45,45,45,45,45,45,45,45,45,45,45,40,45,45,45,39,0,0],"gold":76,"neow_bonus":"DOUBLE_BOSS_RELIC","is_daily":false,"chose_seed":false,"campfire_upgraded":6,"win_rate":0.0,"timestamp":1614339543,"path_taken":["M","?","M","M","M","E","R","M","T","E","R","E","?","?","R","BOSS","M","?","M","?","M","E","?","E","T","?","?","?","M","?","R","BOSS","?","?","?","?","?","T","E","T","T","?","T","?","?","?","T","BOSS","T","T","E","BOSS"],"items_purchased_type":["Relic","Relic","Card","Card","Card","Relic","Card","Potion","Potion"],"build_version":"2020-12-22","purchased_purges":1,"victory":false,"max_hp_per_floor":[75,75,75,75,75,75,75,75,75,75,75,94,94,94,94,94,94,94,94,94,94,94,94,94,94,94,94,94,47,47,47,47,47,47,47,45,45,45,45,45,45,45,45,45,45,45,45,45,45,45,45,45,45,45,45,45],"card_choices":[{"not_picked":[],"picked":"MysteriousBeam","floor":1},{"not_picked":[],"picked":"PropBag","floor":3},{"not_picked":[],"picked":"UnstableBomb","floor":4},{"not_picked":["ShootTheMoon"],"picked":"SKIP","floor":5},{"not_picked":[],"picked":"NonDirectionalLaser","floor":6},{"not_picked":[],"picked":"Singularity","floor":8},{"not_picked":["EventHorizon"],"picked":"SKIP","floor":10},{"not_picked":[],"picked":"UnstableBomb","floor":12},{"not_picked":[],"picked":"JA","floor":16},{"not_picked":["MilkyWay"],"picked":"AlicesGift","floor":18},{"not_picked":["GravityBeat"],"picked":"DoubleSpark","floor":20},{"not_picked":["Robbery"],"picked":"Occultation","floor":22},{"not_picked":["GravityBeat+1"],"picked":"JA","floor":23},{"not_picked":["NonDirectionalLaser"],"picked":"Acceleration","floor":25},{"not_picked":["DC+1"],"picked":"GrandCross","floor":28},{"not_picked":["ShootTheMoon"],"picked":"AsteroidBelt","floor":30},{"not_picked":["NonDirectionalLaser+1"],"picked":"CasketOfStar","floor":32},{"not_picked":["ManaRampage"],"picked":"CasketOfStar","floor":33},{"not_picked":["DC"],"picked":"UnstableBomb","floor":35},{"not_picked":["SprinkleStarSeal"],"picked":"MysteriousBeam+1","floor":37},{"not_picked":["GasGiant"],"picked":"FairyDestructionRay+1","floor":38},{"not_picked":["NonDirectionalLaser"],"picked":"MagicChant+1","floor":39},{"not_picked":["OneTimeOff"],"picked":"DarkMatter","floor":41},{"not_picked":["Acceleration+1"],"picked":"IllusionStar","floor":44},{"not_picked":["Robbery+1"],"picked":"MysteriousBeam+1","floor":47},{"not_picked":["MaximisePower"],"picked":"IllusionStar+1","floor":48},{"not_picked":["DC+1"],"picked":"UnstableBomb+1","floor":54}],"player_experience":168148,"relics_obtained":[{"floor":6,"key":"Dream Catcher"},{"floor":9,"key":"Incense Burner"},{"floor":10,"key":"FossilizedHelix"},{"floor":12,"key":"Mango"},{"floor":21,"key":"HornCleat"},{"floor":23,"key":"Potion Belt"},{"floor":25,"key":"ReplayFunnel"},{"floor":31,"key":"Nilry\u0027s Codex"},{"floor":37,"key":"Replay:Kaleidoscope"},{"floor":41,"key":"Quantum Egg"},{"floor":43,"key":"Molten Egg 2"},{"floor":54,"key":"Ice Cream"}],"event_choices":[{"cards_removed":["Strike_MRS"],"damage_healed":0,"gold_gain":0,"player_choice":"Card Removal","damage_taken":7,"max_hp_gain":0,"max_hp_loss":0,"event_name":"Golden Wing","floor":2,"gold_loss":0},{"damage_healed":0,"gold_gain":0,"player_choice":"Entered Light","damage_taken":19,"max_hp_gain":0,"max_hp_loss":0,"event_name":"Shining Light","floor":14,"gold_loss":0,"cards_upgraded":["Defend_MRS","UnstableBomb"]},{"damage_healed":0,"gold_gain":99,"player_choice":"Stole From Cult","damage_taken":0,"max_hp_gain":0,"max_hp_loss":0,"event_name":"Nest","floor":19,"gold_loss":0},{"cards_removed":["Occultation"],"damage_healed":0,"gold_gain":0,"player_choice":"Gave Gold","damage_taken":0,"max_hp_gain":0,"max_hp_loss":0,"event_name":"Beggar","floor":24,"gold_loss":75},{"damage_healed":0,"gold_gain":0,"player_choice":"Became a Ghost","damage_taken":0,"max_hp_gain":0,"max_hp_loss":47,"event_name":"Ghosts","floor":29,"gold_loss":0,"cards_obtained":["Ghostly","Ghostly","Ghostly","Ghostly","Ghostly"]},{"damage_healed":0,"gold_gain":0,"player_choice":"Obtained Book","damage_taken":16,"max_hp_gain":0,"max_hp_loss":0,"event_name":"Cursed Tome","floor":31,"gold_loss":0},{"damage_healed":0,"gold_gain":0,"player_choice":"Max HP","damage_taken":0,"max_hp_gain":0,"max_hp_loss":2,"event_name":"Winding Halls","floor":36,"gold_loss":0},{"damage_healed":0,"gold_gain":0,"player_choice":"Fight","damage_taken":0,"max_hp_gain":0,"max_hp_loss":0,"event_name":"Mysterious Sphere","floor":37,"gold_loss":0}],"is_beta":false,"boss_relics":[{"not_picked":["Snecko Eye","Ring of Chaos"],"picked":"Honey Jar"},{"not_picked":["Velvet Choker","Coffee Dripper"],"picked":"Replay:Grab Bag"},{"not_picked":["Replay:Bronze Core","ReplayTheSpireMod:Onyx Gauntlets"],"picked":"Painkiller Herb"},{"not_picked":["Sozu","Runic Dome"],"picked":"Philosopher\u0027s Stone"},{"not_picked":["Calling Bell","Kintsugi"],"picked":"ExperimentalFamiliar"}],"items_purged_floors":[46],"is_endless":false,"potions_floor_spawned":[3,6,10,12,16,18,22,25,33,35,37,39],"killed_by":"The Heart","ascension_level":1}}