{"host":"ml2ro5l6hu6y0pll","time":1614372140,"event":{"mods":["AchievementEnabler","BaseMod","Colored Map","Colored Powertips","Custom Start","Googly Eyes","Minty Spire (QoL Compilation)","Quick Restart","Rare Cards Sparkle","Relic Stats","StSLib","everything is the same but u backflip on backflip"],"gold_per_floor":[116,41,56,75,175,175,207,219,219,219,229,256,267,302,302,379,379,390,407,407,407,322,322,356,356,356,372,390,390,98,108,108,182,182,201,201,201,4,17,17,32,32,32,59,159,179,0,0,0,0],"floor_reached":51,"language":"ENG","playtime":2743,"items_purged":["Strike_B","Strike_B","Writhe"],"score":1383,"play_id":"101047ba-aae9-4b1e-b283-b1e066bc06b0","local_time":"20210226204220","is_ascension_mode":true,"campfire_choices":[{"data":"Zap","floor":6.0,"key":"SMITH"},{"data":"Coolheaded","floor":10.0,"key":"SMITH"},{"data":"Buffer","floor":15.0,"key":"SMITH"},{"data":"RitualDagger","floor":23.0,"key":"SMITH"},{"floor":29.0,"key":"REST"},{"data":"Doom and Gloom","floor":32.0,"key":"SMITH"},{"data":"Loop","floor":40.0,"key":"SMITH"},{"data":"Defragment","floor":49.0,"key":"SMITH"}],"circlet_count":0,"master_deck":["AscendersBane","Strike_B","Defend_B","Defend_B","Defend_B","Defend_B","Zap+1","Dualcast","Rebound","FTL","Cold Snap","Coolheaded+1","Steam","Buffer+1","Ball Lightning","Doom and Gloom+1","Glacier","RitualDagger+1","Sweeping Beam+1","Flash of Steel","Loop+1","Defragment+1"],"relics":["Cracked Core","InkBottle","Symbiotic Virus","Matryoshka","Nuclear Battery","Pantograph","Orichalcum","Boot","Letter Opener","Pen Nib","Bronze Scales","Bag of Preparation","Lee\u0027s Waffle","Cursed Key","Juzu Bracelet","Red Mask"],"acts_visited":["Exordium","TheCity","TheBeyond"],"potions_floor_usage":[50,50],"damage_taken":[{"damage":1.0,"enemies":"Cultist","floor":1.0,"turns":3.0},{"damage":8.0,"enemies":"2 Louse","floor":3.0,"turns":2.0},{"damage":0.0,"enemies":"Small Slimes","floor":4.0,"turns":2.0},{"damage":10.0,"enemies":"3 Sentries","floor":7.0,"turns":10.0},{"damage":4.0,"enemies":"2 Fungi Beasts","floor":8.0,"turns":3.0},{"damage":2.0,"enemies":"Looter","floor":11.0,"turns":3.0},{"damage":8.0,"enemies":"Lagavulin","floor":12.0,"turns":6.0},{"damage":0.0,"enemies":"3 Louse","floor":13.0,"turns":2.0},{"damage":8.0,"enemies":"Gremlin Nob","floor":14.0,"turns":3.0},{"damage":0.0,"enemies":"Slime Boss","floor":16.0,"turns":7.0},{"damage":11.0,"enemies":"3 Byrds","floor":18.0,"turns":4.0},{"damage":0.0,"enemies":"Spheric Guardian","floor":19.0,"turns":1.0},{"damage":47.0,"enemies":"Slavers","floor":24.0,"turns":8.0},{"damage":4.0,"enemies":"Snake Plant","floor":27.0,"turns":4.0},{"damage":6.0,"enemies":"Cultist and Chosen","floor":28.0,"turns":5.0},{"damage":1.0,"enemies":"Shelled Parasite and Fungi","floor":31.0,"turns":5.0},{"damage":63.0,"enemies":"Automaton","floor":33.0,"turns":14.0},{"damage":0.0,"enemies":"Orb Walker","floor":35.0,"turns":3.0},{"damage":0.0,"enemies":"3 Shapes","floor":39.0,"turns":3.0},{"damage":0.0,"enemies":"3 Darklings","floor":41.0,"turns":3.0},{"damage":0.0,"enemies":"Nemesis","floor":44.0,"turns":5.0},{"damage":0.0,"enemies":"Writhing Mass","floor":46.0,"turns":6.0},{"damage":53,"enemies":"Donu and Deca","floor":50,"turns":9}],"seed_played":"4598913374014368478","potions_obtained":[{"floor":1.0,"key":"Fire Potion"},{"floor":4.0,"key":"ColorlessPotion"},{"floor":7.0,"key":"Block Potion"},{"floor":12.0,"key":"Fruit Juice"},{"floor":13.0,"key":"Regen Potion"},{"floor":19.0,"key":"FearPotion"},{"floor":28.0,"key":"Dexterity Potion"},{"floor":31.0,"key":"GamblersBrew"},{"floor":39.0,"key":"PowerPotion"},{"floor":46.0,"key":"LiquidMemories"}],"is_trial":false,"path_per_floor":["M","$","M","M","?","R","E","M","T","R","M","E","M","E","R","B",null,"M","M","T","?","?","R","E","?","T","M","M","R","$","M","R","B",null,"M","?","?","$","M","R","M","?","T","E","?","M","?","?","R","B",null],"character_chosen":"DEFECT","items_purchased":["Lee\u0027s Waffle","Block Potion","Loop"],"campfire_rested":1,"item_purchase_floors":[30,30,38],"current_hp_per_floor":[70,70,62,62,62,62,52,48,48,48,46,38,43,35,35,35,71,60,60,60,54,54,54,22,22,22,18,12,36,90,89,89,27,74,74,74,74,74,74,74,74,74,74,74,74,74,74,74,74,32],"gold":0,"neow_bonus":"TEN_PERCENT_HP_BONUS","is_daily":false,"chose_seed":false,"campfire_upgraded":7,"win_rate":0.0,"timestamp":1614372140,"path_taken":["M","?","M","M","?","R","E","M","T","R","M","E","?","E","R","BOSS","M","M","?","?","?","R","E","?","T","M","M","R","$","M","R","BOSS","M","?","?","$","M","R","M","?","T","E","?","M","?","?","R","BOSS"],"items_purchased_type":["Relic","Potion","Card"],"build_version":"2020-12-22","purchased_purges":3,"victory":true,"max_hp_per_floor":[78,78,78,78,78,78,78,78,78,78,78,78,83,83,83,83,83,83,83,83,83,83,83,83,83,83,83,83,83,90,90,90,90,90,90,90,90,90,90,90,90,85,85,85,85,85,85,85,85,85],"relic_stats":{"Lee\u0027s Waffle":54,"counters":[23,111],"Pen Nib":[11],"Bag of Preparation":[20],"Juzu Bracelet":1,"Letter Opener":[70],"Orichalcum":[90],"Boot":[51],"Cursed Key":0,"Pantograph":12,"Bronze Scales":[159],"obtain_stats":[{"Lee\u0027s Waffle":30,"Pen Nib":25,"Bag of Preparation":26,"Juzu Bracelet":44,"Letter Opener":24,"Orichalcum":20,"Boot":22,"Cursed Key":34,"Nuclear Battery":17,"Matryoshka":14,"Pantograph":20,"Bronze Scales":26,"Red Mask":47,"Cracked Core":0,"Symbiotic Virus":12,"InkBottle":7},{"Lee\u0027s Waffle":15,"Pen Nib":13,"Bag of Preparation":13,"Juzu Bracelet":21,"Letter Opener":13,"Orichalcum":12,"Boot":12,"Cursed Key":17,"Nuclear Battery":10,"Matryoshka":9,"Pantograph":12,"Bronze Scales":13,"Red Mask":22,"Cracked Core":0,"Symbiotic Virus":7,"InkBottle":4},{"Lee\u0027s Waffle":63,"Pen Nib":54,"Bag of Preparation":54,"Juzu Bracelet":96,"Letter Opener":54,"Orichalcum":46,"Boot":46,"Cursed Key":82,"Nuclear Battery":41,"Matryoshka":34,"Pantograph":46,"Bronze Scales":54,"Red Mask":102,"Cracked Core":0,"Symbiotic Virus":29,"InkBottle":17}],"InkBottle":[31]},"card_choices":[{"not_picked":["Steam Power","Rip and Tear"],"picked":"Rebound","floor":1.0},{"not_picked":["Reinforced Body","Go for the Eyes"],"picked":"FTL","floor":3.0},{"not_picked":["Aggregate","Reprogram","Double Energy"],"picked":"SKIP","floor":4.0},{"not_picked":["Turbo","Steam"],"picked":"Cold Snap","floor":7.0},{"not_picked":["Reprogram","Rebound"],"picked":"Coolheaded","floor":8.0},{"not_picked":["Heatsinks","Steam","Reprogram"],"picked":"SKIP","floor":11.0},{"not_picked":["Heatsinks","Reprogram"],"picked":"Steam","floor":11.0},{"not_picked":["FTL","Rebound"],"picked":"Buffer","floor":12.0},{"not_picked":["Conserve Battery","Tempest","Beam Cell"],"picked":"SKIP","floor":13.0},{"not_picked":["White Noise","Coolheaded"],"picked":"Ball Lightning","floor":14.0},{"not_picked":["Darkness","Streamline"],"picked":"Doom and Gloom","floor":18.0},{"not_picked":["Barrage","Hologram"],"picked":"Glacier","floor":19.0},{"not_picked":["Turbo","Fusion","Stack"],"picked":"SKIP","floor":24.0},{"not_picked":["Steam","Heatsinks"],"picked":"Sweeping Beam+1","floor":27.0},{"not_picked":["Turbo","Heatsinks","Gash"],"picked":"SKIP","floor":28.0},{"not_picked":["Skim","Static Discharge+1","Rebound"],"picked":"SKIP","floor":31.0},{"not_picked":["Coolheaded","Stack+1","Beam Cell"],"picked":"SKIP","floor":35.0},{"not_picked":["Discovery","Swift Strike"],"picked":"Flash of Steel","floor":37.0},{"not_picked":["Ball Lightning","Gash","Sunder+1"],"picked":"SKIP","floor":39.0},{"not_picked":["Rebound","Blizzard","Beam Cell"],"picked":"SKIP","floor":41.0},{"not_picked":["Reprogram+1","Coolheaded","Amplify"],"picked":"SKIP","floor":44.0},{"not_picked":["Cold Snap","Double Energy"],"picked":"Defragment","floor":46.0}],"player_experience":950373,"relics_obtained":[{"floor":7.0,"key":"InkBottle"},{"floor":12.0,"key":"Symbiotic Virus"},{"floor":14.0,"key":"Matryoshka"},{"floor":20.0,"key":"Pantograph"},{"floor":20.0,"key":"Orichalcum"},{"floor":24.0,"key":"Letter Opener"},{"floor":26.0,"key":"Bronze Scales"},{"floor":26.0,"key":"Bag of Preparation"},{"floor":44.0,"key":"Juzu Bracelet"}],"event_choices":[{"damage_healed":0.0,"max_hp_gain":0.0,"max_hp_loss":0.0,"gold_gain":100.0,"event_name":"Golden Shrine","player_choice":"Pray","floor":5.0,"gold_loss":0.0,"damage_taken":0.0},{"damage_healed":0.0,"max_hp_gain":0.0,"max_hp_loss":0.0,"gold_gain":0.0,"event_name":"Nest","player_choice":"Joined the Cult","floor":21.0,"gold_loss":0.0,"damage_taken":6.0,"cards_obtained":["RitualDagger"]},{"damage_healed":0.0,"max_hp_gain":0.0,"max_hp_loss":0.0,"gold_gain":0.0,"event_name":"Addict","player_choice":"Obtained Relic","floor":22.0,"gold_loss":85.0,"damage_taken":0.0,"relics_obtained":["Boot"]},{"damage_healed":0.0,"max_hp_gain":0.0,"max_hp_loss":0.0,"gold_gain":0.0,"event_name":"The Mausoleum","player_choice":"Opened","floor":25.0,"gold_loss":0.0,"damage_taken":0.0,"relics_obtained":["Pen Nib"],"cards_obtained":["Writhe"]},{"cards_removed":["Strike_B"],"damage_healed":0.0,"max_hp_gain":0.0,"max_hp_loss":0.0,"gold_gain":0.0,"event_name":"Falling","player_choice":"Removed Attack","floor":36.0,"gold_loss":0.0,"damage_taken":0.0},{"damage_healed":0.0,"max_hp_gain":0.0,"max_hp_loss":0.0,"gold_gain":0.0,"event_name":"SensoryStone","player_choice":"Memory 1","floor":37.0,"gold_loss":0.0,"damage_taken":0.0},{"damage_healed":0.0,"max_hp_gain":0.0,"max_hp_loss":5.0,"gold_gain":0.0,"event_name":"Winding Halls","player_choice":"Max HP","floor":42.0,"gold_loss":0.0,"damage_taken":0.0},{"damage_healed":0.0,"max_hp_gain":0.0,"max_hp_loss":0.0,"gold_gain":100.0,"event_name":"Golden Shrine","player_choice":"Pray","floor":45.0,"gold_loss":0.0,"damage_taken":0.0},{"damage_healed":0.0,"max_hp_gain":0.0,"max_hp_loss":0.0,"gold_gain":0.0,"event_name":"Tomb of Lord Red Mask","player_choice":"Paid","floor":47.0,"gold_loss":179.0,"damage_taken":0.0,"relics_obtained":["Red Mask"]},{"damage_healed":0.0,"max_hp_gain":0.0,"max_hp_loss":0.0,"gold_gain":0.0,"event_name":"Mysterious Sphere","player_choice":"Ignored","floor":48.0,"gold_loss":0.0,"damage_taken":0.0}],"is_beta":false,"boss_relics":[{"not_picked":["Fusion Hammer","SlaversCollar"],"picked":"Nuclear Battery"},{"not_picked":["Velvet Choker","Snecko Eye"],"picked":"Cursed Key"}],"items_purged_floors":[2,30,38],"is_endless":false,"potions_floor_spawned":[1,4,7,12,13,16,19,28,31,39,46],"ascension_level":14}}