{"host":"pptp7dign1ra93gk","time":1614329055,"event":{"mods":["Act Like it!","Aspiration","BaseMod","Conspire","Downfall","Gensokyo","Marisa£®ÏF”Í°°ƒß¿Ì…≥£©","Minty Spire (QoL Compilation)","Remilia£®¿Ÿ√◊¿Ú—«£©","Replay The Spire","StSLib","The Construct","The Cursed","The Servant 0.9.4","Youmu£®ªÍ∆«—˝√Œ£©","Yuyuko","≤–¡Ù÷ÆŒÔ"],"gold_per_floor":[115,115,133,149,99,99,113,113,192,219,239,250,22,41,41,41,41],"floor_reached":16,"language":"ZHS","playtime":885,"items_purged":["PlaceholderMod:DissolvingSpikes"],"score":129,"play_id":"84bacd8f-1eed-4501-8d3f-cf893998131a","local_time":"20210226164415","daily_mods":["SealedDeck"],"is_ascension_mode":false,"campfire_choices":[{"data":"PlaceholderMod:EvolutionSpray","floor":6,"key":"SMITH"},{"data":"PlaceholderMod:ComplexForm","floor":15,"key":"SMITH"}],"circlet_count":0,"master_deck":["PlaceholderMod:AttackAsDefend","PlaceholderMod:UnpureUse","PlaceholderMod:ProliferateStrike","PlaceholderMod:DissolvingSpikes","PlaceholderMod:SprayAttack","PlaceholderMod:Hard","PlaceholderMod:Hyperplasia","PlaceholderMod:StressReaction","PlaceholderMod:ThreeBenzyolStart","PlaceholderMod:ProliferateStrike","PlaceholderMod:EvolutionSpray+1","conspire:SpireCoStock","PlaceholderMod:ComplexForm+1","PlaceholderMod:ThreeBenzyolStart","PlaceholderMod:Colorful"],"relics":["PlaceholderMod:Tancle","WarpedTongs","Mirror","Pen Nib","Sling"],"acts_visited":["Exordium"],"potions_floor_usage":[16,16],"damage_taken":[{"damage":5,"enemies":"2 Louse","floor":1,"turns":2},{"damage":4,"enemies":"Cultist","floor":3,"turns":2},{"damage":17,"enemies":"Jaw Worm","floor":4,"turns":2},{"damage":5,"enemies":"Large Slime","floor":7,"turns":3},{"damage":0,"enemies":"Gremlin Nob","floor":10,"turns":3},{"damage":13,"enemies":"Red Slaver","floor":11,"turns":2},{"damage":12,"enemies":"2 Fungi Beasts","floor":12,"turns":2},{"damage":0,"enemies":"3 Louse","floor":14,"turns":2},{"damage":24,"enemies":"The Guardian","floor":16,"turns":3}],"seed_played":"-1665719558361622389","potions_obtained":[{"floor":1,"key":"PowerPotion"},{"floor":3,"key":"SmokeBomb"},{"floor":4,"key":"FearPotion"}],"is_trial":true,"path_per_floor":["M","?","M","M","?","R","M","?","T","E","M","M","$","M","R","B"],"character_chosen":"THE_PLACEHOLDER","items_purchased":["Sling"],"campfire_rested":0,"item_purchase_floors":[13],"current_hp_per_floor":[73,73,69,52,52,52,47,47,47,47,34,22,22,22,22,0,0],"gold":41,"neow_bonus":"","is_daily":false,"chose_seed":false,"campfire_upgraded":2,"win_rate":0.0,"timestamp":1614329055,"path_taken":["M","?","?","?","?","R","M","?","T","E","?","M","$","M","R","BOSS"],"items_purchased_type":["Relic"],"build_version":"2020-12-22","purchased_purges":1,"victory":false,"max_hp_per_floor":[78,78,78,78,78,78,78,78,78,78,78,78,78,78,78,78,78],"card_choices":[{"not_picked":["PlaceholderMod:Sweep","PlaceholderMod:PoisonExcitation"],"picked":"PlaceholderMod:ProliferateStrike","floor":1},{"not_picked":["PlaceholderMod:Sweep","PlaceholderMod:HardStinger"],"picked":"PlaceholderMod:EvolutionSpray","floor":3},{"not_picked":["PlaceholderMod:ParasiteChange","PlaceholderMod:DissolvingSpikes","PlaceholderMod:PoisonAbsorb"],"picked":"SKIP","floor":4},{"not_picked":["PlaceholderMod:InnerStable","PlaceholderMod:Hyperplasia"],"picked":"PlaceholderMod:ComplexForm","floor":7},{"not_picked":["PlaceholderMod:NearChange","PlaceholderMod:Internalization"],"picked":"PlaceholderMod:ThreeBenzyolStart","floor":10},{"not_picked":["PlaceholderMod:Sweep","PlaceholderMod:Break","PlaceholderMod:AttackAsDefend"],"picked":"SKIP","floor":11},{"not_picked":["PlaceholderMod:ConsolidateHit","PlaceholderMod:ChainPoly"],"picked":"PlaceholderMod:Colorful","floor":12},{"not_picked":["PlaceholderMod:HardStinger","PlaceholderMod:HealingAttack","PlaceholderMod:DirectingGroup"],"picked":"SKIP","floor":14}],"player_experience":144328,"relics_obtained":[{"floor":9,"key":"Mirror"},{"floor":10,"key":"Pen Nib"}],"event_choices":[{"damage_healed":0,"gold_gain":0,"player_choice":"Rummage","damage_taken":0,"relics_obtained":["WarpedTongs"],"max_hp_gain":0,"max_hp_loss":0,"event_name":"Accursed Blacksmith","floor":2,"gold_loss":0,"cards_obtained":["Pain"]},{"damage_healed":0,"gold_gain":0,"player_choice":"Invest 1","damage_taken":0,"max_hp_gain":0,"max_hp_loss":0,"event_name":"conspire:Investor","floor":5,"gold_loss":0},{"cards_removed":["Pain"],"damage_healed":0,"gold_gain":0,"player_choice":"Purged","damage_taken":0,"max_hp_gain":0,"max_hp_loss":0,"event_name":"Purifier","floor":8,"gold_loss":0}],"is_beta":false,"boss_relics":[],"items_purged_floors":[13],"is_endless":false,"potions_floor_spawned":[1,3,4,7],"killed_by":"The Guardian","ascension_level":0}}