{"host":"5ueuk67tsx07ylcu","time":1614356044,"event":{"mods":["BaseMod","Colored Map","Colored Powertips","Downfall","Duelist Mod","GifTheSpireLib","Hermit","Infinite Spire","Lobotomy","Minty Spire (QoL Compilation)","StSLib","The Animator"],"gold_per_floor":[129,54,81,100,100,100,127,145,172,172,187,203,233,267,267,371,421,437,410,410,88,88,147,147,166,166,190,190,201,3,102,102,199,199,215,269,269,283,283,283,317,351,351,368,368,368,216,227,227,227,227,227,227,160,195,195,195],"floor_reached":56,"language":"ENG","playtime":5775,"items_purged":["animator:Defend","animator:Strike","animator:Strike","Parasite"],"score":848,"play_id":"acc8ea7f-dd6d-457a-9be3-6fec6804ad7d","local_time":"20210226111404","is_ascension_mode":true,"campfire_choices":[{"data":"animator:Rena","floor":6,"key":"SMITH"},{"floor":10,"key":"RECALL"},{"data":"animator:Add","floor":15,"key":"SMITH"},{"floor":28,"key":"REST"},{"data":"animator:Laby","floor":32,"key":"SMITH"},{"floor":40,"key":"REST"},{"floor":46,"key":"REST"},{"floor":49,"key":"REST"},{"data":"animator:Eve","floor":52,"key":"SMITH"}],"circlet_count":0,"master_deck":["animator:Strike_Elsword","animator:Defend_Elsword","animator:Chung+1","animator:Raven","animator:Rena+1","animator:Shuna","animator:AcuraAkari","animator:Add+1","animator:Rena","animator:PinaCoLada","animator:Elsword","animator:Add","animator:Laby+1","animator:Aisha","animator:Eve+1","animator:Elesis","animator:Benimaru","animator:Elsword+1","infinitespire:NeuralNetwork","animator:Aisha+1","animator:Souei+1","animator:Shuna","animator:Aisha+1","animator:Add"],"relics":["animator:LivingPicture","animator:TheMissingPiece","Meat on the Bone","Charon\u0027s Ashes","Tiny House","MutagenicStrength","Regal Pillow","Enchiridion","Lantern","Boot","Empty Cage","FossilizedHelix","Blue Candle","Bronze Scales","InkBottle","Runic Dome","DollysMirror","Paper Frog"],"acts_visited":["TheCity","TheBeyond","TheEnding"],"potions_floor_usage":[7,7,11,16,18,23,33,33,36,36,55],"damage_taken":[{"damage":3,"enemies":"Jaw Worm","floor":1,"turns":4},{"damage":0,"enemies":"Cultist","floor":3,"turns":3},{"damage":0,"enemies":"2 Louse","floor":4,"turns":3},{"damage":0,"enemies":"Gremlin Nob","floor":7,"turns":3},{"damage":0,"enemies":"2 Fungi Beasts","floor":8,"turns":3},{"damage":0,"enemies":"3 Louse","floor":11,"turns":2},{"damage":3,"enemies":"Looter","floor":12,"turns":3},{"damage":0,"enemies":"2 Fungi Beasts","floor":13,"turns":5},{"damage":15,"enemies":"3 Sentries","floor":14,"turns":9},{"damage":24,"enemies":"Hexaghost","floor":16,"turns":11},{"damage":0,"enemies":"3 Byrds","floor":18,"turns":7},{"damage":28,"enemies":"2 Thieves","floor":19,"turns":5},{"damage":23,"enemies":"Gremlin Leader","floor":23,"turns":6},{"damage":0,"enemies":"Snake Plant","floor":25,"turns":4},{"damage":4,"enemies":"Snecko","floor":27,"turns":5},{"damage":0,"enemies":"Centurion and Healer","floor":29,"turns":8},{"damage":20,"enemies":"Champ","floor":33,"turns":13},{"damage":2,"enemies":"Orb Walker","floor":35,"turns":3},{"damage":12,"enemies":"2 Orb Walkers","floor":36,"turns":6},{"damage":38,"enemies":"3 Darklings","floor":38,"turns":6},{"damage":0,"enemies":"Nemesis","floor":41,"turns":5},{"damage":1,"enemies":"Maw","floor":42,"turns":6},{"damage":7,"enemies":"Writhing Mass","floor":44,"turns":6},{"damage":28,"enemies":"3 Darklings","floor":48,"turns":4},{"damage":27,"enemies":"Donu and Deca","floor":50,"turns":9},{"damage":45,"enemies":"Shield and Spear","floor":55,"turns":8},{"damage":44,"enemies":"The Heart","floor":56,"turns":2}],"seed_played":"-3359676621828659916","potions_obtained":[{"floor":1,"key":"DistilledChaos"},{"floor":3,"key":"Explosive Potion"},{"floor":7,"key":"Explosive Potion"},{"floor":13,"key":"LiquidMemories"},{"floor":17,"key":"Slimebound:ThreeZeroPotion"},{"floor":19,"key":"Regen Potion"},{"floor":25,"key":"bronze:BurnAndBuffPotion"},{"floor":29,"key":"sneckomod:MuddlingPotion"},{"floor":33,"key":"Guardian:BlockOnCardUsePotion"},{"floor":35,"key":"ColorlessPotion"},{"floor":44,"key":"Swift Potion"},{"floor":48,"key":"Regen Potion"},{"floor":55,"key":"SpeedPotion"}],"is_trial":false,"path_per_floor":["M","$","M","M","?","R","E","M","T","R","M","M","M","E","R","B",null,"M","M","?","$","?","E","?","M","T","M","R","M","$","?","R","B",null,"M","?","?","M","?","R","E","M","T","M","AVR","R","$","M","R","B",null,"R","??","$","E","B"],"character_chosen":"THE_ANIMATOR","items_purchased":["animator:Laby","Regal Pillow","animator:Eve","DollysMirror","animator:Add"],"campfire_rested":4,"item_purchase_floors":[21,21,30,47,54],"current_hp_per_floor":[45,45,45,45,45,45,46,46,46,46,46,43,43,40,40,28,72,72,45,45,45,29,33,33,45,45,41,73,73,73,73,73,55,75,74,62,43,17,12,49,49,48,48,41,41,73,73,45,73,46,73,73,73,73,42,0,0],"gold":195,"neow_bonus":"REMOVE_TWO","is_daily":false,"chose_seed":false,"campfire_upgraded":4,"win_rate":0.0,"timestamp":1614356044,"path_taken":["M","$","M","M","?","R","E","M","T","R","M","?","M","E","R","BOSS","M","M","?","$","?","E","?","M","T","M","R","M","?","?","R","BOSS","M","?","?","M","?","R","E","M","T","M","AVR","R","$","M","R","BOSS","R","??","$","E","BOSS"],"items_purchased_type":["Card","Relic","Card","Relic","Card"],"build_version":"2020-12-22","purchased_purges":4,"victory":false,"max_hp_per_floor":[66,66,66,66,66,66,67,67,67,67,67,67,67,67,67,67,72,72,73,73,73,73,73,73,73,73,73,73,73,73,73,73,75,75,76,76,76,76,76,76,76,76,76,76,73,73,73,73,73,73,73,73,73,73,73,73,73],"card_choices":[{"not_picked":["animator:SilverFang","animator:Add"],"picked":"animator:Rena","floor":1},{"not_picked":["animator:Priestess","animator:SuzuneAmano"],"picked":"animator:Shuna","floor":3},{"not_picked":["animator:Melzalgald","animator:Millim"],"picked":"animator:AcuraAkari","floor":4},{"not_picked":["animator:Aisha","animator:Raven"],"picked":"animator:Add","floor":7},{"not_picked":["animator:LeleiLaLalena","animator:ChaikaBohdan"],"picked":"animator:Rena","floor":8},{"not_picked":["animator:Spearman","animator:YachiyoNanami","animator:Priestess"],"picked":"SKIP","floor":11},{"not_picked":["animator:Genos","animator:Guy"],"picked":"animator:PinaCoLada","floor":12},{"not_picked":["animator:Ain","animator:Chung"],"picked":"animator:Elsword","floor":13},{"not_picked":["animator:Tyuule","animator:SilverFang"],"picked":"animator:Add","floor":14},{"not_picked":["animator:ChaikaTrabant","animator:GoblinSlayer"],"picked":"animator:ItamiYouji","floor":16},{"not_picked":["animator:YaoHaDucy","animator:MamiTomoe","animator:Guy"],"picked":"SKIP","floor":18},{"not_picked":["animator:Tatsumaki+1","animator:Genos"],"picked":"animator:Ciel","floor":19},{"not_picked":["animator:Ciel","animator:Ara"],"picked":"animator:Aisha","floor":23},{"not_picked":["animator:Fredrika+1","animator:DwarfShaman","animator:Benimaru+1"],"picked":"SKIP","floor":25},{"not_picked":["animator:GuildGirl","animator:Fredrika","animator:Benimaru"],"picked":"SKIP","floor":27},{"not_picked":["animator:Geryuganshoop","animator:Ara","animator:Vesta"],"picked":"SKIP","floor":29},{"not_picked":["animator:MadokaKaname","animator:Rimuru"],"picked":"animator:Elesis","floor":33},{"not_picked":["animator:GazelDwargon","animator:Vesta"],"picked":"animator:Benimaru","floor":35},{"not_picked":["animator:GazelDwargon","animator:CowGirl"],"picked":"animator:Elsword+1","floor":36},{"not_picked":["infinitespire:UltimateForm","infinitespire:SevenWalls"],"picked":"infinitespire:NeuralNetwork","floor":37},{"not_picked":["animator:Chung+1","animator:Add","animator:Elsword+1"],"picked":"SKIP","floor":38},{"not_picked":["animator:Lu+1","animator:Hakurou+1"],"picked":"animator:Aisha+1","floor":41},{"not_picked":["animator:DwarfShaman","animator:CowGirl"],"picked":"animator:Souei+1","floor":42},{"not_picked":["animator:Souei","animator:Hakurou"],"picked":"animator:Shuna","floor":44},{"not_picked":["animator:Fredrika+1","animator:Kaijin","animator:Sonic+1"],"picked":"SKIP","floor":48},{"not_picked":["animator:Geryuganshoop","animator:Ciel+1","animator:Priestess+1"],"picked":"SKIP","floor":55}],"player_experience":338906,"relics_obtained":[{"floor":7,"key":"Meat on the Bone"},{"floor":14,"key":"Charon\u0027s Ashes"},{"floor":22,"key":"Enchiridion"},{"floor":23,"key":"Lantern"},{"floor":26,"key":"Boot"},{"floor":36,"key":"FossilizedHelix"},{"floor":41,"key":"Bronze Scales"},{"floor":43,"key":"InkBottle"},{"floor":55,"key":"Paper Frog"}],"event_choices":[{"cards_removed":["animator:Strike"],"damage_healed":0,"gold_gain":0,"player_choice":"Offered Basic","damage_taken":0,"max_hp_gain":0,"max_hp_loss":0,"event_name":"Bonfire Elementals","floor":5,"gold_loss":0},{"damage_healed":0,"gold_gain":0,"player_choice":"Inject Mutagens","damage_taken":0,"relics_obtained":["MutagenicStrength"],"max_hp_gain":0,"max_hp_loss":0,"event_name":"Drug Dealer","floor":20,"gold_loss":0},{"damage_healed":0,"gold_gain":0,"player_choice":"Obtained Book","damage_taken":16,"max_hp_gain":0,"max_hp_loss":0,"event_name":"Cursed Tome","floor":22,"gold_loss":0},{"damage_healed":0,"gold_gain":0,"player_choice":"Ignored","damage_taken":0,"max_hp_gain":0,"max_hp_loss":0,"event_name":"Vampires","floor":24,"gold_loss":0},{"damage_healed":0,"gold_gain":99,"player_choice":"Stole From Cult","damage_taken":0,"max_hp_gain":0,"max_hp_loss":0,"event_name":"Nest","floor":31,"gold_loss":0},{"damage_healed":0,"gold_gain":0,"player_choice":"Fight","damage_taken":0,"max_hp_gain":0,"max_hp_loss":0,"event_name":"Mysterious Sphere","floor":36,"gold_loss":0}],"is_beta":false,"boss_relics":[{"not_picked":["Coffee Dripper","Pandora\u0027s Box"],"picked":"Tiny House"},{"not_picked":["Velvet Choker","Black Star"],"picked":"Empty Cage"}],"items_purged_floors":[2,21,30,45],"is_endless":false,"potions_floor_spawned":[1,3,7,13,19,25,29,33,35,44,48,55],"killed_by":"The Heart","ascension_level":1}}