{"host":"mu5qkq7030l6349q","time":1614374880,"event":{"mods":["AchievementEnabler","BaseMod","Colored Powertips","Downfall","Highlight Path","Minty Spire (QoL Compilation)","Permanent Neow","Practice Mode","Rare Cards Sparkle","Relic Sorter","Relic Stats","StSLib","Wide Potions"],"gold_per_floor":[99,119,136,148,148,196,242,273,293,313,329,329,229,329,346,449,449,449,465,480,480,504,532,532,557,572,972,772,427,438,438,438,438],"floor_reached":31,"language":"ENG","playtime":2406,"items_purged":["Guardian:Strike_Guardian"],"score":316,"play_id":"631e8210-f757-41c7-8664-c0aab66d51fd","local_time":"20210226222800","is_ascension_mode":true,"campfire_choices":[{"data":"Guardian:TwinSlam","floor":1.0,"key":"SMITH"},{"data":"Guardian:EvasiveProtocol","floor":13.0,"key":"SMITH"},{"floor":18,"key":"RECALL"},{"data":"Guardian:ShieldSpikes","floor":28,"key":"SMITH"}],"circlet_count":0,"master_deck":["Guardian:Strike_Guardian","Guardian:Defend_Guardian","Guardian:Defend_Guardian","Guardian:Defend_Guardian","Guardian:Defend_Guardian","Guardian:CurlUp","Guardian:TwinSlam+1","Guardian:PiercingHide","Guardian:RollAttack","Guardian:RollAttack","Guardian:Recover+1","Guardian:PiercingHide","Guardian:EvasiveProtocol+1","Guardian:PrimingBeam","Guardian:Clone","Guardian:BronzeOrb","Guardian:ConstructionForm","Guardian:WalkerClaw","Guardian:Repulse","Guardian:BronzeArmor+1","Guardian:ShieldSpikes+1","Guardian:SpikerProtocol+1"],"relics":["SlaversCollar","Nunchaku","Oddly Smooth Stone","downfall:HeartBlessingBlue","Guardian:StasisSlotReductionRelic","Lantern","Bottled Flame","White Beast Statue","MealTicket","Old Coin","Frozen Egg 2","downfall:HeartBlessingRed","downfall:HeartBlessingGreen"],"acts_visited":["Exordium","TheCity"],"potions_floor_usage":[23,25,26],"damage_taken":[{"damage":1.0,"enemies":"Jaw Worm","floor":2.0,"turns":4.0},{"damage":1.0,"enemies":"Small Slimes","floor":3.0,"turns":4.0},{"damage":1.0,"enemies":"2 Louse","floor":4.0,"turns":3.0},{"damage":16.0,"enemies":"Lagavulin","floor":8.0,"turns":6.0},{"damage":8.0,"enemies":"Large Slime","floor":9.0,"turns":5.0},{"damage":2.0,"enemies":"Exordium Thugs","floor":10.0,"turns":6.0},{"damage":1.0,"enemies":"Blue Slaver","floor":11.0,"turns":5.0},{"damage":6.0,"enemies":"downfall:Heads","floor":14.0,"turns":6.0},{"damage":5.0,"enemies":"Lots of Slimes","floor":15.0,"turns":3.0},{"damage":20.0,"enemies":"IC_STATUS_ARCHETYPE","floor":16.0,"turns":14.0},{"damage":0,"enemies":"Spheric Guardian","floor":19,"turns":5},{"damage":12,"enemies":"Shell Parasite","floor":20,"turns":7},{"damage":7,"enemies":"Slavers","floor":23,"turns":4},{"damage":39,"enemies":"Book of Stabbing","floor":25,"turns":8},{"damage":0,"enemies":"Snake Plant","floor":26,"turns":5},{"damage":15,"enemies":"Colosseum Nobs","floor":27,"turns":6},{"damage":0,"enemies":"downfall:FleeingMerchant","floor":29,"turns":4},{"damage":0,"enemies":"Snecko","floor":30,"turns":6},{"damage":50,"enemies":"Gremlin Leader","floor":31,"turns":8}],"seed_played":"8825325533678307336","potions_obtained":[{"floor":2.0,"key":"CultistPotion"},{"floor":3.0,"key":"Block Potion"},{"floor":9.0,"key":"ColorlessPotion"},{"floor":14.0,"key":"DuplicationPotion"},{"floor":15.0,"key":"Strength Potion"},{"floor":25,"key":"Fruit Juice"},{"floor":26,"key":"Block Potion"},{"floor":27,"key":"SkillPotion"},{"floor":30,"key":"EssenceOfSteel"}],"is_trial":false,"path_per_floor":["R","M","M","M","?","T","T","E","M","M","M","?","R","?","M","B",null,"R","M","M","?","T","E","T","E","M","?","R","$","M","E"],"character_chosen":"GUARDIAN","items_purchased":["Guardian:SpikerProtocol+1","Guardian:DefensiveModePotion","CultistPotion"],"campfire_rested":0,"item_purchase_floors":[29,29,29],"current_hp_per_floor":[80,79,78,77,82,82,82,66,58,56,55,55,65,59,54,34,95,95,95,83,83,83,76,76,42,42,27,27,42,42,0,0,0],"gold":438,"neow_bonus":"BOSS_RELIC","is_daily":false,"chose_seed":false,"campfire_upgraded":3,"win_rate":0.0,"timestamp":1614374880,"path_taken":["R","M","M","M","?","?","T","E","M","M","M","?","R","?","M","BOSS","R","M","M","?","?","E","T","E","M","?","R","$","M","E"],"items_purchased_type":["Card","Potion","Potion"],"build_version":"2020-12-22","purchased_purges":1,"victory":false,"max_hp_per_floor":[80,80,80,80,85,85,85,85,85,85,85,85,95,95,95,95,95,95,95,95,95,95,95,95,100,100,100,100,100,100,100,100,100],"relic_stats":{"Nunchaku":[15],"counters":[19,109],"MealTicket":15,"obtain_stats":[{"Guardian:StasisSlotReductionRelic":17,"Lantern":22,"downfall:HeartBlessingRed":28,"Guardian:ModeShifter":0,"Oddly Smooth Stone":8,"downfall:HeartBlessingGreen":28,"Frozen Egg 2":27,"White Beast Statue":24,"Old Coin":27,"SlaversCollar":0,"Nunchaku":6,"Bottled Flame":23,"downfall:HeartBlessingBlue":13,"MealTicket":25},{"Guardian:StasisSlotReductionRelic":10,"Lantern":12,"downfall:HeartBlessingRed":16,"Guardian:ModeShifter":0,"Oddly Smooth Stone":4,"downfall:HeartBlessingGreen":16,"Frozen Egg 2":16,"White Beast Statue":13,"Old Coin":16,"SlaversCollar":0,"Nunchaku":3,"Bottled Flame":13,"downfall:HeartBlessingBlue":7,"MealTicket":14},{"Guardian:StasisSlotReductionRelic":56,"Lantern":68,"downfall:HeartBlessingRed":91,"Guardian:ModeShifter":0,"Oddly Smooth Stone":17,"downfall:HeartBlessingGreen":91,"Frozen Egg 2":91,"White Beast Statue":72,"Old Coin":91,"SlaversCollar":0,"Nunchaku":11,"Bottled Flame":72,"downfall:HeartBlessingBlue":33,"MealTicket":80}]},"card_choices":[{"not_picked":["Guardian:VentSteam","Guardian:Gem_Crimson"],"picked":"Guardian:PiercingHide","floor":2.0},{"not_picked":["Guardian:Suspension","Guardian:PiercingHide"],"picked":"Guardian:RollAttack","floor":3.0},{"not_picked":["Guardian:PolyBeam","Guardian:Preprogram"],"picked":"Guardian:RollAttack","floor":4.0},{"not_picked":["Guardian:TimeBomb","Guardian:Repulse","Guardian:Gem_Fragmented"],"picked":"SKIP","floor":8.0},{"not_picked":["Guardian:Gem_Blue","Guardian:TemporalShield"],"picked":"Guardian:Recover","floor":9.0},{"not_picked":["Guardian:CrystalBeam","Guardian:Gem_White"],"picked":"Guardian:PiercingHide","floor":10.0},{"not_picked":["Guardian:Gem_Lightblue","Guardian:Suspension"],"picked":"Guardian:EvasiveProtocol","floor":11.0},{"not_picked":["Guardian:MultiBeam","Guardian:VentSteam"],"picked":"Guardian:PrimingBeam","floor":14.0},{"not_picked":["Guardian:SentryBeam","Guardian:Planning"],"picked":"Guardian:BronzeOrb","floor":15.0},{"not_picked":["Guardian:HyperBeam_Guardian","Guardian:StasisStrike"],"picked":"Guardian:ConstructionForm","floor":16.0},{"not_picked":["Guardian:PrimingBeam+1","Guardian:Gem_Cyan"],"picked":"Guardian:WalkerClaw","floor":19},{"not_picked":["Guardian:GuardianWhirl","Guardian:PrismaticBarrier","Guardian:ShieldCharger"],"picked":"SKIP","floor":20},{"not_picked":["Guardian:ShieldCharger","Guardian:ChargeCore","Guardian:BaubleBeam"],"picked":"SKIP","floor":23},{"not_picked":["Guardian:Planning","Guardian:Gem_White"],"picked":"Guardian:Repulse","floor":25},{"not_picked":["Guardian:PrimingBeam","Guardian:BronzeOrb+1"],"picked":"Guardian:BronzeArmor+1","floor":26},{"not_picked":["Guardian:Gem_White","Guardian:Planning"],"picked":"Guardian:ShieldSpikes","floor":27},{"not_picked":["Guardian:VentSteam","Guardian:Gem_Cyan","Guardian:Planning"],"picked":"SKIP","floor":29},{"not_picked":["Guardian:RollAttack","Guardian:Reroute","Guardian:Suspension"],"picked":"SKIP","floor":30}],"player_experience":108596,"relics_obtained":[{"floor":6.0,"key":"Nunchaku"},{"floor":8.0,"key":"Oddly Smooth Stone"},{"floor":22,"key":"Lantern"},{"floor":23,"key":"Bottled Flame"},{"floor":24,"key":"White Beast Statue"},{"floor":25,"key":"MealTicket"},{"floor":27,"key":"Old Coin"},{"floor":27,"key":"Frozen Egg 2"}],"event_choices":[{"damage_healed":0.0,"max_hp_gain":5.0,"max_hp_loss":0.0,"gold_gain":0.0,"event_name":"Big Fish","player_choice":"Donut","floor":5.0,"gold_loss":0.0,"damage_taken":0.0},{"damage_healed":0,"gold_gain":0,"player_choice":"Ignored","damage_taken":0,"max_hp_gain":0,"max_hp_loss":0,"event_name":"Vampires","floor":21,"gold_loss":0}],"is_beta":false,"boss_relics":[{"not_picked":["Cursed Key","bronze:MakeshiftBattery"],"picked":"Guardian:StasisSlotReductionRelic"}],"items_purged_floors":[29],"is_endless":false,"potions_floor_spawned":[2,3,9,11,14,15,20,25,26,27,29,30],"killed_by":"Gremlin Leader","ascension_level":1}}