{"host":"mtqc4a62lmlvqbqj","time":1614351286,"event":{"mods":["AchievementEnabler","BaseMod","Better Match","Better Third Choice","BetterRewards","Minty Spire (QoL Compilation)","StSLib"],"gold_per_floor":[118,129,54,73,89,116,128,128,151,151,151,151,151,167,167,265,265,275,28,38,38,49,49,78,10,10,27,27,27,52,52,52,148,148,160,174,49,64,64,64,76,109,109,109,120,133,133,233,233,233],"floor_reached":51,"language":"ENG","playtime":3354,"items_purged":["Strike_R","Strike_R","Bash"],"score":742,"play_id":"c48b3a0c-01c7-4df8-888f-0d7f797f06d9","local_time":"20210226155446","is_ascension_mode":false,"campfire_choices":[{"floor":10,"key":"REST"},{"floor":13,"key":"REST"},{"data":"Juggernaut","floor":15,"key":"SMITH"},{"floor":23,"key":"REST"},{"floor":28,"key":"REST"},{"floor":32,"key":"REST"},{"data":"Barricade","floor":40,"key":"SMITH"},{"data":"Armaments","floor":44,"key":"SMITH"},{"data":"Metallicize","floor":49,"key":"SMITH"}],"circlet_count":0,"master_deck":["Strike_R","Strike_R","Defend_R","Defend_R","Defend_R","Defend_R","Metallicize+1","Armaments+1","Juggernaut+1","Ghostly Armor","Body Slam","Iron Wave+1","Battle Trance+1","Metallicize+1","Entrench+1","Shrug It Off","Barricade+1","Shrug It Off+1"],"relics":["Burning Blood","NeowsBlessing","Self Forming Clay","Vajra","Blood Vial","Empty Cage","Dream Catcher","Anchor","Thread and Needle","InkBottle","MealTicket","Cursed Key","Mummified Hand"],"acts_visited":["Exordium","TheCity","TheBeyond"],"potions_floor_usage":[5,6,16,16,18,22,50],"damage_taken":[{"damage":0,"enemies":"2 Louse","floor":1,"turns":2},{"damage":0,"enemies":"Cultist","floor":2,"turns":1},{"damage":0,"enemies":"Small Slimes","floor":4,"turns":2},{"damage":26,"enemies":"Gremlin Gang","floor":5,"turns":5},{"damage":15,"enemies":"Gremlin Nob","floor":6,"turns":5},{"damage":8,"enemies":"Red Slaver","floor":7,"turns":4},{"damage":0,"enemies":"Looter","floor":14,"turns":4},{"damage":34,"enemies":"The Guardian","floor":16,"turns":10},{"damage":23,"enemies":"3 Byrds","floor":18,"turns":4},{"damage":22,"enemies":"2 Thieves","floor":20,"turns":4},{"damage":10,"enemies":"Chosen and Byrds","floor":22,"turns":6},{"damage":31,"enemies":"Slavers","floor":24,"turns":7},{"damage":0,"enemies":"Centurion and Healer","floor":27,"turns":9},{"damage":40,"enemies":"Gremlin Leader","floor":30,"turns":6},{"damage":49,"enemies":"Collector","floor":33,"turns":12},{"damage":0,"enemies":"3 Darklings","floor":35,"turns":6},{"damage":0,"enemies":"3 Shapes","floor":36,"turns":4},{"damage":0,"enemies":"Spire Growth","floor":38,"turns":5},{"damage":20,"enemies":"Jaw Worm Horde","floor":41,"turns":4},{"damage":0,"enemies":"Giant Head","floor":42,"turns":6},{"damage":0,"enemies":"Transient","floor":45,"turns":5},{"damage":4,"enemies":"Maw","floor":46,"turns":5},{"damage":1,"enemies":"Donu and Deca","floor":50,"turns":11}],"seed_played":"-8224998558534183807","potions_obtained":[{"floor":1,"key":"Explosive Potion"},{"floor":2,"key":"ColorlessPotion"},{"floor":5,"key":"Energy Potion"},{"floor":7,"key":"Weak Potion"},{"floor":16,"key":"PowerPotion"},{"floor":20,"key":"Swift Potion"},{"floor":27,"key":"Dexterity Potion"},{"floor":33,"key":"SneckoOil"},{"floor":35,"key":"DuplicationPotion"},{"floor":38,"key":"Explosive Potion"}],"is_trial":false,"path_per_floor":["M","M","$","M","M","E","M","?","T","R","?","?","R","M","R","B",null,"M","$","M","?","M","R","E","$","T","M","R","?","E","$","R","B",null,"M","M","$","M","T","R","M","E","T","R","M","M","$","?","R","B",null],"character_chosen":"IRONCLAD","items_purchased":["Dream Catcher","Metallicize"],"campfire_rested":5,"item_purchase_floors":[19,25],"current_hp_per_floor":[80,80,80,80,60,51,49,7,7,31,31,31,55,63,63,37,80,63,63,49,49,47,71,48,48,48,56,80,80,46,61,80,37,80,80,80,80,80,80,80,66,74,74,74,80,80,80,80,80,80],"gold":233,"neow_bonus":"THREE_ENEMY_KILL","is_daily":false,"chose_seed":false,"campfire_upgraded":4,"win_rate":0.0,"timestamp":1614351286,"path_taken":["M","M","$","M","M","E","M","?","T","R","?","?","R","?","R","BOSS","M","$","M","?","?","R","E","?","T","M","R","?","E","$","R","BOSS","M","M","$","?","?","R","M","E","T","R","M","M","$","?","R","BOSS"],"items_purchased_type":["Relic","Card"],"build_version":"2020-12-22","purchased_purges":3,"victory":true,"max_hp_per_floor":[80,80,80,80,80,80,80,80,80,80,80,80,80,80,80,80,80,80,80,80,80,80,80,80,80,80,80,80,80,80,80,80,80,80,80,80,80,80,80,80,80,80,80,80,80,80,80,80,80,80],"card_choices":[{"not_picked":["Wild Strike","Bloodletting"],"picked":"Metallicize","floor":1},{"not_picked":["Hemokinesis","Carnage"],"picked":"Armaments","floor":2},{"not_picked":["Reckless Charge","Thunderclap"],"picked":"Flex","floor":4},{"not_picked":["Uppercut","Rage"],"picked":"Juggernaut","floor":5},{"not_picked":["Sword Boomerang","Iron Wave"],"picked":"Ghostly Armor","floor":6},{"not_picked":["Armaments","Intimidate"],"picked":"Body Slam","floor":7},{"not_picked":["Sever Soul","Clothesline","Seeing Red"],"picked":"SKIP","floor":14},{"not_picked":["True Grit","Perfected Strike+1"],"picked":"Iron Wave+1","floor":18},{"not_picked":["Clothesline","Iron Wave","Anger"],"picked":"SKIP","floor":20},{"not_picked":["Anger","Dark Embrace+1","Thunderclap"],"picked":"SKIP","floor":22},{"not_picked":["Pummel","Twin Strike+1"],"picked":"Battle Trance+1","floor":24},{"not_picked":["Combust","Anger+1","True Grit"],"picked":"SKIP","floor":27},{"not_picked":["Iron Wave","Bludgeon"],"picked":"Entrench+1","floor":30},{"not_picked":["Spot Weakness+1","Anger+1"],"picked":"Shrug It Off","floor":32},{"not_picked":["Double Tap","Bludgeon"],"picked":"Barricade","floor":33},{"not_picked":["Seeing Red","Clothesline","Wild Strike"],"picked":"SKIP","floor":35},{"not_picked":["Feel No Pain+1","Thunderclap+1","Flex+1"],"picked":"SKIP","floor":36},{"not_picked":["Inflame","Intimidate","Cleave"],"picked":"SKIP","floor":38},{"not_picked":["Uppercut+1","Inflame"],"picked":"Shrug It Off+1","floor":41},{"not_picked":["Clothesline+1","Headbutt+1","Fire Breathing"],"picked":"SKIP","floor":42},{"not_picked":["Berserk","Seeing Red+1","Cleave"],"picked":"SKIP","floor":45},{"not_picked":["Clothesline","Cleave+1","Uppercut"],"picked":"SKIP","floor":46}],"player_experience":43451,"relics_obtained":[{"floor":6,"key":"Self Forming Clay"},{"floor":9,"key":"Blood Vial"},{"floor":24,"key":"Anchor"},{"floor":26,"key":"Thread and Needle"},{"floor":30,"key":"MealTicket"},{"floor":42,"key":"Mummified Hand"}],"event_choices":[{"damage_healed":0,"gold_gain":1,"player_choice":"Relic ","damage_taken":42,"max_hp_gain":0,"max_hp_loss":0,"event_name":"betterThird:BetterScrap","floor":8,"gold_loss":0,"cards_obtained":["Adrenaline"]},{"damage_healed":0,"gold_gain":0,"player_choice":"Searched \u00271\u0027 times","damage_taken":0,"max_hp_gain":0,"max_hp_loss":0,"event_name":"Dead Adventurer","floor":11,"gold_loss":0},{"damage_healed":0,"gold_gain":0,"cards_transformed":["Flex"],"player_choice":"Transformed","damage_taken":0,"max_hp_gain":0,"max_hp_loss":0,"event_name":"Transmorgrifier","floor":12,"gold_loss":0,"cards_obtained":["Rupture"]},{"damage_healed":0,"gold_gain":0,"player_choice":"Forge","damage_taken":0,"max_hp_gain":0,"max_hp_loss":0,"event_name":"Accursed Blacksmith","floor":21,"gold_loss":0,"cards_upgraded":["Metallicize"]},{"damage_healed":0,"gold_gain":0,"player_choice":"Gave Potion","damage_taken":0,"relics_obtained":["InkBottle"],"max_hp_gain":0,"max_hp_loss":0,"event_name":"WeMeetAgain","floor":29,"gold_loss":0},{"damage_healed":0,"gold_gain":100,"player_choice":"Pray","damage_taken":0,"max_hp_gain":0,"max_hp_loss":0,"event_name":"Golden Shrine","floor":48,"gold_loss":0}],"is_beta":false,"boss_relics":[{"not_picked":["Runic Dome","Velvet Choker"],"picked":"Empty Cage"},{"not_picked":["Runic Cube","SacredBark"],"picked":"Cursed Key"}],"items_purged_floors":[3,19,37],"is_endless":false,"potions_floor_spawned":[1,2,5,7,16,20,27,33,35,38,45],"ascension_level":0}}