{"host":"99tfb11iqiu41jyj","time":1614346964,"event":{"mods":["2.2 Compatiblity","AchievementEnabler","BaseMod","Colored Powertips","Downfall","Infinite Spire","Minty Spire (QoL Compilation)","Quick Restart","Replay The Spire","StSLib"],"gold_per_floor":[114,114,114,187,198,228,228,228,280,293,325,339,353,25,114,217,217,229,229,248,248,258,258,357,357,357,357,369,394,414,424,424,523,523,534,534,48,8,21,21,46,46,46,62,62,76,118,118,118,118],"floor_reached":48,"language":"ENG","playtime":3523,"items_purged":[],"score":567,"play_id":"1443baa2-95e8-4c4b-b051-6465c535575d","local_time":"20210226134244","is_ascension_mode":false,"campfire_choices":[{"data":"sneckomod:SerpentMind","floor":7,"key":"SMITH"},{"floor":23,"key":"REST"},{"floor":27,"key":"REST"},{"floor":32,"key":"REST"},{"floor":40,"key":"REST"},{"floor":42,"key":"REST"}],"circlet_count":0,"master_deck":["sneckomod:Strike","sneckomod:Strike","sneckomod:Strike","sneckomod:Defend","sneckomod:Defend","sneckomod:Defend","sneckomod:TailWhip+1","sneckomod:SnekBite","sneckomod:Unknown","sneckomod:Unknown","sneckomod:UnknownCommonAttack","Regret","sneckomod:QuickBite","sneckomod:SerpentMind+1","downfall:Bewildered","Pot Of Greed","Pot Of Greed","sneckomod:QuickMove","sneckomod:UnknownClassTHE_CHAMP_GRAY","sneckomod:UnknownClassTHE_BRONZE_AUTOMATON","sneckomod:SoulDraw","sneckomod:UnknownClassGREEN","sneckomod:UnknownBoss","sneckomod:WideSting+1","sneckomod:UnknownVulnerable","ReplayTheSpireMod:Chaos Vortex","Pot Of Greed","infinitespire:Oblivion+1","sneckomod:MorePower","downfall:Bewildered","sneckomod:UnknownStrike+1","sneckomod:UnknownBlock","sneckomod:Unknown1Cost+1","sneckomod:QuickBite+1","sneckomod:UnknownClassTHE_CHAMP_GRAY+1","sneckomod:UnknownColorless","sneckomod:SerpentIdol","sneckomod:UnknownBoss+1","sneckomod:Restock","Pot Of Greed","sneckomod:UnknownUncommonSkill+1","sneckomod:UnknownClassGUARDIAN","Mayhem","Metamorphosis","Replay:Parry+1","ReplayTheSpireMod:Chaos Vortex","sneckomod:UnknownColorless","sneckomod:UnknownStrength+1","sneckomod:UnknownStrength","sneckomod:UnknownDexterity","sneckomod:UnknownClassTHE_BRONZE_AUTOMATON+1","sneckomod:DiceBoulder+1","Pot Of Greed","sneckomod:UnknownClassBLUE","sneckomod:ImprovisedGuard+1"],"relics":["sneckomod:SneckoSoul","Replay:Mystery Machine","Lantern","infinitespire:FocusingShard","Kunai","Blood Vial","Grinning Jar","Molten Egg 2","Lee\u0027s Waffle","Boot","Fusion Hammer","Pet Ghost","sneckomod:BabySnecko","Happy Flower","FossilizedHelix","Honey Jar","infinitespire:ShieldingShard","infinitespire:EmpoweringShard"],"acts_visited":["Exordium","TheCity","TheBeyond"],"potions_floor_usage":[16,16,16,20,39,41,41],"damage_taken":[{"damage":0,"enemies":"Small Slimes","floor":1,"turns":3},{"damage":1,"enemies":"Jaw Worm","floor":5,"turns":2},{"damage":27,"enemies":"3 Sentries","floor":6,"turns":5},{"damage":6,"enemies":"2 Louse","floor":10,"turns":2},{"damage":50,"enemies":"Gremlin Nob","floor":11,"turns":5},{"damage":3,"enemies":"Exordium Wildlife","floor":12,"turns":2},{"damage":13,"enemies":"Large Slime","floor":13,"turns":3},{"damage":91,"enemies":"Slime Boss","floor":16,"turns":17},{"damage":27,"enemies":"Spheric Guardian","floor":18,"turns":4},{"damage":52,"enemies":"2 Thieves","floor":20,"turns":4},{"damage":5,"enemies":"Snecko","floor":22,"turns":5},{"damage":25,"enemies":"Cultist and Chosen","floor":28,"turns":6},{"damage":38,"enemies":"Book of Stabbing","floor":29,"turns":6},{"damage":7,"enemies":"Centurion and Healer","floor":30,"turns":5},{"damage":0,"enemies":"Shelled Parasite and Fungi","floor":31,"turns":1},{"damage":8,"enemies":"Champ","floor":33,"turns":9},{"damage":62,"enemies":"3 Darklings","floor":35,"turns":4},{"damage":1,"enemies":"3 Shapes","floor":39,"turns":4},{"damage":20,"enemies":"Reptomancer","floor":41,"turns":6},{"damage":5,"enemies":"Maw","floor":44,"turns":4},{"damage":46,"enemies":"3 Darklings","floor":46,"turns":5},{"damage":17,"enemies":"Sphere and 2 Shapes","floor":47,"turns":5},{"damage":13,"enemies":"infinitespire:Three Voidlings","floor":48,"turns":3},{"damage":12,"enemies":"Nightmare_Alpha","floor":48,"turns":7}],"seed_played":"-8940387868318438332","potions_obtained":[{"floor":6,"key":"SteroidPotion"},{"floor":10,"key":"LifebloodPotion"},{"floor":12,"key":"Dexterity Potion"},{"floor":13,"key":"ColorlessPotion"},{"floor":18,"key":"PowerPotion"},{"floor":29,"key":"Fire Potion"},{"floor":30,"key":"Block Potion"},{"floor":39,"key":"ColorlessPotion"}],"is_trial":false,"path_per_floor":["M","?","?","T","M","E","R","?","T","M","E","M","M","$","R","B",null,"M","?","M","AVR","M","R","?","?","T","R","M","E","M","M","R","B",null,"M","?","?","$","M","R","E","R","T","M","$","M","M","?"],"character_chosen":"THE_SNECKO","items_purchased":["Lee\u0027s Waffle","Boot","sneckomod:UnknownClassGREEN","sneckomod:UnknownColorless"],"campfire_rested":5,"item_purchase_floors":[14,14,14,38],"current_hp_per_floor":[90,90,90,90,89,62,62,62,62,58,20,19,8,97,97,6,97,70,70,20,20,17,46,46,46,46,75,52,23,18,20,49,43,97,45,35,35,35,36,65,47,76,76,78,78,34,19,0,0,0],"gold":118,"neow_bonus":"RANDOM_COMMON_RELIC","is_daily":false,"chose_seed":false,"campfire_upgraded":1,"win_rate":0.0,"timestamp":1614346964,"path_taken":["M","?","?","?","?","E","R","?","T","M","E","M","M","?","R","BOSS","M","?","M","AVR","M","R","?","?","T","R","M","E","M","?","R","BOSS","M","?","?","$","M","R","E","R","T","M","?","M","M","?"],"items_purchased_type":["Relic","Relic","Card","Card"],"build_version":"2020-12-22","purchased_purges":0,"victory":false,"max_hp_per_floor":[90,90,90,90,90,90,90,90,90,90,90,90,90,97,97,97,97,97,97,97,97,97,97,97,97,97,97,97,97,97,97,97,97,97,97,97,97,97,97,97,97,97,97,97,97,97,97,97,97,97],"card_choices":[{"not_picked":["sneckomod:UnknownClassGREEN","sneckomod:UnknownClassSLIMEBOUND"],"picked":"sneckomod:UnknownCommonAttack","floor":1},{"not_picked":["sneckomod:UnknownUncommonAttack","sneckomod:PureSnecko"],"picked":"sneckomod:QuickBite","floor":5},{"not_picked":["sneckomod:UnknownClassBLUE","sneckomod:UnknownBlock"],"picked":"sneckomod:SerpentMind","floor":6},{"not_picked":["sneckomod:UnknownUncommonAttack","sneckomod:UnknownClassGREEN"],"picked":"sneckomod:QuickMove","floor":10},{"not_picked":["sneckomod:UnknownCommonSkill","sneckomod:Nope"],"picked":"sneckomod:UnknownClassTHE_CHAMP_GRAY","floor":11},{"not_picked":["sneckomod:SoulRoll","sneckomod:WideSting+1"],"picked":"sneckomod:UnknownClassTHE_BRONZE_AUTOMATON","floor":12},{"not_picked":["sneckomod:UnknownClassHEXA_GHOST_PURPLE","sneckomod:UnknownClassGREEN"],"picked":"sneckomod:SoulDraw","floor":13},{"not_picked":["sneckomod:Mudshield","sneckomod:UnknownRareSkill"],"picked":"sneckomod:UnknownBoss","floor":16},{"not_picked":["sneckomod:UnknownCommonAttack+1","sneckomod:UnknownClassRED+1"],"picked":"sneckomod:WideSting+1","floor":18},{"not_picked":["sneckomod:UnknownClassRED","sneckomod:UnknownDraw"],"picked":"sneckomod:UnknownVulnerable","floor":20},{"not_picked":["sneckomod:Rotation+1","sneckomod:UnknownClassPURPLE"],"picked":"sneckomod:MorePower","floor":22},{"not_picked":["sneckomod:UnknownExhaust+1","sneckomod:Unknown2Cost+1"],"picked":"sneckomod:UnknownStrike+1","floor":28},{"not_picked":["sneckomod:UnknownExhaust","sneckomod:DiceBoulder+1"],"picked":"sneckomod:UnknownBlock","floor":28},{"not_picked":["sneckomod:UnknownCommonAttack+1","sneckomod:UnknownClassRED+1"],"picked":"sneckomod:Unknown1Cost+1","floor":29},{"not_picked":["sneckomod:UnknownRareSkill","sneckomod:UnknownStrength"],"picked":"sneckomod:QuickBite+1","floor":29},{"not_picked":["sneckomod:UnknownStrike+1","sneckomod:UnknownRarePower+1"],"picked":"sneckomod:UnknownClassTHE_CHAMP_GRAY+1","floor":30},{"not_picked":["sneckomod:SoulDraw","sneckomod:UnknownClassGUARDIAN"],"picked":"sneckomod:UnknownColorless","floor":30},{"not_picked":["sneckomod:UnknownClassPURPLE","sneckomod:UnknownUncommonAttack+1"],"picked":"sneckomod:SerpentIdol","floor":31},{"not_picked":["sneckomod:UnknownRarePower+1","sneckomod:UnknownCommonSkill+1"],"picked":"sneckomod:UnknownBoss+1","floor":33},{"not_picked":["sneckomod:SoulExchange","sneckomod:UnknownBoss"],"picked":"sneckomod:Restock","floor":33},{"not_picked":["sneckomod:UnknownRareAttack+1","sneckomod:UnknownStrike+1"],"picked":"sneckomod:UnknownUncommonSkill+1","floor":35},{"not_picked":["sneckomod:Unknown2Cost+1","sneckomod:UnknownStrike+1","sneckomod:SoulCleanse"],"picked":"sneckomod:UnknownClassGUARDIAN","floor":35},{"not_picked":["Good Instincts","Finesse","Flash of Steel+1"],"picked":"Mayhem","floor":36},{"not_picked":["PanicButton","Swift Strike+1","Poisoned Strike+1"],"picked":"Metamorphosis","floor":36},{"not_picked":["Replay:Bootleg Shield Generator","Jack Of All Trades","Forethought"],"picked":"Replay:Parry+1","floor":36},{"not_picked":["infinitespire:Gouge","ReplayTheSpireMod:Echoes of Time"],"picked":"ReplayTheSpireMod:Chaos Vortex","floor":37},{"not_picked":["sneckomod:UnknownX+1","sneckomod:Unknown2Cost+1"],"picked":"sneckomod:UnknownStrength+1","floor":39},{"not_picked":["sneckomod:UnknownClassRED+1","sneckomod:UnknownClassSLIMEBOUND+1","sneckomod:UnknownClassHEXA_GHOST_PURPLE"],"picked":"sneckomod:UnknownStrength","floor":39},{"not_picked":["sneckomod:UnknownClassINFINITE_BLACK","sneckomod:Unknown2Cost","sneckomod:UnknownRareSkill"],"picked":"sneckomod:UnknownDexterity","floor":41},{"not_picked":["sneckomod:Unknown1Cost+1","sneckomod:UnknownClassPURPLE+1"],"picked":"sneckomod:UnknownClassTHE_BRONZE_AUTOMATON+1","floor":44},{"not_picked":["sneckomod:UnknownCommonSkill+1","sneckomod:Memorize","sneckomod:QuickMove"],"picked":"sneckomod:DiceBoulder+1","floor":44},{"not_picked":["sneckomod:DiceCrush+1","sneckomod:UnknownBlock+1","sneckomod:ImprovisedGuard+1"],"picked":"sneckomod:UnknownClassBLUE","floor":46},{"not_picked":["sneckomod:PureSnecko+1","sneckomod:UnknownDexterity","sneckomod:SlitherStrike+1"],"picked":"sneckomod:ImprovisedGuard+1","floor":47}],"player_experience":53610,"relics_obtained":[{"floor":4,"key":"infinitespire:FocusingShard"},{"floor":6,"key":"Kunai"},{"floor":9,"key":"Grinning Jar"},{"floor":11,"key":"Molten Egg 2"},{"floor":26,"key":"Happy Flower"},{"floor":29,"key":"FossilizedHelix"},{"floor":41,"key":"infinitespire:ShieldingShard"},{"floor":43,"key":"infinitespire:EmpoweringShard"}],"event_choices":[{"damage_healed":0,"gold_gain":0,"player_choice":"Box","damage_taken":0,"relics_obtained":["Lantern"],"max_hp_gain":0,"max_hp_loss":0,"event_name":"Big Fish","floor":2,"gold_loss":0,"cards_obtained":["Regret"]},{"damage_healed":0,"gold_gain":0,"player_choice":"Grow","damage_taken":0,"max_hp_gain":0,"max_hp_loss":0,"event_name":"Living Wall","floor":3,"gold_loss":0,"cards_upgraded":["sneckomod:TailWhip"]},{"damage_healed":0,"gold_gain":0,"player_choice":"Ignored","damage_taken":0,"max_hp_gain":0,"max_hp_loss":0,"event_name":"Ghosts","floor":19,"gold_loss":0},{"damage_healed":0,"gold_gain":99,"player_choice":"Stole From Cult","damage_taken":0,"max_hp_gain":0,"max_hp_loss":0,"event_name":"Nest","floor":24,"gold_loss":0},{"damage_healed":0,"gold_gain":0,"player_choice":"Memory 3","damage_taken":10,"max_hp_gain":0,"max_hp_loss":0,"event_name":"SensoryStone","floor":36,"gold_loss":0}],"is_beta":false,"boss_relics":[{"not_picked":["Ring of Chaos","Runic Pyramid"],"picked":"Fusion Hammer"},{"not_picked":["Busted Crown","Velvet Choker"],"picked":"Honey Jar"}],"items_purged_floors":[],"is_endless":false,"potions_floor_spawned":[6,10,12,13,18,29,30,39],"killed_by":"Nightmare_Alpha","ascension_level":0}}