{"host":"0z6l31g9ps0v9zzp","time":1614338939,"event":{"mods":["Act Like it!","BaseMod","CapriCore","Library of Ruina","Minty Spire (QoL Compilation)","StSLib"],"gold_per_floor":[113,113,188,188,288,288,315,330,330,330,345,360,387,401,401,501,501,520,520,520,530,548,548,575,575,575,575,575,594,619,629,629,727,727,737,752,339,339,351,351,386,399,399,425,441,441,487,501,501,501,501,501,103,132,132],"floor_reached":56,"language":"ZHS","playtime":2461,"items_purged":["LightAttack+1","LightAttack+1"],"score":1307,"play_id":"e43c7c84-f0ff-4e5c-b023-ddf5b72c8336","local_time":"20210226192859","is_ascension_mode":false,"campfire_choices":[{"data":"SilentMist","floor":6.0,"key":"SMITH"},{"data":"JiaoTu","floor":10,"key":"SMITH"},{"data":"CleanUp","floor":15,"key":"SMITH"},{"data":"CrackOfDawn","floor":23,"key":"SMITH"},{"data":"Dodge","floor":28,"key":"SMITH"},{"data":"SinglePointStab","floor":32,"key":"SMITH"},{"data":"BlazingStrike","floor":40,"key":"SMITH"},{"data":"CrackOfDawn","floor":46,"key":"SMITH"},{"floor":49,"key":"RECALL"},{"data":"TieShanKao","floor":52,"key":"SMITH"}],"circlet_count":0,"master_deck":["Dodge+1","LightDefense+1","LightAttack+1","LightDefense+1","LightDefense+1","LightDefense+1","ChargeAndCover+1","FocusedStrikes+1","JiaoTu+1","SilentMist+1","RulesOfTheBackstreets","CleanUp+1","CrackOfDawn+1","Quickness+1","SinglePointStab+1","TieShanKao+1","Faith+1","SinglePointStab","BlazingStrike+1","CrackOfDawn+1","UnforgettableMelody+1","ViolentFlame+1","FlashOfSunup"],"relics":["PageOfLibrarian","Bird Faced Urn","Nunchaku","Coffee Dripper","MutagenicStrength","PageOfPorccubus","PageOfOzma","StoneCalendar","Sozu","Turnip","Lantern","Bottled Lightning","Frozen Egg 2","Lizard Tail","InkBottle","Orichalcum"],"acts_visited":["Exordium","TheCity","TheBeyond","TheEnding"],"potions_floor_usage":[13,13,13,33,42,44,55],"damage_taken":[{"damage":8.0,"enemies":"2 Louse","floor":1.0,"turns":4.0},{"damage":12.0,"enemies":"3 Sentries","floor":7.0,"turns":12.0},{"damage":0.0,"enemies":"Small Slimes","floor":8.0,"turns":2.0},{"damage":0,"enemies":"Cultist","floor":11,"turns":3},{"damage":0,"enemies":"3 Louse","floor":12,"turns":3},{"damage":12,"enemies":"Lagavulin","floor":13,"turns":6},{"damage":4,"enemies":"Exordium Wildlife","floor":14,"turns":4},{"damage":18,"enemies":"The Guardian","floor":16,"turns":7},{"damage":0,"enemies":"Chosen","floor":18,"turns":3},{"damage":2,"enemies":"Spheric Guardian","floor":21,"turns":4},{"damage":0,"enemies":"Centurion and Healer","floor":22,"turns":5},{"damage":7,"enemies":"Slavers","floor":24,"turns":6},{"damage":0,"enemies":"Sentry and Sphere","floor":29,"turns":4},{"damage":0,"enemies":"Gremlin Leader","floor":30,"turns":5},{"damage":0,"enemies":"Snecko","floor":31,"turns":2},{"damage":1,"enemies":"Collector","floor":33,"turns":6},{"damage":23,"enemies":"3 Shapes","floor":35,"turns":5},{"damage":0,"enemies":"3 Darklings","floor":36,"turns":5},{"damage":0,"enemies":"Maw","floor":39,"turns":5},{"damage":0,"enemies":"Giant Head","floor":41,"turns":5},{"damage":1,"enemies":"Jaw Worm Horde","floor":42,"turns":3},{"damage":17,"enemies":"Reptomancer","floor":44,"turns":3},{"damage":2,"enemies":"4 Shapes","floor":45,"turns":3},{"damage":0,"enemies":"2 Orb Walkers","floor":47,"turns":3},{"damage":0,"enemies":"Sphere and 2 Shapes","floor":48,"turns":2},{"damage":8,"enemies":"Donu and Deca","floor":50,"turns":6},{"damage":17,"enemies":"Shield and Spear","floor":54,"turns":5},{"damage":53,"enemies":"The Heart","floor":55,"turns":8}],"seed_played":"-304170779416674872","potions_obtained":[{"floor":1.0,"key":"FearPotion"},{"floor":8.0,"key":"ColorlessPotion"},{"floor":11,"key":"Ancient Potion"},{"floor":16,"key":"ColorlessPotion"},{"floor":29,"key":"ColorlessPotion"},{"floor":31,"key":"LiquidBronze"},{"floor":33,"key":"Fire Potion"}],"is_trial":false,"path_per_floor":["M","?","?","?","?","R","E","M","T","R","M","M","E","M","R","B",null,"M","?","?","M","M","R","E","?","T","?","R","M","E","M","R","B",null,"M","M","$","?","M","R","E","M","T","E","M","R","?","M","R","B",null,"R","$","E","B",null],"character_chosen":"Librarian","items_purchased":["SinglePointStab","Turnip","ViolentFlame+1","InkBottle"],"campfire_rested":0,"item_purchase_floors":[37,37,53,53],"current_hp_per_floor":[52,52,41,41,41,41,29,29,29,29,31,33,23,21,21,5,86,86,86,86,84,63,63,58,58,58,58,58,60,62,62,62,63,82,65,82,82,82,82,82,82,81,81,66,68,68,68,62,62,62,82,82,82,65,22],"gold":132,"neow_bonus":"ONE_RANDOM_RARE_CARD","is_daily":false,"chose_seed":false,"campfire_upgraded":9,"win_rate":0.0,"timestamp":1614338939,"path_taken":["M","?","?","?","?","R","E","?","T","R","M","M","E","M","R","BOSS","M","?","?","M","M","R","E","?","T","?","R","M","E","M","R","BOSS","M","?","$","?","M","R","E","M","T","E","?","R","?","M","R","BOSS","R","$","E","BOSS"],"items_purchased_type":["Card","Relic","Card","Relic"],"build_version":"2020-12-22","purchased_purges":2,"victory":true,"max_hp_per_floor":[68,68,68,68,68,68,63,77,77,77,77,78,82,82,82,86,86,86,86,86,86,63,82,82,82,82,82,82,82,82,82,82,82,82,82,82,82,82,82,82,82,82,82,82,82,82,82,62,82,82,82,82,82,82,82],"card_choices":[{"not_picked":["UncannyStrike","SmokingPipe","RatsGuideToSurvival","InkOver","AutonomousRush","JiaoTu","HardRehearsal","GreatSerpentsImpact","HandleRequest"],"picked":"SKIP","floor":1.0},{"not_picked":["UncannyStrike","SmokingPipe","RatsGuideToSurvival","InkOver","AutonomousRush","HardRehearsal","GreatSerpentsImpact","HandleRequest"],"picked":"JiaoTu","floor":1.0},{"not_picked":["FierceOnslaught","EnergyShield","Rewind","Wallop_lor","FleetEdge","MultiBlock","Ripple","LossOfSenses","AsThePrescriptOrders"],"picked":"SKIP","floor":7.0},{"not_picked":["WrathOfTorment","EnergyConversion","SharpSwipe","Collision","DaringDecision","Overcharge","SuppressingShot","ForTheFamily"],"picked":"RulesOfTheBackstreets","floor":8.0},{"not_picked":["HighKick","HiddenBlade","DefenseOrder","StrongStrike","EnergyShield","GuardingStance","MultiBlock","Brawl","SharpSwipe"],"picked":"SKIP","floor":11},{"not_picked":["LoosenUp","Quickness","FierceOnslaught","YourShield","HeavyPeaks","Standoff","Reload","AsThePrescriptOrders","Overcharge"],"picked":"SKIP","floor":12},{"not_picked":["DriedUp","HeavyPeaks","QuickSuppression","Pound","MirageStorm","MultiHit","AGoldenOpportunity","SinglePointStab","SmokingPipe"],"picked":"SKIP","floor":13},{"not_picked":["Reload","Quickness","SnakesPrey","HandleRequest","Rewind","FaintMemories","DesperateStruggle","FierceCharge"],"picked":"CleanUp","floor":14},{"not_picked":["BoundaryOfDeath","MindCrush"],"picked":"CrackOfDawn","floor":16},{"not_picked":["MindWhip","AsThePrescriptOrders+1","Unlock1","Slice_lor+1","EnergyCycle","DistortedBlade","UnavoidableGaze+1","Parry","ExtremeEdge"],"picked":"SKIP","floor":18},{"not_picked":["GrazeTheGrass","ViolentFlame","HighKick","EndlessBattle","DeepDrag","ClassAndRespect","BalefulBrand","SinglePointStab"],"picked":"Quickness","floor":21},{"not_picked":["IllEndYou","ReadyUp","BladeWhirl","VenomousFangs","CircusKnives","EnergyCycle","SteelKnuckles","Overpower","Standoff"],"picked":"SKIP","floor":22},{"not_picked":["ShockingBlow+1","WrathOfTorment","Concentration","QuickAttack","SturdyDefense","StructuralAnalysis","ViolentFlame","Wallop_lor+1"],"picked":"SinglePointStab","floor":24},{"not_picked":["Wallop_lor+1","MultiBlock+1","DirtyBlow","Unlock1+1","AsThePrescriptOrders","Struggle","GuardingStance","SnakesPrey+1","Slice_lor"],"picked":"SKIP","floor":29},{"not_picked":["LossOfSenses+1","BackAttack+1","SpearedSweep","QuickAttack","TheRedNotes","StrikeDown","SmokingPipe","Struggle","Leap_lor"],"picked":"SKIP","floor":30},{"not_picked":["DefenseOrder","NonstopAssault","CookingPrep","FleshFillet","QuickAttack","Diversion","AutonomousRush","RatsGuideToSurvival","SetFire"],"picked":"SKIP","floor":31},{"not_picked":["Castigation","Commandeering"],"picked":"TieShanKao","floor":33},{"not_picked":["ShockRound","ButterflySlash+1","WillBeTasty","BindingChains+1","SpearedSweep","StrongStrike+1","ChargeUp","Parry"],"picked":"Faith+1","floor":35},{"not_picked":["SunsetBlade","Quickness+1","Thrust","BiAn","DesperateStruggle","DefenseOrder","Diversion","Brawl+1","Leap_lor+1"],"picked":"SKIP","floor":36},{"not_picked":["JiaoTu+1","Eliminate+1","EnergyCycle+1","AutomatedMovement+1","FierceCharge","BlindFaith","EndlessBattle","PreemptiveStrike"],"picked":"BlazingStrike","floor":39},{"not_picked":["BayonetCombat+1","SunsetBlade+1","RepressedFlesh","EnergyCycle","FrontalAssault+1","Thrust+1","UndertakePrescript","ToOvercomeCrisis","BindingArms+1"],"picked":"SKIP","floor":41},{"not_picked":["Diversion","SerpentSwordTechnique","BayonetCombat+1","EnergyStrike+1","Brawl","Marionette+1","SuppressingShot","FleetFootsteps"],"picked":"CrackOfDawn","floor":42},{"not_picked":["DaringDecision","BulkyImpact+1","HardRehearsal+1","FleshFillet","SuppressingShot+1","GuardingStance+1","SparkingSpear","EnergyCycle","SharpSwipe"],"picked":"SKIP","floor":44},{"not_picked":["HighKick+1","Eliminate+1","DefenseOrder+1","BiteOff+1","BulkyImpact+1","StrikeDown+1","Parry","Parry2+1","SavageMode"],"picked":"SKIP","floor":45},{"not_picked":["Leap_lor","PinpointShot","StructuralAnalysis","FierceCharge","Unlock1+1","SunsetBlade+1","SmokingPipe","BindingChains+1"],"picked":"UnforgettableMelody+1","floor":47},{"not_picked":["Overpower+1","CumulusWall","IdentifyWeakpoint+1","SomberProcuration","SuppressingShot+1","Parry2+1","EnergyShield+1","Thrust+1","HardRehearsal"],"picked":"SKIP","floor":48},{"not_picked":["UpbeatPerformance","TheWillOfTheCity","Leap_lor","EmotionalTurbulence","Transpierce","CombatPreparation","Track","SomberProcuration+1"],"picked":"FlashOfSunup","floor":54}],"player_experience":298526,"relics_obtained":[{"floor":7.0,"key":"Bird Faced Urn"},{"floor":13,"key":"Nunchaku"},{"floor":24,"key":"PageOfPorccubus"},{"floor":26,"key":"PageOfOzma"},{"floor":30,"key":"StoneCalendar"},{"floor":41,"key":"Lantern"},{"floor":43,"key":"Bottled Lightning"},{"floor":44,"key":"Frozen Egg 2"},{"floor":47,"key":"Lizard Tail"},{"floor":54,"key":"Orichalcum"}],"event_choices":[{"damage_healed":0.0,"max_hp_gain":0.0,"max_hp_loss":0.0,"gold_gain":0.0,"event_name":"Liars Game","player_choice":"Ignored","floor":2.0,"gold_loss":0.0,"damage_taken":0.0},{"damage_healed":0.0,"max_hp_gain":0.0,"max_hp_loss":0.0,"gold_gain":75.0,"event_name":"World of Goop","player_choice":"Gather Gold","floor":3.0,"gold_loss":0.0,"damage_taken":11.0},{"damage_healed":0.0,"max_hp_gain":0.0,"max_hp_loss":0.0,"gold_gain":0.0,"cards_transformed":["FormingStorm"],"event_name":"Living Wall","player_choice":"Change","floor":4.0,"gold_loss":0.0,"damage_taken":0.0,"cards_obtained":["SilentMist"]},{"damage_healed":0.0,"max_hp_gain":0.0,"max_hp_loss":0.0,"gold_gain":100.0,"event_name":"Golden Shrine","player_choice":"Pray","floor":5.0,"gold_loss":0.0,"damage_taken":0.0},{"damage_healed":0,"gold_gain":0,"player_choice":"Ignored","damage_taken":0,"max_hp_gain":0,"max_hp_loss":0,"event_name":"Vampires","floor":19,"gold_loss":0},{"damage_healed":0,"gold_gain":0,"player_choice":"Inject Mutagens","damage_taken":0,"relics_obtained":["MutagenicStrength"],"max_hp_gain":0,"max_hp_loss":0,"event_name":"Drug Dealer","floor":20,"gold_loss":0},{"damage_healed":0,"gold_gain":0,"player_choice":"Simplicity","damage_taken":0,"max_hp_gain":0,"max_hp_loss":0,"event_name":"Back to Basics","floor":25,"gold_loss":0,"cards_upgraded":["LightDefense","LightAttack","LightAttack","LightAttack","LightDefense","LightDefense","LightDefense","ChargeAndCover","FocusedStrikes"]},{"damage_healed":0,"gold_gain":0,"player_choice":"Forge","damage_taken":0,"max_hp_gain":0,"max_hp_loss":0,"event_name":"Accursed Blacksmith","floor":27,"gold_loss":0,"cards_upgraded":["Quickness"]},{"damage_healed":0,"gold_gain":0,"player_choice":"Got Potions","damage_taken":0,"max_hp_gain":0,"max_hp_loss":0,"event_name":"Lab","floor":38,"gold_loss":0},{"damage_healed":0,"gold_gain":0,"player_choice":"Fight","damage_taken":0,"max_hp_gain":0,"max_hp_loss":0,"event_name":"Mysterious Sphere","floor":47,"gold_loss":0}],"is_beta":false,"boss_relics":[{"not_picked":["Cursed Key","Philosopher\u0027s Stone"],"picked":"Coffee Dripper"},{"not_picked":["Fusion Hammer","Calling Bell"],"picked":"Sozu"}],"items_purged_floors":[37,53],"is_endless":false,"potions_floor_spawned":[1,8,11,16,29,31,33,39,41,48],"ascension_level":0}}