{"host":"r231ahma5lh67r0r","time":1614352816,"event":{"mods":["BaseMod","Best Route Mod","Curses Come First","Minty Spire (QoL Compilation)","StSLib","SuperFastMode","UnlockEverythingMod"],"gold_per_floor":[119,119,67,242,242,242,273,273,273,287,287,311,261,234,234,363,363,378,403,423,423,423],"floor_reached":21,"language":"ENG","playtime":1626,"items_purged":[],"score":186,"play_id":"c1704e51-7285-4a6f-85b8-32a05f4768eb","local_time":"20210226102016","is_ascension_mode":true,"campfire_choices":[{"floor":6,"key":"RECALL"},{"floor":8,"key":"REST"},{"floor":11,"key":"REST"},{"data":"Infinite Blades","floor":15,"key":"SMITH"}],"circlet_count":0,"master_deck":["Strike_G","Strike_G","Strike_G","Strike_G","Strike_G","Defend_G","Defend_G","Defend_G","Defend_G","Defend_G","Survivor","Neutralize","PiercingWail","Slice","Doubt","Cloak And Dagger+1","Infinite Blades+1","Tactician+1","Cloak And Dagger+1","Grand Finale","Deflect+1","Blade Dance+1","Blade Dance+1"],"relics":["Ring of the Snake","Golden Idol","Toxic Egg 2","Pen Nib","SacredBark"],"acts_visited":["Exordium","TheCity"],"potions_floor_usage":[16,20,21],"damage_taken":[{"damage":1,"enemies":"Cultist","floor":1,"turns":5},{"damage":48,"enemies":"3 Sentries","floor":7,"turns":18},{"damage":0,"enemies":"2 Louse","floor":10,"turns":2},{"damage":3,"enemies":"Small Slimes","floor":12,"turns":4},{"damage":45,"enemies":"Slime Boss","floor":16,"turns":16},{"damage":34,"enemies":"Spheric Guardian","floor":18,"turns":6},{"damage":0,"enemies":"3 Byrds","floor":19,"turns":8},{"damage":25,"enemies":"Centurion and Healer","floor":20,"turns":11},{"damage":14,"enemies":"Sentry and Sphere","floor":21,"turns":3}],"seed_played":"7988013981340916607","potions_obtained":[{"floor":7,"key":"GhostInAJar"},{"floor":16,"key":"Strength Potion"},{"floor":20,"key":"Fire Potion"}],"is_trial":false,"path_per_floor":["M","?","$","?","?","R","E","R","T","M","R","M","?","$","R","B",null,"M","M","M","M"],"character_chosen":"THE_SILENT","items_purchased":["Slice","Cloak And Dagger+1"],"campfire_rested":2,"item_purchase_floors":[3,14],"current_hp_per_floor":[76,71,71,71,71,71,23,44,44,44,65,62,62,62,62,17,71,37,37,12,0,0],"gold":423,"neow_bonus":"TEN_PERCENT_HP_BONUS","is_daily":false,"chose_seed":false,"campfire_upgraded":1,"win_rate":0.0,"timestamp":1614352816,"path_taken":["M","?","$","?","?","R","E","R","T","M","R","M","?","?","R","BOSS","M","M","?","M"],"items_purchased_type":["Card","Card"],"build_version":"2020-12-22","purchased_purges":0,"victory":false,"max_hp_per_floor":[77,71,71,71,71,71,71,71,71,71,71,71,71,71,71,71,71,71,71,71,71,71],"card_choices":[{"not_picked":["Underhanded Strike","Dagger Spray"],"picked":"PiercingWail","floor":1},{"not_picked":["Dash","Expertise+1"],"picked":"Cloak And Dagger+1","floor":7},{"not_picked":["Dagger Throw","Backflip+1"],"picked":"Infinite Blades","floor":10},{"not_picked":["Burst+1","Dagger Spray"],"picked":"Tactician+1","floor":12},{"not_picked":["Burst+1","Corpse Explosion+1"],"picked":"Grand Finale","floor":16},{"not_picked":["Distraction+1","Sucker Punch+1"],"picked":"Deflect+1","floor":18},{"not_picked":["Underhanded Strike","Dodge and Roll+1"],"picked":"Blade Dance+1","floor":19},{"not_picked":["Dagger Spray","Deadly Poison+1"],"picked":"Blade Dance+1","floor":20}],"player_experience":354808,"relics_obtained":[{"floor":7,"key":"Pen Nib"}],"event_choices":[{"damage_healed":0,"gold_gain":0,"player_choice":"Lose Max HP","damage_taken":0,"relics_obtained":["Golden Idol"],"max_hp_gain":0,"max_hp_loss":6,"event_name":"Golden Idol","floor":2,"gold_loss":0},{"damage_healed":0,"gold_gain":175,"player_choice":"AGREE","damage_taken":0,"max_hp_gain":0,"max_hp_loss":0,"event_name":"Liars Game","floor":4,"gold_loss":0,"cards_obtained":["Doubt"]},{"damage_healed":0,"gold_gain":0,"player_choice":"Box","damage_taken":0,"relics_obtained":["Toxic Egg 2"],"max_hp_gain":0,"max_hp_loss":0,"event_name":"Big Fish","floor":5,"gold_loss":0,"cards_obtained":["Regret"]},{"cards_removed":["Regret"],"damage_healed":0,"gold_gain":0,"player_choice":"Card Removal","damage_taken":0,"max_hp_gain":0,"max_hp_loss":0,"event_name":"The Cleric","floor":13,"gold_loss":50}],"is_beta":false,"boss_relics":[{"not_picked":["Fusion Hammer","Cursed Key"],"picked":"SacredBark"}],"items_purged_floors":[],"is_endless":false,"potions_floor_spawned":[7,16,20],"killed_by":"Sentry and Sphere","ascension_level":1}}