{"host":"ad59wuc8ynh8u2z6","time":1614341122,"event":{"mods":["AchievementEnabler","BaseMod","Colored Powertips","DeckTracker","Highlight Path","Minty Spire (QoL Compilation)","Permanent Neow"],"gold_per_floor":[109,120,137,137,62,97,97,122,122,122,122,139,139,156,156,258,258,278,289,289,317,317,351,351,76,76,108,124,124,144,213,213,315,315,327,338,338,338,358,388,421,447,474,493,493,520,553,194,194,194],"floor_reached":51,"language":"ENG","playtime":2671,"items_purged":["Strike_G","Strike_G","Strike_G"],"score":1548,"play_id":"7cdf2083-44ef-4fed-baf3-8e0265bb1b21","local_time":"20210226130522","is_ascension_mode":true,"campfire_choices":[{"data":"Eviscerate","floor":7.0,"key":"SMITH"},{"data":"Reflex","floor":11.0,"key":"SMITH"},{"data":"Acrobatics","floor":13.0,"key":"SMITH"},{"data":"Expertise","floor":15.0,"key":"SMITH"},{"data":"Wraith Form v2","floor":24.0,"key":"SMITH"},{"data":"Bullet Time","floor":29.0,"key":"SMITH"},{"data":"Blade Dance","floor":32.0,"key":"SMITH"},{"data":"Burst","floor":45,"key":"SMITH"},{"data":"1","floor":49,"key":"LIFT"}],"circlet_count":0,"master_deck":["Strike_G+1","Defend_G","Defend_G","Defend_G+1","Defend_G+1","Defend_G","Survivor","Neutralize","Backflip","PiercingWail","Dagger Throw","Eviscerate+1","Reflex+1","Flechettes+1","Acrobatics+1","Expertise+1","Bullet Time+1","Calculated Gamble","Endless Agony+1","Ghostly","Ghostly","Ghostly+1","Ghostly","Ghostly","Wraith Form v2+1","Blade Dance+1","Acrobatics","Escape Plan","Blade Dance+1","Dagger Throw+1","Dramatic Entrance+1","Calculated Gamble+1","Eviscerate+1","Burst+1"],"relics":["Philosopher\u0027s Stone","Boot","Bottled Lightning","Molten Egg 2","WristBlade","Enchiridion","Red Mask","MealTicket","War Paint","Bird Faced Urn","HornCleat","Gremlin Horn","SlaversCollar","WingedGreaves","Darkstone Periapt","Juzu Bracelet","Girya","InkBottle","Lantern"],"acts_visited":["Exordium","TheCity","TheBeyond"],"potions_floor_usage":[33,39],"damage_taken":[{"damage":5.0,"enemies":"2 Louse","floor":1.0,"turns":3.0},{"damage":0.0,"enemies":"Cultist","floor":2.0,"turns":4.0},{"damage":0.0,"enemies":"Small Slimes","floor":3.0,"turns":3.0},{"damage":3.0,"enemies":"Gremlin Nob","floor":6.0,"turns":3.0},{"damage":10.0,"enemies":"3 Sentries","floor":8.0,"turns":6.0},{"damage":0.0,"enemies":"Looter","floor":12.0,"turns":2.0},{"damage":0.0,"enemies":"2 Fungi Beasts","floor":14.0,"turns":2.0},{"damage":0.0,"enemies":"Hexaghost","floor":16.0,"turns":9.0},{"damage":0.0,"enemies":"Shell Parasite","floor":18.0,"turns":4.0},{"damage":4.0,"enemies":"3 Byrds","floor":19.0,"turns":3.0},{"damage":0.0,"enemies":"Masked Bandits","floor":21.0,"turns":2.0},{"damage":5.0,"enemies":"Gremlin Leader","floor":23.0,"turns":5.0},{"damage":0.0,"enemies":"Slavers","floor":27.0,"turns":8.0},{"damage":1.0,"enemies":"Centurion and Healer","floor":28.0,"turns":5.0},{"damage":3.0,"enemies":"Sentry and Sphere","floor":30.0,"turns":5.0},{"damage":3,"enemies":"Automaton","floor":33,"turns":8},{"damage":0,"enemies":"Orb Walker","floor":35,"turns":3},{"damage":1,"enemies":"3 Darklings","floor":36,"turns":4},{"damage":1,"enemies":"Maw","floor":39,"turns":6},{"damage":0,"enemies":"Giant Head","floor":40,"turns":5},{"damage":0,"enemies":"Nemesis","floor":41,"turns":7},{"damage":4,"enemies":"Reptomancer","floor":42,"turns":5},{"damage":0,"enemies":"Sphere and 2 Shapes","floor":44,"turns":3},{"damage":0,"enemies":"Giant Head","floor":46,"turns":5},{"damage":1,"enemies":"Nemesis","floor":47,"turns":5},{"damage":0,"enemies":"Donu and Deca","floor":50,"turns":6}],"seed_played":"-89966371199487644","potions_obtained":[{"floor":1.0,"key":"FearPotion"},{"floor":6.0,"key":"Swift Potion"},{"floor":8.0,"key":"ColorlessPotion"},{"floor":14.0,"key":"EssenceOfSteel"},{"floor":18.0,"key":"Strength Potion"},{"floor":21.0,"key":"Poison Potion"},{"floor":28.0,"key":"DuplicationPotion"},{"floor":33,"key":"SteroidPotion"},{"floor":39,"key":"ColorlessPotion"},{"floor":40,"key":"BlessingOfTheForge"}],"is_trial":false,"path_per_floor":["M","M","M","?","$","E","R","E","T","?","R","M","R","M","R","B",null,"M","M","?","?","?","E","R","$","T","E","M","R","M","T","R","B",null,"M","M","?","?","M","E","E","E","T","M","R","E","E","$","R","B",null],"character_chosen":"THE_SILENT","items_purchased":["War Paint","Blade Dance","Lantern","DuplicationPotion"],"campfire_rested":0,"item_purchase_floors":[25,25,48,48],"current_hp_per_floor":[58,58,58,44,44,41,41,31,31,31,31,31,31,31,31,31,60,60,56,40,40,35,30,30,35,35,35,34,34,34,34,34,32,34,35,34,24,45,44,45,45,41,41,45,45,45,44,45,45,45],"gold":194,"neow_bonus":"BOSS_RELIC","is_daily":false,"chose_seed":false,"campfire_upgraded":8,"win_rate":0.0,"timestamp":1614341122,"path_taken":["M","M","M","?","$","E","R","E","T","?","R","?","R","M","R","BOSS","M","M","?","?","?","E","R","$","T","E","M","R","M","?","R","BOSS","M","M","?","?","?","E","E","E","T","M","R","E","E","$","R","BOSS"],"items_purchased_type":["Relic","Card","Relic","Potion"],"build_version":"2020-12-22","purchased_purges":3,"victory":true,"max_hp_per_floor":[70,70,70,70,70,70,70,70,70,70,70,70,70,70,70,70,70,70,70,70,70,35,35,35,35,35,35,35,35,35,35,35,35,35,35,35,35,45,45,45,45,45,45,45,45,45,45,45,45,45],"card_choices":[{"not_picked":["Calculated Gamble","Dodge and Roll"],"picked":"Backflip","floor":1.0},{"not_picked":["Cloak And Dagger","Flying Knee"],"picked":"PiercingWail","floor":2.0},{"not_picked":["Slice","Cloak And Dagger"],"picked":"Dagger Throw","floor":3.0},{"not_picked":["Bullet Time","Flying Knee"],"picked":"Eviscerate","floor":6.0},{"not_picked":["Dagger Throw","Setup"],"picked":"Reflex","floor":8.0},{"not_picked":["Prepared","Deflect"],"picked":"Acrobatics","floor":12.0},{"not_picked":["Deflect","PiercingWail"],"picked":"Expertise","floor":14.0},{"not_picked":["Malaise","Grand Finale+1"],"picked":"Bullet Time","floor":16.0},{"not_picked":["Crippling Poison+1","Heel Hook+1","Dagger Spray+1"],"picked":"SKIP","floor":18.0},{"not_picked":["Dagger Spray+1","Catalyst"],"picked":"Calculated Gamble","floor":19.0},{"not_picked":["Expertise","Finisher+1"],"picked":"Endless Agony+1","floor":21.0},{"not_picked":["Dodge and Roll","Endless Agony+1"],"picked":"Wraith Form v2","floor":23.0},{"not_picked":["Setup","Backflip+1"],"picked":"Acrobatics","floor":27.0},{"not_picked":["All Out Attack+1","Crippling Poison+1"],"picked":"Escape Plan","floor":28.0},{"not_picked":["Acrobatics","Caltrops+1"],"picked":"Blade Dance+1","floor":30.0},{"not_picked":["Corpse Explosion","Doppelganger"],"picked":"Glass Knife+1","floor":33},{"not_picked":["Sucker Punch+1","PiercingWail"],"picked":"Dagger Throw+1","floor":35},{"not_picked":["Setup+1","Infinite Blades","Sucker Punch+1"],"picked":"SKIP","floor":36},{"not_picked":["Apotheosis","HandOfGreed+1"],"picked":"Dramatic Entrance+1","floor":37},{"not_picked":["Poisoned Stab+1","Deflect+1","Cloak And Dagger+1"],"picked":"SKIP","floor":39},{"not_picked":["All Out Attack+1","Backflip"],"picked":"Calculated Gamble+1","floor":40},{"not_picked":["Escape Plan+1","Catalyst+1"],"picked":"Eviscerate+1","floor":41},{"not_picked":["Prepared","Flying Knee+1"],"picked":"Burst","floor":42},{"not_picked":["Setup","Dagger Spray+1","Dash+1"],"picked":"SKIP","floor":44},{"not_picked":["Expertise","Cloak And Dagger+1","Dash+1"],"picked":"SKIP","floor":46},{"not_picked":["Underhanded Strike+1","Caltrops+1","Distraction+1"],"picked":"SKIP","floor":47}],"player_experience":146464,"relics_obtained":[{"floor":6.0,"key":"Boot"},{"floor":8.0,"key":"Bottled Lightning"},{"floor":9.0,"key":"Molten Egg 2"},{"floor":20.0,"key":"Enchiridion"},{"floor":21.0,"key":"Red Mask"},{"floor":23.0,"key":"MealTicket"},{"floor":26.0,"key":"Bird Faced Urn"},{"floor":27.0,"key":"HornCleat"},{"floor":31.0,"key":"Gremlin Horn"},{"floor":40,"key":"WingedGreaves"},{"floor":41,"key":"Darkstone Periapt"},{"floor":42,"key":"Juzu Bracelet"},{"floor":46,"key":"Girya"},{"floor":47,"key":"InkBottle"}],"event_choices":[{"damage_healed":0.0,"max_hp_gain":0.0,"max_hp_loss":0.0,"gold_gain":0.0,"event_name":"Shining Light","player_choice":"Entered Light","floor":4.0,"gold_loss":0.0,"damage_taken":14.0,"cards_upgraded":["Defend_G","Strike_G"]},{"damage_healed":0.0,"max_hp_gain":0.0,"max_hp_loss":0.0,"gold_gain":0.0,"cards_transformed":["Strike_G"],"event_name":"Transmorgrifier","player_choice":"Transformed","floor":10.0,"gold_loss":0.0,"damage_taken":0.0,"cards_obtained":["Flechettes"]},{"damage_healed":0.0,"max_hp_gain":0.0,"max_hp_loss":0.0,"gold_gain":0.0,"event_name":"Cursed Tome","player_choice":"Obtained Book","floor":20.0,"gold_loss":0.0,"damage_taken":16.0},{"damage_healed":0.0,"max_hp_gain":0.0,"max_hp_loss":0.0,"gold_gain":0.0,"event_name":"Masked Bandits","player_choice":"Fought Bandits","floor":21.0,"gold_loss":0.0,"damage_taken":0.0},{"damage_healed":0.0,"max_hp_gain":0.0,"max_hp_loss":35.0,"gold_gain":0.0,"event_name":"Ghosts","player_choice":"Became a Ghost","floor":22.0,"gold_loss":0.0,"damage_taken":0.0,"cards_obtained":["Ghostly","Ghostly","Ghostly","Ghostly","Ghostly"]},{"damage_healed":0,"gold_gain":0,"player_choice":"Memory 3","damage_taken":10,"max_hp_gain":0,"max_hp_loss":0,"event_name":"SensoryStone","floor":37,"gold_loss":0},{"cards_removed":["Glass Knife"],"damage_healed":11,"gold_gain":0,"player_choice":"Offered Rare","damage_taken":0,"max_hp_gain":10,"max_hp_loss":0,"event_name":"Bonfire Elementals","floor":38,"gold_loss":0}],"is_beta":false,"boss_relics":[{"not_picked":["Astrolabe","Tiny House"],"picked":"WristBlade"},{"not_picked":["SacredBark","Empty Cage"],"picked":"SlaversCollar"}],"items_purged_floors":[5,25,48],"is_endless":false,"potions_floor_spawned":[1,6,8,14,18,21,28,33,39,40,41,46,47],"ascension_level":9}}