{"host":"6to8m083wj0ro91z","time":1614377089,"event":{"mods":["BaseMod","Better Third Choice","BetterRewards","CatGirl Mod","ChefMod","Friendly Minions","Mad Scientist","Marisa????????","Minty Spire (QoL Compilation)","Onozuka Komachi Mod","QueenMod","Robot Space Explorer","Shade Mod","Shapeshifter Mod","Spicy Shops","StSLib","The Blackbeard","The Death Knight","The Elementalist","The Gatherer","The Marked","The Mystic","The Necromancer","The Runesmith","The Servant 0.9.4","The Showman","The Vixen","Yohane!"],"gold_per_floor":[10,10,0,20,20,20,54,68,68,20,20,40,74,94,94,196,196,207,226,141,160,180,206,217,243,243,257,257,25,124,142,142,241,241,261,277,288,43,61,61,61],"floor_reached":40,"language":"ENG","playtime":1825,"items_purged":["StSShapeShifter:ShapeShifter_Strike","StSShapeShifter:ShapeShifter_Strike"],"score":517,"play_id":"d5aeaa26-8cc9-42ea-8a40-78cadc712a5b","local_time":"20210226230449","is_ascension_mode":false,"campfire_choices":[{"data":"StSShapeShifter:BladeOfGrass","floor":6.0,"key":"SMITH"},{"data":"StSShapeShifter:AdaptiveStrikes","floor":11.0,"key":"SMITH"},{"data":"StSShapeShifter:HippoForm","floor":15.0,"key":"SMITH"},{"data":"StSShapeShifter:TopazSkin","floor":28,"key":"SMITH"},{"data":"StSShapeShifter:Synchronicity","floor":32,"key":"SMITH"}],"circlet_count":0,"master_deck":["StSShapeShifter:ShapeShifter_Strike","StSShapeShifter:ShapeShifter_Strike","StSShapeShifter:ShapeShifter_Defend","StSShapeShifter:ShapeShifter_Defend","StSShapeShifter:ShapeShifter_Defend","StSShapeShifter:ShapeShifter_Defend","StSShapeShifter:ShapeShifter_Defend","StSShapeShifter:Tortoise_Form","StSShapeShifter:Lynx_Form","StSShapeShifter:BladeOfGrass+1","Enlightenment","StSShapeShifter:AdaptiveStrikes+1","StSShapeShifter:Roar","StSShapeShifter:BurstingSpore","StSShapeShifter:HippoForm+1","StSShapeShifter:BurstingSpore+1","StSShapeShifter:TopazSkin+1","StSShapeShifter:Synchronicity+1","StSShapeShifter:LionForm","StSShapeShifter:AdaptiveStrikes+1"],"relics":["StSShapeShifter:AnimalHeart","StSShapeShifter:TheShapeShiftersMagnolia","Torii","StSShapeShifter:WristwrapsOfDiscovery","Meat on the Bone","Kunai","Cursed Key","Pear","Strawberry","DeathKnight:SindragosasSkull","ClockworkSouvenir","Coffee Dripper","Blood Vial"],"acts_visited":["Exordium","TheCity","TheBeyond"],"potions_floor_usage":[33,40],"damage_taken":[{"damage":0.0,"enemies":"Jaw Worm","floor":1.0,"turns":4.0},{"damage":0.0,"enemies":"Small Slimes","floor":4.0,"turns":3.0},{"damage":59.0,"enemies":"Gremlin Nob","floor":7.0,"turns":6.0},{"damage":0.0,"enemies":"Cultist","floor":8.0,"turns":2.0},{"damage":0.0,"enemies":"3 Louse","floor":12.0,"turns":2.0},{"damage":2.0,"enemies":"3 Sentries","floor":13.0,"turns":7.0},{"damage":0.0,"enemies":"2 Fungi Beasts","floor":14.0,"turns":2.0},{"damage":0.0,"enemies":"Slime Boss","floor":16.0,"turns":5.0},{"damage":10.0,"enemies":"Spheric Guardian","floor":18.0,"turns":3.0},{"damage":5.0,"enemies":"3 Byrds","floor":19.0,"turns":4.0},{"damage":10.0,"enemies":"Snecko","floor":21.0,"turns":4.0},{"damage":9.0,"enemies":"Cultist and Chosen","floor":22.0,"turns":6.0},{"damage":28.0,"enemies":"Gremlin Leader","floor":23.0,"turns":7.0},{"damage":10.0,"enemies":"Centurion and Healer","floor":24.0,"turns":5.0},{"damage":40.0,"enemies":"Book of Stabbing","floor":25.0,"turns":6.0},{"damage":1,"enemies":"Snake Plant","floor":27,"turns":4},{"damage":0,"enemies":"Snecko","floor":31,"turns":5},{"damage":44,"enemies":"Collector","floor":33,"turns":14},{"damage":2,"enemies":"3 Shapes","floor":35,"turns":3},{"damage":9,"enemies":"Orb Walker","floor":36,"turns":4},{"damage":0,"enemies":"Maw","floor":37,"turns":6},{"damage":49,"enemies":"Writhing Mass","floor":39,"turns":5},{"damage":64,"enemies":"Reptomancer","floor":40,"turns":3}],"seed_played":"-7633908889939379826","potions_obtained":[{"floor":1.0,"key":"SneckoOil"},{"floor":12.0,"key":"DeathKnight:BottledBloodEchoes"},{"floor":13.0,"key":"LiquidBronze"},{"floor":19.0,"key":"Block Potion"},{"floor":23.0,"key":"EssenceOfSteel"},{"floor":31,"key":"SteroidPotion"},{"floor":36,"key":"StSShapeShifter:PolyBeastPotion"},{"floor":37,"key":"PowerPotion"}],"is_trial":false,"path_per_floor":["M","?","?","M","?","R","E","M","T","$","R","M","E","M","R","B",null,"M","M","?","M","M","E","M","E","T","M","R","$","?","M","R","B",null,"M","M","M","$","M","E"],"character_chosen":"SHAPESHIFTER","items_purchased":["StSShapeShifter:BurstingSpore","ClockworkSouvenir","Blood Vial"],"campfire_rested":0,"item_purchase_floors":[10,29,38],"current_hp_per_floor":[78,78,84,84,84,84,25,37,37,37,37,49,47,47,47,47,84,74,69,79,69,60,51,53,25,25,36,36,36,36,48,48,16,101,99,90,90,90,55,0,0],"gold":61,"neow_bonus":"ONE_RARE_RELIC","is_daily":false,"chose_seed":false,"campfire_upgraded":5,"win_rate":0.0,"timestamp":1614377089,"path_taken":["M","?","?","M","?","R","E","M","T","$","R","M","E","M","R","BOSS","M","M","?","M","M","E","M","E","T","M","R","$","?","M","R","BOSS","M","M","M","$","M","E"],"items_purchased_type":["Card","Relic","Relic"],"build_version":"2020-12-22","purchased_purges":2,"victory":false,"max_hp_per_floor":[78,78,84,84,84,84,84,84,84,84,84,84,84,84,84,84,84,84,84,94,94,94,101,101,101,101,101,101,101,101,101,101,101,101,101,101,101,101,101,101,101],"card_choices":[{"not_picked":["StSShapeShifter:BaskInBloom","StSShapeShifter:Bonk"],"picked":"StSShapeShifter:BladeOfGrass","floor":1.0},{"not_picked":["StSShapeShifter:Sapling","StSShapeShifter:MonkeyForm","StSShapeShifter:FallingLeaves"],"picked":"SKIP","floor":4.0},{"not_picked":["StSShapeShifter:TopazSkin","StSShapeShifter:Guard"],"picked":"StSShapeShifter:AdaptiveStrikes","floor":7.0},{"not_picked":["StSShapeShifter:HummingbirdForm","StSShapeShifter:MonkeyForm"],"picked":"StSShapeShifter:Roar","floor":8.0},{"not_picked":["StSShapeShifter:Flourish","StSShapeShifter:Guard","StSShapeShifter:Maul"],"picked":"SKIP","floor":12.0},{"not_picked":["StSShapeShifter:MagicMushrooms","StSShapeShifter:Roar","StSShapeShifter:FullMoon"],"picked":"SKIP","floor":13.0},{"not_picked":["StSShapeShifter:VineHandcuffs","StSShapeShifter:MonkeyForm"],"picked":"StSShapeShifter:HippoForm","floor":14.0},{"not_picked":["StSShapeShifter:Rest","StSShapeShifter:CursedApple"],"picked":"StSShapeShifter:BurstingSpore+1","floor":18.0},{"not_picked":["StSShapeShifter:HummingbirdForm","StSShapeShifter:PorcupineForm","StSShapeShifter:CursedApple"],"picked":"SKIP","floor":19.0},{"not_picked":["StSShapeShifter:SunflowerShuriken+1","StSShapeShifter:Roar+1","StSShapeShifter:DiverseSpirit"],"picked":"SKIP","floor":21.0},{"not_picked":["StSShapeShifter:Hunt","StSShapeShifter:OakBlade","StSShapeShifter:LeapingSlash"],"picked":"SKIP","floor":22.0},{"not_picked":["StSShapeShifter:FlowerShield","StSShapeShifter:OpportuneSwoop","StSShapeShifter:DiverseSpirit+1"],"picked":"SKIP","floor":23.0},{"not_picked":["StSShapeShifter:WaspSwarmForm","StSShapeShifter:BloomingSlash","StSShapeShifter:PoisonIvy"],"picked":"SKIP","floor":24.0},{"not_picked":["StSShapeShifter:VineHandcuffs+1","StSShapeShifter:Rest"],"picked":"StSShapeShifter:TopazSkin","floor":25.0},{"not_picked":["StSShapeShifter:ThornToss","StSShapeShifter:SquirrelForm","StSShapeShifter:MooseForm"],"picked":"SKIP","floor":27},{"not_picked":["StSShapeShifter:OwlForm+1","StSShapeShifter:ShiftingStrike"],"picked":"StSShapeShifter:Synchronicity","floor":31},{"not_picked":["StSShapeShifter:RestoreBalance","StSShapeShifter:RitualOfTheElders"],"picked":"StSShapeShifter:LionForm","floor":33},{"not_picked":["StSShapeShifter:SunflowerShuriken","StSShapeShifter:BarkSkin"],"picked":"StSShapeShifter:AdaptiveStrikes+1","floor":35},{"not_picked":["StSShapeShifter:FallingLeaves+1","StSShapeShifter:HippoForm","StSShapeShifter:SunflowerShuriken+1"],"picked":"SKIP","floor":36},{"not_picked":["StSShapeShifter:BarkSkin","StSShapeShifter:Guard","StSShapeShifter:FruitBasket"],"picked":"SKIP","floor":37},{"not_picked":["StSShapeShifter:PoisonIvy","StSShapeShifter:ThornToss","StSShapeShifter:WiltingWrath+1"],"picked":"SKIP","floor":39}],"player_experience":1165410,"relics_obtained":[{"floor":7.0,"key":"Meat on the Bone"},{"floor":13.0,"key":"Kunai"},{"floor":23.0,"key":"Strawberry"},{"floor":25.0,"key":"DeathKnight:SindragosasSkull"}],"event_choices":[{"cards_removed":["StSShapeShifter:ShapeShifter_Strike"],"damage_healed":0.0,"max_hp_gain":0.0,"max_hp_loss":0.0,"gold_gain":0.0,"event_name":"Living Wall","player_choice":"Forget","floor":2.0,"gold_loss":0.0,"damage_taken":0.0},{"damage_healed":0.0,"max_hp_gain":0.0,"max_hp_loss":0.0,"gold_gain":0.0,"event_name":"betterThird:BetterSerpent","player_choice":"RENOUNCE","floor":3.0,"gold_loss":10.0,"damage_taken":10.0,"cards_obtained":["Enlightenment"]},{"damage_healed":0.0,"max_hp_gain":0.0,"max_hp_loss":0.0,"gold_gain":0.0,"event_name":"WeMeetAgain","player_choice":"Gave Potion","floor":5.0,"gold_loss":0.0,"damage_taken":0.0,"relics_obtained":["StSShapeShifter:WristwrapsOfDiscovery"]},{"damage_healed":0.0,"max_hp_gain":0.0,"max_hp_loss":0.0,"gold_gain":0.0,"event_name":"Addict","player_choice":"Obtained Relic","floor":20.0,"gold_loss":85.0,"damage_taken":0.0,"relics_obtained":["Pear"]},{"damage_healed":0,"gold_gain":99,"player_choice":"Steal","damage_taken":0,"max_hp_gain":0,"max_hp_loss":0,"event_name":"betterThird:BetterNest","floor":30,"gold_loss":0}],"is_beta":false,"boss_relics":[{"not_picked":["Runic Pyramid","Runic Dome"],"picked":"Cursed Key"},{"not_picked":["Pandora\u0027s Box","Calling Bell"],"picked":"Coffee Dripper"}],"items_purged_floors":[29,38],"is_endless":false,"potions_floor_spawned":[1,12,13,19,21,23,27,31,36,37],"killed_by":"Reptomancer","ascension_level":0}}