{"host":"lxu17chzujqn8whl","time":1614359510,"event":{"mods":["BaseMod","Minty Spire (QoL Compilation)","Relic Stats","StSLib"],"gold_per_floor":[362,362,437,512,530,530,561,579,579,594,619,619,26,46,46,146,146,163,88,3,32,44,44,44,44],"floor_reached":24,"language":"ENG","playtime":1285,"items_purged":[],"score":206,"play_id":"b1e13a79-248b-4c5f-8bee-cebdcfe745a5","local_time":"20210226091150","is_ascension_mode":false,"campfire_choices":[{"data":"Compile Driver","floor":6.0,"key":"SMITH"},{"floor":12.0,"key":"REST"},{"data":"Electrodynamics","floor":15.0,"key":"SMITH"},{"data":"Self Repair","floor":23.0,"key":"SMITH"}],"circlet_count":0,"master_deck":["Strike_B","Strike_B","Strike_B","Defend_B","Defend_B","Defend_B","Defend_B","Zap","Dualcast","Compile Driver+1","Self Repair+1","Conserve Battery","Hologram","Electrodynamics+1","Conserve Battery","Sweeping Beam","Melter","Sunder","Seek","Rip and Tear+1","Coolheaded"],"relics":["Cracked Core","White Beast Statue","Smiling Mask","InkBottle","Regal Pillow","Matryoshka","Bronze Scales","Nuclear Battery","CeramicFish"],"acts_visited":["Exordium","TheCity"],"potions_floor_usage":[24,24],"damage_taken":[{"damage":0.0,"enemies":"Small Slimes","floor":1.0,"turns":3.0},{"damage":3.0,"enemies":"2 Louse","floor":5.0,"turns":3.0},{"damage":12.0,"enemies":"Lagavulin","floor":7.0,"turns":8.0},{"damage":1.0,"enemies":"Cultist","floor":8.0,"turns":3.0},{"damage":5.0,"enemies":"Looter","floor":10.0,"turns":2.0},{"damage":10.0,"enemies":"3 Sentries","floor":11.0,"turns":7.0},{"damage":0.0,"enemies":"Large Slime","floor":14.0,"turns":4.0},{"damage":27.0,"enemies":"The Guardian","floor":16.0,"turns":10.0},{"damage":0.0,"enemies":"Chosen","floor":18.0,"turns":4.0},{"damage":0.0,"enemies":"Spheric Guardian","floor":21.0,"turns":2.0},{"damage":0.0,"enemies":"Cultist and Chosen","floor":22.0,"turns":3.0},{"damage":9,"enemies":"Book of Stabbing","floor":24,"turns":4}],"seed_played":"2081655902782139242","potions_obtained":[{"floor":5.0,"key":"Weak Potion"},{"floor":7.0,"key":"FocusPotion"},{"floor":8.0,"key":"SkillPotion"},{"floor":10.0,"key":"BlessingOfTheForge"},{"floor":11.0,"key":"DuplicationPotion"},{"floor":14.0,"key":"PotionOfCapacity"},{"floor":16.0,"key":"GamblersBrew"},{"floor":18.0,"key":"SpeedPotion"},{"floor":21.0,"key":"Swift Potion"},{"floor":22.0,"key":"Explosive Potion"}],"is_trial":false,"path_per_floor":["M","?","?","?","M","R","E","M","T","M","E","R","$","M","R","B",null,"M","?","?","M","M","R","E"],"character_chosen":"DEFECT","items_purchased":["Matryoshka","Bronze Scales","Conserve Battery","Sweeping Beam","Melter","Explosive Potion"],"campfire_rested":1,"item_purchase_floors":[13,13,13,13,13,13],"current_hp_per_floor":[68,61,50,44,41,41,29,35,35,30,27,62,62,68,68,48,68,68,68,68,68,68,68,59,59],"gold":44,"neow_bonus":"TWO_FIFTY_GOLD","is_daily":false,"chose_seed":false,"campfire_upgraded":3,"win_rate":0.0,"timestamp":1614359510,"path_taken":["M","?","?","?","M","R","E","M","T","?","E","R","$","M","R","BOSS","M","?","?","M","M","R","E"],"items_purchased_type":["Relic","Relic","Card","Card","Card","Potion"],"build_version":"2020-12-22","purchased_purges":0,"victory":false,"max_hp_per_floor":[68,68,68,68,68,68,68,68,68,68,68,68,68,68,68,68,68,68,68,68,68,68,68,68,68],"relic_stats":{"Regal Pillow":15,"counters":[12,53],"Bronze Scales":[78],"CeramicFish":9,"Smiling Mask":0,"obtain_stats":[{"Regal Pillow":11,"Matryoshka":13,"Bronze Scales":13,"CeramicFish":20,"Cracked Core":0,"Smiling Mask":7,"White Beast Statue":2,"InkBottle":9,"Nuclear Battery":17},{"Regal Pillow":6,"Matryoshka":6,"Bronze Scales":6,"CeramicFish":9,"Cracked Core":0,"Smiling Mask":3,"White Beast Statue":1,"InkBottle":4,"Nuclear Battery":8},{"Regal Pillow":26,"Matryoshka":26,"Bronze Scales":26,"CeramicFish":44,"Cracked Core":0,"Smiling Mask":14,"White Beast Statue":3,"InkBottle":17,"Nuclear Battery":40}],"InkBottle":[11]},"card_choices":[{"not_picked":["Turbo","Rebound"],"picked":"Compile Driver","floor":1.0},{"not_picked":["Scrape","Gash","Rebound"],"picked":"SKIP","floor":5.0},{"not_picked":["Lockon","Thunder Strike"],"picked":"Self Repair","floor":7.0},{"not_picked":["Ball Lightning","Glacier"],"picked":"Conserve Battery","floor":8.0},{"not_picked":["Steam","Compile Driver"],"picked":"Hologram","floor":10.0},{"not_picked":["Stack","Hologram"],"picked":"Electrodynamics","floor":11.0},{"not_picked":["Ball Lightning","Go for the Eyes"],"picked":"Sunder","floor":14.0},{"not_picked":["Hyperbeam","Rainbow"],"picked":"Seek","floor":16.0},{"not_picked":["Streamline","Coolheaded"],"picked":"Rip and Tear+1","floor":18.0},{"not_picked":["Lockon","Chaos"],"picked":"Coolheaded","floor":21.0},{"not_picked":["Beam Cell","Lockon+1","Leap"],"picked":"SKIP","floor":22.0}],"player_experience":741263,"relics_obtained":[{"floor":7.0,"key":"Smiling Mask"},{"floor":9.0,"key":"InkBottle"},{"floor":11.0,"key":"Regal Pillow"}],"event_choices":[{"damage_healed":0.0,"max_hp_gain":0.0,"max_hp_loss":0.0,"gold_gain":0.0,"event_name":"Scrap Ooze","player_choice":"Success","floor":2.0,"gold_loss":0.0,"damage_taken":7.0,"relics_obtained":["White Beast Statue"]},{"damage_healed":0.0,"max_hp_gain":0.0,"max_hp_loss":0.0,"gold_gain":75.0,"event_name":"World of Goop","player_choice":"Gather Gold","floor":3.0,"gold_loss":0.0,"damage_taken":11.0},{"damage_healed":0.0,"max_hp_gain":0.0,"max_hp_loss":0.0,"gold_gain":75.0,"event_name":"FaceTrader","player_choice":"Touch","floor":4.0,"gold_loss":0.0,"damage_taken":6.0},{"cards_removed":["Strike_B"],"damage_healed":0.0,"max_hp_gain":0.0,"max_hp_loss":0.0,"gold_gain":0.0,"event_name":"Beggar","player_choice":"Gave Gold","floor":19.0,"gold_loss":75.0,"damage_taken":0.0},{"damage_healed":0.0,"max_hp_gain":0.0,"max_hp_loss":0.0,"gold_gain":0.0,"event_name":"Addict","player_choice":"Obtained Relic","floor":20.0,"gold_loss":85.0,"damage_taken":0.0,"relics_obtained":["CeramicFish"]}],"is_beta":false,"boss_relics":[{"not_picked":["Tiny House","SlaversCollar"],"picked":"Nuclear Battery"}],"items_purged_floors":[],"is_endless":false,"potions_floor_spawned":[5,7,8,10,11,14,16,18,21,22],"killed_by":"Book of Stabbing","ascension_level":0}}