{"host":"5w25fvbdcbru4pxd","time":1614322653,"event":{"mods":["ATMod(°¢èªMod)","Act Like it!","Arknights","BaseMod","Friendly Minions","Library of Ruina","Library of Ruina Extra","Lobotomy","LobotomyExtend","Marked Mod","Minty Spire (QoL Compilation)","MostiFishMod","Relic Filter Mod","Replay The Spire","RumiaBox-Â¶Ã×æ«µÄÉñÃØºÐ×Ó","Shop Mod","StSLib","TestMod","Waifu the Spire","Yakumo Yukari mod","Yuri Mod","[IsaacMod]ÒÔÈö¼âËþ","noobMod","¡¾ÒÅÎï¿¨ÅÆ¡¿REMEMod"],"gold_per_floor":[119,169,181,195,195,195,195,195,249,283,296,332,347,368,368,492,604,616,628,10000,10012,10044,10056,10108,10120,10132,10160,10195,10220,10257,10269,10281,10438,10450,10610,11022,11120,11173,11185,11197,11284,11404,11468,9965,10015,10140,10140,10184,10184,10259],"floor_reached":51,"language":"ZHS","playtime":1603,"items_purged":[],"score":1109,"play_id":"e8f5412e-9113-47da-a02d-ffe65f6b8ca7","local_time":"20210226145733","is_ascension_mode":false,"campfire_choices":[],"circlet_count":0,"master_deck":["SpecialBullet","SpecialBullet","SpecialBullet","SpecialBullet","SpecialBullet","SpecialBullet","SpecialBullet","AT_ShrugMaster+1","Reaper+1","SpecialBullet","DreamingCurrent","SpecialBullet","Mercenary","Gaze+1","OSAHOGD","SoundOfStar+1","SecurityCode","LaLuna","NothingThere","PunishingBird","ExtractionCode","Pinks+1","ControlCode","Bloodbath","Freischutz","RecordCode","SnowQueen","Noise+1","DisciplinaryCode","LongBird","FairyFestival","CENSORED","TrainingCode","BlackArmy","Laetitia","GreenStem+1","PlagueDoctor","WelfareCode","Horn","FieryBird"],"relics":["CogitoBucket","testmod-TestBox","ice","DaveBox","AT_ATBox","REME_ComplimentaryCards","Dodecahedron","TheBible","testmod-Brilliant","LetterFromLob","PageOfNothingThere","Centennial Puzzle","Golden Idol","BookOfRevelations","AT_BellDemon","Mummified Hand","Oddly Smooth Stone","BookofShadows","Boot","Vajra","Replay:Wanted Poster","Pen Nib","FleshIdol","AT_TimeSand","GodSword4","Ice Cream","CaptainsWheel","AT_Kusabimaru","AT_SunfireAegis","AtMidnight","AT_MibuBalloonWealth","AT_RedTearstoneRing","Philosopher\u0027s Stone","Bronze Scales","Replay:Bottled Eggs","SentryEyes","TheBean","MostiFishMod:Haymaker","SharpPlug","MerchantsRug","SynthV:MejaisSoulstealer","ReplayTheSpireMod:Lightbulb","Prayer Wheel"],"acts_visited":["Exordium","TheCity","TheBeyond"],"potions_floor_usage":[35],"damage_taken":[{"damage":7,"enemies":"ats:Genji","floor":1,"turns":2},{"damage":72,"enemies":"Hiden Room Battle","floor":2,"turns":6},{"damage":0,"enemies":"Cultist","floor":3,"turns":3},{"damage":0,"enemies":"2 Louse","floor":4,"turns":1},{"damage":9,"enemies":"3 Sentries","floor":10,"turns":2},{"damage":0,"enemies":"2 Fungi Beasts","floor":11,"turns":1},{"damage":29,"enemies":"Gremlin Nob","floor":12,"turns":4},{"damage":30,"enemies":"Red Slaver","floor":13,"turns":1},{"damage":0,"enemies":"Gremlin Gang","floor":14,"turns":1},{"damage":199,"enemies":"The Guardian","floor":16,"turns":6},{"damage":0,"enemies":"Chosen","floor":18,"turns":1},{"damage":0,"enemies":"Shell Parasite","floor":22,"turns":1},{"damage":0,"enemies":"Gremlin Leader","floor":24,"turns":1},{"damage":0,"enemies":"Shelled Parasite and Fungi","floor":27,"turns":1},{"damage":0,"enemies":"Chosen and Byrds","floor":28,"turns":1},{"damage":0,"enemies":"Snecko","floor":29,"turns":1},{"damage":0,"enemies":"Centurion and Healer","floor":30,"turns":1},{"damage":26,"enemies":"Champ","floor":33,"turns":3},{"damage":0,"enemies":"3 Darklings","floor":35,"turns":1},{"damage":0,"enemies":"Orb Walker","floor":38,"turns":1},{"damage":0,"enemies":"Sphere and 2 Shapes","floor":41,"turns":1},{"damage":0,"enemies":"Reptomancer","floor":42,"turns":1},{"damage":138,"enemies":"Reptomancer","floor":45,"turns":5},{"damage":0,"enemies":"4 Shapes","floor":46,"turns":1},{"damage":0,"enemies":"Spire Growth","floor":48,"turns":1},{"damage":128,"enemies":"Awakened One","floor":50,"turns":4},{"damage":94,"enemies":"Malkuth","floor":51,"turns":3},{"damage":24,"enemies":"Hod","floor":51,"turns":4},{"damage":432,"enemies":"Tiphereth","floor":51,"turns":8},{"damage":286,"enemies":"Binah","floor":51,"turns":8},{"damage":241,"enemies":"Angela","floor":51,"turns":4}],"seed_played":"-7292533821926686106","potions_obtained":[{"floor":2,"key":"DistilledChaos"},{"floor":3,"key":"Death Potion"},{"floor":4,"key":"Weak Potion"},{"floor":33,"key":"testmod-TimePotion"},{"floor":35,"key":"Fruit Juice"},{"floor":37,"key":"Fire Potion"}],"is_trial":false,"path_per_floor":["M","?","M","M","?","R","?","R","T","E","M","E","M","M","R","B",null,"M","?","?","?","M","R","E","R","T","M","M","M","M","?","R","B",null,"M","?","?","M","?","R","M","E","T","$","?","M","?","M","R","B",null],"character_chosen":"Angela","items_purchased":["MerchantsRug","SynthV:MejaisSoulstealer"],"campfire_rested":0,"item_purchase_floors":[44,44],"current_hp_per_floor":[63,31,49,49,32,32,32,32,32,68,70,56,47,65,65,78,78,78,78,78,78,78,78,78,78,78,78,78,78,78,78,78,82,82,87,87,66,84,84,84,87,87,87,87,121,121,121,121,121,251],"gold":9351,"neow_bonus":"RANDOM_EVENT","is_daily":false,"chose_seed":false,"campfire_upgraded":0,"win_rate":0.0,"timestamp":1614322653,"path_taken":["M","?","M","M","?","R","?","R","T","E","M","E","M","?","R","BOSS","M","?","?","?","M","R","E","R","T","?","?","M","M","?","R","BOSS","M","?","?","M","?","R","M","E","T","$","?","M","?","?","R","BOSS"],"items_purchased_type":["Relic","Relic"],"build_version":"2020-12-22","purchased_purges":0,"victory":true,"max_hp_per_floor":[70,70,70,70,70,70,70,70,70,70,70,70,70,70,70,78,78,78,78,78,78,78,78,78,78,78,78,78,78,78,78,78,82,82,87,87,87,87,87,87,87,87,87,87,121,121,121,121,121,251],"card_choices":[{"not_picked":[],"picked":"Bomb","floor":0},{"not_picked":["Scorched","CrumblingArmor"],"picked":"DreamingCurrent","floor":1},{"not_picked":["TodaysExpression","Lantern"],"picked":"SKIP","floor":1},{"not_picked":["Porccubus","Rudolta"],"picked":"Mercenary","floor":2},{"not_picked":["RapturousDream"],"picked":"Gaze","floor":2},{"not_picked":["Lantern","BloodyDesire"],"picked":"SKIP","floor":3},{"not_picked":["FieryBird","Wellcheers"],"picked":"OSAHOGD","floor":4},{"not_picked":["CrimsonScar"],"picked":"SoundOfStar","floor":4},{"not_picked":["OldLady","BodiesMountain"],"picked":"Yin","floor":10},{"not_picked":["Discord","Bomb"],"picked":"SKIP","floor":10},{"not_picked":["GreedKing","BlackSwan"],"picked":"LaLuna","floor":11},{"not_picked":["Tough","RapturousDream"],"picked":"SKIP","floor":11},{"not_picked":["FairyFestival","HeroicMonk"],"picked":"NothingThere","floor":12},{"not_picked":["TheSmile","Horn"],"picked":"SKIP","floor":12},{"not_picked":["TheSmile","Horn"],"picked":"SKIP","floor":12},{"not_picked":["BlueScar","Soda"],"picked":"SKIP","floor":13},{"not_picked":["ShyLook","VoidDream"],"picked":"PunishingBird","floor":14},{"not_picked":["Beak","Amita"],"picked":"SKIP","floor":14},{"not_picked":["SoundOfStar"],"picked":"Pinks","floor":16},{"not_picked":["LongBird","QueenBee"],"picked":"Bloodbath","floor":18},{"not_picked":["RapturousDream+1","Amita+1"],"picked":"SKIP","floor":18},{"not_picked":["Loneliness","Soda"],"picked":"SKIP","floor":18},{"not_picked":["HeroicMonk","Scorched"],"picked":"Freischutz","floor":22},{"not_picked":["ScreamingWedge","DaCapo"],"picked":"SKIP","floor":22},{"not_picked":["SpiderBud","Rudolta"],"picked":"SnowQueen","floor":24},{"not_picked":["BlackSwan_ego"],"picked":"Noise","floor":24},{"not_picked":["Tough","CrimsonScar+1"],"picked":"SKIP","floor":27},{"not_picked":["Scorched","RedShoes"],"picked":"LongBird","floor":28},{"not_picked":["Harvest","Horn"],"picked":"SKIP","floor":28},{"not_picked":["FieryBird","QueenBee"],"picked":"FairyFestival","floor":29},{"not_picked":["CrimsonScar","SolemnVow"],"picked":"SKIP","floor":29},{"not_picked":["Scarecrow","Murderer"],"picked":"CENSORED","floor":30},{"not_picked":["Noise","Galaxy"],"picked":"SKIP","floor":30},{"not_picked":["Scorched","HappyTeddy"],"picked":"BlackArmy","floor":33},{"not_picked":["HeroicMonk","GalaxyChild"],"picked":"Laetitia","floor":35},{"not_picked":["Tough","SomewhereSpear+1"],"picked":"SKIP","floor":35},{"not_picked":["WristCuter+1"],"picked":"GreenStem+1","floor":37},{"not_picked":["QueenOfHatred","MHz"],"picked":"PlagueDoctor","floor":38},{"not_picked":["Penitence+1","Regret_ego"],"picked":"SKIP","floor":38},{"not_picked":["CherryBlossom+1","RapturousDream"],"picked":"SKIP","floor":41},{"not_picked":["Laetitia_ego","Pleasure+1"],"picked":"SKIP","floor":42},{"not_picked":["WristCuter","Regret_ego+1"],"picked":"SKIP","floor":46},{"not_picked":["BigBadWolf","Porccubus"],"picked":"FieryBird","floor":48},{"not_picked":["FrostShard","Loneliness"],"picked":"SKIP","floor":48}],"player_experience":51811,"relics_obtained":[{"floor":1,"key":"LetterFromLob"},{"floor":2,"key":"PageOfNothingThere"},{"floor":2,"key":"Centennial Puzzle"},{"floor":9,"key":"BookOfRevelations"},{"floor":10,"key":"AT_BellDemon"},{"floor":11,"key":"Mummified Hand"},{"floor":12,"key":"Oddly Smooth Stone"},{"floor":12,"key":"BookofShadows"},{"floor":13,"key":"Boot"},{"floor":14,"key":"Vajra"},{"floor":16,"key":"MawBank"},{"floor":18,"key":"Pen Nib"},{"floor":22,"key":"AT_TimeSand"},{"floor":24,"key":"GodSword4"},{"floor":24,"key":"Ice Cream"},{"floor":26,"key":"CaptainsWheel"},{"floor":27,"key":"AT_Kusabimaru"},{"floor":28,"key":"AT_SunfireAegis"},{"floor":29,"key":"AtMidnight"},{"floor":30,"key":"AT_MibuBalloonWealth"},{"floor":33,"key":"AT_RedTearstoneRing"},{"floor":37,"key":"Bronze Scales"},{"floor":38,"key":"Replay:Bottled Eggs"},{"floor":41,"key":"SentryEyes"},{"floor":42,"key":"TheBean"},{"floor":42,"key":"MostiFishMod:Haymaker"},{"floor":43,"key":"SharpPlug"},{"floor":46,"key":"ReplayTheSpireMod:Lightbulb"},{"floor":48,"key":"Prayer Wheel"}],"event_choices":[{"damage_healed":0,"gold_gain":0,"player_choice":"Fight","damage_taken":0,"max_hp_gain":0,"max_hp_loss":0,"event_name":"HidenRoomEvent","floor":2,"gold_loss":0},{"damage_healed":0,"gold_gain":0,"player_choice":"Take Damage","damage_taken":17,"relics_obtained":["Golden Idol"],"max_hp_gain":0,"max_hp_loss":0,"event_name":"Golden Idol","floor":5,"gold_loss":0},{"damage_healed":0,"gold_gain":0,"player_choice":"Ignored","damage_taken":0,"max_hp_gain":0,"max_hp_loss":0,"event_name":"Vampires","floor":19,"gold_loss":0},{"damage_healed":0,"gold_gain":9360,"player_choice":"GOLD GOLD GOLD GOLD GOLD GOLD GOLD GOLD GOLD GOLD GOLD GOLD GOLD GOLD GOLD GOLD GOLD GOLD GOLD GOLD GOLD GOLD GOLD GOLD GOLD GOLD GOLD GOLD GOLD GOLD GOLD GOLD GOLD GOLD GOLD GOLD GOLD GOLD GOLD GOLD GOLD GOLD GOLD GOLD GOLD GOLD GOLD GOLD GOLD GOLD GOLD GOLD GOLD GOLD GOLD GOLD GOLD GOLD GOLD GOLD GOLD GOLD GOLD GOLD GOLD GOLD GOLD GOLD GOLD GOLD GOLD GOLD GOLD GOLD GOLD GOLD GOLD GOLD GOLD GOLD GOLD GOLD GOLD GOLD GOLD GOLD GOLD GOLD GOLD GOLD GOLD GOLD GOLD GOLD GOLD GOLD GOLD GOLD GOLD GOLD GOLD GOLD GOLD GOLD ","damage_taken":5986,"max_hp_gain":0,"max_hp_loss":0,"event_name":"Knowing Skull","floor":20,"potions_obtained":[],"gold_loss":0,"cards_obtained":[]},{"damage_healed":0,"gold_gain":0,"player_choice":"Full Heal","damage_taken":0,"max_hp_gain":0,"max_hp_loss":0,"event_name":"Wheel of Change","floor":31,"gold_loss":0},{"damage_healed":0,"gold_gain":400,"player_choice":"Sell","damage_taken":0,"max_hp_gain":0,"max_hp_loss":0,"event_name":"¶÷ÂåË¹µÄÅÌ×Ó","floor":36,"relics_lost":["HushsDoor"],"gold_loss":0},{"damage_healed":0,"gold_gain":0,"player_choice":"0 cards matched","damage_taken":0,"max_hp_gain":0,"max_hp_loss":0,"event_name":"Match and Keep!","floor":39,"gold_loss":0,"cards_obtained":[]},{"damage_healed":0,"gold_gain":0,"cards_transformed":["SpecialBullet"],"player_choice":"Transformed","damage_taken":0,"max_hp_gain":0,"max_hp_loss":0,"event_name":"Transmorgrifier","floor":47,"gold_loss":0,"cards_obtained":["Horn"]}],"is_beta":false,"boss_relics":[{"not_picked":["Astrolabe","Empty Cage"],"picked":"Replay:Wanted Poster"},{"not_picked":[]},{"not_picked":["testmod-KeyOfTheVoid","testmod-Recursion"],"picked":"Philosopher\u0027s Stone"},{"not_picked":[]}],"items_purged_floors":[],"is_endless":false,"potions_floor_spawned":[2,3,4,10,13,18,22,27,30,33,35,38,42,45],"ascension_level":0}}