{"host":"8k64rvi83ijr822k","time":1614373222,"event":{"mods":["Bard","BaseMod","Better Third Choice","BetterRewards","Dio Mod","Downfall","Googly Eyes","Gremlin Mod","GungeonMod","Hermit","Hubris","Infinite Spire","Magitek Elite","Minty Spire (QoL Compilation)","Quick Restart","Railgun Mod","Replay The Spire","Shop Mod","Small Relic Pack","StSLib","Td1madao Mod","The Administrix","The Animator","The Bladedancer","The Bug Knight","The Construct","The Cursed","The Disciple","The Gatherer","The Judge","The Jungle","The Mystic","The Necromancer","The Poker Player","The Problem Sleuth","The Runesmith","The Saiyan","The Senshi","The Wild Card","TheHero"],"gold_per_floor":[116,116,30,30,44,44,69,69,95,119,119,140,158,24,24,147,147,141,18,18,42,42,42],"floor_reached":22,"language":"ENG","playtime":1048,"items_purged":[],"score":176,"play_id":"3d3dad76-20d3-49ce-a819-f547afc5e341","local_time":"20210226160022","is_ascension_mode":false,"campfire_choices":[{"data":"Gremlin:TagTeam","floor":6,"key":"SMITH"},{"data":"Jack Of All Trades","floor":8,"key":"SMITH"},{"data":"Gremlin:ShowStopper","floor":11,"key":"SMITH"},{"data":"Gremlin:GremlinDance","floor":15,"key":"SMITH"}],"circlet_count":0,"master_deck":["Gremlin:Strike","Gremlin:Strike","Gremlin:Strike","Gremlin:Strike","Gremlin:Defend","Gremlin:Defend","Gremlin:Defend","Gremlin:Defend","Gremlin:TagTeam+1","Gremlin:GremlinDance+1","Gremlin:GremlinArms","Jack Of All Trades+1","Gremlin:TwistTheKnife","Gremlin:Irritability","Gremlin:ShowStopper+1","Gremlin:Glimmer","Gremlin:Changeo","Gremlin:Tricksy","Gremlin:ShowOfHands","Gremlin:FlipOut","Gremlin:Kablamo","Specialist","Gremlin:DaggerDance","Gremlin:DaggerDance","Gremlin:GremlinToss+1"],"relics":["Gremlin:GremlinKnob","NeowsBlessing","Golden Idol","DemoMod:PoisonVial","hubris:Backtick","TheRailgun:CoinRelic","Golden Egg"],"acts_visited":["Exordium","TheCity"],"potions_floor_usage":[13,13,13,13,13,13,16],"damage_taken":[{"damage":0,"enemies":"2 Louse","floor":1,"turns":1},{"damage":0,"enemies":"Jaw Worm","floor":5,"turns":1},{"damage":0,"enemies":"Cultist","floor":7,"turns":1},{"damage":0,"enemies":"Blue Slaver","floor":10,"turns":3},{"damage":0,"enemies":"Red Slaver","floor":12,"turns":3},{"damage":0,"enemies":"Exordium Wildlife","floor":13,"turns":2},{"damage":76,"enemies":"The Guardian","floor":16,"turns":15},{"damage":21,"enemies":"2 Thieves","floor":18,"turns":5},{"damage":5,"enemies":"3 Byrds","floor":21,"turns":3},{"damage":18,"enemies":"Centurion and Healer","floor":22,"turns":2}],"seed_played":"-2952172513927763511","potions_obtained":[{"floor":1,"key":"EntropicBrew"},{"floor":10,"key":"Reflective Coating"},{"floor":12,"key":"SteroidPotion"},{"floor":13,"key":"bronze:BurnAndBuffPotion"},{"floor":16,"key":"Fire Potion"},{"floor":18,"key":"Explosive Potion"}],"is_trial":false,"path_per_floor":["M","?","$","?","M","R","M","R","T","M","R","M","M","$","R","B",null,"M","$","?","M","M"],"character_chosen":"GREMLIN","items_purchased":["Jack Of All Trades","Gremlin:Tricksy","Gremlin:ShowOfHands","Specialist","Gremlin:DaggerDance"],"campfire_rested":0,"item_purchase_floors":[3,14,14,19,19],"current_hp_per_floor":[20,19,19,19,19,19,19,19,19,19,19,19,18,18,18,6,18,18,18,18,13,0,0],"gold":42,"neow_bonus":"THREE_ENEMY_KILL","is_daily":false,"chose_seed":false,"campfire_upgraded":4,"win_rate":0.0,"timestamp":1614373222,"path_taken":["M","?","$","?","M","R","M","R","T","?","R","?","M","$","R","BOSS","M","$","?","M","?"],"items_purchased_type":["Card","Card","Card","Card","Card"],"build_version":"2020-12-22","purchased_purges":0,"victory":false,"max_hp_per_floor":[20,19,19,19,19,19,19,19,19,19,19,19,18,18,18,18,18,18,18,18,18,18,18],"card_choices":[{"not_picked":["Gremlin:Tricksy","Gremlin:BubbleBarrier"],"picked":"Gremlin:GremlinArms","floor":1},{"not_picked":["Gremlin:GlitterGuard","Gremlin:ToeStub"],"picked":"Gremlin:TwistTheKnife","floor":5},{"not_picked":["Gremlin:DaggerDance","Gremlin:SharpenBlades"],"picked":"Gremlin:Irritability","floor":7},{"not_picked":["Gremlin:Rhythm","Gremlin:BurlyBlow"],"picked":"Gremlin:ShowStopper","floor":10},{"not_picked":["Gremlin:CatScratch","Gremlin:PinNeedle"],"picked":"Gremlin:Glimmer","floor":12},{"not_picked":["Gremlin:Presto","Gremlin:ToeStub"],"picked":"Gremlin:Changeo","floor":13},{"not_picked":["Gremlin:Erupt","Gremlin:Fury"],"picked":"Gremlin:FlipOut","floor":16},{"not_picked":["Gremlin:GremlinArms","DemoMod:Spice"],"picked":"Gremlin:Kablamo","floor":18},{"not_picked":["DemoMod:Spice+1","Gremlin:Jeer"],"picked":"Gremlin:GremlinToss+1","floor":21}],"player_experience":138321,"relics_obtained":[{"floor":9,"key":"DemoMod:PoisonVial"}],"event_choices":[{"damage_healed":0,"gold_gain":0,"player_choice":"Lose Max HP","damage_taken":0,"relics_obtained":["Golden Idol"],"max_hp_gain":0,"max_hp_loss":1,"event_name":"Golden Idol","floor":2,"gold_loss":0},{"damage_healed":0,"gold_gain":0,"player_choice":"Ignored","damage_taken":0,"max_hp_gain":0,"max_hp_loss":0,"event_name":"Golden Wing","floor":4,"gold_loss":0},{"damage_healed":0,"gold_gain":0,"player_choice":"Gave Potion","damage_taken":0,"relics_obtained":["Golden Egg"],"max_hp_gain":0,"max_hp_loss":0,"event_name":"WeMeetAgain","floor":20,"gold_loss":0}],"is_beta":false,"boss_relics":[{"not_picked":["Honey Jar","infinitespire:Cupcake"],"picked":"hubris:Backtick"}],"items_purged_floors":[],"is_endless":false,"potions_floor_spawned":[1,10,12,13,16,18],"killed_by":"Centurion and Healer","ascension_level":0}}