{"host":"lku4gktzilv18rfq","time":1614366379,"event":{"mods":["BaseMod","Minty Spire (QoL Compilation)","Permanent Neow","StSLib","thorton"],"gold_per_floor":[158,158,194,38,98,155,155,231,255,317,317,366,366,415,415,521,521,575,674,705,260,288,288,332,332,358,16,16,94,94,135,135,135],"floor_reached":31,"language":"ENG","playtime":2286,"items_purged":["thethorton:Strike","thethorton:Strike"],"score":292,"play_id":"f0739169-84c4-43cc-ac93-3afe9f61a43a","local_time":"20210226110619","is_ascension_mode":true,"campfire_choices":[{"data":"HandOfGreed","floor":7.0,"key":"SMITH"},{"data":"thethorton:Heckle","floor":11,"key":"SMITH"},{"data":"thethorton:ThickSkin","floor":13,"key":"SMITH"},{"data":"thethorton:EquivalentExchange","floor":15,"key":"SMITH"},{"data":"thethorton:Fish","floor":23,"key":"SMITH"},{"data":"thethorton:PowerUp","floor":25,"key":"SMITH"},{"data":"thethorton:Siphon","floor":28,"key":"SMITH"}],"circlet_count":0,"master_deck":["thethorton:Strike","thethorton:Strike","thethorton:Defend","thethorton:Defend","thethorton:Defend","thethorton:Defend","thethorton:Heckle+1","thethorton:CreditCard","HandOfGreed+1","thethorton:HedgeFund","thethorton:MomentaryBreak","thethorton:CashBash","thethorton:EquivalentExchange+1","thethorton:ThickSkin+1","thethorton:DualBap","thethorton:GemGun","thethorton:Fish+1","thethorton:Siphon+1","thethorton:MomentaryBreak","thethorton:BusinessCard+1","thethorton:PowerUp+1","thethorton:PocketChange","thethorton:CallIn+1"],"relics":["thethorton:CouragePotion","thethorton:BusinessCardPrinter","Anchor","Toy Ornithopter","Vajra","Mummified Hand","Runic Dome","Lee\u0027s Waffle","Blood Vial","Pantograph","Peace Pipe","Ancient Tea Set","Lantern","Bag of Preparation","Mummified Hand","InkBottle","Darkstone Periapt","Shovel"],"acts_visited":["Exordium","TheCity"],"potions_floor_usage":[10,16,24,29,31],"damage_taken":[{"damage":6.0,"enemies":"2 Louse","floor":1.0,"turns":4.0},{"damage":0.0,"enemies":"Cultist","floor":3.0,"turns":2.0},{"damage":9.0,"enemies":"Small Slimes","floor":5.0,"turns":5.0},{"damage":18.0,"enemies":"3 Sentries","floor":6.0,"turns":3.0},{"damage":0.0,"enemies":"3 Louse","floor":8.0,"turns":4.0},{"damage":17,"enemies":"Lagavulin","floor":10,"turns":5},{"damage":7,"enemies":"2 Fungi Beasts","floor":12,"turns":4},{"damage":20,"enemies":"Exordium Thugs","floor":14,"turns":4},{"damage":14,"enemies":"Slime Boss","floor":16,"turns":5},{"damage":4,"enemies":"3 Byrds","floor":18,"turns":5},{"damage":62,"enemies":"Chosen","floor":20,"turns":7},{"damage":22,"enemies":"Snake Plant","floor":22,"turns":5},{"damage":73,"enemies":"Gremlin Leader","floor":24,"turns":7},{"damage":14,"enemies":"3 Cultists","floor":29,"turns":7},{"damage":25,"enemies":"Slavers","floor":31,"turns":3}],"seed_played":"-9170928729555286870","potions_obtained":[{"floor":1.0,"key":"PowerPotion"},{"floor":3.0,"key":"FearPotion"},{"floor":10,"key":"FairyPotion"},{"floor":14,"key":"LiquidMemories"},{"floor":18,"key":"ColorlessPotion"},{"floor":20,"key":"Regen Potion"},{"floor":22,"key":"EssenceOfSteel"},{"floor":24,"key":"Block Potion"}],"is_trial":false,"path_per_floor":["M","?","M","$","M","E","R","M","T","E","R","M","R","M","R","B",null,"M","?","M","$","M","R","E","R","T","$","R","M","?","E"],"character_chosen":"THE_THORT","items_purchased":["thethorton:BusinessCardPrinter","Lee\u0027s Waffle","Blood Vial","thethorton:PowerUp","Mummified Hand"],"campfire_rested":0,"item_purchase_floors":[4,21,21,21,27],"current_hp_per_floor":[44,44,44,44,38,20,20,20,20,11,11,4,4,10,10,4,68,64,64,8,75,59,59,10,10,10,10,10,9,9,0,0,0],"gold":135,"neow_bonus":"RANDOM_COLORLESS_2","is_daily":false,"chose_seed":false,"campfire_upgraded":7,"win_rate":0.0,"timestamp":1614366379,"path_taken":["M","?","M","$","?","E","R","M","T","E","R","M","R","M","R","BOSS","M","?","M","$","M","R","E","R","T","$","R","M","?","E"],"items_purchased_type":["Relic","Relic","Relic","Card","Relic"],"build_version":"2020-12-22","purchased_purges":2,"victory":false,"max_hp_per_floor":[68,68,68,68,68,68,68,68,68,68,68,68,68,68,68,68,68,68,68,68,75,75,75,75,75,75,75,75,75,75,75,75,75],"card_choices":[{"not_picked":["Thinking Ahead","Violence"],"picked":"HandOfGreed","floor":0.0},{"not_picked":["thethorton:SnowDay","thethorton:AngerMoment"],"picked":"thethorton:HedgeFund","floor":1.0},{"not_picked":["thethorton:ROI","thethorton:SheetShred"],"picked":"thethorton:MomentaryBreak","floor":3.0},{"not_picked":["thethorton:DownPayment","thethorton:FearfulRun"],"picked":"thethorton:CashBash","floor":5.0},{"not_picked":["thethorton:DoubleRun","thethorton:HitAhead"],"picked":"thethorton:EquivalentExchange","floor":6.0},{"not_picked":["thethorton:CashBash","thethorton:SheetShred"],"picked":"thethorton:ThickSkin","floor":8.0},{"not_picked":["thethorton:DownPayment","thethorton:RunningKick"],"picked":"thethorton:DualBap","floor":10},{"not_picked":["thethorton:WhirlingBriefcase","thethorton:CoffeeBlast"],"picked":"thethorton:GemGun","floor":12},{"not_picked":["thethorton:GoldBuffer","thethorton:DownPayment"],"picked":"thethorton:Fish","floor":14},{"not_picked":["thethorton:Hexaghostify","thethorton:DodgeAndRollAndRun"],"picked":"thethorton:Siphon","floor":16},{"not_picked":["thethorton:FearfulRun+1","thethorton:SnowDay"],"picked":"thethorton:MomentaryBreak","floor":18},{"not_picked":["thethorton:StampSmack","thethorton:BusinessBoom"],"picked":"thethorton:BusinessCard+1","floor":20},{"not_picked":["thethorton:StumblingSlap","thethorton:Distance","thethorton:RichRun"],"picked":"SKIP","floor":22},{"not_picked":["thethorton:ElbowSmash","thethorton:BusinessCard"],"picked":"thethorton:PocketChange","floor":24},{"not_picked":["thethorton:WhirlingBriefcase","thethorton:FearfulRun"],"picked":"thethorton:CallIn+1","floor":29}],"player_experience":960300,"relics_obtained":[{"floor":6.0,"key":"Anchor"},{"floor":9.0,"key":"Toy Ornithopter"},{"floor":10,"key":"Vajra"},{"floor":24,"key":"Lantern"},{"floor":26,"key":"Bag of Preparation"}],"event_choices":[{"cards_removed":["Normality"],"damage_healed":0.0,"max_hp_gain":0.0,"max_hp_loss":0.0,"gold_gain":0.0,"event_name":"Purifier","player_choice":"Purged","floor":2.0,"gold_loss":0.0,"damage_taken":0.0},{"damage_healed":0,"gold_gain":99,"player_choice":"Stole From Cult","damage_taken":0,"max_hp_gain":0,"max_hp_loss":0,"event_name":"Nest","floor":19,"gold_loss":0},{"damage_healed":0,"gold_gain":0,"player_choice":"Ignored","damage_taken":0,"max_hp_gain":0,"max_hp_loss":0,"event_name":"Vampires","floor":30,"gold_loss":0}],"is_beta":false,"boss_relics":[{"not_picked":["Snecko Eye","Fusion Hammer"],"picked":"Runic Dome"}],"items_purged_floors":[21,27],"is_endless":false,"potions_floor_spawned":[1,3,10,14,18,20,22,24],"killed_by":"Slavers","ascension_level":2}}