{"host":"wshey5htrz8rni6u","time":1614338667,"event":{"mods":["2.2 Compatiblity","BaseMod","Block Reminder","Colored Map","Colored Powertips","Current Relic Mod","Curses Come First","Dark Map","Key Reminder","Keyboard Shortcuts","Minty Spire (QoL Compilation)","Potion Indicator Mod","Quick Restart","Random Character Button","Relic Sorter","Relic Stats","StSLib","SuperFastMode","Unceasing Turn Reminder","UnlockEverythingMod","Weighted Paths"],"gold_per_floor":[112,112,125,137,152,152,177,49,74,99,144,215,252,281,293,378,390,419,445,29,29,39,39,64,64,87,116,26,26,76,108,108,185,185,203,220,237,24,49,49,74,103,103,103,103,129,159,10,10,10,10,10,10,10,10],"floor_reached":54,"language":"ENG","playtime":4414,"items_purged":["Strike_G","Strike_G","Strike_G"],"score":1613,"play_id":"f6d0b7bf-782d-47ee-b413-5c21c8d71db2","local_time":"20210226032427","is_ascension_mode":true,"campfire_choices":[{"data":"Neutralize","floor":6,"key":"SMITH"},{"data":"Storm of Steel","floor":15,"key":"SMITH"},{"data":"Malaise","floor":23,"key":"SMITH"},{"data":"Metamorphosis","floor":29,"key":"SMITH"},{"floor":32,"key":"RECALL"},{"floor":40,"key":"REST"},{"data":"Strike_G","floor":44,"key":"PURGE"},{"data":"Bullet Time","floor":49,"key":"SMITH"},{"data":"Defend_G","floor":52,"key":"PURGE"}],"circlet_count":0,"master_deck":["AscendersBane","Defend_G","Defend_G+1","Defend_G","Defend_G","Survivor","Neutralize+1","Finisher","Prepared+1","Dash","Cloak And Dagger","Quick Slash","Infinite Blades","Riddle With Holes","Storm of Steel+1","Acrobatics","Malaise+1","Deflect","Accuracy","Flechettes","Bullet Time+1","Leg Sweep","Metamorphosis+1","Deflect","Envenom","Predator","Outmaneuver","Dark Shackles","Madness"],"relics":["Ring of the Snake","PreservedInsect","Toy Ornithopter","MawBank","Blood Vial","Ornamental Fan","Runic Pyramid","Membership Card","Tingsha","Nilry\u0027s Codex","Eternal Feather","War Paint","Lantern","WingedGreaves","Busted Crown","OrangePellets","Bottled Lightning","Peace Pipe","Incense Burner","Frozen Egg 2","Ancient Tea Set","Bronze Scales","Medical Kit"],"acts_visited":["Exordium","TheCity","TheBeyond","TheEnding"],"potions_floor_usage":[7,11,13,16,19,27,33,33,37,41,47,50],"damage_taken":[{"damage":4,"enemies":"Small Slimes","floor":1,"turns":6},{"damage":9,"enemies":"Jaw Worm","floor":3,"turns":3},{"damage":0,"enemies":"2 Louse","floor":4,"turns":3},{"damage":13,"enemies":"Lots of Slimes","floor":5,"turns":7},{"damage":10,"enemies":"3 Sentries","floor":7,"turns":6},{"damage":0,"enemies":"Blue Slaver","floor":10,"turns":3},{"damage":0,"enemies":"Gremlin Nob","floor":11,"turns":2},{"damage":0,"enemies":"Lagavulin","floor":13,"turns":3},{"damage":0,"enemies":"3 Louse","floor":14,"turns":4},{"damage":35,"enemies":"The Guardian","floor":16,"turns":15},{"damage":0,"enemies":"Spheric Guardian","floor":18,"turns":3},{"damage":2,"enemies":"3 Byrds","floor":19,"turns":4},{"damage":0,"enemies":"Snecko","floor":22,"turns":4},{"damage":2,"enemies":"Book of Stabbing","floor":24,"turns":5},{"damage":10,"enemies":"Slavers","floor":27,"turns":6},{"damage":0,"enemies":"Gremlin Leader","floor":31,"turns":3},{"damage":32,"enemies":"Collector","floor":33,"turns":13},{"damage":16,"enemies":"3 Darklings","floor":35,"turns":8},{"damage":0,"enemies":"3 Shapes","floor":36,"turns":5},{"damage":45,"enemies":"Spire Growth","floor":37,"turns":5},{"damage":0,"enemies":"Mind Bloom Boss Battle","floor":39,"turns":7},{"damage":6,"enemies":"Giant Head","floor":41,"turns":7},{"damage":16,"enemies":"Nemesis","floor":42,"turns":5},{"damage":9,"enemies":"Giant Head","floor":47,"turns":8},{"damage":32,"enemies":"Awakened One","floor":50,"turns":18},{"damage":73,"enemies":"Shield and Spear","floor":54,"turns":3}],"seed_played":"2094041238738998004","potions_obtained":[{"floor":1,"key":"Poison Potion"},{"floor":10,"key":"GhostInAJar"},{"floor":11,"key":"SteroidPotion"},{"floor":13,"key":"SteroidPotion"},{"floor":16,"key":"Poison Potion"},{"floor":27,"key":"Block Potion"},{"floor":31,"key":"Block Potion"},{"floor":35,"key":"AttackPotion"},{"floor":37,"key":"Dexterity Potion"},{"floor":39,"key":"PowerPotion"},{"floor":42,"key":"SpeedPotion"}],"is_trial":false,"path_per_floor":["M","?","M","M","M","R","E","$","T","M","E","?","E","M","R","B",null,"M","M","$","?","M","R","E","?","T","E","$","R","?","E","R","B",null,"M","M","M","$","?","R","E","E","T","R","?","T","E","$","R","B",null,"R","$","E"],"character_chosen":"THE_SILENT","items_purchased":["Fire Potion","Membership Card","Accuracy","Tingsha","Metamorphosis","OrangePellets","Bottled Lightning","Medical Kit"],"campfire_rested":1,"item_purchase_floors":[8,20,20,20,28,38,38,48],"current_hp_per_floor":[55,55,46,46,33,33,23,23,23,23,28,28,35,37,37,9,52,54,59,59,38,40,40,40,40,40,37,37,52,52,54,66,40,60,46,48,10,10,12,46,47,33,33,51,41,41,39,39,57,32,58,66,66,0,0],"gold":10,"neow_bonus":"RANDOM_COMMON_RELIC","is_daily":false,"chose_seed":false,"campfire_upgraded":5,"win_rate":0.0,"timestamp":1614338667,"path_taken":["M","?","M","M","M","R","E","$","T","M","E","?","E","?","R","BOSS","M","M","$","?","M","R","E","?","T","E","$","R","?","E","R","BOSS","M","M","?","$","?","R","E","E","T","R","?","?","E","?","R","BOSS","R","$","E"],"items_purchased_type":["Potion","Relic","Card","Relic","Card","Relic","Relic","Relic"],"build_version":"2020-12-13","purchased_purges":3,"victory":false,"max_hp_per_floor":[66,66,66,66,66,66,66,66,66,66,66,66,66,66,66,66,66,66,66,66,66,66,66,66,66,66,66,66,66,66,66,66,66,66,66,66,66,66,66,66,66,66,66,66,66,66,66,66,66,66,66,66,66,66,66],"relic_stats":{"counters":[26,156],"Tingsha":[506],"Eternal Feather":86,"PreservedInsect":602,"War Paint":["Defend_G","Prepared"],"MawBank":132,"Medical Kit":[2],"Blood Vial":34,"Peace Pipe":2,"OrangePellets":[7],"Busted Crown":20,"Ornamental Fan":[340],"Bronze Scales":[117],"obtain_stats":[{"Lantern":27,"Nilry\u0027s Codex":21,"Tingsha":20,"Eternal Feather":24,"PreservedInsect":0,"Incense Burner":41,"War Paint":26,"Frozen Egg 2":42,"MawBank":9,"Ancient Tea Set":46,"Medical Kit":48,"Blood Vial":11,"keyreminder:keyreminder":27,"Peace Pipe":39,"OrangePellets":38,"Busted Crown":34,"Ornamental Fan":13,"Bronze Scales":47,"WingedGreaves":31,"Membership Card":20,"Bottled Lightning":38,"Toy Ornithopter":7,"Ring of the Snake":0,"Runic Pyramid":17},{"Lantern":15,"Nilry\u0027s Codex":12,"Tingsha":12,"Eternal Feather":14,"PreservedInsect":0,"Incense Burner":22,"War Paint":14,"Frozen Egg 2":23,"MawBank":5,"Ancient Tea Set":23,"Medical Kit":24,"Blood Vial":7,"keyreminder:keyreminder":15,"Peace Pipe":21,"OrangePellets":20,"Busted Crown":17,"Ornamental Fan":8,"Bronze Scales":24,"WingedGreaves":16,"Membership Card":12,"Bottled Lightning":20,"Toy Ornithopter":5,"Ring of the Snake":0,"Runic Pyramid":10},{"Lantern":74,"Nilry\u0027s Codex":59,"Tingsha":59,"Eternal Feather":68,"PreservedInsect":0,"Incense Burner":122,"War Paint":68,"Frozen Egg 2":127,"MawBank":25,"Ancient Tea Set":127,"Medical Kit":135,"Blood Vial":30,"keyreminder:keyreminder":74,"Peace Pipe":115,"OrangePellets":108,"Busted Crown":90,"Ornamental Fan":33,"Bronze Scales":135,"WingedGreaves":77,"Membership Card":59,"Bottled Lightning":108,"Toy Ornithopter":25,"Ring of the Snake":0,"Runic Pyramid":52}],"Toy Ornithopter":51,"Ring of the Snake":[52]},"card_choices":[{"not_picked":["Prepared","Escape Plan"],"picked":"Finisher","floor":1},{"not_picked":["Cloak And Dagger","Crippling Poison"],"picked":"Dash","floor":3},{"not_picked":["Underhanded Strike","Blur"],"picked":"Cloak And Dagger","floor":4},{"not_picked":["Sucker Punch","Acrobatics"],"picked":"Quick Slash","floor":5},{"not_picked":["Catalyst","Heel Hook","Underhanded Strike"],"picked":"SKIP","floor":7},{"not_picked":["Skewer","Calculated Gamble"],"picked":"Infinite Blades","floor":10},{"not_picked":["Bane","Calculated Gamble"],"picked":"Riddle With Holes","floor":11},{"not_picked":["Well Laid Plans","Backflip"],"picked":"Storm of Steel","floor":13},{"not_picked":["Outmaneuver","Expertise"],"picked":"Acrobatics","floor":14},{"not_picked":["Glass Knife","Grand Finale"],"picked":"Malaise","floor":16},{"not_picked":["Sucker Punch","Backflip"],"picked":"Deflect","floor":18},{"not_picked":["Dodge and Roll","Acrobatics","Riddle With Holes"],"picked":"SKIP","floor":19},{"not_picked":["Sucker Punch","Bane"],"picked":"Flechettes","floor":22},{"not_picked":["Catalyst","Predator"],"picked":"Bullet Time","floor":24},{"not_picked":["Heel Hook","Setup"],"picked":"Leg Sweep","floor":27},{"not_picked":["Dagger Spray","Well Laid Plans"],"picked":"Deflect","floor":31},{"not_picked":["Tools of the Trade","Grand Finale"],"picked":"Envenom","floor":33},{"not_picked":[],"picked":"Predator","floor":35},{"not_picked":["All Out Attack"],"picked":"SKIP","floor":36},{"not_picked":["All Out Attack"],"picked":"SKIP","floor":36},{"not_picked":["Poisoned Stab"],"picked":"SKIP","floor":37},{"not_picked":[],"picked":"Outmaneuver","floor":41},{"not_picked":["Slice"],"picked":"SKIP","floor":42},{"not_picked":[],"picked":"Dark Shackles","floor":45},{"not_picked":[],"picked":"Madness","floor":45},{"not_picked":["Dagger Spray"],"picked":"SKIP","floor":47}],"player_experience":221415,"relics_obtained":[{"floor":7,"key":"Toy Ornithopter"},{"floor":9,"key":"MawBank"},{"floor":11,"key":"Blood Vial"},{"floor":13,"key":"Ornamental Fan"},{"floor":21,"key":"Nilry\u0027s Codex"},{"floor":24,"key":"Eternal Feather"},{"floor":26,"key":"War Paint"},{"floor":27,"key":"Lantern"},{"floor":31,"key":"WingedGreaves"},{"floor":39,"key":"Peace Pipe"},{"floor":41,"key":"Incense Burner"},{"floor":42,"key":"Frozen Egg 2"},{"floor":46,"key":"Ancient Tea Set"},{"floor":47,"key":"Bronze Scales"}],"event_choices":[{"damage_healed":0,"gold_gain":0,"cards_transformed":["Strike_G"],"player_choice":"Change","damage_taken":0,"max_hp_gain":0,"max_hp_loss":0,"event_name":"Living Wall","floor":2,"gold_loss":0,"cards_obtained":["Prepared"]},{"damage_healed":0,"gold_gain":59,"player_choice":"Gained Gold","damage_taken":0,"max_hp_gain":0,"max_hp_loss":0,"event_name":"Golden Wing","floor":12,"gold_loss":0},{"damage_healed":0,"gold_gain":0,"player_choice":"Obtained Book","damage_taken":21,"max_hp_gain":0,"max_hp_loss":0,"event_name":"Cursed Tome","floor":21,"gold_loss":0},{"damage_healed":0,"gold_gain":0,"player_choice":"Ignored","damage_taken":0,"max_hp_gain":0,"max_hp_loss":0,"event_name":"Vampires","floor":25,"gold_loss":0},{"damage_healed":0,"gold_gain":50,"player_choice":"Pray","damage_taken":0,"max_hp_gain":0,"max_hp_loss":0,"event_name":"Golden Shrine","floor":30,"gold_loss":0},{"damage_healed":0,"gold_gain":0,"player_choice":"Fight","damage_taken":0,"max_hp_gain":0,"max_hp_loss":0,"event_name":"MindBloom","floor":39,"gold_loss":0},{"damage_healed":0,"gold_gain":0,"player_choice":"Memory 3","damage_taken":10,"max_hp_gain":0,"max_hp_loss":0,"event_name":"SensoryStone","floor":45,"gold_loss":0}],"is_beta":false,"boss_relics":[{"not_picked":["Black Star","SacredBark"],"picked":"Runic Pyramid"},{"not_picked":["Calling Bell","Snecko Eye"],"picked":"Busted Crown"}],"items_purged_floors":[8,20,48],"is_endless":false,"potions_floor_spawned":[1,10,11,13,16,18,27,31,35,37,39,42],"killed_by":"Shield and Spear","ascension_level":18}}