{"host":"f0vzc1iezimimt27","time":1614368587,"event":{"mods":["BaseMod","Colored Map","Highlight Path","Minty Spire (QoL Compilation)","StSLib"],"gold_per_floor":[111,111,126,126,21,53,53,53,53,53,53,53,79,97,97,193,193,193,193,193,193,193,193,193,193],"floor_reached":24,"language":"ENG","playtime":888,"items_purged":[],"score":227,"play_id":"42ab6a3e-7c13-4a52-bc32-9fd98812880a","local_time":"20210226224307","is_ascension_mode":false,"campfire_choices":[{"data":"Eruption","floor":7.0,"key":"SMITH"},{"data":"MentalFortress","floor":10.0,"key":"SMITH"},{"data":"SashWhip","floor":12.0,"key":"SMITH"},{"data":"ThirdEye","floor":15.0,"key":"SMITH"},{"floor":23,"key":"REST"}],"circlet_count":0,"master_deck":["Strike_P","Strike_P","Strike_P","Strike_P","Defend_P","Defend_P","Defend_P","Defend_P","Eruption+1","Vigilance","FollowUp","EmptyBody","MentalFortress+1","SashWhip+1","ThirdEye+1","EmptyFist","SpiritShield"],"relics":["PureWater","NeowsBlessing","Bottled Flame","Ornamental Fan","Art of War","Ectoplasm","MutagenicStrength","Darkstone Periapt"],"acts_visited":["Exordium","TheCity"],"potions_floor_usage":[19,20],"damage_taken":[{"damage":0.0,"enemies":"Jaw Worm","floor":1.0,"turns":1.0},{"damage":0.0,"enemies":"Cultist","floor":3.0,"turns":1.0},{"damage":0.0,"enemies":"3 Sentries","floor":6.0,"turns":1.0},{"damage":3.0,"enemies":"Gremlin Nob","floor":13.0,"turns":3.0},{"damage":0.0,"enemies":"Small Slimes","floor":14.0,"turns":1.0},{"damage":10.0,"enemies":"Hexaghost","floor":16.0,"turns":12.0},{"damage":4,"enemies":"Spheric Guardian","floor":18,"turns":3},{"damage":11,"enemies":"3 Byrds","floor":19,"turns":7},{"damage":38,"enemies":"Cultist and Chosen","floor":20,"turns":9},{"damage":54,"enemies":"Slavers","floor":24,"turns":8}],"seed_played":"-177401206147116915","potions_obtained":[{"floor":2.0,"key":"SteroidPotion"},{"floor":2.0,"key":"BlessingOfTheForge"},{"floor":2.0,"key":"SteroidPotion"},{"floor":13.0,"key":"AttackPotion"},{"floor":14.0,"key":"BottledMiracle"},{"floor":18,"key":"CultistPotion"},{"floor":19,"key":"AttackPotion"}],"is_trial":false,"path_per_floor":["M","?","M","?","$","E","R","$","T","R","$","R","E","M","R","B",null,"M","M","M","?","T","R","E"],"character_chosen":"WATCHER","items_purchased":["MentalFortress","SashWhip"],"campfire_rested":1,"item_purchase_floors":[5,5],"current_hp_per_floor":[72,72,72,72,72,72,72,72,72,72,72,72,69,69,69,59,72,68,57,19,19,19,40,0,0],"gold":193,"neow_bonus":"THREE_ENEMY_KILL","is_daily":false,"chose_seed":false,"campfire_upgraded":4,"win_rate":0.0,"timestamp":1614368587,"path_taken":["M","?","?","?","$","E","R","$","T","R","?","R","E","M","R","BOSS","BOSS","M","M","M","?","?","R","E"],"items_purchased_type":["Card","Card"],"build_version":"2020-12-22","purchased_purges":0,"victory":false,"max_hp_per_floor":[72,72,72,72,72,72,72,72,72,72,72,72,72,72,72,72,72,72,72,72,72,72,72,72,72],"card_choices":[{"not_picked":["SashWhip","BowlingBash"],"picked":"FollowUp","floor":1.0},{"not_picked":["BowlingBash","Crescendo"],"picked":"EmptyBody","floor":3.0},{"not_picked":["Study","Perseverance"],"picked":"ThirdEye","floor":6.0},{"not_picked":["Halt","Sanctity"],"picked":"EmptyFist","floor":13.0},{"not_picked":["BowlingBash","LikeWater"],"picked":"SpiritShield","floor":14.0},{"not_picked":["EmptyBody","BowlingBash","PathToVictory+1"],"picked":"SKIP","floor":18},{"not_picked":["Evaluate","Consecrate","JustLucky"],"picked":"SKIP","floor":19},{"not_picked":["Wireheading","BowlingBash+1","Halt"],"picked":"SKIP","floor":20}],"player_experience":179218,"relics_obtained":[{"floor":6.0,"key":"Bottled Flame"},{"floor":9.0,"key":"Ornamental Fan"},{"floor":13.0,"key":"Art of War"},{"floor":22,"key":"Darkstone Periapt"}],"event_choices":[{"damage_healed":0.0,"max_hp_gain":0.0,"max_hp_loss":0.0,"gold_gain":0.0,"event_name":"Lab","player_choice":"Got Potions","floor":2.0,"gold_loss":0.0,"damage_taken":0.0},{"damage_healed":0.0,"max_hp_gain":0.0,"max_hp_loss":0.0,"gold_gain":0.0,"event_name":"Liars Game","player_choice":"Ignored","floor":4.0,"gold_loss":0.0,"damage_taken":0.0},{"damage_healed":0,"gold_gain":0,"player_choice":"Inject Mutagens","damage_taken":0,"relics_obtained":["MutagenicStrength"],"max_hp_gain":0,"max_hp_loss":0,"event_name":"Drug Dealer","floor":21,"gold_loss":0}],"is_beta":false,"boss_relics":[{"not_picked":["Runic Dome","Fusion Hammer"],"picked":"Ectoplasm"}],"items_purged_floors":[],"is_endless":false,"potions_floor_spawned":[13,14,18,19],"killed_by":"Slavers","ascension_level":0}}