{"host":"kh6fvhxn285ncg0o","time":1614308346,"event":{"mods":["Act Like it!","BaseMod","Colored Map","Friendly Minions","Keyboard Shortcuts","Minty Spire (QoL Compilation)","Quick Restart","Relic Stats","StSLib","SuperFastMode","UnlockEverythingMod"],"gold_per_floor":[112,112,37,37,55,55,84,84,108,142,53,53,85,7,7,83,83,94,94,114,39,39,39,39,39,39,68,81,81,98,126,126,202,202,222,222,222,232,249,249,281,281,329,360,360,16,41,53,53,53,53,53,53,0,30,30],"floor_reached":57,"language":"KOR","playtime":1297,"items_purged":["Strike_R","Strike_R"],"score":3630,"play_id":"a8ccb942-8ff0-4967-9f4a-1cf015fb9075","local_time":"20210226115906","is_ascension_mode":true,"campfire_choices":[{"data":"Wild Strike","floor":6.0,"key":"SMITH"},{"floor":8.0,"key":"DIG"},{"data":"Power Through","floor":12.0,"key":"SMITH"},{"floor":15.0,"key":"DIG"},{"floor":23.0,"key":"DIG"},{"data":"Body Slam","floor":25.0,"key":"SMITH"},{"floor":29.0,"key":"DIG"},{"floor":32.0,"key":"DIG"},{"data":"Deep Breath","floor":40.0,"key":"SMITH"},{"floor":42.0,"key":"DIG"},{"floor":45.0,"key":"DIG"},{"floor":49.0,"key":"RECALL"},{"data":"Second Wind","floor":53.0,"key":"SMITH"}],"circlet_count":0,"master_deck":["AscendersBane","Strike_R+1","Defend_R","Defend_R","Defend_R+1","Defend_R+1","Bash+1","Wild Strike+1","Evolve","Power Through+1","Second Wind+1","Barricade","Body Slam+1","Deep Breath+1","Finesse","Seeing Red","Dark Embrace","Shrug It Off"],"relics":["Sozu","Bag of Marbles","Shovel","Regal Pillow","Red Skull","Potion Belt","Kunai","Lizard Tail","Runic Pyramid","Charon\u0027s Ashes","Pocketwatch","HornCleat","Bottled Lightning","Mercury Hourglass","Magic Flower","Philosopher\u0027s Stone","Bottled Tornado","War Paint","Paper Frog","Unceasing Top","ClockworkSouvenir","Juzu Bracelet","Whetstone"],"acts_visited":["Exordium","TheCity","TheBeyond","TheEnding"],"potions_floor_usage":[],"damage_taken":[{"damage":0.0,"enemies":"Small Slimes","floor":1.0,"turns":3.0},{"damage":7.0,"enemies":"Jaw Worm","floor":5.0,"turns":2.0},{"damage":31.0,"enemies":"Gremlin Nob","floor":7.0,"turns":4.0},{"damage":10.0,"enemies":"3 Sentries","floor":10.0,"turns":6.0},{"damage":0.0,"enemies":"Gremlin Nob","floor":13.0,"turns":3.0},{"damage":0.0,"enemies":"The Guardian","floor":16.0,"turns":9.0},{"damage":15.0,"enemies":"Chosen","floor":18.0,"turns":6.0},{"damage":12.0,"enemies":"3 Byrds","floor":20.0,"turns":6.0},{"damage":17.0,"enemies":"Gremlin Leader","floor":27.0,"turns":5.0},{"damage":0.0,"enemies":"Sentry and Sphere","floor":28.0,"turns":4.0},{"damage":0.0,"enemies":"Shelled Parasite and Fungi","floor":30.0,"turns":4.0},{"damage":0.0,"enemies":"Book of Stabbing","floor":31.0,"turns":4.0},{"damage":0.0,"enemies":"Automaton","floor":33.0,"turns":5.0},{"damage":0.0,"enemies":"Orb Walker","floor":35.0,"turns":4.0},{"damage":0.0,"enemies":"3 Shapes","floor":38.0,"turns":3.0},{"damage":0.0,"enemies":"Spire Growth","floor":39.0,"turns":4.0},{"damage":0.0,"enemies":"Reptomancer","floor":41.0,"turns":5.0},{"damage":0.0,"enemies":"Giant Head","floor":44.0,"turns":4.0},{"damage":0.0,"enemies":"Nemesis","floor":47.0,"turns":3.0},{"damage":1.0,"enemies":"Transient","floor":48.0,"turns":3.0},{"damage":0.0,"enemies":"Donu and Deca","floor":50.0,"turns":4.0},{"damage":7.0,"enemies":"Time Eater","floor":51.0,"turns":5.0},{"damage":0,"enemies":"Shield and Spear","floor":55,"turns":3},{"damage":0,"enemies":"The Heart","floor":56,"turns":6}],"seed_played":"-8845258905493485099","potions_obtained":[],"is_trial":false,"path_per_floor":["M","?","?","?","M","R","E","R","T","E","$","R","E","$","R","B",null,"M","?","M","$","T","R","?","R","T","E","M","R","M","E","R","B",null,"M","?","?","M","M","R","E","R","T","E","R","$","E","M","R","B","B",null,"R","$","E","B",null],"character_chosen":"IRONCLAD","items_purchased":["Power Through","Second Wind","Dark Embrace","ClockworkSouvenir","Shrug It Off"],"campfire_rested":0,"item_purchase_floors":[11,14,46,46,54],"current_hp_per_floor":[68,50,50,75,68,68,37,37,37,27,27,27,27,27,27,27,63,48,48,36,36,36,36,36,36,36,19,19,19,19,19,19,19,61,61,61,51,51,51,51,51,51,51,51,51,51,51,50,50,50,43,67,67,67,67,67],"gold":30,"neow_bonus":"BOSS_RELIC","is_daily":false,"chose_seed":false,"campfire_upgraded":5,"win_rate":0.0,"timestamp":1614308346,"path_taken":["M","?","?","?","M","R","E","R","T","E","?","R","E","$","R","BOSS","M","?","M","$","?","R","?","R","T","E","M","R","?","E","R","BOSS","M","?","?","M","M","R","E","R","T","E","R","$","E","M","R","BOSS","BOSS","R","$","E","BOSS"],"items_purchased_type":["Card","Card","Card","Relic","Card"],"build_version":"2020-12-22","purchased_purges":2,"victory":true,"max_hp_per_floor":[75,75,75,75,75,75,75,75,75,75,75,75,75,75,75,75,75,75,75,75,75,75,75,75,75,75,75,75,75,75,75,75,75,75,75,75,75,75,75,75,75,75,75,75,75,75,75,75,75,75,75,75,75,75,75,75],"relic_stats":{"Regal Pillow":0,"counters":[24,105],"Magic Flower":[0],"Charon\u0027s Ashes":[723],"Juzu Bracelet":0,"Whetstone":["Strike_R","Bash"],"War Paint":["Defend_R","Defend_R"],"Mercury Hourglass":[188],"Sozu":14,"Lizard Tail":0,"Shovel":7,"Kunai":[22],"obtain_stats":[{"Potion Belt":10,"Regal Pillow":8,"Magic Flower":32,"Charon\u0027s Ashes":22,"Juzu Bracelet":47,"Whetstone":55,"Bottled Tornado":41,"War Paint":42,"Burning Blood":0,"Mercury Hourglass":31,"ClockworkSouvenir":46,"Sozu":0,"Lizard Tail":15,"Shovel":7,"HornCleat":26,"Philosopher\u0027s Stone":34,"Bag of Marbles":2,"Kunai":13,"Bottled Lightning":29,"Red Skull":9,"Unceasing Top":45,"Runic Pyramid":17,"Pocketwatch":23,"Paper Frog":44},{"Potion Belt":4,"Regal Pillow":3,"Magic Flower":12,"Charon\u0027s Ashes":8,"Juzu Bracelet":19,"Whetstone":23,"Bottled Tornado":17,"War Paint":17,"Burning Blood":0,"Mercury Hourglass":12,"ClockworkSouvenir":18,"Sozu":0,"Lizard Tail":5,"Shovel":3,"HornCleat":8,"Philosopher\u0027s Stone":13,"Bag of Marbles":1,"Kunai":5,"Bottled Lightning":10,"Red Skull":3,"Unceasing Top":18,"Runic Pyramid":6,"Pocketwatch":8,"Paper Frog":18},{"Potion Belt":15,"Regal Pillow":9,"Magic Flower":56,"Charon\u0027s Ashes":39,"Juzu Bracelet":84,"Whetstone":99,"Bottled Tornado":77,"War Paint":77,"Burning Blood":0,"Mercury Hourglass":56,"ClockworkSouvenir":81,"Sozu":0,"Lizard Tail":18,"Shovel":9,"HornCleat":39,"Philosopher\u0027s Stone":61,"Bag of Marbles":3,"Kunai":18,"Bottled Lightning":48,"Red Skull":9,"Unceasing Top":81,"Runic Pyramid":27,"Pocketwatch":39,"Paper Frog":81}],"Unceasing Top":[0],"Pocketwatch":[43]},"card_choices":[{"not_picked":["Clash","Heavy Blade","Infernal Blade"],"picked":"SKIP","floor":1.0},{"not_picked":["Iron Wave","Perfected Strike"],"picked":"Wild Strike","floor":5.0},{"not_picked":["Iron Wave","Pummel"],"picked":"Evolve","floor":7.0},{"not_picked":["Rupture","Cleave","Thunderclap"],"picked":"SKIP","floor":13.0},{"not_picked":["Juggernaut","Limit Break"],"picked":"Barricade","floor":16.0},{"not_picked":["Bloodletting","Sever Soul"],"picked":"Body Slam","floor":18.0},{"not_picked":["Sever Soul","Clothesline","Thunderclap"],"picked":"SKIP","floor":20.0},{"not_picked":["Sever Soul","Clothesline","Thunderclap"],"picked":"SKIP","floor":20.0},{"not_picked":["Demon Form","Pommel Strike","Clash"],"picked":"SKIP","floor":27.0},{"not_picked":["Twin Strike","Wild Strike","Infernal Blade"],"picked":"SKIP","floor":28.0},{"not_picked":["Perfected Strike+1","Double Tap","Iron Wave"],"picked":"SKIP","floor":30.0},{"not_picked":["Whirlwind","Carnage","Perfected Strike"],"picked":"SKIP","floor":31.0},{"not_picked":["Bloodletting","Wild Strike+1","Hemokinesis"],"picked":"SKIP","floor":35.0},{"not_picked":["Sadistic Nature","Discovery"],"picked":"Deep Breath","floor":37.0},{"not_picked":["Blind","Panache"],"picked":"Finesse","floor":37.0},{"not_picked":["Headbutt","Armaments","Flex"],"picked":"SKIP","floor":38.0},{"not_picked":["Combust","Warcry","Anger"],"picked":"SKIP","floor":39.0},{"not_picked":["Thunderclap","Cleave+1"],"picked":"Seeing Red","floor":41.0},{"not_picked":["Searing Blow","Wild Strike","Blood for Blood+1"],"picked":"SKIP","floor":44.0},{"not_picked":["Fire Breathing+1","Cleave","Perfected Strike+1"],"picked":"SKIP","floor":47.0},{"not_picked":["Sword Boomerang","Dark Embrace","True Grit"],"picked":"SKIP","floor":48.0},{"not_picked":["Exhume","Shockwave","Pommel Strike+1"],"picked":"SKIP","floor":55}],"player_experience":1548542,"relics_obtained":[{"floor":7.0,"key":"Shovel"},{"floor":8.0,"key":"Regal Pillow"},{"floor":9.0,"key":"Red Skull"},{"floor":10.0,"key":"Potion Belt"},{"floor":13.0,"key":"Kunai"},{"floor":15.0,"key":"Lizard Tail"},{"floor":22.0,"key":"Charon\u0027s Ashes"},{"floor":23.0,"key":"Pocketwatch"},{"floor":26.0,"key":"HornCleat"},{"floor":29.0,"key":"Bottled Lightning"},{"floor":31.0,"key":"Mercury Hourglass"},{"floor":32.0,"key":"Magic Flower"},{"floor":41.0,"key":"Bottled Tornado"},{"floor":42.0,"key":"War Paint"},{"floor":44.0,"key":"Paper Frog"},{"floor":45.0,"key":"Unceasing Top"},{"floor":47.0,"key":"Juzu Bracelet"},{"floor":55,"key":"Whetstone"}],"event_choices":[{"damage_healed":0.0,"max_hp_gain":0.0,"max_hp_loss":0.0,"gold_gain":0.0,"event_name":"Scrap Ooze","player_choice":"Success","floor":2.0,"gold_loss":0.0,"damage_taken":18.0,"relics_obtained":["Bag of Marbles"]},{"cards_removed":["Strike_R"],"damage_healed":0.0,"max_hp_gain":0.0,"max_hp_loss":0.0,"gold_gain":0.0,"event_name":"The Cleric","player_choice":"Card Removal","floor":3.0,"gold_loss":75.0,"damage_taken":0.0},{"damage_healed":25.0,"max_hp_gain":0.0,"max_hp_loss":0.0,"gold_gain":0.0,"event_name":"Big Fish","player_choice":"Banana","floor":4.0,"gold_loss":0.0,"damage_taken":0.0},{"damage_healed":0.0,"max_hp_gain":0.0,"max_hp_loss":0.0,"gold_gain":0.0,"event_name":"Lab","player_choice":"Got Potions","floor":19.0,"gold_loss":0.0,"damage_taken":0.0},{"cards_removed":["Strike_R"],"damage_healed":0.0,"max_hp_gain":0.0,"max_hp_loss":0.0,"gold_gain":0.0,"event_name":"Wheel of Change","player_choice":"Card Removal","floor":24.0,"gold_loss":0.0,"damage_taken":0.0},{"damage_healed":0.0,"max_hp_gain":0.0,"max_hp_loss":0.0,"gold_gain":0.0,"event_name":"Tomb of Lord Red Mask","player_choice":"Ignored","floor":36.0,"gold_loss":0.0,"damage_taken":0.0},{"damage_healed":0.0,"max_hp_gain":0.0,"max_hp_loss":0.0,"gold_gain":0.0,"event_name":"SensoryStone","player_choice":"Memory 3","floor":37.0,"gold_loss":0.0,"damage_taken":10.0}],"is_beta":false,"boss_relics":[{"not_picked":["Black Star","Coffee Dripper"],"picked":"Runic Pyramid"},{"not_picked":["Velvet Choker","Tiny House"],"picked":"Philosopher\u0027s Stone"}],"items_purged_floors":[21,46],"is_endless":false,"potions_floor_spawned":[5,7,10,20,27,30,31,39,41,44,48,55],"ascension_level":20}}