{"host":"uzc99wulacbf3sqy","time":1614362569,"event":{"mods":["AchievementEnabler","BaseMod","Bestiary","Highlight Path","Minty Spire (QoL Compilation)","Relic Stats"],"gold_per_floor":[119,134,234,50,67,83,83,113,138,176,210,210,226,259,259,357,657,674,674,674,219,238,238,269,9,9,29,29],"floor_reached":27,"language":"ENG","playtime":1565,"items_purged":["Defend_P"],"score":264,"play_id":"136736de-26bb-4e85-9493-43e7d46f5e8f","local_time":"20210226150249","is_ascension_mode":true,"campfire_choices":[{"data":"Eruption","floor":7.0,"key":"SMITH"},{"floor":12.0,"key":"REST"},{"floor":15.0,"key":"REST"},{"data":"Alpha","floor":23.0,"key":"SMITH"}],"circlet_count":0,"master_deck":["Strike_P","Strike_P","Strike_P","Strike_P","Defend_P","Defend_P","Defend_P+1","Eruption+1","Vigilance","CutThroughFate","PathToVictory+1","BattleHymn","PathToVictory","Nirvana","ForeignInfluence","Pray","Crescendo","TalkToTheHand","Pray","JustLucky","Pray","Alpha+1","CurseOfTheBell","Crescendo+1","ClearTheMind","WaveOfTheHand"],"relics":["PureWater","NeowsBlessing","War Paint","Smiling Mask","Dream Catcher","Tiny Chest","PreservedInsect","Calling Bell","Nunchaku","Eternal Feather","Old Coin","Lee\u0027s Waffle","Matryoshka","Blood Vial","Meat on the Bone","Regal Pillow"],"acts_visited":["Exordium","TheCity"],"potions_floor_usage":[],"damage_taken":[{"damage":0.0,"enemies":"Jaw Worm","floor":1.0,"turns":1.0},{"damage":0.0,"enemies":"Cultist","floor":2.0,"turns":1.0},{"damage":0.0,"enemies":"Small Slimes","floor":5.0,"turns":1.0},{"damage":6.0,"enemies":"Blue Slaver","floor":6.0,"turns":3.0},{"damage":6.0,"enemies":"Gremlin Nob","floor":8.0,"turns":3.0},{"damage":0.0,"enemies":"2 Fungi Beasts","floor":10.0,"turns":2.0},{"damage":27.0,"enemies":"3 Sentries","floor":11.0,"turns":6.0},{"damage":5.0,"enemies":"3 Louse","floor":13.0,"turns":3.0},{"damage":18.0,"enemies":"Lagavulin","floor":14.0,"turns":4.0},{"damage":42.0,"enemies":"The Guardian","floor":16.0,"turns":6.0},{"damage":35.0,"enemies":"Shell Parasite","floor":18.0,"turns":6.0},{"damage":5.0,"enemies":"Chosen","floor":22.0,"turns":4.0},{"damage":33.0,"enemies":"Book of Stabbing","floor":24.0,"turns":4.0},{"damage":58,"enemies":"Slavers","floor":27,"turns":3}],"seed_played":"786817918555660261","potions_obtained":[{"floor":2.0,"key":"Dexterity Potion"},{"floor":13.0,"key":"Swift Potion"},{"floor":16.0,"key":"SpeedPotion"},{"floor":18.0,"key":"Dexterity Potion"}],"is_trial":false,"path_per_floor":["M","M","?","$","M","M","R","E","T","M","E","R","M","E","R","B",null,"M","?","?","$","M","R","E","$","T","E"],"character_chosen":"WATCHER","items_purchased":["War Paint","BattleHymn","Lee\u0027s Waffle","Matryoshka","Meat on the Bone"],"campfire_rested":2,"item_purchase_floors":[4,4,21,21,25],"current_hp_per_floor":[72,72,72,72,72,66,66,60,60,60,33,54,49,31,52,10,72,37,61,61,79,74,79,46,46,46,0,0],"gold":29,"neow_bonus":"THREE_ENEMY_KILL","is_daily":false,"chose_seed":false,"campfire_upgraded":2,"win_rate":0.0,"timestamp":1614362569,"path_taken":["M","M","?","?","M","M","R","E","T","M","E","R","M","E","R","BOSS","M","?","?","$","M","R","E","?","T","E"],"items_purchased_type":["Relic","Card","Relic","Relic","Relic"],"build_version":"2020-12-22","purchased_purges":1,"victory":false,"max_hp_per_floor":[72,72,72,72,72,72,72,72,72,72,72,72,72,72,72,72,72,72,72,72,79,79,79,79,79,79,79,79],"relic_stats":{"Lee\u0027s Waffle":18,"Regal Pillow":0,"counters":[14,47],"Eternal Feather":5,"PreservedInsect":79,"War Paint":["Defend_P","PathToVictory"],"Smiling Mask":25,"Blood Vial":2,"Dream Catcher":2,"Nunchaku":[2],"Tiny Chest":0,"obtain_stats":[{"Lee\u0027s Waffle":21,"Regal Pillow":26,"NeowsBlessing":0,"Eternal Feather":17,"PreservedInsect":14,"War Paint":4,"Smiling Mask":8,"Old Coin":17,"Calling Bell":17,"Blood Vial":24,"Dream Catcher":9,"Nunchaku":17,"Matryoshka":21,"Tiny Chest":11,"PureWater":0,"Meat on the Bone":25},{"Lee\u0027s Waffle":11,"Regal Pillow":13,"NeowsBlessing":0,"Eternal Feather":10,"PreservedInsect":9,"War Paint":2,"Smiling Mask":5,"Old Coin":10,"Calling Bell":10,"Blood Vial":13,"Dream Catcher":5,"Nunchaku":10,"Matryoshka":11,"Tiny Chest":7,"PureWater":0,"Meat on the Bone":13},{"Lee\u0027s Waffle":36,"Regal Pillow":44,"NeowsBlessing":0,"Eternal Feather":30,"PreservedInsect":24,"War Paint":2,"Smiling Mask":9,"Old Coin":30,"Calling Bell":30,"Blood Vial":44,"Dream Catcher":9,"Nunchaku":30,"Matryoshka":36,"Tiny Chest":17,"PureWater":0,"Meat on the Bone":44}],"Meat on the Bone":0},"card_choices":[{"not_picked":["FlurryOfBlows","Wallop"],"picked":"CutThroughFate","floor":1.0},{"not_picked":["Protect","ThirdEye"],"picked":"PathToVictory","floor":2.0},{"not_picked":["MentalFortress","EmptyBody"],"picked":"PathToVictory","floor":5.0},{"not_picked":["Fasting2","EmptyBody"],"picked":"Nirvana","floor":6.0},{"not_picked":["EmptyFist","WindmillStrike"],"picked":"ForeignInfluence","floor":8.0},{"not_picked":["FollowUp","Scrawl"],"picked":"Pray","floor":10.0},{"not_picked":["Evaluate","SignatureMove"],"picked":"Crescendo","floor":11.0},{"not_picked":["Consecrate","BowlingBash"],"picked":"TalkToTheHand","floor":12.0},{"not_picked":["FollowUp","BowlingBash"],"picked":"Pray","floor":13.0},{"not_picked":["FollowUp","Sanctity"],"picked":"JustLucky","floor":14.0},{"not_picked":["Crescendo","Evaluate"],"picked":"Pray","floor":15.0},{"not_picked":["Blasphemy","Brilliance"],"picked":"Alpha","floor":16.0},{"not_picked":["FlyingSleeves","Fasting2+1"],"picked":"Crescendo+1","floor":18.0},{"not_picked":["FollowUp","Weave"],"picked":"ClearTheMind","floor":22.0},{"not_picked":["JustLucky","Protect+1"],"picked":"WaveOfTheHand","floor":24.0}],"player_experience":59450,"relics_obtained":[{"floor":8.0,"key":"Smiling Mask"},{"floor":9.0,"key":"Dream Catcher"},{"floor":11.0,"key":"Tiny Chest"},{"floor":14.0,"key":"PreservedInsect"},{"floor":17.0,"key":"Nunchaku"},{"floor":17.0,"key":"Eternal Feather"},{"floor":17.0,"key":"Old Coin"},{"floor":24.0,"key":"Blood Vial"},{"floor":26.0,"key":"Regal Pillow"}],"event_choices":[{"damage_healed":0.0,"max_hp_gain":0.0,"max_hp_loss":0.0,"gold_gain":100.0,"event_name":"Golden Shrine","player_choice":"Pray","floor":3.0,"gold_loss":0.0,"damage_taken":0.0},{"damage_healed":24.0,"max_hp_gain":0.0,"max_hp_loss":0.0,"gold_gain":0.0,"event_name":"The Library","player_choice":"Heal","floor":19.0,"gold_loss":0.0,"damage_taken":0.0},{"damage_healed":0.0,"max_hp_gain":0.0,"max_hp_loss":0.0,"gold_gain":0.0,"event_name":"Ghosts","player_choice":"Ignored","floor":20.0,"gold_loss":0.0,"damage_taken":0.0}],"is_beta":false,"boss_relics":[{"not_picked":["Ectoplasm","Coffee Dripper"],"picked":"Calling Bell"}],"items_purged_floors":[21],"is_endless":false,"potions_floor_spawned":[2,13,16,18],"killed_by":"Slavers","ascension_level":1}}