{"host":"rwomhe7k24zy6c7l","time":1614346587,"event":{"mods":["Act Like it!","BaseMod","Colored Powertips","Conspire","Gensokyo","Minty Spire (QoL Compilation)","RumiaBox-露米娅的神秘盒子","StSLib","The Bug Knight","WarShipGirlsR/战舰少女R mod"],"gold_per_floor":[116,116,116,135,147,147,147,171,198,198,218,218,21,76,76,227,227,263,117,142,142],"floor_reached":20,"language":"ZHS","playtime":1025,"items_purged":["rmod:diaomin+1"],"score":172,"play_id":"7d31bb3c-ae43-4c18-92c5-e27a43ab1036","local_time":"20210226213627","is_ascension_mode":false,"campfire_choices":[{"data":"rmod:basicallowance","floor":6,"key":"SMITH"},{"data":"rmod:abidefaith","floor":10,"key":"SMITH"},{"data":"rmod:diaomin","floor":12,"key":"SMITH"},{"floor":15,"key":"REST"}],"circlet_count":0,"master_deck":["rmod:strick+1","rmod:strick","rmod:strick","rmod:strick","rmod:defend","rmod:defend","rmod:defend","rmod:defend","rmod:basicallowance+1","rmod:maingunfire+1","rmod:abidefaith+1","HandOfGreed","rmod:chargemoney"],"relics":["rmod:firstchargereward","Golden Idol","SSSystem","Whetstone","Runic Pyramid"],"acts_visited":["Exordium","TheCity"],"potions_floor_usage":[8,8,11,20],"damage_taken":[{"damage":0,"enemies":"conspire:RoseBush","floor":1,"turns":3},{"damage":0,"enemies":"2 Louse","floor":4,"turns":2},{"damage":10,"enemies":"Small Slimes","floor":5,"turns":3},{"damage":11,"enemies":"Looter","floor":8,"turns":3},{"damage":5,"enemies":"Blue Slaver","floor":11,"turns":4},{"damage":16,"enemies":"Gremlin Nob","floor":14,"turns":4},{"damage":17,"enemies":"The Guardian","floor":16,"turns":12},{"damage":34,"enemies":"Shell Parasite","floor":18,"turns":9},{"damage":54,"enemies":"3 Cultists","floor":20,"turns":5}],"seed_played":"-7566229825026337015","potions_obtained":[{"floor":4,"key":"FearPotion"},{"floor":5,"key":"Weak Potion"},{"floor":8,"key":"Fire Potion"},{"floor":18,"key":"LiquidBronze"}],"is_trial":false,"path_per_floor":["M","?","?","M","M","R","?","M","T","R","M","R","$","E","R","B",null,"M","$","M"],"character_chosen":"PRAEFECT","items_purchased":["HandOfGreed","rmod:chargemoney"],"campfire_rested":1,"item_purchase_floors":[13,19],"current_hp_per_floor":[82,87,87,87,77,77,56,45,45,45,40,40,40,24,50,33,87,53,53,0,0],"gold":142,"neow_bonus":"TEN_PERCENT_HP_BONUS","is_daily":false,"chose_seed":false,"campfire_upgraded":3,"win_rate":0.0,"timestamp":1614346587,"path_taken":["M","?","?","M","M","R","?","M","T","R","M","R","$","E","R","BOSS","M","$","M"],"items_purchased_type":["Card","Card"],"build_version":"2020-12-22","purchased_purges":1,"victory":false,"max_hp_per_floor":[82,87,87,87,87,87,87,87,87,87,87,87,87,87,87,87,87,87,87,87,87],"card_choices":[{"not_picked":["rmod:aluminumsupply","rmod:bulid"],"picked":"rmod:diaomin","floor":1},{"not_picked":["rmod:garrisonisland","rmod:highspeedshooting","rmod:overbreakdown"],"picked":"SKIP","floor":4},{"not_picked":["rmod:supportescort","rmod:robin","rmod:steelsupply"],"picked":"SKIP","floor":5},{"not_picked":["rmod:intelligenceanalysis","rmod:selfconfidence"],"picked":"rmod:abidefaith","floor":8},{"not_picked":["rmod:aviationdawn","rmod:concentratefire","rmod:steelsupply"],"picked":"SKIP","floor":11},{"not_picked":["rmod:slowdown","rmod:royalracing","rmod:bulid"],"picked":"SKIP","floor":14},{"not_picked":["rmod:supportescort","rmod:royalracing","rmod:circuitoustactics"],"picked":"SKIP","floor":18}],"player_experience":142700,"relics_obtained":[{"floor":9,"key":"SSSystem"},{"floor":14,"key":"Whetstone"}],"event_choices":[{"damage_healed":0,"gold_gain":0,"player_choice":"Donut","damage_taken":0,"max_hp_gain":5,"max_hp_loss":0,"event_name":"Big Fish","floor":2,"gold_loss":0},{"damage_healed":0,"gold_gain":0,"player_choice":"Leave","damage_taken":0,"max_hp_gain":0,"max_hp_loss":0,"event_name":"The Cleric","floor":3,"gold_loss":0},{"damage_healed":0,"gold_gain":0,"player_choice":"Take Damage","damage_taken":21,"relics_obtained":["Golden Idol"],"max_hp_gain":0,"max_hp_loss":0,"event_name":"Golden Idol","floor":7,"gold_loss":0}],"is_beta":false,"boss_relics":[{"not_picked":["AddBug","Empty Cage"],"picked":"Runic Pyramid"}],"items_purged_floors":[19],"is_endless":false,"potions_floor_spawned":[4,5,8,18],"killed_by":"3 Cultists","ascension_level":0}}