{"host":"f76wcztdlwlduum6","time":1614376101,"event":{"mods":["AchievementEnabler","BaseMod","BetterRewards","Colored Powertips","Minty Spire (QoL Compilation)","Quick Restart","Rare Cards Sparkle","Relic Stats","StSLib","SuperFastMode","everything is the same but u backflip on backflip"],"gold_per_floor":[12,12,35,35,6,6,6],"floor_reached":6,"language":"ENG","playtime":218,"items_purged":["Strike_G"],"score":68,"play_id":"1a220256-aa98-4443-89a0-c117f73b69cb","local_time":"20210226154821","is_ascension_mode":true,"campfire_choices":[],"circlet_count":0,"master_deck":["AscendersBane","Strike_G","Strike_G","Strike_G","Strike_G","Defend_G","Defend_G","Defend_G","Defend_G","Defend_G","Survivor","Neutralize","Blade Dance","Prepared","Leg Sweep"],"relics":["Ring of the Snake","Shovel","Golden Idol","Meat on the Bone","ClockworkSouvenir"],"acts_visited":["Exordium"],"potions_floor_usage":[6],"damage_taken":[{"damage":6,"enemies":"Jaw Worm","floor":1,"turns":6},{"damage":0,"enemies":"2 Louse","floor":3,"turns":2},{"damage":27,"enemies":"3 Sentries","floor":6,"turns":8}],"seed_played":"7193389911511343333","potions_obtained":[{"floor":3,"key":"LiquidMemories"}],"is_trial":false,"path_per_floor":["M","?","M","?","$","E"],"character_chosen":"THE_SILENT","items_purchased":["ClockworkSouvenir","Leg Sweep"],"campfire_rested":0,"item_purchase_floors":[5,5],"current_hp_per_floor":[53,53,53,27,27,0,0],"gold":6,"neow_bonus":"ONE_RARE_RELIC","is_daily":false,"chose_seed":false,"campfire_upgraded":0,"win_rate":0.0,"timestamp":1614376101,"path_taken":["M","?","M","?","$","E"],"items_purchased_type":["Relic","Card"],"build_version":"2020-12-22","purchased_purges":1,"victory":false,"max_hp_per_floor":[66,60,60,60,60,60,60],"relic_stats":{"Shovel":0,"counters":[3,16],"Golden Idol":5,"obtain_stats":[{"Shovel":0,"Golden Idol":2,"Ring of the Snake":0,"Meat on the Bone":4,"ClockworkSouvenir":5},{"Shovel":0,"Golden Idol":1,"Ring of the Snake":0,"Meat on the Bone":2,"ClockworkSouvenir":2},{"Shovel":0,"Golden Idol":6,"Ring of the Snake":0,"Meat on the Bone":8,"ClockworkSouvenir":8}],"Ring of the Snake":[6],"Meat on the Bone":0},"card_choices":[{"not_picked":["Dagger Throw","Accuracy"],"picked":"Blade Dance","floor":1},{"not_picked":["Tactician","Sucker Punch"],"picked":"Prepared","floor":3}],"player_experience":389476,"relics_obtained":[],"event_choices":[{"damage_healed":0,"gold_gain":0,"player_choice":"Lose Max HP","damage_taken":0,"relics_obtained":["Golden Idol"],"max_hp_gain":0,"max_hp_loss":6,"event_name":"Golden Idol","floor":2,"gold_loss":0},{"damage_healed":0,"gold_gain":0,"player_choice":"Success","damage_taken":26,"relics_obtained":["Meat on the Bone"],"max_hp_gain":0,"max_hp_loss":0,"event_name":"Scrap Ooze","floor":4,"gold_loss":0}],"is_beta":false,"boss_relics":[],"items_purged_floors":[5],"is_endless":false,"potions_floor_spawned":[3],"killed_by":"3 Sentries","ascension_level":20}}