{"host":"nn8ykqwz2w24pkn4","time":1614353885,"event":{"mods":["AchievementEnabler","Aspiration","BaseMod","Better Note","BetterRewards","DNKmod","Friendly Minions","Gold Saver","Highlight Path","Hubris","Minty Spire (QoL Compilation)","Rare Cards Sparkle","Spire Birthday Party","StSLib","Uncapped","Unceasing Turn Reminder","egg"],"gold_per_floor":[365,65,80,95,95,125,125,155,205,235,266,266,266,296,296,396,396,411,432,447,97,112,142,157,157,182,32,47,47,77,92,92,192,192,207,222,72,72,72,72,102,117,142,142,364,364,394,394,394,394],"floor_reached":51,"language":"ENG","playtime":1444,"items_purged":["Regret"],"score":1069,"play_id":"c58949d1-d224-4f4a-ac87-ef0a577d712b","local_time":"20210226073805","daily_mods":["Chimera","Time Dilation","Elite Swarm"],"is_ascension_mode":false,"campfire_choices":[{"data":"Eruption","floor":7,"key":"SMITH"},{"data":"Seek","floor":12,"key":"SMITH"},{"floor":15,"key":"DIG"},{"floor":25,"key":"DIG"},{"floor":29,"key":"DIG"},{"floor":32,"key":"DIG"},{"floor":40,"key":"DIG"},{"floor":44,"key":"DIG"},{"floor":46,"key":"DIG"},{"floor":49,"key":"DIG"}],"circlet_count":0,"master_deck":["Bash+1","Survivor","Zap","Eruption+1","Strike_R","Strike_G+1","Strike_B","Defend_R","Defend_G","Defend_P","Streamline","Coolheaded","Ball Lightning","Seek+1","Rebound+1","Echo Form","Cold Snap+1","Sunder+1","Conserve Battery+1","Beam Cell+1","Streamline+1","White Noise","Seek","Meteor Strike+1","Storm+1","Streamline+1","Madness","Madness","Rebound+1","Core Surge+1"],"relics":["Cracked Core","aspiration:HatOfInfinitePower","Molten Egg 2","Smiling Mask","Ice Cream","Akabeko","CaptainsWheel","MealTicket","hubris:Towel","Shovel","Whetstone","hubris:ScarierMask","Red Mask","Thread and Needle","Lantern","Meat on the Bone","Strawberry","PreservedInsect","hubris:RGBLights","Gremlin Horn","Tiny Chest","Nuclear Battery","Nunchaku","InkBottle","hubris:64BitClover","Bronze Scales","aspiration:Nostalgia","PureWater","aspiration:EnhancedActuators","Emotion Chip","hubris:Icosahedron","aspiration:Lifesprig"],"acts_visited":["Exordium","TheCity","TheBeyond"],"potions_floor_usage":[10,28,33,33,33,50,50],"damage_taken":[{"damage":0,"enemies":"2 Louse","floor":1,"turns":2},{"damage":0,"enemies":"Small Slimes","floor":3,"turns":2},{"damage":0,"enemies":"Jaw Worm","floor":4,"turns":1},{"damage":0,"enemies":"Gremlin Nob","floor":6,"turns":2},{"damage":10,"enemies":"3 Sentries","floor":8,"turns":3},{"damage":0,"enemies":"Gremlin Nob","floor":10,"turns":2},{"damage":3,"enemies":"Gremlin Nob","floor":11,"turns":3},{"damage":0,"enemies":"3 Sentries","floor":14,"turns":3},{"damage":3,"enemies":"The Guardian","floor":16,"turns":3},{"damage":1,"enemies":"Spheric Guardian","floor":18,"turns":2},{"damage":0,"enemies":"Masked Bandits","floor":19,"turns":1},{"damage":0,"enemies":"Shell Parasite","floor":20,"turns":1},{"damage":0,"enemies":"Cultist and Chosen","floor":22,"turns":1},{"damage":0,"enemies":"Book of Stabbing","floor":23,"turns":2},{"damage":0,"enemies":"Snecko","floor":24,"turns":3},{"damage":0,"enemies":"Shelled Parasite and Fungi","floor":28,"turns":2},{"damage":0,"enemies":"Slavers","floor":30,"turns":1},{"damage":1,"enemies":"Centurion and Healer","floor":31,"turns":3},{"damage":27,"enemies":"hubris:MusketHawk","floor":33,"turns":3},{"damage":0,"enemies":"3 Shapes","floor":35,"turns":1},{"damage":0,"enemies":"3 Darklings","floor":36,"turns":3},{"damage":0,"enemies":"Giant Head","floor":41,"turns":4},{"damage":0,"enemies":"Maw","floor":42,"turns":3},{"damage":0,"enemies":"Reptomancer","floor":47,"turns":1},{"damage":55,"enemies":"Donu and Deca","floor":50,"turns":5}],"seed_played":"4728103701414758894","potions_obtained":[{"floor":6,"key":"AttackPotion"},{"floor":8,"key":"Fire Potion"},{"floor":10,"key":"Fruit Juice"},{"floor":14,"key":"CultistPotion"},{"floor":28,"key":"Fruit Juice"},{"floor":31,"key":"Energy Potion"},{"floor":36,"key":"Strength Potion"},{"floor":41,"key":"Dexterity Potion"}],"is_trial":false,"path_per_floor":["M","$","M","M","?","E","R","E","T","E","?","R","?","E","R","B",null,"M","?","M","$","M","E","M","R","T","$","M","R","E","M","R","B",null,"M","M","$","?","$","R","E","M","T","R","?","R","E","?","R","B",null],"character_chosen":"DEFECT","items_purchased":["aspiration:HatOfInfinitePower","Thread and Needle","PreservedInsect","Nunchaku"],"campfire_rested":0,"item_purchase_floors":[2,21,27,37],"current_hp_per_floor":[125,125,125,125,125,125,125,115,115,120,117,117,117,117,117,114,130,129,129,129,130,130,130,130,130,137,137,142,142,142,141,141,114,142,142,142,142,124,139,139,139,139,139,139,139,139,139,139,139,84],"gold":394,"neow_bonus":"","is_daily":true,"chose_seed":false,"campfire_upgraded":2,"win_rate":0.0,"timestamp":1614353885,"path_taken":["M","$","M","M","?","E","R","E","T","E","?","R","?","E","R","BOSS","M","?","M","$","M","E","M","R","T","$","M","R","E","M","R","BOSS","M","M","$","?","$","R","E","M","T","R","?","R","E","?","R","BOSS"],"items_purchased_type":["Relic","Relic","Relic","Relic"],"build_version":"2020-12-22","purchased_purges":1,"victory":true,"max_hp_per_floor":[125,125,125,125,125,125,125,125,125,130,130,130,130,130,130,130,130,130,130,130,130,130,130,130,130,137,137,142,142,142,142,142,142,142,142,142,142,142,142,142,142,142,142,142,142,142,142,142,142,142],"card_choices":[{"not_picked":["Stack","Reprogram"],"picked":"Streamline","floor":1},{"not_picked":["Heatsinks","Aggregate"],"picked":"Coolheaded","floor":3},{"not_picked":["Loop","aspiration:Polymerization"],"picked":"Ball Lightning","floor":4},{"not_picked":["All For One+1","Thunder Strike+1","Biased Cognition"],"picked":"SKIP","floor":6},{"not_picked":["hubris:Prefetch","Reboot"],"picked":"Seek","floor":8},{"not_picked":["Multi-Cast","Biased Cognition","hubris:SpecializedCircuitry"],"picked":"SKIP","floor":10},{"not_picked":["Go for the Eyes+1","Ball Lightning+1"],"picked":"Rebound+1","floor":11},{"not_picked":["Hyperbeam+1","Biased Cognition"],"picked":"Echo Form","floor":14},{"not_picked":["Barrage+1","Coolheaded"],"picked":"Cold Snap+1","floor":18},{"not_picked":["Sweeping Beam+1","Genetic Algorithm"],"picked":"Sunder+1","floor":19},{"not_picked":["Heatsinks","Steam"],"picked":"Conserve Battery+1","floor":20},{"not_picked":["Rebound+1","Stack+1"],"picked":"Beam Cell+1","floor":22},{"not_picked":["Fission","Machine Learning","hubris:SpecializedCircuitry"],"picked":"SKIP","floor":23},{"not_picked":["Beam Cell+1","Static Discharge"],"picked":"Streamline+1","floor":24},{"not_picked":["Hologram","Coolheaded"],"picked":"White Noise","floor":28},{"not_picked":["Rainbow","Machine Learning"],"picked":"Seek","floor":30},{"not_picked":["Auto Shields","Gash+1","Undo"],"picked":"SKIP","floor":31},{"not_picked":["Buffer","Multi-Cast"],"picked":"Meteor Strike+1","floor":33},{"not_picked":["Consume+1","Go for the Eyes+1"],"picked":"Storm+1","floor":35},{"not_picked":["Go for the Eyes+1","Coolheaded"],"picked":"Streamline+1","floor":36},{"not_picked":["Multi-Cast","Amplify","Rainbow"],"picked":"SKIP","floor":41},{"not_picked":["Compile Driver+1","Coolheaded"],"picked":"Rebound+1","floor":42},{"not_picked":["hubris:SpecializedCircuitry","Amplify"],"picked":"Core Surge+1","floor":47}],"player_experience":434153,"relics_obtained":[{"floor":6,"key":"Smiling Mask"},{"floor":8,"key":"Ice Cream"},{"floor":9,"key":"Akabeko"},{"floor":10,"key":"CaptainsWheel"},{"floor":11,"key":"MealTicket"},{"floor":14,"key":"Shovel"},{"floor":15,"key":"Whetstone"},{"floor":19,"key":"Red Mask"},{"floor":23,"key":"Lantern"},{"floor":25,"key":"Meat on the Bone"},{"floor":26,"key":"Strawberry"},{"floor":29,"key":"hubris:RGBLights"},{"floor":30,"key":"Gremlin Horn"},{"floor":32,"key":"Tiny Chest"},{"floor":40,"key":"InkBottle"},{"floor":41,"key":"hubris:64BitClover"},{"floor":43,"key":"Bronze Scales"},{"floor":44,"key":"aspiration:Nostalgia"},{"floor":46,"key":"aspiration:EnhancedActuators"},{"floor":47,"key":"Emotion Chip"},{"floor":49,"key":"aspiration:Lifesprig"}],"event_choices":[{"damage_healed":0,"gold_gain":0,"player_choice":"Box","damage_taken":0,"relics_obtained":["Molten Egg 2"],"max_hp_gain":0,"max_hp_loss":0,"event_name":"Big Fish","floor":5,"gold_loss":0,"cards_obtained":["Regret"]},{"damage_healed":0,"gold_gain":30,"player_choice":"Searched \u00273\u0027 times","damage_taken":0,"max_hp_gain":0,"max_hp_loss":0,"event_name":"Dead Adventurer","floor":11,"gold_loss":0},{"damage_healed":0,"gold_gain":0,"player_choice":"Fought Bandits","damage_taken":0,"max_hp_gain":0,"max_hp_loss":0,"event_name":"Masked Bandits","floor":19,"gold_loss":0},{"damage_healed":0,"gold_gain":0,"player_choice":"Embrace Madness","damage_taken":18,"max_hp_gain":0,"max_hp_loss":0,"event_name":"Winding Halls","floor":38,"gold_loss":0,"cards_obtained":["Madness","Madness"]},{"damage_healed":0,"gold_gain":222,"player_choice":"Wore Mask","damage_taken":0,"max_hp_gain":0,"max_hp_loss":0,"event_name":"Tomb of Lord Red Mask","floor":45,"gold_loss":0}],"is_beta":false,"boss_relics":[{"not_picked":["aspiration:BursterCore","Coffee Dripper"],"picked":"hubris:ScarierMask"},{"not_picked":["aspiration:RandomNobGenerator","aspiration:SilentSkillbook"],"picked":"Nuclear Battery"}],"items_purged_floors":[21],"is_endless":false,"potions_floor_spawned":[6,8,10,14,19,24,28,31,36,41],"ascension_level":0}}