{"host":"uticcqe2hnyxrts2","time":1614304792,"event":{"mods":["BaseMod","Colored Map","Custom Start","Downfall","Grow up Mod","Minty Spire (QoL Compilation)","Permanent Neow","Remove Card Discount Mod","StSLib","The Poker Player","The Problem Sleuth"],"gold_per_floor":[112,128,145,157,73,89,102,115,167,167,198,216,216,281,281,380,380,394,407,322,322,283,283,298,298,298,312,390,390,423,437,437,535,535,553,569,588,602,613,640,653,687,699,711,723,735,766,804,816,828],"floor_reached":51,"language":"ENG","playtime":6587,"items_purged":["Strike_B","Strike_B","Defend_B","Defend_B"],"score":815,"play_id":"9c692df8-7e26-4e4c-bf92-0f6e3cb96165","local_time":"20210225205952","is_ascension_mode":false,"campfire_choices":[{"data":"Storm","floor":10,"key":"SMITH"},{"data":"Rainbow","floor":13,"key":"SMITH"},{"data":"Static Discharge","floor":15,"key":"SMITH"},{"data":"Double Energy","floor":23,"key":"SMITH"},{"data":"Chaos","floor":29,"key":"SMITH"},{"data":"Zap","floor":32,"key":"SMITH"},{"floor":49,"key":"REST"}],"circlet_count":0,"master_deck":["Strike_B","Strike_B","Defend_B+1","Defend_B","Zap+1","Dualcast","Melter","Rip and Tear","Skim+1","Storm+1","Beam Cell","Static Discharge+1","Self Repair","Double Energy+1","Coolheaded","Rainbow+1","Self Repair","All For One","Sweeping Beam","Capacitor+1","Melter","Chaos+1","Hologram+1","Redo+1","Self Repair","Rainbow","BootSequence+1","Coolheaded+1","Self Repair","White Noise+1","Capacitor","Capacitor+1","Redo+1","Ball Lightning+1","Transmutation+1","Panacea+1","Secret Technique+1","Redo+1","Double Energy+1"],"relics":["Cracked Core","Happy Flower","Lantern","SlaversCollar","Vajra","InkBottle","Ornamental Fan","White Beast Statue","Black Star","Oddly Smooth Stone","Toy Ornithopter","Regal Pillow","MawBank","Toxic Egg 2","theSleuth:Tectrixcalibur","War Paint","Anchor"],"acts_visited":["Exordium","TheCity","TheBeyond"],"potions_floor_usage":[4,7,11,18,19,30,31,37,38,38,39,40,42,47,48,50],"damage_taken":[{"damage":0,"enemies":"Cultist","floor":1,"turns":4},{"damage":2,"enemies":"Small Slimes","floor":2,"turns":3},{"damage":8,"enemies":"Jaw Worm","floor":3,"turns":3},{"damage":22,"enemies":"Large Slime","floor":4,"turns":5},{"damage":19,"enemies":"3 Louse","floor":6,"turns":3},{"damage":8,"enemies":"Exordium Wildlife","floor":7,"turns":2},{"damage":8,"enemies":"Exordium Thugs","floor":8,"turns":4},{"damage":19,"enemies":"3 Sentries","floor":11,"turns":4},{"damage":12,"enemies":"2 Fungi Beasts","floor":12,"turns":2},{"damage":14,"enemies":"Slime Boss","floor":16,"turns":8},{"damage":0,"enemies":"Chosen","floor":18,"turns":3},{"damage":29,"enemies":"Shell Parasite","floor":19,"turns":4},{"damage":32,"enemies":"3 Cultists","floor":24,"turns":4},{"damage":35,"enemies":"Snake Plant","floor":27,"turns":2},{"damage":16,"enemies":"Gremlin Leader","floor":30,"turns":6},{"damage":20,"enemies":"Centurion and Healer","floor":31,"turns":4},{"damage":36,"enemies":"Collector","floor":33,"turns":8},{"damage":49,"enemies":"3 Shapes","floor":35,"turns":4},{"damage":24,"enemies":"3 Darklings","floor":36,"turns":4},{"damage":35,"enemies":"4 Shapes","floor":37,"turns":3},{"damage":26,"enemies":"Transient","floor":38,"turns":5},{"damage":29,"enemies":"Jaw Worm Horde","floor":39,"turns":4},{"damage":106,"enemies":"Giant Head","floor":40,"turns":9},{"damage":52,"enemies":"3 Darklings","floor":41,"turns":4},{"damage":78,"enemies":"Reptomancer","floor":42,"turns":5},{"damage":20,"enemies":"Maw","floor":47,"turns":7},{"damage":8,"enemies":"Giant Head","floor":48,"turns":5},{"damage":121,"enemies":"Time Eater","floor":50,"turns":10}],"seed_played":"1749721291721123034","potions_obtained":[{"floor":1,"key":"Block Potion"},{"floor":3,"key":"PowerPotion"},{"floor":4,"key":"Strength Potion"},{"floor":8,"key":"AttackPotion"},{"floor":12,"key":"Block Potion"},{"floor":18,"key":"Fire Potion"},{"floor":27,"key":"GamblersBrew"},{"floor":31,"key":"SteroidPotion"},{"floor":33,"key":"SpeedPotion"},{"floor":35,"key":"EssenceOfDarkness"},{"floor":36,"key":"Explosive Potion"},{"floor":37,"key":"SpeedPotion"},{"floor":38,"key":"Slimebound:ThreeZeroPotion"},{"floor":39,"key":"Weak Potion"},{"floor":40,"key":"sneckomod:MuddlingPotion"},{"floor":41,"key":"LiquidMemories"},{"floor":42,"key":"FearPotion"},{"floor":47,"key":"PotionOfCapacity"},{"floor":48,"key":"ColorlessPotion"}],"is_trial":false,"path_per_floor":["M","M","M","M","$","M","M","M","T","R","E","M","R","?","R","B",null,"M","M","?","?","$","R","M","?","T","M","T","R","E","M","R","B",null,"M","M","M","M","M","E","M","E","T","?","?","?","M","E","R","B",null],"character_chosen":"DEFECT","items_purchased":["Static Discharge","Melter"],"campfire_rested":1,"item_purchase_floors":[5,22],"current_hp_per_floor":[95,103,105,93,103,94,103,112,122,132,130,128,138,148,158,168,255,265,260,270,280,290,300,292,302,312,294,304,314,322,319,329,324,425,393,386,368,359,368,300,279,237,247,257,267,267,290,304,498,420],"gold":840,"neow_bonus":"THREE_CARDS","is_daily":false,"chose_seed":false,"campfire_upgraded":6,"win_rate":0.0,"timestamp":1614304792,"path_taken":["M","M","M","M","$","?","M","M","T","R","E","M","R","?","R","BOSS","M","M","?","?","$","R","M","?","T","?","?","R","E","M","R","BOSS","M","M","M","M","M","E","M","E","T","?","?","?","M","E","R","BOSS"],"items_purchased_type":["Card","Card"],"build_version":"2020-12-22","purchased_purges":4,"victory":true,"max_hp_per_floor":[95,105,115,125,135,145,155,165,175,185,195,205,215,225,235,245,255,265,275,285,295,305,315,325,335,345,355,365,375,385,395,405,415,425,435,445,455,465,475,485,495,505,515,525,535,545,555,565,575,585],"card_choices":[{"not_picked":["Reinforced Body","Stack"],"picked":"Melter","floor":0},{"not_picked":["Gash","Reinforced Body"],"picked":"Rip and Tear","floor":1},{"not_picked":["Go for the Eyes","Auto Shields"],"picked":"Skim","floor":2},{"not_picked":["Sweeping Beam","Genetic Algorithm"],"picked":"Storm","floor":3},{"not_picked":["Steam","Stack"],"picked":"Beam Cell","floor":4},{"not_picked":["Go for the Eyes","Defragment"],"picked":"Self Repair","floor":6},{"not_picked":["Streamline","Barrage"],"picked":"Double Energy","floor":7},{"not_picked":["Go for the Eyes","Reinforced Body"],"picked":"Coolheaded","floor":8},{"not_picked":["Consume","Conserve Battery"],"picked":"Rainbow","floor":11},{"not_picked":["Leap","Lockon"],"picked":"Self Repair","floor":12},{"not_picked":["Biased Cognition","Rainbow"],"picked":"All For One","floor":16},{"not_picked":["Gash","Steam Power"],"picked":"Sweeping Beam","floor":18},{"not_picked":["Streamline","Force Field"],"picked":"Capacitor+1","floor":19},{"not_picked":["BootSequence","Cold Snap"],"picked":"Chaos","floor":24},{"not_picked":["Biased Cognition","Force Field"],"picked":"Hologram+1","floor":27},{"not_picked":["Conserve Battery","Go for the Eyes+1"],"picked":"Redo+1","floor":30},{"not_picked":["Static Discharge","Rip and Tear"],"picked":"Self Repair","floor":31},{"not_picked":["Machine Learning","Seek"],"picked":"Rainbow","floor":33},{"not_picked":["Gash","Stack+1"],"picked":"BootSequence+1","floor":35},{"not_picked":["Go for the Eyes+1","Steam"],"picked":"Coolheaded+1","floor":36},{"not_picked":["Reprogram+1","Leap+1"],"picked":"Self Repair","floor":37},{"not_picked":["Coolheaded+1","Go for the Eyes"],"picked":"White Noise+1","floor":38},{"not_picked":["Hologram+1","Conserve Battery"],"picked":"Capacitor","floor":39},{"not_picked":["Creative AI","Sweeping Beam"],"picked":"Capacitor+1","floor":40},{"not_picked":["Coolheaded+1","Go for the Eyes"],"picked":"Redo+1","floor":41},{"not_picked":["Stack","Glacier+1"],"picked":"Ball Lightning+1","floor":42},{"not_picked":["Discovery+1","Violence+1"],"picked":"Transmutation+1","floor":46},{"not_picked":["Discovery+1","Impatience+1"],"picked":"Panacea+1","floor":46},{"not_picked":["Secret Weapon+1","Blind+1"],"picked":"Secret Technique+1","floor":46},{"not_picked":["Rip and Tear+1","Force Field+1"],"picked":"Redo+1","floor":47},{"not_picked":["Cold Snap","Scrape+1"],"picked":"Double Energy+1","floor":48}],"player_experience":11979,"relics_obtained":[{"floor":9,"key":"Happy Flower"},{"floor":11,"key":"Lantern"},{"floor":26,"key":"InkBottle"},{"floor":28,"key":"Ornamental Fan"},{"floor":30,"key":"White Beast Statue"},{"floor":40,"key":"Oddly Smooth Stone"},{"floor":40,"key":"Toy Ornithopter"},{"floor":42,"key":"Regal Pillow"},{"floor":42,"key":"MawBank"},{"floor":43,"key":"Toxic Egg 2"},{"floor":48,"key":"War Paint"},{"floor":48,"key":"Anchor"}],"event_choices":[{"damage_healed":0,"gold_gain":65,"player_choice":"Gained Gold","damage_taken":0,"max_hp_gain":0,"max_hp_loss":0,"event_name":"Golden Wing","floor":14,"gold_loss":0},{"damage_healed":0,"gold_gain":0,"player_choice":"Obtained Relic","damage_taken":0,"relics_obtained":["Vajra"],"max_hp_gain":0,"max_hp_loss":0,"event_name":"Addict","floor":20,"gold_loss":85},{"damage_healed":0,"gold_gain":0,"player_choice":"Ignored","damage_taken":0,"max_hp_gain":0,"max_hp_loss":0,"event_name":"Ghosts","floor":21,"gold_loss":0},{"damage_healed":0,"gold_gain":0,"player_choice":"Ignored","damage_taken":0,"max_hp_gain":0,"max_hp_loss":0,"event_name":"Beggar","floor":25,"gold_loss":0},{"damage_healed":0,"gold_gain":0,"player_choice":"Ignored","damage_taken":0,"max_hp_gain":0,"max_hp_loss":0,"event_name":"Tomb of Lord Red Mask","floor":44,"gold_loss":0},{"damage_healed":0,"gold_gain":0,"player_choice":"Memory 3","damage_taken":10,"max_hp_gain":0,"max_hp_loss":0,"event_name":"SensoryStone","floor":46,"gold_loss":0}],"is_beta":false,"boss_relics":[{"not_picked":["Snecko Eye","Fusion Hammer"],"picked":"SlaversCollar"},{"not_picked":["SacredBark","Astrolabe"],"picked":"Black Star"}],"items_purged_floors":[5,5,5,22],"is_endless":false,"potions_floor_spawned":[1,3,4,8,12,18,27,31,33,35,36,37,38,39,40,41,42,47,48],"ascension_level":0}}