{"host":"l3xrug4zqg5ym5g5","time":1614312784,"event":{"mods":["AchievementEnabler","BaseMod","Colored Map","Highlight Path","Minty Spire (QoL Compilation)","Quick Restart","Rare Cards Sparkle","Relic Sorter","Relic Stats","StSLib","SuperFastMode"],"gold_per_floor":[110,126,126,136,136,136,161,161,161,31,48,82,92,105,105,207,207,221,221,15,28,42,42,67,67,113,131,131,131,131],"floor_reached":29,"language":"ENG","playtime":738,"items_purged":[],"score":270,"play_id":"d21b05f7-30e4-4028-8081-238c9630175e","local_time":"20210225231304","is_ascension_mode":false,"campfire_choices":[{"data":"Thunderclap","floor":6,"key":"SMITH"},{"data":"Pommel Strike","floor":8,"key":"SMITH"},{"floor":15,"key":"REST"},{"floor":23,"key":"REST"},{"floor":25,"key":"REST"},{"floor":28,"key":"REST"}],"circlet_count":0,"master_deck":["Strike_R","Strike_R","Strike_R","Strike_R","Strike_R","Defend_R","Defend_R","Defend_R","Defend_R","Bash+1","Thunderclap+1","Iron Wave","Pommel Strike+1","Apotheosis","Armaments","Rampage","Anger","Inflame","Feed","Armaments+1","Decay","Sword Boomerang","Seeing Red","Shrug It Off"],"relics":["Burning Blood","Pear","Vajra","The Courier","MealTicket","SlaversCollar","Pantograph","Ancient Tea Set","Nunchaku"],"acts_visited":["Exordium","TheCity"],"potions_floor_usage":[11,16,16,18,24],"damage_taken":[{"damage":9,"enemies":"2 Louse","floor":1,"turns":3},{"damage":10,"enemies":"Cultist","floor":2,"turns":4},{"damage":13,"enemies":"Jaw Worm","floor":4,"turns":3},{"damage":25,"enemies":"Gremlin Gang","floor":11,"turns":4},{"damage":32,"enemies":"Gremlin Nob","floor":12,"turns":4},{"damage":12,"enemies":"Exordium Wildlife","floor":13,"turns":3},{"damage":12,"enemies":"Blue Slaver","floor":14,"turns":3},{"damage":55,"enemies":"The Guardian","floor":16,"turns":8},{"damage":40,"enemies":"Shell Parasite","floor":18,"turns":5},{"damage":16,"enemies":"Chosen","floor":21,"turns":5},{"damage":48,"enemies":"Centurion and Healer","floor":22,"turns":8},{"damage":45,"enemies":"Gremlin Leader","floor":24,"turns":8},{"damage":38,"enemies":"Snake Plant","floor":27,"turns":5},{"damage":41,"enemies":"Sentry and Sphere","floor":29,"turns":3}],"seed_played":"3187531923089034719","potions_obtained":[{"floor":1,"key":"BloodPotion"},{"floor":3,"key":"EssenceOfSteel"},{"floor":3,"key":"EssenceOfSteel"},{"floor":16,"key":"Explosive Potion"},{"floor":22,"key":"DuplicationPotion"}],"is_trial":false,"path_per_floor":["M","M","?","M","T","R","T","R","T","$","M","E","M","M","R","B",null,"M","?","$","M","M","R","E","R","T","M","R","M"],"character_chosen":"IRONCLAD","items_purchased":["Apotheosis","Pantograph"],"campfire_rested":4,"item_purchase_floors":[10,20],"current_hp_per_floor":[77,73,73,66,76,76,76,76,76,76,75,49,43,37,64,15,90,60,60,75,65,23,51,12,40,40,8,36,0,0],"gold":131,"neow_bonus":"UPGRADE_CARD","is_daily":false,"chose_seed":false,"campfire_upgraded":2,"win_rate":0.0,"timestamp":1614312784,"path_taken":["M","M","?","?","?","R","?","R","T","$","?","E","M","M","R","BOSS","M","?","$","M","?","R","E","R","T","M","R","M"],"items_purchased_type":["Card","Relic"],"build_version":"2020-12-22","purchased_purges":0,"victory":false,"max_hp_per_floor":[80,80,80,80,90,90,90,90,90,90,90,90,90,90,90,90,90,94,94,94,94,94,94,94,94,94,94,94,97,97],"relic_stats":{"Nunchaku":[1],"counters":[14,66],"Pantograph":0,"MealTicket":15,"obtain_stats":[{"SlaversCollar":17,"Nunchaku":26,"Pear":5,"Pantograph":20,"Vajra":7,"MealTicket":12,"The Courier":9,"Ancient Tea Set":24,"Burning Blood":0},{"SlaversCollar":8,"Nunchaku":12,"Pear":3,"Pantograph":9,"Vajra":3,"MealTicket":5,"The Courier":3,"Ancient Tea Set":12,"Burning Blood":0},{"SlaversCollar":32,"Nunchaku":58,"Pear":10,"Pantograph":37,"Vajra":10,"MealTicket":18,"The Courier":10,"Ancient Tea Set":58,"Burning Blood":0}],"Burning Blood":78},"card_choices":[{"not_picked":["Power Through","Cleave"],"picked":"Thunderclap","floor":1},{"not_picked":["Clothesline","Dual Wield"],"picked":"Iron Wave","floor":2},{"not_picked":["Body Slam","Headbutt"],"picked":"Pommel Strike","floor":4},{"not_picked":["Heavy Blade","Dark Embrace"],"picked":"Armaments","floor":11},{"not_picked":["Rupture","Thunderclap"],"picked":"Rampage","floor":12},{"not_picked":["Hemokinesis","Shockwave"],"picked":"Anger","floor":13},{"not_picked":["Shrug It Off","Blood for Blood"],"picked":"Inflame","floor":14},{"not_picked":["Fiend Fire","Corruption"],"picked":"Feed","floor":16},{"not_picked":["Second Wind","Entrench"],"picked":"Armaments+1","floor":18},{"not_picked":["True Grit+1","Iron Wave"],"picked":"Sword Boomerang","floor":21},{"not_picked":["True Grit","Dual Wield"],"picked":"Seeing Red","floor":22},{"not_picked":["Feel No Pain+1","Berserk","True Grit+1"],"picked":"SKIP","floor":24},{"not_picked":["Rupture","Fire Breathing+1"],"picked":"Shrug It Off","floor":27}],"player_experience":108477,"relics_obtained":[{"floor":5,"key":"Pear"},{"floor":7,"key":"Vajra"},{"floor":9,"key":"The Courier"},{"floor":12,"key":"MealTicket"},{"floor":24,"key":"Ancient Tea Set"},{"floor":26,"key":"Nunchaku"}],"event_choices":[{"damage_healed":0,"gold_gain":0,"player_choice":"Got Potions","damage_taken":0,"max_hp_gain":0,"max_hp_loss":0,"event_name":"Lab","floor":3,"gold_loss":0},{"damage_healed":0,"gold_gain":0,"player_choice":"Cursed","damage_taken":0,"max_hp_gain":0,"max_hp_loss":0,"event_name":"Wheel of Change","floor":19,"gold_loss":0,"cards_obtained":["Decay"]}],"is_beta":false,"boss_relics":[{"not_picked":["Velvet Choker","Astrolabe"],"picked":"SlaversCollar"}],"items_purged_floors":[],"is_endless":false,"potions_floor_spawned":[1,11,16,22],"killed_by":"Sentry and Sphere","ascension_level":0}}