{"host":"udsj4lb8h4i3mw66","time":1614310250,"event":{"mods":["100% Spire Juice","ATMod(阿瑾Mod)","BaseMod","BetterRewards","KinomotoSakuraMod(木之本樱)","Marisa（F雨　魔理沙）","Minty Spire (QoL Compilation)","MostiFishMod","StSLib","TestMod","The Gatherer","Waifu the Spire","noobMod","【功能Mod】混沌之环修复补丁","【功能Mod】聪明的最终Boss","【遗物Mod】死灵法师NEW"],"gold_per_floor":[114,114,114,114,33,358,358,389,389,403,420,431,431,531,531,635,635,655,259,276,276,289,322,322,322,322],"floor_reached":25,"language":"ZHS","playtime":1095,"items_purged":[],"score":343,"play_id":"ddd3a1ad-76bf-4c7f-8379-5a7d23d2d4bf","local_time":"20210226113050","is_ascension_mode":true,"campfire_choices":[{"data":"testmod-ConditionedReflex","floor":7.0,"key":"SMITH"},{"floor":15.0,"key":"REST"},{"data":"PosionWeak2","floor":24.0,"key":"SMITH"}],"circlet_count":0,"master_deck":["finger_Of_Death","Summon_Undead_Army","Summon_Undead_Army","ZombiePosion","Summon_Undead","Defend_W","Defend_W","Spectral_Armor","MostiFishMod:ForestofLight+1","Acid_Javelin+1","Stop_Heart+1","testmod-ConditionedReflex+1","ZombiePosion","Consume_Illness+1","MostiFishMod:EE1D","MostiFishMod:EE1D","MostiFishMod:EE1D","Vampiric_Strike+1","PosionWeak2+1","Uncharnel","Summon_Death_Knight+1","Negative_Energy_Sphere+1","Pandemic","Acid_Javelin+1"],"relics":["Vampire_Amulet","testmod-TestBox","ice","DaveBox","AT_ATBox","BrkXgEgg","Molten Egg 2","AT_SunfireAegis","AT_GoldPhoenixTree","AT_RedTearstoneRing","SynthV:TestCard","Old Coin","Singing Bowl","EE1DDrone","Toy Ornithopter","FeatherPendant","Bottled Lightning","Medical Kit","Akabeko"],"acts_visited":["Exordium","TheCity"],"potions_floor_usage":[],"damage_taken":[{"damage":6.0,"enemies":"Small Slimes","floor":1.0,"turns":2.0},{"damage":9.0,"enemies":"Lagavulin","floor":6.0,"turns":4.0},{"damage":9.0,"enemies":"Gremlin Nob","floor":8.0,"turns":3.0},{"damage":14.0,"enemies":"Jaw Worm","floor":10.0,"turns":5.0},{"damage":0.0,"enemies":"2 Louse","floor":11.0,"turns":2.0},{"damage":43.0,"enemies":"Gremlin Gang","floor":12.0,"turns":7.0},{"damage":5.0,"enemies":"The Guardian","floor":16.0,"turns":8.0},{"damage":10.0,"enemies":"2 Thieves","floor":18.0,"turns":4.0},{"damage":0.0,"enemies":"3 Byrds","floor":20.0,"turns":4.0},{"damage":0.0,"enemies":"Shelled Parasite and Fungi","floor":22.0,"turns":3.0},{"damage":16.0,"enemies":"Gremlin Leader","floor":23.0,"turns":4.0},{"damage":0,"enemies":"Book of Stabbing","floor":25,"turns":1}],"seed_played":"5914885470721322384","potions_obtained":[{"floor":1.0,"key":"Dexterity Potion"},{"floor":10.0,"key":"Swift Potion"},{"floor":12.0,"key":"Block Potion"},{"floor":22.0,"key":"SkillPotion"}],"is_trial":false,"path_per_floor":["M","?","?","?","$","E","R","E","T","M","M","M","?","?","R","B",null,"M","$","M","?","M","E","R","E"],"character_chosen":"NECROMANCER","items_purchased":["BrkXgEgg","Molten Egg 2","AT_SunfireAegis","MostiFishMod:ForestofLight+1","AT_RedTearstoneRing","Acid_Javelin+1","testmod-SpacePotion","testmod-ConditionedReflex","Bottled Lightning","Medical Kit"],"campfire_rested":1,"item_purchase_floors":[0,0,0,0,0,0,0,5,19,19],"current_hp_per_floor":[62,62,62,62,62,53,53,44,44,30,36,19,8,8,30,43,67,65,65,70,46,58,54,54,54,54],"gold":322,"neow_bonus":"","is_daily":false,"chose_seed":false,"campfire_upgraded":2,"win_rate":0.0,"timestamp":1614310250,"path_taken":["M","?","?","?","$","E","R","E","T","?","M","M","?","?","R","BOSS","M","$","M","?","M","E","R","E"],"items_purchased_type":["Relic","Relic","Relic","Card","Relic","Card","Potion","Card","Relic","Relic"],"build_version":"2020-12-22","purchased_purges":0,"victory":false,"max_hp_per_floor":[75,75,75,75,75,75,75,75,75,75,75,75,75,75,75,75,75,75,75,77,77,77,77,77,77,77],"card_choices":[{"not_picked":["Pandemic","Scare"],"picked":"Stop_Heart","floor":1.0},{"not_picked":["Blood_Whip+1","Bone_Spikes+1","finger_Of_Death+1","Negative_Energy_Burst+1"],"picked":"ZombiePosion","floor":6.0},{"not_picked":["Uncharnel","Shade_Step","Bone_Armor","finger_Of_Death+1"],"picked":"Consume_Illness+1","floor":8.0},{"not_picked":["Bone_Armor","Toxic_Smoke_Screen","Summon_Undead_Army","Shackles_Of_Pain"],"picked":"Vampiric_Strike+1","floor":10.0},{"not_picked":["Negative_Energy_Burst+1","Negative_Energy_Mist","Bone_Armory","Blood_Shield"],"picked":"PosionWeak2","floor":11.0},{"not_picked":["Life_Tap","Acid_Javelin+1","Slay_Living+1","Blood_for_Blood"],"picked":"Uncharnel","floor":12.0},{"not_picked":["Blood_Hammer+1","Time_Jump+1","Summon_Vampire_Lady+1","Skeleton_Dragon+1"],"picked":"Summon_Death_Knight+1","floor":16.0},{"not_picked":["Shackles_Of_Pain","Bone_Prison+1","Slay_Living+1","Siphon_Strength"],"picked":"Negative_Energy_Sphere+1","floor":18.0},{"not_picked":["Spectral_Walk","Scare","OverdoomLine+1","Summon_Undead_Army","Violent_Necrosis+1"],"picked":"Singing Bowl","floor":20.0},{"not_picked":["Negative_Energy_Sphere+1","Scare","LuckyCard","Acid_Javelin+1"],"picked":"Pandemic","floor":22.0},{"not_picked":["Pandemic","Negative_Energy_Mist","Vampiric_Strike+1","Negative_Energy_Javelin+1"],"picked":"Acid_Javelin+1","floor":23.0}],"player_experience":364558,"relics_obtained":[{"floor":1.0,"key":"SynthV:TestCard"},{"floor":6.0,"key":"Old Coin"},{"floor":8.0,"key":"Singing Bowl"},{"floor":23.0,"key":"Akabeko"}],"event_choices":[{"damage_healed":0.0,"max_hp_gain":0.0,"max_hp_loss":0.0,"gold_gain":0.0,"event_name":"Living Wall","player_choice":"Grow","floor":2.0,"gold_loss":0.0,"damage_taken":0.0,"cards_upgraded":["Stop_Heart"]},{"damage_healed":0.0,"max_hp_gain":0.0,"max_hp_loss":0.0,"gold_gain":0.0,"event_name":"Golden Wing","player_choice":"Ignored","floor":3.0,"gold_loss":0.0,"damage_taken":0.0},{"damage_healed":0.0,"max_hp_gain":0.0,"max_hp_loss":0.0,"gold_gain":0.0,"event_name":"The Woman in Blue","player_choice":"Bought 0 Potions","floor":4.0,"gold_loss":0.0,"damage_taken":0.0},{"damage_healed":0.0,"max_hp_gain":0.0,"max_hp_loss":0.0,"gold_gain":0.0,"event_name":"Scrap Ooze","player_choice":"Success","floor":13.0,"gold_loss":0.0,"damage_taken":7.0,"relics_obtained":["Toy Ornithopter"]},{"damage_healed":0.0,"max_hp_gain":0.0,"max_hp_loss":0.0,"gold_gain":100.0,"event_name":"Golden Shrine","player_choice":"Pray","floor":14.0,"gold_loss":0.0,"damage_taken":0.0},{"damage_healed":0.0,"max_hp_gain":0.0,"max_hp_loss":0.0,"gold_gain":0.0,"event_name":"Cursed Tome","player_choice":"Obtained Book","floor":21.0,"gold_loss":0.0,"damage_taken":16.0}],"is_beta":false,"boss_relics":[{"not_picked":["Transparent","testmod-BatchProcessingSystem"],"picked":"FeatherPendant"}],"items_purged_floors":[],"is_endless":false,"potions_floor_spawned":[1,10,12,22,23],"killed_by":"Book of Stabbing","ascension_level":7}}