{"host":"x3q4ieql2tr7v8o6","time":1614344992,"event":{"mods":["BaseMod","Bestiary","Better Altar","Better Match","Better Note","Better Sensory Stone","Better Skull","Better Third Choice","Colored Map","Colored Powertips","Curses Come First","Minty Spire (QoL Compilation)","StSLib"],"gold_per_floor":[109,184,197,216,216,216,232,232,232,16,29,39,39,56,56,56,56],"floor_reached":16,"language":"ENG","playtime":415,"items_purged":[],"score":174,"play_id":"c9d9f1d8-2209-4273-83fe-0f464d00985b","local_time":"20210226130952","is_ascension_mode":true,"campfire_choices":[{"floor":8.0,"key":"REST"},{"floor":13.0,"key":"REST"},{"data":"Leg Sweep","floor":15.0,"key":"SMITH"}],"circlet_count":0,"master_deck":["AscendersBane","Strike_G","Strike_G","Strike_G","Strike_G","Strike_G","Defend_G","Defend_G","Defend_G","Defend_G","Defend_G","Survivor","Neutralize","Leg Sweep+1","Dagger Spray","Footwork","Poisoned Stab","Venomology","Backstab","Dash","Cloak And Dagger"],"relics":["Ring of the Snake","NeowsBlessing","The Courier","Ornamental Fan","Membership Card"],"acts_visited":["Exordium"],"potions_floor_usage":[16,16],"damage_taken":[{"damage":0.0,"enemies":"Cultist","floor":1.0,"turns":1.0},{"damage":0.0,"enemies":"2 Louse","floor":3.0,"turns":1.0},{"damage":0.0,"enemies":"Small Slimes","floor":4.0,"turns":1.0},{"damage":2.0,"enemies":"Blue Slaver","floor":7.0,"turns":7.0},{"damage":17.0,"enemies":"Exordium Thugs","floor":11.0,"turns":8.0},{"damage":12.0,"enemies":"Large Slime","floor":12.0,"turns":6.0},{"damage":0.0,"enemies":"Exordium Wildlife","floor":14.0,"turns":4.0},{"damage":53,"enemies":"Hexaghost","floor":16,"turns":18}],"seed_played":"-5617365357728346794","potions_obtained":[{"floor":1.0,"key":"Fruit Juice"},{"floor":11.0,"key":"Poison Potion"}],"is_trial":false,"path_per_floor":["M","?","M","M","?","?","M","R","T","$","M","M","R","M","R","B"],"character_chosen":"THE_SILENT","items_purchased":["Membership Card","Venomology","AttackPotion"],"campfire_rested":2,"item_purchase_floors":[10,10,10],"current_hp_per_floor":[64,53,53,53,40,40,38,59,59,59,42,30,51,51,51,0,0],"gold":56,"neow_bonus":"THREE_ENEMY_KILL","is_daily":false,"chose_seed":false,"campfire_upgraded":1,"win_rate":0.0,"timestamp":1614344992,"path_taken":["M","?","M","M","?","?","M","R","T","?","M","?","R","M","R","BOSS"],"items_purchased_type":["Relic","Card","Potion"],"build_version":"2020-12-22","purchased_purges":0,"victory":false,"max_hp_per_floor":[71,71,71,71,71,71,71,71,71,71,71,71,71,71,71,71,71],"card_choices":[{"not_picked":["Tactician","Caltrops"],"picked":"Leg Sweep","floor":1.0},{"not_picked":["Dagger Throw","Masterful Stab"],"picked":"Dagger Spray","floor":3.0},{"not_picked":["Deadly Poison","Setup"],"picked":"Footwork","floor":4.0},{"not_picked":["Distraction","Prepared"],"picked":"Poisoned Stab","floor":7.0},{"not_picked":["Backflip","Sucker Punch"],"picked":"Backstab","floor":11.0},{"not_picked":["Prepared","Quick Slash"],"picked":"Dash","floor":12.0},{"not_picked":["Deadly Poison","Poisoned Stab"],"picked":"Cloak And Dagger","floor":14.0}],"player_experience":766943,"relics_obtained":[{"floor":9.0,"key":"Ornamental Fan"}],"event_choices":[{"damage_healed":0.0,"max_hp_gain":0.0,"max_hp_loss":0.0,"gold_gain":75.0,"event_name":"betterThird:BetterGoop","player_choice":"Gold","floor":2.0,"gold_loss":0.0,"damage_taken":11.0},{"damage_healed":0.0,"max_hp_gain":0.0,"max_hp_loss":0.0,"gold_gain":1.0,"event_name":"betterThird:BetterScrap","player_choice":"Relic ","floor":5.0,"gold_loss":0.0,"damage_taken":13.0,"cards_obtained":["BootSequence"]},{"damage_healed":40.0,"max_hp_gain":0.0,"max_hp_loss":71.0,"gold_gain":0.0,"event_name":"betterThird:BetterShining","player_choice":"Leave","floor":6.0,"gold_loss":0.0,"damage_taken":0.0}],"is_beta":false,"boss_relics":[],"items_purged_floors":[],"is_endless":false,"potions_floor_spawned":[1,11],"killed_by":"Hexaghost","ascension_level":17}}