{"host":"sr8h12zimc8zi8zs","time":1614335509,"event":{"mods":["2.2 Compatiblity","AchievementEnabler","Act Like it!","Arknights","BaseMod","CapriCore","Colored Map","GifTheSpireLib","Minty Spire (QoL Compilation)","Permanent Neow","StSLib"],"gold_per_floor":[112,131,131,131,131,131,142,154,181,192,208,208,233,250,250,250,250],"floor_reached":16,"language":"KOR","playtime":1511,"items_purged":[],"score":104,"play_id":"8c18aa86-bb76-46fe-b669-20ad14076e57","local_time":"20210226193149","is_ascension_mode":false,"campfire_choices":[{"data":"ats:Emotion Absorption","floor":12.0,"key":"SMITH"},{"data":"ats:Cat Scratch","floor":15,"key":"SMITH"}],"circlet_count":0,"master_deck":["ats:Strike C","ats:Strike V","ats:Armor Crushing Shot","ats:Defend","ats:Defend","ats:Defend","ats:Defend","ats:Emotion Absorption+1","CurseOfTheBell","ats:Hammer On","ats:Cat Scratch+1","ats:Calcification","ats:Literary Storm","ats:Calcification","ats:Hammer On","ats:Charging Defense","ats:Spore Proliferation"],"relics":["Calling Bell","ats:Remnant Ash","Meat on the Bone","ats:Spiritual Recovery","Happy Flower","ats:Originium","Ice Cream"],"acts_visited":["Exordium"],"potions_floor_usage":[],"damage_taken":[{"damage":2.0,"enemies":"Jaw Worm","floor":1.0,"turns":5.0},{"damage":4.0,"enemies":"ats:Genji","floor":2.0,"turns":4.0},{"damage":2.0,"enemies":"2 Louse","floor":7.0,"turns":3.0},{"damage":8.0,"enemies":"Exordium Wildlife","floor":8.0,"turns":8.0},{"damage":5.0,"enemies":"2 Fungi Beasts","floor":10.0,"turns":3.0},{"damage":13.0,"enemies":"Lots of Slimes","floor":11.0,"turns":9.0},{"damage":37.0,"enemies":"3 Sentries","floor":13.0,"turns":7.0},{"damage":0,"enemies":"Gremlin Gang","floor":14,"turns":8},{"damage":10041,"enemies":"Slime Boss","floor":16,"turns":15}],"seed_played":"-2545305901951389350","potions_obtained":[{"floor":8.0,"key":"Energy Potion"},{"floor":11.0,"key":"Weak Potion"},{"floor":13.0,"key":"Ancient Potion"}],"is_trial":false,"path_per_floor":["M","M","?","?","?","?","M","M","T","M","M","R","E","M","R","B"],"character_chosen":"DOCTOR_CLASS","items_purchased":[],"campfire_rested":0,"item_purchase_floors":[],"current_hp_per_floor":[70,66,66,59,64,57,55,50,50,46,49,49,27,45,45,0,0],"gold":250,"neow_bonus":"BOSS_RELIC","is_daily":false,"chose_seed":false,"campfire_upgraded":2,"win_rate":0.0,"timestamp":1614335509,"path_taken":["M","M","?","?","?","?","?","M","T","M","M","R","E","M","R","BOSS"],"items_purchased_type":[],"build_version":"2020-12-22","purchased_purges":0,"victory":false,"max_hp_per_floor":[72,72,72,72,77,77,77,77,77,77,77,77,77,77,77,77,77],"card_choices":[{"not_picked":["ats:Serious Mode","ats:Leaping Hammer"],"picked":"ats:Hammer On","floor":1.0},{"not_picked":["ats:Hammer On","ats:Absolute Focus"],"picked":"ats:Cat Scratch","floor":2.0},{"not_picked":["ats:Poison Spread","ats:Cat Scratch"],"picked":"ats:Calcification","floor":7.0},{"not_picked":["ats:Explosion Area Strengthen","ats:Leaping Hammer"],"picked":"ats:Literary Storm","floor":8.0},{"not_picked":["ats:Explosion Area Strengthen","ats:Flexible Camouflage"],"picked":"ats:Calcification","floor":10.0},{"not_picked":["ats:Leaping Hammer","ats:Automatic Cover"],"picked":"ats:Hammer On","floor":11.0},{"not_picked":["ats:Support Order","ats:Powerful Strike"],"picked":"ats:Charging Defense","floor":13.0},{"not_picked":["ats:Automatic Cover","ats:Closed Bolt Burst Fire"],"picked":"ats:Spore Proliferation","floor":14}],"player_experience":170815,"relics_obtained":[{"floor":0.0,"key":"ats:Remnant Ash"},{"floor":0.0,"key":"Meat on the Bone"},{"floor":0.0,"key":"ats:Spiritual Recovery"},{"floor":13.0,"key":"ats:Originium"},{"floor":13.0,"key":"Ice Cream"}],"event_choices":[{"cards_removed":["ats:Strike S"],"damage_healed":0.0,"max_hp_gain":0.0,"max_hp_loss":0.0,"gold_gain":0.0,"event_name":"Living Wall","player_choice":"Forget","floor":3.0,"gold_loss":0.0,"damage_taken":0.0},{"damage_healed":0.0,"max_hp_gain":0.0,"max_hp_loss":0.0,"gold_gain":0.0,"event_name":"Scrap Ooze","player_choice":"Success","floor":4.0,"gold_loss":0.0,"damage_taken":7.0,"relics_obtained":["Happy Flower"]},{"damage_healed":0.0,"max_hp_gain":5.0,"max_hp_loss":0.0,"gold_gain":0.0,"event_name":"Big Fish","player_choice":"Donut","floor":5.0,"gold_loss":0.0,"damage_taken":0.0},{"cards_removed":["ats:Strike G"],"damage_healed":0.0,"max_hp_gain":0.0,"max_hp_loss":0.0,"gold_gain":0.0,"event_name":"Golden Wing","player_choice":"Card Removal","floor":6.0,"gold_loss":0.0,"damage_taken":7.0}],"is_beta":false,"boss_relics":[],"items_purged_floors":[],"is_endless":false,"potions_floor_spawned":[8,11,13],"killed_by":"Slime Boss","ascension_level":0}}