{"host":"2l5k2wp87eek7qja","time":1614374564,"event":{"mods":["BaseMod","Colored Map","Minty Spire (QoL Compilation)","Relic Stats"],"gold_per_floor":[109,109,59,59,39,79,79,112,112,126,126,159,459,226,226,325,325,345,260,150,174,187,187,187,187],"floor_reached":24,"language":"ENG","playtime":473,"items_purged":["Strike_G"],"score":500,"play_id":"2969da09-6caf-4127-8283-9d4e62887aea","local_time":"20210226232244","is_ascension_mode":true,"campfire_choices":[{"data":"Neutralize","floor":7,"key":"SMITH"},{"data":"Accuracy","floor":11,"key":"SMITH"},{"data":"Blade Dance","floor":15,"key":"SMITH"},{"floor":23,"key":"REST"}],"circlet_count":0,"master_deck":["AscendersBane","Strike_G","Strike_G","Strike_G","Defend_G","Defend_G","Defend_G+1","Defend_G+1","Defend_G+1","Survivor","Neutralize+1","Dagger Spray","Blade Dance+1","Dagger Spray","Accuracy+1","Infinite Blades","Cloak And Dagger","Blade Dance","Blade Dance","PiercingWail"],"relics":["Ring of the Snake","NeowsBlessing","Golden Idol","Art of War","Eternal Feather","Tingsha","Odd Mushroom","Old Coin","Blood Vial","SlaversCollar","Girya"],"acts_visited":["Exordium","TheCity"],"potions_floor_usage":[18,18],"damage_taken":[{"damage":0,"enemies":"Small Slimes","floor":1,"turns":1},{"damage":0,"enemies":"3 Sentries","floor":6,"turns":1},{"damage":0,"enemies":"Lagavulin","floor":8,"turns":1},{"damage":0,"enemies":"Jaw Worm","floor":10,"turns":3},{"damage":2,"enemies":"The Mushroom Lair","floor":12,"turns":5},{"damage":30,"enemies":"Hexaghost","floor":16,"turns":9},{"damage":0,"enemies":"Chosen","floor":18,"turns":3},{"damage":21,"enemies":"2 Thieves","floor":21,"turns":4},{"damage":36,"enemies":"Snake Plant","floor":22,"turns":4},{"damage":38,"enemies":"Cultist and Chosen","floor":24,"turns":7}],"seed_played":"-7488924444054445317","potions_obtained":[{"floor":1,"key":"SteroidPotion"},{"floor":5,"key":"LiquidMemories"}],"is_trial":false,"path_per_floor":["M","?","$","?","?","E","R","E","T","M","R","?","T","$","R","B",null,"M","?","?","M","M","R","M"],"character_chosen":"THE_SILENT","items_purchased":["Blade Dance","Blood Vial"],"campfire_rested":1,"item_purchase_floors":[3,14],"current_hp_per_floor":[59,59,59,41,41,41,41,41,41,41,50,48,48,48,57,29,52,54,54,54,35,1,31,0,0],"gold":187,"neow_bonus":"THREE_ENEMY_KILL","is_daily":false,"chose_seed":false,"campfire_upgraded":3,"win_rate":0.0,"timestamp":1614374564,"path_taken":["M","?","$","?","?","E","R","E","T","?","R","?","?","$","R","BOSS","M","?","?","?","M","R","M"],"items_purchased_type":["Card","Relic"],"build_version":"2020-12-22","purchased_purges":1,"victory":false,"max_hp_per_floor":[66,60,60,60,60,60,60,60,60,60,60,60,60,60,60,60,60,60,60,60,60,60,60,60,60],"relic_stats":{"Blood Vial":10,"counters":[10,38],"Golden Idol":57,"Eternal Feather":30,"Tingsha":[11],"Art of War":[2],"obtain_stats":[{"Blood Vial":14,"SlaversCollar":17,"Girya":19,"NeowsBlessing":0,"Golden Idol":2,"Eternal Feather":8,"Tingsha":9,"Art of War":6,"Odd Mushroom":12,"Ring of the Snake":0,"Old Coin":13},{"Blood Vial":5,"SlaversCollar":6,"Girya":7,"NeowsBlessing":0,"Golden Idol":1,"Eternal Feather":3,"Tingsha":3,"Art of War":2,"Odd Mushroom":5,"Ring of the Snake":0,"Old Coin":5},{"Blood Vial":11,"SlaversCollar":20,"Girya":23,"NeowsBlessing":0,"Golden Idol":1,"Eternal Feather":3,"Tingsha":3,"Art of War":2,"Odd Mushroom":11,"Ring of the Snake":0,"Old Coin":11}],"Ring of the Snake":[20]},"card_choices":[{"not_picked":["Footwork","Dagger Throw"],"picked":"Dagger Spray","floor":1},{"not_picked":["Concentrate","Deflect"],"picked":"Dagger Spray","floor":6},{"not_picked":["Bane","Flechettes"],"picked":"Accuracy","floor":8},{"not_picked":["Acrobatics","Distraction"],"picked":"Infinite Blades","floor":10},{"not_picked":["Quick Slash","Backflip"],"picked":"Cloak And Dagger","floor":12},{"not_picked":["Backflip","PiercingWail"],"picked":"Blade Dance","floor":18},{"not_picked":["Poisoned Stab","Tactician"],"picked":"Blade Dance","floor":21},{"not_picked":["Skewer","Flechettes"],"picked":"PiercingWail","floor":22}],"player_experience":916730,"relics_obtained":[{"floor":6,"key":"Art of War"},{"floor":8,"key":"Eternal Feather"},{"floor":9,"key":"Tingsha"},{"floor":12,"key":"Odd Mushroom"},{"floor":13,"key":"Old Coin"}],"event_choices":[{"damage_healed":0,"gold_gain":0,"player_choice":"Lose Max HP","damage_taken":0,"relics_obtained":["Golden Idol"],"max_hp_gain":0,"max_hp_loss":6,"event_name":"Golden Idol","floor":2,"gold_loss":0},{"damage_healed":0,"gold_gain":0,"player_choice":"Entered Light","damage_taken":18,"max_hp_gain":0,"max_hp_loss":0,"event_name":"Shining Light","floor":4,"gold_loss":0,"cards_upgraded":["Defend_G","Defend_G"]},{"damage_healed":0,"gold_gain":0,"player_choice":"Bought 1 Potion","damage_taken":0,"max_hp_gain":0,"max_hp_loss":0,"event_name":"The Woman in Blue","floor":5,"gold_loss":0},{"damage_healed":0,"gold_gain":0,"player_choice":"Fought Mushrooms","damage_taken":0,"max_hp_gain":0,"max_hp_loss":0,"event_name":"Mushrooms","floor":12,"gold_loss":0},{"damage_healed":0,"gold_gain":0,"player_choice":"Obtained Relic","damage_taken":0,"relics_obtained":["Girya"],"max_hp_gain":0,"max_hp_loss":0,"event_name":"Addict","floor":19,"gold_loss":85},{"cards_removed":["Strike_G"],"damage_healed":0,"gold_gain":0,"player_choice":"Upgrade and Remove","damage_taken":0,"max_hp_gain":0,"max_hp_loss":0,"event_name":"Designer","floor":20,"gold_loss":110,"cards_upgraded":["Defend_G"]}],"is_beta":false,"boss_relics":[{"not_picked":["Runic Dome","Philosopher\u0027s Stone"],"picked":"SlaversCollar"}],"items_purged_floors":[14],"is_endless":false,"potions_floor_spawned":[1,8],"killed_by":"Cultist and Chosen","ascension_level":20}}