{"host":"d744ndivyohnro60","time":1614306786,"event":{"mods":["BaseMod","Bestiary","Colored Powertips","Minty Spire (QoL Compilation)","Relic Stats"],"gold_per_floor":[117,135,135,135,6,6,6,181,181,209,209,222,222,17,17,17,17],"floor_reached":16,"language":"ENG","playtime":701,"items_purged":["Defend_B","Doubt"],"score":139,"play_id":"b6474b82-8362-49ec-b36e-e272eb540ce6","local_time":"20210225213306","is_ascension_mode":true,"campfire_choices":[{"floor":6,"key":"REST"},{"floor":11,"key":"REST"},{"floor":15,"key":"REST"}],"circlet_count":0,"master_deck":["Strike_B","Strike_B","Strike_B","Defend_B","Defend_B","Defend_B","Zap+1","Dualcast","Darkness","Hologram","Turbo","FTL","Self Repair+1"],"relics":["Sozu","Anchor","Ancient Tea Set","The Courier","Nunchaku"],"acts_visited":["Exordium"],"potions_floor_usage":[],"damage_taken":[{"damage":0,"enemies":"Jaw Worm","floor":1,"turns":3},{"damage":7,"enemies":"Small Slimes","floor":2,"turns":4},{"damage":32,"enemies":"3 Sentries","floor":10,"turns":7},{"damage":0,"enemies":"2 Louse","floor":12,"turns":2},{"damage":50,"enemies":"The Guardian","floor":16,"turns":8}],"seed_played":"2999845300130602610","potions_obtained":[],"is_trial":false,"path_per_floor":["M","M","?","?","$","R","$","?","T","E","R","M","?","$","R","B"],"character_chosen":"DEFECT","items_purchased":["Turbo","Nunchaku"],"campfire_rested":3,"item_purchase_floors":[5,14],"current_hp_per_floor":[68,61,54,29,29,51,51,51,51,19,41,41,26,26,48,0,0],"gold":17,"neow_bonus":"BOSS_RELIC","is_daily":false,"chose_seed":false,"campfire_upgraded":0,"win_rate":0.0,"timestamp":1614306786,"path_taken":["M","M","?","?","$","R","$","?","T","E","R","M","?","?","R","BOSS"],"items_purchased_type":["Card","Relic"],"build_version":"2020-12-22","purchased_purges":2,"victory":false,"max_hp_per_floor":[75,75,75,75,75,75,75,75,75,75,75,75,75,75,75,75,75],"relic_stats":{"Sozu":3,"Nunchaku":[0],"counters":[5,24],"obtain_stats":[{"Sozu":0,"Anchor":4,"Nunchaku":14,"The Courier":10,"Cracked Core":0,"Ancient Tea Set":9},{"Sozu":0,"Anchor":2,"Nunchaku":4,"The Courier":3,"Cracked Core":0,"Ancient Tea Set":2},{"Sozu":0,"Anchor":7,"Nunchaku":16,"The Courier":14,"Cracked Core":0,"Ancient Tea Set":7}]},"card_choices":[{"not_picked":["Leap","Consume"],"picked":"Darkness","floor":1},{"not_picked":["Conserve Battery","Gash"],"picked":"Hologram","floor":2},{"not_picked":["Tempest","Steam"],"picked":"FTL","floor":10},{"not_picked":["Conserve Battery","Storm"],"picked":"Self Repair","floor":12}],"player_experience":288756,"relics_obtained":[{"floor":9,"key":"Ancient Tea Set"},{"floor":10,"key":"The Courier"}],"event_choices":[{"cards_removed":["Strike_B"],"damage_healed":0,"gold_gain":0,"player_choice":"Card Removal","damage_taken":7,"max_hp_gain":0,"max_hp_loss":0,"event_name":"Golden Wing","floor":3,"gold_loss":0},{"damage_healed":0,"gold_gain":0,"player_choice":"Success","damage_taken":25,"relics_obtained":["Anchor"],"max_hp_gain":0,"max_hp_loss":0,"event_name":"Scrap Ooze","floor":4,"gold_loss":0},{"damage_healed":0,"gold_gain":175,"player_choice":"AGREE","damage_taken":0,"max_hp_gain":0,"max_hp_loss":0,"event_name":"Liars Game","floor":8,"gold_loss":0,"cards_obtained":["Doubt"]},{"damage_healed":0,"gold_gain":0,"player_choice":"Entered Light","damage_taken":15,"max_hp_gain":0,"max_hp_loss":0,"event_name":"Shining Light","floor":13,"gold_loss":0,"cards_upgraded":["Self Repair","Zap"]}],"is_beta":false,"boss_relics":[],"items_purged_floors":[5,14],"is_endless":false,"potions_floor_spawned":[1,10,12],"killed_by":"The Guardian","ascension_level":9}}