{"host":"s41rn2jhghpwfrvz","time":1614375890,"event":{"mods":["BaseMod","Minty Spire (QoL Compilation)","Quick Restart","Relic Stats","SuperFastMode"],"gold_per_floor":[118,118,130,55,55,89,89,124,424,454,483,527,539,582,594,679,691,722,649,711,742,783,826,838,880,892,930,785,819,819,819,819,894,894,907,922,935,953,971,1000,1000,1034,1087,1121,1132,1167,1167,1179,1179,1179,1179,1179,1179,741,774,774],"floor_reached":57,"language":"ENG","playtime":1576,"items_purged":["Leg Sweep","Protect"],"score":3893,"play_id":"07e6d7fd-db0a-4ef9-bbad-d40aaf6b1df8","local_time":"20210226234450","daily_mods":["SealedDeck","Diverse","Elite Swarm"],"is_ascension_mode":true,"campfire_choices":[{"data":"Inflame","floor":7,"key":"SMITH"},{"data":"Blade Dance","floor":15,"key":"SMITH"},{"data":"Scrawl","floor":24,"key":"SMITH"},{"data":"Offering","floor":30,"key":"SMITH"},{"data":"Prostrate","floor":32,"key":"SMITH"},{"floor":41,"key":"RECALL"},{"data":"Madness","floor":49,"key":"SMITH"},{"data":"Madness","floor":53,"key":"SMITH"}],"circlet_count":0,"master_deck":["AscendersBane","Dagger Spray","True Grit","Dagger Spray","Inflame+1","Noxious Fumes","Prostrate+1","TalkToTheHand+1","Limit Break","Blade Dance+1","After Image","Backflip","Scrawl+1","Offering+1","After Image","Madness+1","Madness+1","Dual Wield+1","Night Terror"],"relics":["Burning Blood","Calipers","TungstenRod","Old Coin","MawBank","Orichalcum","Centennial Puzzle","Black Star","Incense Burner","Red Mask","Tiny Chest","CaptainsWheel","PreservedInsect","Pocketwatch","Unceasing Top","Champion Belt","Paper Frog","OrangePellets","Ornamental Fan","Vajra","Busted Crown","HornCleat","Art of War","Pantograph","Dream Catcher","Torii","Omamori","Du-Vu Doll","Strawberry","Bag of Preparation","Bronze Scales","Boot","Bottled Lightning"],"acts_visited":["Exordium","TheCity","TheBeyond","TheEnding"],"potions_floor_usage":[14,16,25,56,56],"damage_taken":[{"damage":5,"enemies":"Jaw Worm","floor":1,"turns":4},{"damage":0,"enemies":"Cultist","floor":3,"turns":4},{"damage":26,"enemies":"3 Sentries","floor":6,"turns":5},{"damage":4,"enemies":"Lagavulin","floor":8,"turns":6},{"damage":14,"enemies":"3 Sentries","floor":10,"turns":5},{"damage":0,"enemies":"2 Louse","floor":11,"turns":1},{"damage":0,"enemies":"Lagavulin","floor":12,"turns":5},{"damage":0,"enemies":"Gremlin Nob","floor":14,"turns":3},{"damage":0,"enemies":"The Guardian","floor":16,"turns":7},{"damage":8,"enemies":"Spheric Guardian","floor":18,"turns":3},{"damage":2,"enemies":"3 Byrds","floor":21,"turns":3},{"damage":12,"enemies":"Masked Bandits","floor":22,"turns":3},{"damage":0,"enemies":"Gremlin Leader","floor":23,"turns":5},{"damage":0,"enemies":"Book of Stabbing","floor":25,"turns":4},{"damage":9,"enemies":"Slavers","floor":27,"turns":4},{"damage":0,"enemies":"Gremlin Leader","floor":29,"turns":3},{"damage":5,"enemies":"Collector","floor":33,"turns":4},{"damage":5,"enemies":"3 Darklings","floor":35,"turns":2},{"damage":0,"enemies":"3 Shapes","floor":36,"turns":2},{"damage":5,"enemies":"Maw","floor":37,"turns":3},{"damage":5,"enemies":"Sphere and 2 Shapes","floor":38,"turns":2},{"damage":0,"enemies":"Spire Growth","floor":39,"turns":3},{"damage":5,"enemies":"Nemesis","floor":40,"turns":3},{"damage":0,"enemies":"Giant Head","floor":42,"turns":3},{"damage":0,"enemies":"Nemesis","floor":44,"turns":7},{"damage":5,"enemies":"Maw","floor":45,"turns":3},{"damage":5,"enemies":"Giant Head","floor":46,"turns":4},{"damage":5,"enemies":"Sphere and 2 Shapes","floor":48,"turns":3},{"damage":5,"enemies":"Donu and Deca","floor":50,"turns":8},{"damage":14,"enemies":"Awakened One","floor":51,"turns":9},{"damage":5,"enemies":"Shield and Spear","floor":55,"turns":3},{"damage":10,"enemies":"The Heart","floor":56,"turns":8}],"seed_played":"7900042361910405679","potions_obtained":[{"floor":8,"key":"SmokeBomb"},{"floor":10,"key":"DistilledChaos"},{"floor":12,"key":"ElixirPotion"},{"floor":14,"key":"Swift Potion"},{"floor":21,"key":"BloodPotion"},{"floor":25,"key":"Ancient Potion"}],"is_trial":true,"path_per_floor":["M","?","M","$","?","E","R","E","T","E","M","E","?","E","R","B",null,"M","?","?","M","?","E","R","E","T","E","$","E","R","?","R","B",null,"M","M","M","M","M","E","R","E","T","E","M","E","?","M","R","B","B",null,"R","$","E","B",null],"character_chosen":"IRONCLAD","items_purchased":["OrangePellets","Bag of Preparation","Bronze Scales"],"campfire_rested":0,"item_purchase_floors":[28,54,54],"current_hp_per_floor":[69,74,80,80,80,60,60,62,62,54,60,66,66,72,72,78,80,78,78,78,80,74,80,80,80,80,77,77,80,80,80,80,80,80,80,80,80,80,80,80,80,80,80,80,80,87,72,73,73,87,79,85,85,85,86,83],"gold":774,"neow_bonus":"","is_daily":false,"chose_seed":false,"campfire_upgraded":7,"win_rate":0.0,"timestamp":1614375890,"path_taken":["M","?","M","$","?","E","R","E","T","E","?","E","?","E","R","BOSS","M","?","?","?","?","E","R","E","T","E","$","E","R","?","R","BOSS","M","M","M","M","M","E","R","E","T","E","M","E","?","M","R","BOSS","BOSS","R","$","E","BOSS"],"items_purchased_type":["Relic","Relic","Relic"],"build_version":"2020-12-22","purchased_purges":2,"victory":true,"max_hp_per_floor":[75,80,80,80,80,80,80,80,80,80,80,80,80,80,80,80,80,80,80,80,80,80,80,80,80,80,80,80,80,80,80,80,80,80,80,80,80,80,80,80,80,80,80,80,80,87,87,87,87,87,87,87,87,87,87,87],"relic_stats":{"Torii":4,"counters":[32,132],"PreservedInsect":527,"Bag of Preparation":[4],"Orichalcum":[12],"MawBank":216,"Boot":[0],"Burning Blood":149,"OrangePellets":[8],"Centennial Puzzle":[46],"Dream Catcher":0,"Busted Crown":24,"Ornamental Fan":[252],"Pantograph":15,"Bronze Scales":[108],"Tiny Chest":0,"Black Star":9,"Art of War":[1],"Champion Belt":[0],"obtain_stats":[{"Calipers":6,"Torii":44,"Vajra":29,"Incense Burner":19,"Bag of Preparation":54,"Boot":55,"Burning Blood":0,"Old Coin":9,"Centennial Puzzle":14,"Dream Catcher":42,"HornCleat":40,"Pantograph":42,"Strawberry":46,"Tiny Chest":23,"Red Mask":22,"Paper Frog":27,"PreservedInsect":25,"Omamori":44,"Orichalcum":12,"MawBank":10,"Du-Vu Doll":46,"OrangePellets":28,"CaptainsWheel":23,"Busted Crown":34,"Ornamental Fan":29,"Bronze Scales":54,"Black Star":17,"Art of War":40,"Champion Belt":27,"Bottled Lightning":55,"TungstenRod":8,"Unceasing Top":26,"Pocketwatch":25},{"Calipers":3,"Torii":25,"Vajra":16,"Incense Burner":10,"Bag of Preparation":30,"Boot":31,"Burning Blood":0,"Old Coin":4,"Centennial Puzzle":8,"Dream Catcher":24,"HornCleat":23,"Pantograph":24,"Strawberry":27,"Tiny Chest":13,"Red Mask":12,"Paper Frog":15,"PreservedInsect":14,"Omamori":25,"Orichalcum":7,"MawBank":5,"Du-Vu Doll":27,"OrangePellets":15,"CaptainsWheel":13,"Busted Crown":17,"Ornamental Fan":16,"Bronze Scales":30,"Black Star":9,"Art of War":23,"Champion Belt":15,"Bottled Lightning":31,"TungstenRod":4,"Unceasing Top":14,"Pocketwatch":14},{"Calipers":13,"Torii":94,"Vajra":65,"Incense Burner":43,"Bag of Preparation":121,"Boot":124,"Burning Blood":0,"Old Coin":19,"Centennial Puzzle":33,"Dream Catcher":87,"HornCleat":84,"Pantograph":87,"Strawberry":101,"Tiny Chest":54,"Red Mask":49,"Paper Frog":62,"PreservedInsect":58,"Omamori":94,"Orichalcum":30,"MawBank":24,"Du-Vu Doll":101,"OrangePellets":62,"CaptainsWheel":54,"Busted Crown":69,"Ornamental Fan":65,"Bronze Scales":121,"Black Star":40,"Art of War":84,"Champion Belt":62,"Bottled Lightning":124,"TungstenRod":19,"Unceasing Top":58,"Pocketwatch":58}],"TungstenRod":34,"Unceasing Top":[13],"Pocketwatch":[24]},"card_choices":[{"not_picked":["Crippling Poison","Outmaneuver","Dropkick"],"picked":"SKIP","floor":1},{"not_picked":["Redo","FTL","Iron Wave"],"picked":"SKIP","floor":3},{"not_picked":["ConjureBlade","Phantasmal Killer","A Thousand Cuts"],"picked":"SKIP","floor":6},{"not_picked":["Brutality","Omniscience"],"picked":"Limit Break","floor":8},{"not_picked":["SpiritShield","Thunder Strike","Biased Cognition"],"picked":"SKIP","floor":10},{"not_picked":["Intimidate","Quick Slash"],"picked":"Blade Dance","floor":11},{"not_picked":["All For One","Alpha","DevaForm"],"picked":"SKIP","floor":12},{"not_picked":["Buffer","Fission","Bullet Time"],"picked":"SKIP","floor":14},{"not_picked":["Barricade","Machine Learning"],"picked":"After Image","floor":16},{"not_picked":["Thunderclap","Predator","BowlingBash"],"picked":"SKIP","floor":18},{"not_picked":["WaveOfTheHand","Flying Knee"],"picked":"Backflip","floor":21},{"not_picked":["Brutality","DeusExMachina"],"picked":"Scrawl","floor":23},{"not_picked":["Scrawl","Juggernaut","Venomology"],"picked":"SKIP","floor":25},{"not_picked":["Thunder Strike","Multi-Cast","Buffer"],"picked":"SKIP","floor":27},{"not_picked":["SpiritShield","Unload"],"picked":"Offering","floor":29},{"not_picked":["Barrage"],"picked":"SKIP","floor":35},{"not_picked":["Flex"],"picked":"SKIP","floor":36},{"not_picked":["Twin Strike+1"],"picked":"SKIP","floor":37},{"not_picked":["Backstab"],"picked":"SKIP","floor":38},{"not_picked":["Poisoned Stab"],"picked":"SKIP","floor":39},{"not_picked":["Multi-Cast"],"picked":"SKIP","floor":40},{"not_picked":[],"picked":"After Image","floor":42},{"not_picked":["Amplify"],"picked":"SKIP","floor":44},{"not_picked":["Concentrate"],"picked":"SKIP","floor":45},{"not_picked":["Storm of Steel"],"picked":"SKIP","floor":46},{"not_picked":["Dual Wield+1"],"picked":"SKIP","floor":48},{"not_picked":[],"picked":"Dual Wield+1","floor":48},{"not_picked":[],"picked":"Night Terror","floor":55}],"player_experience":2033792,"relics_obtained":[{"floor":6,"key":"Calipers"},{"floor":8,"key":"TungstenRod"},{"floor":9,"key":"Old Coin"},{"floor":10,"key":"MawBank"},{"floor":12,"key":"Orichalcum"},{"floor":14,"key":"Centennial Puzzle"},{"floor":22,"key":"Red Mask"},{"floor":23,"key":"Tiny Chest"},{"floor":23,"key":"CaptainsWheel"},{"floor":25,"key":"PreservedInsect"},{"floor":25,"key":"Pocketwatch"},{"floor":26,"key":"Unceasing Top"},{"floor":27,"key":"Champion Belt"},{"floor":27,"key":"Paper Frog"},{"floor":29,"key":"Ornamental Fan"},{"floor":29,"key":"Vajra"},{"floor":40,"key":"HornCleat"},{"floor":40,"key":"Art of War"},{"floor":42,"key":"Pantograph"},{"floor":42,"key":"Dream Catcher"},{"floor":44,"key":"Torii"},{"floor":44,"key":"Omamori"},{"floor":46,"key":"Du-Vu Doll"},{"floor":46,"key":"Strawberry"},{"floor":55,"key":"Boot"},{"floor":55,"key":"Bottled Lightning"}],"event_choices":[{"damage_healed":0,"gold_gain":0,"player_choice":"Donut","damage_taken":0,"max_hp_gain":5,"max_hp_loss":0,"event_name":"Big Fish","floor":2,"gold_loss":0},{"damage_healed":0,"gold_gain":0,"player_choice":"Upgraded","damage_taken":0,"max_hp_gain":0,"max_hp_loss":0,"event_name":"Upgrade Shrine","floor":5,"gold_loss":0,"cards_upgraded":["TalkToTheHand"]},{"cards_removed":["Sunder"],"damage_healed":0,"gold_gain":0,"player_choice":"Purged","damage_taken":0,"max_hp_gain":0,"max_hp_loss":0,"event_name":"Purifier","floor":13,"gold_loss":0},{"damage_healed":0,"gold_gain":0,"player_choice":"Obtained Relic","damage_taken":0,"relics_obtained":["Incense Burner"],"max_hp_gain":0,"max_hp_loss":0,"event_name":"Addict","floor":19,"gold_loss":85},{"damage_healed":0,"gold_gain":100,"player_choice":"Bet on Murderer","damage_taken":0,"max_hp_gain":0,"max_hp_loss":0,"event_name":"The Joust","floor":20,"gold_loss":50},{"damage_healed":0,"gold_gain":0,"player_choice":"Fought Bandits","damage_taken":0,"max_hp_gain":0,"max_hp_loss":0,"event_name":"Masked Bandits","floor":22,"gold_loss":0},{"damage_healed":0,"gold_gain":0,"player_choice":"Ignored","damage_taken":0,"max_hp_gain":0,"max_hp_loss":0,"event_name":"The Mausoleum","floor":31,"gold_loss":0},{"damage_healed":0,"gold_gain":0,"player_choice":"Embrace Madness","damage_taken":16,"max_hp_gain":0,"max_hp_loss":0,"event_name":"Winding Halls","floor":47,"gold_loss":0,"cards_obtained":["Madness","Madness"]}],"is_beta":false,"boss_relics":[{"not_picked":["Ectoplasm","Sozu"],"picked":"Black Star"},{"not_picked":["Empty Cage","Tiny House"],"picked":"Busted Crown"}],"items_purged_floors":[4,54],"is_endless":false,"potions_floor_spawned":[8,10,12,14,21,23,25,27,37,39,40,42,46],"ascension_level":20}}