{"host":"sqt6c5vt7d1y5xtt","time":1614306328,"event":{"mods":["AchievementEnabler","BaseMod","Block Reminder","Lobotomy","Minty Spire (QoL Compilation)","Quick Restart"],"gold_per_floor":[117,117,117,136,160,160,194,194,194,194,269,285,67,98,98,222,222,246,271,291,291,291,291],"floor_reached":22,"language":"KOR","playtime":812,"items_purged":["Strike_R"],"score":194,"play_id":"dbe546e6-99c7-46d7-b146-c6604a7a1e41","local_time":"20210225232528","is_ascension_mode":false,"campfire_choices":[{"data":"Spot Weakness","floor":6,"key":"SMITH"},{"data":"Heavy Blade","floor":8,"key":"SMITH"},{"data":"Bash","floor":10,"key":"SMITH"},{"floor":15,"key":"REST"}],"circlet_count":0,"master_deck":["Strike_R","Strike_R","Strike_R","Defend_R","Defend_R","Defend_R","Defend_R","Bash+1","OldLady","Ghostly Armor","Spot Weakness+1","Wellcheers","Heavy Blade+1","Metallicize","Demon Form","Murderer","Berserk","Thunderclap+1","CrumblingArmor","Cleave","Pommel Strike","Necronomicurse"],"relics":["Burning Blood","CogitoBucket","Golden Idol","StrikeDummy","Letter Opener","Potion Belt","Coffee Dripper","AdjustmentMirror","Necronomicon"],"acts_visited":["Exordium","TheCity"],"potions_floor_usage":[16],"damage_taken":[{"damage":10,"enemies":"Jaw Worm","floor":1,"turns":4},{"damage":0,"enemies":"2 Louse","floor":4,"turns":4},{"damage":1,"enemies":"Cultist","floor":5,"turns":4},{"damage":35,"enemies":"Lagavulin","floor":7,"turns":9},{"damage":4,"enemies":"2 Fungi Beasts","floor":12,"turns":3},{"damage":26,"enemies":"Gremlin Nob","floor":14,"turns":4},{"damage":26,"enemies":"Slime Boss","floor":16,"turns":8},{"damage":32,"enemies":"2 Thieves","floor":18,"turns":4},{"damage":16,"enemies":"3 Byrds","floor":19,"turns":5},{"damage":18,"enemies":"Snecko","floor":20,"turns":4},{"damage":29,"enemies":"Centurion and Healer","floor":22,"turns":4}],"seed_played":"4486416282508303570","potions_obtained":[{"floor":7,"key":"SneckoOil"},{"floor":12,"key":"CultistPotion"},{"floor":18,"key":"Ancient Potion"}],"is_trial":false,"path_per_floor":["M","?","?","M","M","R","E","R","T","R","?","M","$","E","R","B",null,"M","M","M","?","M"],"character_chosen":"IRONCLAD","items_purchased":["Demon Form"],"campfire_rested":1,"item_purchase_floors":[13],"current_hp_per_floor":[76,56,56,62,67,67,41,41,41,41,30,32,32,15,39,25,80,54,44,38,22,0,0],"gold":291,"neow_bonus":"","is_daily":false,"chose_seed":false,"campfire_upgraded":3,"win_rate":0.0,"timestamp":1614306328,"path_taken":["M","?","?","?","M","R","E","R","T","R","?","M","?","E","R","BOSS","M","?","M","?","M"],"items_purchased_type":["Card"],"build_version":"2020-12-22","purchased_purges":1,"victory":false,"max_hp_per_floor":[80,80,80,80,80,80,80,80,80,80,80,80,80,80,80,80,80,80,80,80,80,80,80],"card_choices":[{"not_picked":["LittlePrince","BeautyBeast"],"picked":"OldLady","floor":1},{"not_picked":["Carnage","Sword Boomerang"],"picked":"Ghostly Armor","floor":1},{"not_picked":["Cleave","Pommel Strike"],"picked":"Spot Weakness","floor":4},{"not_picked":["FairyFestival","Murderer"],"picked":"Wellcheers","floor":5},{"not_picked":["Warcry","Pommel Strike","Flex"],"picked":"SKIP","floor":5},{"not_picked":["Twin Strike","Sever Soul"],"picked":"Heavy Blade","floor":7},{"not_picked":["Clash","Twin Strike"],"picked":"Metallicize","floor":12},{"not_picked":["Wild Strike","Double Tap"],"picked":"Inflame","floor":14},{"not_picked":["MeatLantern","WallGazer"],"picked":"Murderer","floor":16},{"not_picked":["Impervious","Double Tap"],"picked":"Berserk","floor":16},{"not_picked":["Pummel","Flex+1"],"picked":"Thunderclap+1","floor":18},{"not_picked":["UniverseFragment","GreedKing"],"picked":"CrumblingArmor","floor":19},{"not_picked":["Fire Breathing","Bloodletting"],"picked":"Cleave","floor":19},{"not_picked":["Clash","Flame Barrier+1"],"picked":"Pommel Strike","floor":20}],"player_experience":163610,"relics_obtained":[{"floor":7,"key":"StrikeDummy"},{"floor":9,"key":"Letter Opener"},{"floor":14,"key":"Potion Belt"},{"floor":21,"key":"Necronomicon"}],"event_choices":[{"damage_healed":0,"gold_gain":0,"player_choice":"Take Damage","damage_taken":20,"relics_obtained":["Golden Idol"],"max_hp_gain":0,"max_hp_loss":0,"event_name":"Golden Idol","floor":2,"gold_loss":0},{"cards_removed":["Strike_R"],"damage_healed":0,"gold_gain":0,"player_choice":"Offered Basic","damage_taken":0,"max_hp_gain":0,"max_hp_loss":0,"event_name":"Bonfire Elementals","floor":3,"gold_loss":0},{"damage_healed":0,"gold_gain":75,"player_choice":"Gather Gold","damage_taken":11,"max_hp_gain":0,"max_hp_loss":0,"event_name":"World of Goop","floor":11,"gold_loss":0},{"damage_healed":0,"gold_gain":0,"player_choice":"Obtained Book","damage_taken":16,"max_hp_gain":0,"max_hp_loss":0,"event_name":"Cursed Tome","floor":21,"gold_loss":0}],"is_beta":false,"boss_relics":[{"not_picked":["Astrolabe","Philosopher\u0027s Stone"],"picked":"Coffee Dripper"}],"items_purged_floors":[13],"is_endless":false,"potions_floor_spawned":[7,12,18],"killed_by":"Centurion and Healer","ascension_level":0}}