{"host":"dhv3u8yhd2rnugsp","time":1614378431,"event":{"mods":["BaseMod","Block Reminder","Colored Map","Googly Eyes","Highlight Path","Minty Spire (QoL Compilation)","Permanent Neow","Quick Restart","Random Character Button","StSLib"],"gold_per_floor":[110,110,110,122,141,141,58,58,58],"floor_reached":8,"language":"ENG","playtime":283,"items_purged":[],"score":92,"play_id":"895f4235-9f3e-4e95-91d5-7a1a31f4a3aa","local_time":"20210226162711","is_ascension_mode":true,"campfire_choices":[{"data":"Wraith Form v2","floor":6,"key":"SMITH"}],"circlet_count":0,"master_deck":["AscendersBane","Strike_G","Strike_G","Strike_G+1","Strike_G","Defend_G","Defend_G","Defend_G+1","Defend_G","Defend_G","Survivor","Neutralize","Wraith Form v2+1","Slice","PiercingWail","Flying Knee","Dagger Spray","Prepared"],"relics":["Ring of the Snake"],"acts_visited":["Exordium"],"potions_floor_usage":[],"damage_taken":[{"damage":6,"enemies":"Small Slimes","floor":1,"turns":6},{"damage":2,"enemies":"Cultist","floor":4,"turns":6},{"damage":2,"enemies":"Jaw Worm","floor":5,"turns":4},{"damage":11,"enemies":"Lagavulin","floor":8,"turns":6}],"seed_played":"-1868383856238520892","potions_obtained":[{"floor":5,"key":"Energy Potion"}],"is_trial":false,"path_per_floor":["M","?","?","M","M","R","$","E"],"character_chosen":"THE_SILENT","items_purchased":["Dagger Spray","Prepared"],"campfire_rested":0,"item_purchase_floors":[7,7],"current_hp_per_floor":[53,35,35,33,31,31,31,20,20],"gold":58,"neow_bonus":"THREE_RARE_CARDS","is_daily":false,"chose_seed":false,"campfire_upgraded":1,"win_rate":0.0,"timestamp":1614378431,"path_taken":["M","?","?","M","M","R","$","E"],"items_purchased_type":["Card","Card"],"build_version":"2020-12-22","purchased_purges":0,"victory":false,"max_hp_per_floor":[60,60,60,60,60,60,60,60,60],"card_choices":[{"not_picked":["A Thousand Cuts","Phantasmal Killer"],"picked":"Wraith Form v2","floor":0},{"not_picked":["Bane","Dodge and Roll"],"picked":"Slice","floor":1},{"not_picked":["Outmaneuver","Dagger Throw"],"picked":"PiercingWail","floor":4},{"not_picked":["Calculated Gamble","Bullet Time"],"picked":"Flying Knee","floor":5}],"player_experience":1716900,"relics_obtained":[],"event_choices":[{"damage_healed":0,"gold_gain":0,"player_choice":"Entered Light","damage_taken":18,"max_hp_gain":0,"max_hp_loss":0,"event_name":"Shining Light","floor":2,"gold_loss":0,"cards_upgraded":["Strike_G","Defend_G"]},{"cards_removed":["Strike_G"],"damage_healed":0,"gold_gain":0,"player_choice":"Purged","damage_taken":0,"max_hp_gain":0,"max_hp_loss":0,"event_name":"Purifier","floor":3,"gold_loss":0}],"is_beta":false,"boss_relics":[],"items_purged_floors":[],"is_endless":false,"potions_floor_spawned":[5],"killed_by":"Lagavulin","ascension_level":20}}