{"host":"jgl9m63d23sfproq","time":1614336385,"event":{"mods":["AchievementEnabler","Act Like it!","Aspiration","Bard","BaseMod","Bossed Relics","Colored Map","Colored Powertips","Conspire","Dark Map","DeckTracker","Downfall","Friendly Minions","Gensokyo","Jedi Mod","Marisa¡]Ãú«B¡@Å]²z¨F¡^","Minty Spire (QoL Compilation)","Quick Restart","READ ME - Guardian Mod","Relic Stats","Reliquary","Replay The Spire","Shop Mod","Smile Girya","StSLib","The Blackbeard","The Construct","The Jungle","The Mystic","The Runesmith","The Servant 0.9.4","Wide Potions","Yuyuko","[IsaacMod]¥H¼»¦y¶ð"],"gold_per_floor":[113,163,188,204,224,224,324,324,324,354,370,370,50,61,61,162,162,196,82,154,154,184,212,212,76,125,158,158,186,215,258,270,356,368,408,117,117,134,134,134],"floor_reached":39,"language":"ZHS","playtime":1757,"items_purged":["Strike_G","Strike_G","Strike_G"],"score":562,"play_id":"7cba613a-f323-4020-9b24-0336a1b02b46","local_time":"20210226184625","is_ascension_mode":false,"campfire_choices":[{"data":"EpicFetus","floor":12,"key":"SMITH"},{"floor":15,"key":"RECALL"},{"floor":24,"key":"REST"},{"floor":28,"key":"REST"},{"floor":32,"key":"REST"}],"circlet_count":0,"master_deck":["Strike_G","Strike_G","Defend_G","Defend_G","Defend_G","Defend_G","Defend_G","Survivor+1","Neutralize","EpicFetus+1","Deflect+1","Cloak And Dagger","Prepared","Deflect+1","jedi:pocketpoison+1","Cloak And Dagger","Accuracy","Blade Dance","jedi:pocketpoison","Noxious Fumes","Storm of Steel","Blade Dance","Phantasmal Killer","Dodge and Roll","Sadistic Nature","Expertise+1"],"relics":["Ring of the Snake","HushsDoor","KeepersGift","NeowsBlessing","jedi:scrapmetal","aspiration:ArtOfWarUpgrade","reliquary:OuijaBoard","Meat on the Bone","reliquary:Buckler","Replay:WaspNest","ChampionBelt","jedi:rubbersling","reliquary:Buckler","AnarchistCookbook","Letter Opener","PokeGo","DeadEye","MawBank","Mercury Hourglass","Replay:Grab Bag","SlaversCollar","Busted Crown","Boot"],"acts_visited":["Exordium","TheCity","Gensokyo:Gensokyoest"],"potions_floor_usage":[10,18,22,22,30,35],"damage_taken":[{"damage":0,"enemies":"Small Slimes","floor":1,"turns":1},{"damage":0,"enemies":"Hiden Room Battle","floor":2,"turns":1},{"damage":0,"enemies":"Cultist","floor":4,"turns":1},{"damage":8,"enemies":"Jaw Worm","floor":5,"turns":4},{"damage":4,"enemies":"Gremlin Nob","floor":10,"turns":3},{"damage":0,"enemies":"Exordium Wildlife","floor":11,"turns":3},{"damage":6,"enemies":"Looter","floor":14,"turns":2},{"damage":29,"enemies":"Fading Forest","floor":16,"turns":11},{"damage":8,"enemies":"Replay:Snechameleon","floor":18,"turns":4},{"damage":24,"enemies":"conspire:Head Lice","floor":22,"turns":4},{"damage":22,"enemies":"Slavers","floor":23,"turns":3},{"damage":35,"enemies":"Book of Stabbing","floor":27,"turns":5},{"damage":19,"enemies":"conspire:SneckoGhost","floor":29,"turns":4},{"damage":7,"enemies":"Replay:Snechameleon","floor":30,"turns":4},{"damage":0,"enemies":"conspire:SneckoGhost","floor":31,"turns":5},{"damage":50,"enemies":"Collector","floor":33,"turns":6},{"damage":5,"enemies":"Gensokyo:Doremy","floor":35,"turns":5},{"damage":37,"enemies":"Gensokyo:3_Boulders","floor":38,"turns":4},{"damage":38,"enemies":"Gensokyo:Marisa","floor":39,"turns":1}],"seed_played":"7506460520559123342","potions_obtained":[{"floor":1,"key":"Fire Potion"},{"floor":5,"key":"PowerPotion"},{"floor":11,"key":"Fire Potion"},{"floor":18,"key":"Strength Potion"},{"floor":29,"key":"SteroidPotion"},{"floor":33,"key":"Block Potion"}],"is_trial":false,"path_per_floor":["M","?","?","M","M","R","?","R","T","E","M","R","$","M","R","B",null,"M","$","T","?","M","E","R","$","T","M","R","M","M","M","R","B",null,"M","$","?","M","M"],"character_chosen":"THE_SILENT","items_purchased":["Infinite Blades","Replay:WaspNest","Accuracy","Noxious Fumes","Sadistic Nature"],"campfire_rested":3,"item_purchase_floors":[13,13,19,25,36],"current_hp_per_floor":[70,70,70,70,62,62,62,62,62,58,58,58,58,52,52,45,64,56,56,56,56,44,34,55,55,55,32,53,46,39,39,60,22,58,53,53,53,28,0,0],"gold":134,"neow_bonus":"THREE_ENEMY_KILL","is_daily":false,"chose_seed":false,"campfire_upgraded":1,"win_rate":0.0,"timestamp":1614336385,"path_taken":["M","?","?","?","M","R","?","R","T","E","M","R","?","M","R","BOSS","M","$","?","?","M","E","R","?","T","M","R","M","?","?","R","BOSS","M","$","?","M","?"],"items_purchased_type":["Card","Relic","Card","Card","Card"],"build_version":"2020-12-22","purchased_purges":3,"victory":false,"max_hp_per_floor":[70,70,70,70,70,70,70,70,70,70,70,70,70,70,70,70,70,70,70,70,70,70,70,70,70,70,70,70,70,70,70,70,70,70,70,70,70,70,70,70],"relic_stats":{"Busted Crown":4,"counters":[19,71],"Letter Opener":[139],"MawBank":72,"Boot":[7],"obtain_stats":[{"KeepersGift":0,"reliquary:OuijaBoard":3,"AnarchistCookbook":22,"NeowsBlessing":0,"Replay:Grab Bag":34,"Replay:WaspNest":13,"Letter Opener":23,"DeadEye":29,"jedi:scrapmetal":2,"MawBank":30,"Boot":35,"Mercury Hourglass":31,"SlaversCollar":34,"ChampionBelt":17,"PokeGo":27,"Busted Crown":34,"jedi:rubbersling":18,"aspiration:ArtOfWarUpgrade":8,"reliquary:Buckler":10,"reliquary:SculptingSteel":20,"Art of War":2,"HushsDoor":0,"Ring of the Snake":0,"Meat on the Bone":9},{"KeepersGift":0,"reliquary:OuijaBoard":2,"AnarchistCookbook":10,"NeowsBlessing":0,"Replay:Grab Bag":16,"Replay:WaspNest":6,"Letter Opener":11,"DeadEye":13,"jedi:scrapmetal":2,"MawBank":14,"Boot":17,"Mercury Hourglass":15,"SlaversCollar":16,"ChampionBelt":8,"PokeGo":12,"Busted Crown":16,"jedi:rubbersling":9,"aspiration:ArtOfWarUpgrade":4,"reliquary:Buckler":5,"reliquary:SculptingSteel":9,"Art of War":2,"HushsDoor":0,"Ring of the Snake":0,"Meat on the Bone":4},{"KeepersGift":0,"reliquary:OuijaBoard":2,"AnarchistCookbook":34,"NeowsBlessing":0,"Replay:Grab Bag":61,"Replay:WaspNest":13,"Letter Opener":37,"DeadEye":46,"jedi:scrapmetal":2,"MawBank":50,"Boot":66,"Mercury Hourglass":55,"SlaversCollar":61,"ChampionBelt":26,"PokeGo":42,"Busted Crown":61,"jedi:rubbersling":30,"aspiration:ArtOfWarUpgrade":7,"reliquary:Buckler":10,"reliquary:SculptingSteel":30,"Art of War":2,"HushsDoor":0,"Ring of the Snake":0,"Meat on the Bone":7}],"Ring of the Snake":[38],"Meat on the Bone":84,"Mercury Hourglass":[90]},"card_choices":[{"not_picked":[],"picked":"EpicFetus","floor":0},{"not_picked":["jedi:rejectivetoxin","Dagger Throw"],"picked":"Deflect","floor":1},{"not_picked":["Flying Knee","Underhanded Strike"],"picked":"Cloak And Dagger","floor":2},{"not_picked":["Outmaneuver","Dagger Throw"],"picked":"Prepared","floor":4},{"not_picked":["Dodge and Roll","Corpse Explosion"],"picked":"Deflect","floor":5},{"not_picked":["Underhanded Strike","Backflip"],"picked":"jedi:pocketpoison","floor":10},{"not_picked":["Quick Slash","Dodge and Roll","Deflect"],"picked":"SKIP","floor":11},{"not_picked":["Dodge and Roll","Sneak Up","Poisoned Stab"],"picked":"SKIP","floor":14},{"not_picked":["Riddle With Holes","Deadly Poison"],"picked":"Cloak And Dagger","floor":18},{"not_picked":["Fluid Movement","Dagger Spray"],"picked":"Blade Dance","floor":22},{"not_picked":["Bane","Choke+1"],"picked":"jedi:pocketpoison","floor":23},{"not_picked":["Hidden Blade","Dagger Spray+1","Terror"],"picked":"SKIP","floor":27},{"not_picked":["Poisoned Stab","Masterful Stab+1","Toxin Wave"],"picked":"SKIP","floor":29},{"not_picked":["Dagger Spray","ReplayTheSpireMod:The Works"],"picked":"Storm of Steel","floor":30},{"not_picked":["jedi:acidrain+1","Catalyst"],"picked":"Blade Dance","floor":31},{"not_picked":["Wraith Form v2","Envenom"],"picked":"Phantasmal Killer","floor":33},{"not_picked":[],"picked":"Dodge and Roll","floor":35},{"not_picked":[],"picked":"Expertise+1","floor":38}],"player_experience":73173,"relics_obtained":[{"floor":2,"key":"jedi:scrapmetal"},{"floor":2,"key":"Art of War"},{"floor":3,"key":"reliquary:OuijaBoard"},{"floor":9,"key":"Meat on the Bone"},{"floor":10,"key":"reliquary:Buckler"},{"floor":18,"key":"jedi:rubbersling"},{"floor":20,"key":"reliquary:SculptingSteel"},{"floor":22,"key":"AnarchistCookbook"},{"floor":23,"key":"Letter Opener"},{"floor":27,"key":"PokeGo"},{"floor":29,"key":"DeadEye"},{"floor":30,"key":"MawBank"},{"floor":31,"key":"Mercury Hourglass"},{"floor":35,"key":"Boot"}],"event_choices":[{"damage_healed":0,"gold_gain":0,"player_choice":"Fight","damage_taken":0,"max_hp_gain":0,"max_hp_loss":0,"event_name":"HidenRoomEvent","floor":2,"gold_loss":0}],"is_beta":false,"boss_relics":[{"not_picked":["Snecko Scales","Painkiller Herb"],"picked":"ChampionBelt"},{"not_picked":[]},{"not_picked":["Calling Bell","aspiration:DefectSkillbook"],"picked":"Replay:Grab Bag"},{"not_picked":["Velvet Choker","ChewingGum"],"picked":"SlaversCollar"},{"not_picked":["jedi:hotpepper","Sozu"],"picked":"Busted Crown"},{"not_picked":[]}],"items_purged_floors":[19,25,36],"is_endless":false,"potions_floor_spawned":[1,5,11,14,18,29,33],"killed_by":"Gensokyo:Marisa","ascension_level":20}}