{"host":"cjzrmpdydqox2kf0","time":1614381150,"event":{"mods":["AchievementEnabler","BaseMod","Colored Map","Colored Powertips","Minty Spire (QoL Compilation)","Rare Cards Sparkle","Relic Stats","StSLib"],"gold_per_floor":[119,131,9,9,22,36,46,79,132,132,132,161,161,175,175,250,250,261,261,40,59,59,94,113,113,113,113,131,156,156,181,181,259,259,279,279,279,279,353,379,379,412,439,450,3,3,38,0,0,0],"floor_reached":51,"language":"ENG","playtime":3890,"items_purged":["Regret","Writhe"],"score":1383,"play_id":"2e1789b1-cf5f-4759-916d-7f7400ca2bcf","local_time":"20210226151230","is_ascension_mode":true,"campfire_choices":[{"floor":11.0,"key":"REST"},{"data":"Accuracy","floor":13.0,"key":"SMITH"},{"floor":15.0,"key":"REST"},{"floor":25.0,"key":"REST"},{"data":"Storm of Steel","floor":27.0,"key":"SMITH"},{"data":"Blade Dance","floor":32.0,"key":"SMITH"},{"floor":41.0,"key":"REST"},{"floor":46.0,"key":"REST"},{"floor":49.0,"key":"REST"}],"circlet_count":0,"master_deck":["AscendersBane","Defend_G","Defend_G","Defend_G","Defend_G","Defend_G","Survivor","Neutralize","Underhanded Strike+1","Slice","Crippling Poison","Infinite Blades","Bane+1","Accuracy+1","Leg Sweep","Blade Dance+1","Storm of Steel+1","Phantasmal Killer","Slice+1","Blade Dance+1","Glass Knife+1","Dodge and Roll+1","Terror","Finisher+1","Backstab","Caltrops","Burst","Accuracy","Discovery","Panacea","Leg Sweep","Backflip","After Image","Footwork","Blur"],"relics":["Ring of the Snake","Ornamental Fan","Smiling Mask","Letter Opener","Astrolabe","MawBank","Vajra","Ice Cream","Oddly Smooth Stone","Pen Nib","Nilry\u0027s Codex","Eternal Feather","Sozu","Bottled Tornado","Dream Catcher","Pantograph","Anchor","Regal Pillow","Frozen Eye","Unceasing Top"],"acts_visited":["Exordium","TheCity","TheBeyond"],"potions_floor_usage":[],"damage_taken":[{"damage":11.0,"enemies":"Cultist","floor":1.0,"turns":5.0},{"damage":11.0,"enemies":"Jaw Worm","floor":2.0,"turns":5.0},{"damage":0.0,"enemies":"Small Slimes","floor":5.0,"turns":3.0},{"damage":2.0,"enemies":"Exordium Thugs","floor":6.0,"turns":5.0},{"damage":3.0,"enemies":"Looter","floor":7.0,"turns":3.0},{"damage":0.0,"enemies":"Lagavulin","floor":8.0,"turns":6.0},{"damage":3.0,"enemies":"Gremlin Nob","floor":12.0,"turns":3.0},{"damage":7.0,"enemies":"Large Slime","floor":14.0,"turns":3.0},{"damage":12.0,"enemies":"The Guardian","floor":16.0,"turns":9.0},{"damage":0.0,"enemies":"3 Byrds","floor":18.0,"turns":3.0},{"damage":15.0,"enemies":"2 Thieves","floor":21.0,"turns":3.0},{"damage":11.0,"enemies":"Slavers","floor":23.0,"turns":5.0},{"damage":1.0,"enemies":"Centurion and Healer","floor":24.0,"turns":4.0},{"damage":0.0,"enemies":"Shelled Parasite and Fungi","floor":28.0,"turns":2.0},{"damage":7.0,"enemies":"Book of Stabbing","floor":29.0,"turns":4.0},{"damage":0.0,"enemies":"Gremlin Leader","floor":31.0,"turns":4.0},{"damage":28.0,"enemies":"Collector","floor":33.0,"turns":3.0},{"damage":5.0,"enemies":"3 Shapes","floor":35.0,"turns":4.0},{"damage":32.0,"enemies":"Reptomancer","floor":40.0,"turns":6.0},{"damage":17.0,"enemies":"Nemesis","floor":42.0,"turns":3.0},{"damage":2.0,"enemies":"Orb Walker","floor":44.0,"turns":3.0},{"damage":50.0,"enemies":"Reptomancer","floor":47.0,"turns":6.0},{"damage":52,"enemies":"Donu and Deca","floor":50,"turns":8}],"seed_played":"-5341705899268550805","potions_obtained":[{"floor":1.0,"key":"Block Potion"},{"floor":2.0,"key":"FearPotion"},{"floor":12.0,"key":"Energy Potion"},{"floor":14.0,"key":"CunningPotion"},{"floor":18.0,"key":"FearPotion"},{"floor":24.0,"key":"ColorlessPotion"},{"floor":29.0,"key":"Poison Potion"}],"is_trial":false,"path_per_floor":["M","M","$","?","M","M","M","E","T","?","R","E","R","M","R","B",null,"M","?","$","M","?","E","M","R","T","R","M","E","?","E","R","B",null,"M","?","?","?","T","E","R","E","T","M","$","R","E","$","R","B",null],"character_chosen":"THE_SILENT","items_purchased":["Bane","Vajra","Terror","Regal Pillow","After Image","Frozen Eye","Footwork"],"campfire_rested":6,"item_purchase_floors":[3,20,20,45,45,45,48],"current_hp_per_floor":[48,37,37,37,37,35,32,32,32,19,38,35,35,28,47,35,58,58,58,58,43,43,32,31,50,50,50,50,43,27,27,42,14,53,48,48,48,38,38,6,42,25,25,23,23,63,13,13,63,11],"gold":0,"neow_bonus":"TRANSFORM_TWO_CARDS","is_daily":false,"chose_seed":false,"campfire_upgraded":3,"win_rate":0.0,"timestamp":1614381150,"path_taken":["M","?","$","?","M","M","M","E","T","?","R","E","R","M","R","BOSS","M","?","$","M","?","E","M","R","T","R","M","E","?","E","R","BOSS","M","?","?","?","?","E","R","E","T","?","?","R","E","$","R","BOSS"],"items_purchased_type":["Card","Relic","Card","Relic","Card","Relic","Card"],"build_version":"2020-12-22","purchased_purges":2,"victory":true,"max_hp_per_floor":[66,66,66,66,66,66,66,66,66,66,66,66,66,66,66,66,66,66,66,66,66,66,66,66,66,66,66,66,66,66,66,66,66,66,66,63,63,63,63,63,63,63,63,63,63,63,63,63,63,63],"relic_stats":{"Regal Pillow":18,"counters":[23,100],"Astrolabe":["Slice","Blade Dance","Glass Knife"],"Eternal Feather":69,"Pen Nib":[11],"Letter Opener":[101],"Smiling Mask":50,"MawBank":12,"Sozu":2,"Dream Catcher":3,"Ornamental Fan":[216],"Pantograph":0,"obtain_stats":[{"Ice Cream":23,"Regal Pillow":45,"Nilry\u0027s Codex":30,"Astrolabe":17,"Vajra":20,"Oddly Smooth Stone":26,"Eternal Feather":31,"Pen Nib":29,"Letter Opener":12,"Bottled Tornado":39,"Smiling Mask":9,"MawBank":19,"Sozu":34,"Frozen Eye":45,"Dream Catcher":40,"Anchor":43,"Ornamental Fan":8,"Pantograph":42,"Unceasing Top":47,"Ring of the Snake":0},{"Ice Cream":12,"Regal Pillow":21,"Nilry\u0027s Codex":15,"Astrolabe":9,"Vajra":10,"Oddly Smooth Stone":13,"Eternal Feather":16,"Pen Nib":15,"Letter Opener":7,"Bottled Tornado":18,"Smiling Mask":6,"MawBank":10,"Sozu":17,"Frozen Eye":21,"Dream Catcher":19,"Anchor":20,"Ornamental Fan":6,"Pantograph":20,"Unceasing Top":22,"Ring of the Snake":0},{"Ice Cream":53,"Regal Pillow":86,"Nilry\u0027s Codex":63,"Astrolabe":42,"Vajra":45,"Oddly Smooth Stone":57,"Eternal Feather":67,"Pen Nib":63,"Letter Opener":30,"Bottled Tornado":74,"Smiling Mask":27,"MawBank":45,"Sozu":70,"Frozen Eye":86,"Dream Catcher":80,"Anchor":83,"Ornamental Fan":27,"Pantograph":83,"Unceasing Top":92,"Ring of the Snake":0}],"Unceasing Top":[4],"Ring of the Snake":[46]},"card_choices":[{"not_picked":["PiercingWail","Quick Slash"],"picked":"Crippling Poison","floor":1.0},{"not_picked":["Outmaneuver","Dagger Throw"],"picked":"Infinite Blades","floor":2.0},{"not_picked":["Finisher","Cloak And Dagger"],"picked":"Accuracy","floor":5.0},{"not_picked":["Dodge and Roll","Bane"],"picked":"Leg Sweep","floor":6.0},{"not_picked":["Predator","Backflip"],"picked":"Blade Dance","floor":7.0},{"not_picked":["Bane","Quick Slash"],"picked":"Storm of Steel","floor":8.0},{"not_picked":["Reflex","Sucker Punch","Quick Slash"],"picked":"SKIP","floor":12.0},{"not_picked":["Deadly Poison","All Out Attack"],"picked":"Dagger Spray","floor":14.0},{"not_picked":["Bullet Time","Glass Knife"],"picked":"Phantasmal Killer","floor":16.0},{"not_picked":["Blur","Quick Slash"],"picked":"Dodge and Roll+1","floor":18.0},{"not_picked":["Deflect","Dagger Throw+1"],"picked":"Finisher+1","floor":21.0},{"not_picked":["Caltrops","Slice"],"picked":"Backstab","floor":23.0},{"not_picked":["Dagger Spray","Bouncing Flask","Dash+1"],"picked":"SKIP","floor":24.0},{"not_picked":["Concentrate+1","Finisher","Escape Plan"],"picked":"SKIP","floor":28.0},{"not_picked":["Reflex","Deflect","Heel Hook"],"picked":"SKIP","floor":29.0},{"not_picked":["Underhanded Strike","Dagger Throw"],"picked":"Caltrops","floor":31.0},{"not_picked":["Glass Knife","Bullet Time"],"picked":"Burst","floor":33.0},{"not_picked":["Dagger Throw","Backstab+1"],"picked":"Accuracy","floor":35.0},{"not_picked":["Finesse","Flash of Steel"],"picked":"Discovery","floor":38.0},{"not_picked":["Enlightenment","PanicButton"],"picked":"Panacea","floor":38.0},{"not_picked":["Sucker Punch","Dagger Spray+1","Poisoned Stab+1"],"picked":"SKIP","floor":40.0},{"not_picked":["Dagger Throw","Dash"],"picked":"Leg Sweep","floor":41.0},{"not_picked":["Cloak And Dagger","Catalyst","Escape Plan"],"picked":"SKIP","floor":42.0},{"not_picked":["Masterful Stab","Reflex"],"picked":"Backflip","floor":44.0},{"not_picked":["Choke","Quick Slash","Slice"],"picked":"SKIP","floor":47.0},{"not_picked":["Underhanded Strike","Catalyst"],"picked":"Blur","floor":49.0}],"player_experience":1775040,"relics_obtained":[{"floor":8.0,"key":"Ornamental Fan"},{"floor":9.0,"key":"Smiling Mask"},{"floor":12.0,"key":"Letter Opener"},{"floor":23.0,"key":"Ice Cream"},{"floor":26.0,"key":"Oddly Smooth Stone"},{"floor":29.0,"key":"Pen Nib"},{"floor":30.0,"key":"Nilry\u0027s Codex"},{"floor":31.0,"key":"Eternal Feather"},{"floor":39.0,"key":"Bottled Tornado"},{"floor":40.0,"key":"Dream Catcher"},{"floor":42.0,"key":"Pantograph"},{"floor":43.0,"key":"Anchor"},{"floor":47.0,"key":"Unceasing Top"}],"event_choices":[{"damage_healed":0.0,"max_hp_gain":0.0,"max_hp_loss":0.0,"gold_gain":0.0,"event_name":"Liars Game","player_choice":"Ignored","floor":4.0,"gold_loss":0.0,"damage_taken":0.0},{"damage_healed":0.0,"max_hp_gain":0.0,"max_hp_loss":0.0,"gold_gain":0.0,"event_name":"Shining Light","player_choice":"Entered Light","floor":10.0,"gold_loss":0.0,"damage_taken":13.0,"cards_upgraded":["Underhanded Strike","Bane"]},{"damage_healed":0.0,"max_hp_gain":0.0,"max_hp_loss":0.0,"gold_gain":0.0,"event_name":"The Mausoleum","player_choice":"Opened","floor":19.0,"gold_loss":0.0,"damage_taken":0.0,"relics_obtained":["MawBank"],"cards_obtained":["Writhe"]},{"damage_healed":0.0,"max_hp_gain":0.0,"max_hp_loss":0.0,"gold_gain":0.0,"event_name":"Cursed Tome","player_choice":"Obtained Book","floor":30.0,"gold_loss":0.0,"damage_taken":16.0},{"damage_healed":0.0,"max_hp_gain":0.0,"max_hp_loss":3.0,"gold_gain":0.0,"event_name":"Winding Halls","player_choice":"Max HP","floor":36.0,"gold_loss":0.0,"damage_taken":0.0},{"cards_removed":["Dagger Spray"],"damage_healed":0.0,"max_hp_gain":0.0,"max_hp_loss":0.0,"gold_gain":0.0,"event_name":"Falling","player_choice":"Removed Attack","floor":37.0,"gold_loss":0.0,"damage_taken":0.0},{"damage_healed":0.0,"max_hp_gain":0.0,"max_hp_loss":0.0,"gold_gain":0.0,"event_name":"SensoryStone","player_choice":"Memory 3","floor":38.0,"gold_loss":0.0,"damage_taken":10.0}],"is_beta":false,"boss_relics":[{"not_picked":["SacredBark","Black Star"],"picked":"Astrolabe"},{"not_picked":["HoveringKite","Runic Pyramid"],"picked":"Sozu"}],"items_purged_floors":[3,20],"is_endless":false,"potions_floor_spawned":[1,2,12,14,18,24,29,40,47],"ascension_level":14}}