{"host":"0cm5wy4nhuju7tij","time":1614343685,"event":{"mods":["2.2 Compatiblity","AchievementEnabler","BaseMod","Better Third Choice","BetterRewards","Colored Powertips","Curses Come First","Custom Start","Displayed Cursed Tome","Downfall","Energized Spire","Evolution","Filter the Spire","Fireblade Mod","Highlight Path","Jess\u0027s Bottle","KinomotoSakuraMod(????)","Minty Spire (QoL Compilation)","Permanent Neow","Poor People Problems","Relic Filter Mod","Relic Stats","Shop Mod","Spicy Shops","StSLib","The Cursed","The Servant 0.9.4","TheSwordswoman","TheVacant","Weighted Paths"],"gold_per_floor":[117,134,153,166,183,183,212,212,212,212,57,82,82,126,126,252,252,277,301,7,31,31,31,64,64,64,78,118,118,152,167,167,291,291,311,377,48,73,0,31,54,54,54,98,133,133,152,167,167,167],"floor_reached":51,"language":"ENG","playtime":3430,"items_purged":["ClowCardTheShield"],"score":827,"play_id":"062916b7-8180-4c9e-a2f4-72534a01fc89","local_time":"20210226074805","is_ascension_mode":false,"campfire_choices":[{"data":"ClowCardTheShot","floor":6,"key":"SMITH"},{"data":"ClowCardTheMist","floor":13,"key":"SMITH"},{"floor":15,"key":"REST"},{"data":"ClowCardTheThunder","floor":23,"key":"SMITH"},{"data":"ClowCardTheFlower","floor":25,"key":"SMITH"},{"floor":32,"key":"REST"},{"floor":42,"key":"REST"},{"data":"ClowCardTheSand","floor":46,"key":"SMITH"},{"data":"ClowCardTheFreeze","floor":49,"key":"SMITH"}],"circlet_count":0,"master_deck":["SakuraCardTheThunder+","SakuraCardTheShield+","ClowCardTheErase","ClowCardTheErase","ClowCardTheShield","ClowCardTheShield","SpellCardSeal","SpellCardRelease","ClowCardTheFreeze+1","ClowCardTheJump","ClowCardTheErase","ClowCardTheSand+1","ClowCardTheDream","ClowCardTheShot+1","ClowCardTheMist+1","ClowCardTheVoice","ClowCardTheSilent+1","ClowCardTheIllusion+1","ClowCardTheWave","ClowCardTheWood+1","Insight","ClowCardTheLock","ClowCardTheWood","ClowCardTheMove","ClowCardTheFight","ClowCardTheErase+1","ClowCardTheWood+1","ClowCardTheSand","ClowCardTheShadow+1","ClowCardTheNothing","ClowCardTheSand+1","ClowCardTheWindy+1"],"relics":["KSMOD_SealedBook","KSMOD_SealedWand","EVO:Axolotl","KSMOD_YukitosBentoBox","Question Card","Golden Idol","PreservedInsect","Ancient Tea Set","Busted Crown","Vajra","CaptainsWheel","Shuriken","Singing Bowl","Orichalcum","Cursed Key","Dead Branch","Lantern","MealTicket","Red Mask","Meat on the Bone","Potion Belt","Bottled Flame"],"acts_visited":["Exordium","TheCity","TheBeyond"],"potions_floor_usage":[21,33,50],"damage_taken":[{"damage":3,"enemies":"Small Slimes","floor":1,"turns":2},{"damage":0,"enemies":"2 Louse","floor":2,"turns":2},{"damage":5,"enemies":"Jaw Worm","floor":3,"turns":3},{"damage":0,"enemies":"Looter","floor":4,"turns":3},{"damage":0,"enemies":"3 Louse","floor":5,"turns":2},{"damage":22,"enemies":"Gremlin Nob","floor":7,"turns":4},{"damage":0,"enemies":"Large Slime","floor":12,"turns":1},{"damage":17,"enemies":"Lagavulin","floor":14,"turns":5},{"damage":9,"enemies":"The Guardian","floor":16,"turns":7},{"damage":14,"enemies":"3 Byrds","floor":18,"turns":4},{"damage":7,"enemies":"Spheric Guardian","floor":19,"turns":4},{"damage":0,"enemies":"3 Cultists","floor":21,"turns":3},{"damage":0,"enemies":"Gremlin Leader","floor":24,"turns":4},{"damage":0,"enemies":"Chosen and Byrds","floor":27,"turns":5},{"damage":18,"enemies":"Slavers","floor":28,"turns":3},{"damage":5,"enemies":"Gremlin Leader","floor":30,"turns":5},{"damage":0,"enemies":"Sentry and Sphere","floor":31,"turns":2},{"damage":17,"enemies":"Collector","floor":33,"turns":6},{"damage":8,"enemies":"3 Shapes","floor":35,"turns":4},{"damage":28,"enemies":"2 Orb Walkers","floor":36,"turns":6},{"damage":0,"enemies":"Orb Walker","floor":38,"turns":1},{"damage":0,"enemies":"Giant Head","floor":40,"turns":5},{"damage":19,"enemies":"Writhing Mass","floor":41,"turns":3},{"damage":5,"enemies":"KSMOD_TheNothingMonster","floor":44,"turns":3},{"damage":7,"enemies":"Nemesis","floor":45,"turns":5},{"damage":0,"enemies":"Sphere and 2 Shapes","floor":47,"turns":3},{"damage":0,"enemies":"Maw","floor":48,"turns":5},{"damage":19,"enemies":"Time Eater","floor":50,"turns":4}],"seed_played":"5519455228958416523","potions_obtained":[{"floor":1,"key":"Dexterity Potion"},{"floor":5,"key":"DuplicationPotion"},{"floor":7,"key":"DuplicationPotion"},{"floor":28,"key":"ColorlessPotion"},{"floor":31,"key":"Block Potion"},{"floor":41,"key":"Fruit Juice"},{"floor":47,"key":"LiquidBronze"}],"is_trial":false,"path_per_floor":["M","M","M","M","M","R","E","?","T","?","$","M","R","E","R","B",null,"M","M","$","M","?","R","E","R","T","M","E","?","E","M","R","B",null,"M","?","$","M","?","E","M","R","T","?","E","R","M","M","R","B",null],"character_chosen":"KINOMOTOSAKURA","items_purchased":["PreservedInsect","Vajra","ClowCardTheWave","Lantern","MealTicket","ClowCardTheSand"],"campfire_rested":3,"item_purchase_floors":[11,20,20,37,37,37],"current_hp_per_floor":[67,67,62,62,62,62,54,47,47,47,47,47,47,30,49,40,65,51,44,44,44,44,44,44,44,44,44,26,26,23,25,45,28,69,61,33,33,35,35,35,28,49,49,49,42,42,49,51,51,49],"gold":167,"neow_bonus":"TRANSFORM_CARD","is_daily":false,"chose_seed":false,"campfire_upgraded":6,"win_rate":0.0,"timestamp":1614343685,"path_taken":["M","M","M","M","M","R","E","?","T","?","$","M","R","E","R","BOSS","M","M","$","M","?","R","E","R","T","M","E","?","E","M","R","BOSS","M","?","$","M","?","E","M","R","T","?","E","R","M","M","R","BOSS"],"items_purchased_type":["Relic","Relic","Card","Relic","Relic","Card"],"build_version":"2020-12-22","purchased_purges":1,"victory":true,"max_hp_per_floor":[70,70,70,70,70,70,70,70,70,65,65,65,65,65,65,65,65,65,65,65,65,65,65,65,65,65,65,65,65,67,69,69,69,69,69,69,69,71,71,71,71,71,71,71,71,71,73,75,75,80],"relic_stats":{"Singing Bowl":10,"counters":[28,104],"Golden Idol":189,"Dead Branch":[71],"PreservedInsect":387,"Orichalcum":[18],"Question Card":21,"Cursed Key":0,"Busted Crown":36,"Shuriken":[32],"MealTicket":0,"obtain_stats":[{"Potion Belt":41,"Lantern":37,"Singing Bowl":28,"KSMOD_SealedBook":0,"Golden Idol":10,"Dead Branch":36,"Vajra":20,"KSMOD_YukitosBentoBox":7,"PreservedInsect":11,"EVO:Axolotl":0,"Orichalcum":30,"Question Card":9,"Ancient Tea Set":14,"Cursed Key":34,"CaptainsWheel":24,"Bottled Flame":45,"Busted Crown":17,"Shuriken":26,"MealTicket":37,"KSMOD_SealedWand":0,"Red Mask":39,"Meat on the Bone":40},{"Potion Belt":23,"Lantern":20,"Singing Bowl":15,"KSMOD_SealedBook":0,"Golden Idol":6,"Dead Branch":20,"Vajra":11,"KSMOD_YukitosBentoBox":6,"PreservedInsect":6,"EVO:Axolotl":0,"Orichalcum":16,"Question Card":6,"Ancient Tea Set":8,"Cursed Key":18,"CaptainsWheel":13,"Bottled Flame":25,"Busted Crown":9,"Shuriken":13,"MealTicket":20,"KSMOD_SealedWand":0,"Red Mask":21,"Meat on the Bone":22},{"Potion Belt":84,"Lantern":75,"Singing Bowl":52,"KSMOD_SealedBook":0,"Golden Idol":16,"Dead Branch":75,"Vajra":37,"KSMOD_YukitosBentoBox":16,"PreservedInsect":16,"EVO:Axolotl":0,"Orichalcum":57,"Question Card":16,"Ancient Tea Set":22,"Cursed Key":65,"CaptainsWheel":44,"Bottled Flame":92,"Busted Crown":29,"Shuriken":44,"MealTicket":75,"KSMOD_SealedWand":0,"Red Mask":76,"Meat on the Bone":81}],"Meat on the Bone":24},"card_choices":[{"not_picked":["ClowCardTheFreeze","ClowCardTheVoice"],"picked":"ClowCardTheJump","floor":1},{"not_picked":["ClowCardTheChange","ClowCardTheVoice"],"picked":"ClowCardTheErase","floor":2},{"not_picked":["ClowCardThePower","ClowCardTheArrow"],"picked":"ClowCardTheSand","floor":3},{"not_picked":["ClowCardTheMirror","ClowCardTheTwin"],"picked":"ClowCardTheDream","floor":4},{"not_picked":["ClowCardTheFly","ClowCardTheLoop"],"picked":"ClowCardTheShot","floor":5},{"not_picked":["ClowCardTheChange","ClowCardTheArrow"],"picked":"ClowCardTheFlower","floor":7},{"not_picked":["ClowCardTheMirror","ClowCardTheWave","ClowCardTheShadow"],"picked":"ClowCardTheMist","floor":12},{"not_picked":["ClowCardTheShot","ClowCardTheMaze","ClowCardTheFight"],"picked":"ClowCardTheVoice","floor":14},{"not_picked":["ClowCardTheTwin","ClowCardTheDash","ClowCardTheDark"],"picked":"ClowCardTheThunder","floor":16},{"not_picked":["ClowCardTheFly"],"picked":"ClowCardTheSilent+1","floor":18},{"not_picked":["ClowCardTheDream"],"picked":"ClowCardTheIllusion+1","floor":19},{"not_picked":["ClowCardTheErase"],"picked":"ClowCardTheWood+1","floor":21},{"not_picked":["ClowCardTheErase"],"picked":"ClowCardTheLock","floor":24},{"not_picked":["ClowCardTheDream"],"picked":"ClowCardTheWood","floor":27},{"not_picked":["ClowCardThePower"],"picked":"ClowCardTheMove","floor":28},{"not_picked":["ClowCardTheLibra","ClowCardTheSweet"],"picked":"Singing Bowl","floor":30},{"not_picked":["ClowCardTheChange+1","ClowCardTheMaze"],"picked":"Singing Bowl","floor":31},{"not_picked":["ClowCardTheThunder"],"picked":"ClowCardTheFight","floor":33},{"not_picked":["ClowCardTheMist"],"picked":"ClowCardTheErase+1","floor":35},{"not_picked":["ClowCardTheEarthy+1"],"picked":"ClowCardTheWood+1","floor":36},{"not_picked":["ClowCardTheFreeze","ClowCardTheLibra+1"],"picked":"Singing Bowl","floor":38},{"not_picked":["ClowCardTheArrow"],"picked":"ClowCardTheCreate","floor":40},{"not_picked":["ClowCardTheIllusion"],"picked":"ClowCardTheShadow+1","floor":41},{"not_picked":["ClowCardTheMove"],"picked":"ClowCardTheSand+1","floor":44},{"not_picked":["ClowCardTheChange"],"picked":"ClowCardTheWindy+1","floor":45},{"not_picked":["ClowCardTheDream+1","ClowCardTheLoop+1"],"picked":"Singing Bowl","floor":47},{"not_picked":["ClowCardTheChange+1","ClowCardTheWave"],"picked":"Singing Bowl","floor":48}],"player_experience":461391,"relics_obtained":[{"floor":7,"key":"KSMOD_YukitosBentoBox"},{"floor":9,"key":"Question Card"},{"floor":14,"key":"Ancient Tea Set"},{"floor":24,"key":"CaptainsWheel"},{"floor":26,"key":"Shuriken"},{"floor":28,"key":"Singing Bowl"},{"floor":30,"key":"Orichalcum"},{"floor":36,"key":"Dead Branch"},{"floor":40,"key":"Meat on the Bone"},{"floor":41,"key":"Potion Belt"},{"floor":45,"key":"Bottled Flame"}],"event_choices":[{"cards_removed":["ClowCardTheSword"],"damage_healed":0,"gold_gain":0,"player_choice":"Card Removal","damage_taken":7,"max_hp_gain":0,"max_hp_loss":0,"event_name":"Golden Wing","floor":8,"gold_loss":0},{"damage_healed":0,"gold_gain":0,"player_choice":"Lose Max HP","damage_taken":0,"relics_obtained":["Golden Idol"],"max_hp_gain":0,"max_hp_loss":5,"event_name":"Golden Idol","floor":10,"gold_loss":0},{"damage_healed":0,"gold_gain":0,"player_choice":"Insight","damage_taken":0,"max_hp_gain":0,"max_hp_loss":0,"event_name":"betterThird:BetterWriting","floor":22,"gold_loss":0,"cards_obtained":["Insight"]},{"damage_healed":0,"gold_gain":0,"player_choice":"Fight","damage_taken":0,"max_hp_gain":0,"max_hp_loss":0,"event_name":"Mysterious Sphere","floor":36,"gold_loss":0},{"damage_healed":0,"gold_gain":0,"player_choice":"Paid","damage_taken":0,"relics_obtained":["Red Mask"],"max_hp_gain":0,"max_hp_loss":0,"event_name":"Tomb of Lord Red Mask","floor":39,"gold_loss":73}],"is_beta":false,"boss_relics":[{"not_picked":["Astrolabe","energizedSpire:StickyHand"],"picked":"Busted Crown"},{"not_picked":["Fusion Hammer","energizedSpire:SpiderWeb"],"picked":"Cursed Key"}],"items_purged_floors":[20],"is_endless":false,"potions_floor_spawned":[1,5,7,16,18,28,30,31,38,41,45,47],"ascension_level":0}}