{"host":"d3bsw5ou8fswq5qc","time":1614368235,"event":{"mods":["Aspiration","BaseMod","Colored Map","Conspire","Downfall","GifTheSpireLib","Googly Eyes","Minty Spire (QoL Compilation)","Replay The Spire","StSLib","Stuff the Spire","The Jungle"],"gold_per_floor":[99,116,135,32,32,32,57,89,104,116,132,35,110,135,149,226,226,226,245,264,281,92,122,148,159,159,159,159,159],"floor_reached":27,"language":"FRA","playtime":3305,"items_purged":["Slimebound:Strike_Slimebound"],"score":404,"play_id":"62186536-292b-4da5-95e9-fefb11e967a5","local_time":"20210226203715","is_ascension_mode":true,"campfire_choices":[{"floor":1,"key":"DIG"}],"circlet_count":0,"master_deck":["AscendersBane","Slimebound:Strike_Slimebound","Slimebound:Strike_Slimebound","Slimebound:Tackle","Slimebound:Defend_Slimebound","Slimebound:Defend_Slimebound","Slimebound:Defend_Slimebound","Slimebound:Defend_Slimebound","Slimebound:Split","Slimebound:CorrosiveSpit+1","Slimebound:SplitLeeching+1","Slimebound:Repurpose","Slimebound:Schlurp","Slimebound:LevelUp","Slimebound:SplitMire","Slimebound:CorrosiveSpit+1","Slimebound:Schlurp","Slimebound:Schlurp","Slimebound:LeechingTouch","Slimebound:SlimeTap","Slimebound:OneTwoCombo","Slimebound:SplitMire","Slimebound:MinionMaster","Slimebound:RallyTheTroops","Slimebound:SplitLeeching","Slimebound:PressTheAttack+1","Slimebound:GoopSpray+1","Slimebound:RejuvenatingLick","Slimebound:ViciousTackle+1","Slimebound:SamplingLick","Parasite","Slimebound:SplitLeeching+1"],"relics":["Slimebound:AbsorbEndCombat","MealTicket","ReplayTheSpireMod:TigerMarble","Dream Catcher","Juzu Bracelet","Cursed Key","Toxic Egg 2","Toy Ornithopter"],"acts_visited":["Exordium","Exordium"],"potions_floor_usage":[23,27],"damage_taken":[{"damage":10,"enemies":"Jaw Worm","floor":2,"turns":5},{"damage":7,"enemies":"Small Slimes","floor":3,"turns":4},{"damage":0,"enemies":"downfall:FleeingMerchant","floor":4,"turns":4},{"damage":8,"enemies":"Lagavulin","floor":8,"turns":6},{"damage":1,"enemies":"Cultist","floor":9,"turns":5},{"damage":13,"enemies":"Exordium Thugs","floor":10,"turns":4},{"damage":0,"enemies":"downfall:LooterAlt","floor":11,"turns":3},{"damage":0,"enemies":"downfall:FleeingMerchant","floor":12,"turns":4},{"damage":8,"enemies":"3 Sentries","floor":14,"turns":5},{"damage":0,"enemies":"Large Slime","floor":15,"turns":3},{"damage":8,"enemies":"SI_SHIV_ARCHETYPE","floor":16,"turns":9},{"damage":2,"enemies":"theJungle:MUSHROOMGANG","floor":19,"turns":3},{"damage":9,"enemies":"theJungle:GiantWrat","floor":20,"turns":4},{"damage":6,"enemies":"theJungle:Snecko_Cultist_And_Trap","floor":21,"turns":5},{"damage":0,"enemies":"downfall:FleeingMerchant","floor":22,"turns":4},{"damage":38,"enemies":"theJungle:MamaSnecko","floor":23,"turns":7},{"damage":28,"enemies":"theJungle:JungleHuntersEncounter","floor":25,"turns":5},{"damage":23,"enemies":"theJungle:2_Snecko_Cultists","floor":27,"turns":2}],"seed_played":"-5393787967957739655","potions_obtained":[{"floor":3,"key":"Elixir"},{"floor":8,"key":"Strength Potion"},{"floor":9,"key":"LiquidMemories"},{"floor":25,"key":"bronze:BurnAndBuffPotion"}],"is_trial":false,"path_per_floor":["R_BF","M","M","$","?","?","T","E","M","M","M","$","?","E","M","B",null,"R_BF","M","M","M","$","E","T","M","?","M"],"character_chosen":"SLIMEBOUND","items_purchased":["Slimebound:LevelUp","Slimebound:SplitMire","Slimebound:OneTwoCombo","Slimebound:ViciousTackle+1","Slimebound:SamplingLick"],"campfire_rested":0,"item_purchase_floors":[4,4,12,22,22],"current_hp_per_floor":[59,51,46,63,63,63,63,59,64,55,57,66,66,66,66,62,65,66,66,57,59,66,32,32,12,12,0,0,0],"gold":159,"neow_bonus":"UPGRADE_CARD","is_daily":false,"chose_seed":false,"campfire_upgraded":0,"win_rate":0.0,"timestamp":1614368235,"path_taken":["R_BF","M","M","$","?","?","T","E","M","M","?","$","?","E","M","BOSS","R_BF","M","M","M","$","E","T","M","?","M"],"items_purchased_type":["Card","Card","Card","Card","Card"],"build_version":"2020-12-22","purchased_purges":1,"victory":false,"max_hp_per_floor":[65,65,65,65,65,65,65,65,65,66,66,66,66,66,66,66,66,66,66,66,66,66,66,66,66,66,66,66,66],"card_choices":[{"not_picked":["Slimebound:ComboTackle","Slimebound:Dissolve"],"picked":"Slimebound:SplitLeeching","floor":2},{"not_picked":["Slimebound:DivideAndConquer","Slimebound:SlimeSpikes"],"picked":"Slimebound:Repurpose","floor":3},{"not_picked":["Slimebound:Nibble","Slimebound:GoopTackle"],"picked":"Slimebound:Schlurp","floor":4},{"not_picked":["Slimebound:RollThrough","Slimebound:Prepare"],"picked":"Slimebound:Schlurp","floor":8},{"not_picked":["Slimebound:Dissolve","Slimebound:Replication","Slimebound:BestDefense"],"picked":"SKIP","floor":9},{"not_picked":["Slimebound:TongueLash","Slimebound:Equalize"],"picked":"Slimebound:Schlurp","floor":10},{"not_picked":["Slimebound:ComboTackle","Slimebound:RollThrough"],"picked":"Slimebound:LeechingTouch","floor":11},{"not_picked":["Slimebound:SlimeSpikes","Slimebound:FinishingTackle"],"picked":"Slimebound:SlimeTap","floor":12},{"not_picked":["Slimebound:LeechingTouch","Slimebound:LeechEnergy"],"picked":"Slimebound:SplitMire","floor":14},{"not_picked":["Slimebound:Schlurp","Slimebound:BestDefense"],"picked":"Slimebound:MinionMaster","floor":15},{"not_picked":["Slimebound:SlimeSlap","Slimebound:MassFeed"],"picked":"Slimebound:RallyTheTroops","floor":16},{"not_picked":["Slimebound:ComboTackle","Slimebound:FlameTackle"],"picked":"Slimebound:SplitLeeching","floor":18},{"not_picked":["Slimebound:Gluttony","Slimebound:DisruptingSlam+1"],"picked":"Slimebound:PressTheAttack+1","floor":19},{"not_picked":["Slimebound:HungryTackle","Slimebound:SplitMire"],"picked":"Slimebound:GoopSpray+1","floor":20},{"not_picked":["Slimebound:RollThrough+1","Slimebound:SlimeBarrage","Slimebound:Replication"],"picked":"SKIP","floor":21},{"not_picked":["Slimebound:FinishingTackle","Slimebound:DivideAndConquer"],"picked":"Slimebound:RejuvenatingLick","floor":22},{"not_picked":["Slimebound:DivideAndConquer+1","Slimebound:LivingWall+1","Slimebound:LeechEnergy"],"picked":"SKIP","floor":23},{"not_picked":["Slimebound:SlimeBrawl+1","Slimebound:ItLooksTasty"],"picked":"Slimebound:SplitLeeching+1","floor":25}],"player_experience":324788,"relics_obtained":[{"floor":1,"key":"MealTicket"},{"floor":7,"key":"ReplayTheSpireMod:TigerMarble"},{"floor":8,"key":"Dream Catcher"},{"floor":14,"key":"Juzu Bracelet"},{"floor":23,"key":"Toxic Egg 2"},{"floor":24,"key":"Toy Ornithopter"}],"event_choices":[{"damage_healed":0,"gold_gain":0,"player_choice":"Disagree","damage_taken":0,"max_hp_gain":0,"max_hp_loss":0,"event_name":"conspire:LoneGhost","floor":5,"gold_loss":0}],"is_beta":false,"boss_relics":[{"not_picked":["Replay:Grab Bag","Honey Jar"],"picked":"Cursed Key"}],"items_purged_floors":[22],"is_endless":false,"potions_floor_spawned":[3,8,9,10,14,25],"killed_by":"theJungle:2_Snecko_Cultists","ascension_level":13}}