{"host":"5h6e4l6hpn0p5lap","time":1614366565,"event":{"mods":["AchievementEnabler","BaseMod","Better Altar","Better Match","Better Sensory Stone","Better Skull","Better Third Choice","Colored Map","Filter the Spire","Minty Spire (QoL Compilation)","StSLib"],"gold_per_floor":[368,63,75,93,168,168,203,35,35,35,35,54,16,49,49,49,49],"floor_reached":16,"language":"ENG","playtime":444,"items_purged":["Strike_R"],"score":157,"play_id":"81a1c242-3e8e-42dd-ab36-1b5e0758d472","local_time":"20210226140925","is_ascension_mode":true,"campfire_choices":[{"data":"Sword Boomerang","floor":6,"key":"SMITH"},{"floor":11,"key":"REST"},{"floor":15,"key":"REST"}],"circlet_count":0,"master_deck":["Strike_R","Strike_R","Strike_R","Defend_R","Defend_R","Defend_R","Defend_R","Bash","Fire Breathing","Sword Boomerang+1","Inflame","Twin Strike","Twin Strike","Dark Embrace","Reckless Charge","Burning Pact"],"relics":["Burning Blood","Vajra","ClockworkSouvenir","Mercury Hourglass","Membership Card","Centennial Puzzle","Darkstone Periapt"],"acts_visited":["Exordium"],"potions_floor_usage":[16],"damage_taken":[{"damage":11,"enemies":"Cultist","floor":1,"turns":4},{"damage":2,"enemies":"Jaw Worm","floor":3,"turns":3},{"damage":0,"enemies":"2 Louse","floor":4,"turns":3},{"damage":35,"enemies":"Lagavulin","floor":7,"turns":6},{"damage":21,"enemies":"Exordium Thugs","floor":12,"turns":4},{"damage":25,"enemies":"3 Sentries","floor":14,"turns":5},{"damage":29,"enemies":"The Guardian","floor":16,"turns":9}],"seed_played":"-5628172300398176684","potions_obtained":[{"floor":4,"key":"LiquidBronze"},{"floor":12,"key":"Ancient Potion"}],"is_trial":false,"path_per_floor":["M","$","M","M","?","R","E","$","T","?","R","M","$","E","R","B"],"character_chosen":"IRONCLAD","items_purchased":["Vajra","ClockworkSouvenir","Membership Card","Twin Strike"],"campfire_rested":2,"item_purchase_floors":[2,2,8,8],"current_hp_per_floor":[67,67,71,72,61,61,32,32,32,32,53,38,38,19,40,11,11],"gold":49,"neow_bonus":"TWO_FIFTY_GOLD","is_daily":false,"chose_seed":false,"campfire_upgraded":1,"win_rate":0.0,"timestamp":1614366565,"path_taken":["M","?","M","M","?","R","E","$","T","?","R","?","$","E","R","BOSS"],"items_purchased_type":["Relic","Relic","Relic","Card"],"build_version":"2020-12-22","purchased_purges":1,"victory":false,"max_hp_per_floor":[72,72,72,72,72,72,72,72,72,72,72,72,72,72,72,72,72],"card_choices":[{"not_picked":["Clash","Iron Wave"],"picked":"Fire Breathing","floor":1},{"not_picked":["Armaments","Cleave"],"picked":"Sword Boomerang","floor":3},{"not_picked":["Anger","Disarm"],"picked":"Inflame","floor":4},{"not_picked":["Clothesline","Clash"],"picked":"Twin Strike","floor":7},{"not_picked":["True Grit","Warcry"],"picked":"Reckless Charge","floor":12},{"not_picked":["Disarm","Rupture"],"picked":"Burning Pact","floor":14}],"player_experience":1177162,"relics_obtained":[{"floor":7,"key":"Mercury Hourglass"},{"floor":9,"key":"Centennial Puzzle"},{"floor":14,"key":"Darkstone Periapt"}],"event_choices":[{"damage_healed":0,"gold_gain":75,"player_choice":"Gold","damage_taken":11,"max_hp_gain":0,"max_hp_loss":0,"event_name":"betterThird:BetterGoop","floor":5,"gold_loss":0},{"damage_healed":0,"gold_gain":0,"cards_transformed":["Strike_R"],"player_choice":"Transformed","damage_taken":0,"max_hp_gain":0,"max_hp_loss":0,"event_name":"Transmorgrifier","floor":10,"gold_loss":0,"cards_obtained":["Dark Embrace"]}],"is_beta":false,"boss_relics":[],"items_purged_floors":[13],"is_endless":false,"potions_floor_spawned":[4,12],"killed_by":"The Guardian","ascension_level":9}}