{"host":"h2977v3ax51ohsow","time":1614348259,"event":{"mods":["Act Like it!","BaseMod","Colored Powertips","Library of Ruina","Library of Ruina Extra","Marisa£®ÏF”Í°°ƒß¿Ì…≥£©","Minty Spire (QoL Compilation)","Quick Restart","StSLib","noobMod"],"gold_per_floor":[369,385,385,403,403,429,429,463,488,498,112,124,72,84,84,186,186,199,199,213,237,247,281,99,24,48,66,95,95,123,135,135,236,236,254,268,268,284,296,322,333,365,365,380,380,415,415,432,432,432,432,432,432,34,67,67],"floor_reached":57,"language":"ZHS","playtime":3375,"items_purged":[],"score":1714,"play_id":"827930c5-bcd0-4f47-87c1-fad79f48d0f7","local_time":"20210226220419","is_ascension_mode":true,"campfire_choices":[{"data":"MindCrush","floor":7,"key":"SMITH"},{"data":"RhinoRam","floor":15,"key":"SMITH"},{"floor":29,"key":"RECALL"},{"data":"GroundSmash","floor":32,"key":"SMITH"},{"data":"FlamingDragonFist","floor":45,"key":"SMITH"},{"data":"CrackOfDawn","floor":49,"key":"SMITH"},{"data":"BlindFaith","floor":53,"key":"SMITH"}],"circlet_count":0,"master_deck":["Dodge","LightAttack","LightAttack","LightDefense","ChargeAndCover","FocusedStrikes","BulkyImpact+1","SerpentineBarrier","GrazeTheGrass","MindCrush+1","BiAn","RhinoRam+1","SuanNi","Duel_lor","QuickSuppression","Concentration","GroundSmash+1","BlindFaith+1","FlashOfSunup","TheWillOfTheCity","CrackOfDawn+1","GreatSerpentsImpact+1","GrazeTheGrass","GrazeTheGrass","BiXi","FlamingDragonFist+1","CoordinatedAssault+1","Clone+1","TheWillOfTheCity+1","Parasite","TheWillOfTheCity","SerpentSwordTechnique+1","OminousPower+1","MindWhip+1","BulkyImpact","JiaoTu"],"relics":["PageOfLibrarian","ice","PageOfTodaysShyLook","PageOfBloodbath","Lantern","PageOfForsakenMurderer","Runic Dome","PageOfApocalypseBird","Potion Belt","Ancient Tea Set","HornCleat","Bag of Marbles","PageOfBlackSwan","PageOfMercenary","StoneCalendar","PageOfGreed","PageOfTheQueenOfHatred","Oddly Smooth Stone","PageOfTheKnightOfDespair"],"acts_visited":["Exordium","TheCity","TheBeyond","TheEnding"],"potions_floor_usage":[6,16,23,33,40,46,46,50,50,56,56,56],"damage_taken":[{"damage":1,"enemies":"Cultist","floor":1,"turns":4},{"damage":0,"enemies":"2 Louse","floor":2,"turns":2},{"damage":0,"enemies":"Small Slimes","floor":4,"turns":4},{"damage":25,"enemies":"Lagavulin","floor":6,"turns":7},{"damage":9,"enemies":"3 Sentries","floor":8,"turns":6},{"damage":4,"enemies":"Red Slaver","floor":10,"turns":2},{"damage":0,"enemies":"Exordium Wildlife","floor":12,"turns":3},{"damage":0,"enemies":"Looter","floor":14,"turns":1},{"damage":9,"enemies":"Slime Boss","floor":16,"turns":6},{"damage":1,"enemies":"Shell Parasite","floor":18,"turns":4},{"damage":0,"enemies":"3 Byrds","floor":20,"turns":3},{"damage":0,"enemies":"Centurion and Healer","floor":22,"turns":2},{"damage":0,"enemies":"Gremlin Leader","floor":23,"turns":4},{"damage":0,"enemies":"Snake Plant","floor":27,"turns":2},{"damage":12,"enemies":"Slavers","floor":28,"turns":2},{"damage":0,"enemies":"Gremlin Leader","floor":30,"turns":3},{"damage":0,"enemies":"Sentry and Sphere","floor":31,"turns":3},{"damage":4,"enemies":"Champ","floor":33,"turns":8},{"damage":0,"enemies":"Orb Walker","floor":35,"turns":2},{"damage":8,"enemies":"3 Darklings","floor":36,"turns":4},{"damage":0,"enemies":"Transient","floor":38,"turns":5},{"damage":0,"enemies":"Maw","floor":39,"turns":4},{"damage":65,"enemies":"Giant Head","floor":40,"turns":7},{"damage":0,"enemies":"Writhing Mass","floor":41,"turns":3},{"damage":14,"enemies":"Nemesis","floor":42,"turns":3},{"damage":5,"enemies":"Sphere and 2 Shapes","floor":44,"turns":2},{"damage":0,"enemies":"Giant Head","floor":46,"turns":5},{"damage":0,"enemies":"Jaw Worm Horde","floor":48,"turns":3},{"damage":2,"enemies":"Time Eater","floor":50,"turns":6},{"damage":23,"enemies":"Time Eater","floor":51,"turns":8},{"damage":19,"enemies":"Shield and Spear","floor":55,"turns":5},{"damage":47,"enemies":"The Heart","floor":56,"turns":6}],"seed_played":"7260570696709770380","potions_obtained":[{"floor":2,"key":"Block Potion"},{"floor":6,"key":"SteroidPotion"},{"floor":8,"key":"Strength Potion"},{"floor":10,"key":"DistilledChaos"},{"floor":14,"key":"Regen Potion"},{"floor":16,"key":"FairyPotion"},{"floor":20,"key":"Swift Potion"},{"floor":22,"key":"AttackPotion"},{"floor":23,"key":"Weak Potion"},{"floor":31,"key":"Regen Potion"},{"floor":36,"key":"DuplicationPotion"},{"floor":38,"key":"CultistPotion"},{"floor":41,"key":"Block Potion"},{"floor":44,"key":"Energy Potion"},{"floor":55,"key":"Regen Potion"}],"is_trial":false,"path_per_floor":["M","M","?","M","?","E","R","E","T","M","$","M","$","M","R","B",null,"M","?","M","T","M","E","$","?","T","M","E","R","E","M","R","B",null,"M","M","?","M","M","E","M","E","T","M","R","E","?","M","R","B",null,null,"R","$","E","B",null],"character_chosen":"Librarian","items_purchased":["PageOfForsakenMurderer","SuanNi","QuickSuppression","Potion Belt","GrazeTheGrass","BulkyImpact","Oddly Smooth Stone","BlessingOfTheForge","LiquidMemories","Strength Potion"],"campfire_rested":0,"item_purchase_floors":[11,11,13,24,24,54,54,54,54,54],"current_hp_per_floor":[41,41,41,45,45,22,22,13,13,9,9,9,9,9,9,14,83,82,82,82,82,82,82,82,82,82,82,70,70,70,70,70,66,89,89,77,77,77,77,30,30,16,16,13,13,13,13,15,15,15,54,82,82,82,63,31],"gold":67,"neow_bonus":"TWO_FIFTY_GOLD","is_daily":false,"chose_seed":false,"campfire_upgraded":6,"win_rate":0.0,"timestamp":1614348259,"path_taken":["M","?","?","?","?","E","R","E","T","M","$","M","$","M","R","BOSS","M","?","M","?","M","E","?","?","T","M","E","R","E","M","R","BOSS","M","M","?","M","M","E","M","E","T","M","R","E","?","M","R","BOSS","R","$","E","BOSS"],"items_purchased_type":["Relic","Card","Card","Relic","Card","Card","Relic","Potion","Potion","Potion"],"build_version":"2020-12-22","purchased_purges":0,"victory":true,"max_hp_per_floor":[63,73,73,73,73,77,77,83,83,83,83,83,83,83,83,83,83,83,83,83,83,83,83,83,83,83,83,89,89,89,89,89,89,89,89,77,77,77,77,77,77,77,77,77,77,77,77,77,77,77,82,82,82,82,93,134],"card_choices":[{"not_picked":["KeepItFresh","Unlock1","SnakesPrey"],"picked":"BulkyImpact","floor":1},{"not_picked":["HandleRequest","SunsetBlade","FervidEmotions"],"picked":"SerpentineBarrier","floor":2},{"not_picked":["VenomousFangs","SnakesPrey","ViolentFlame"],"picked":"GrazeTheGrass","floor":4},{"not_picked":["HandleRequest","SinglePointStab","FervidEmotions"],"picked":"MindCrush","floor":6},{"not_picked":["ProselytesBlade","DarkCloud","WillOfThePrescript"],"picked":"BiAn","floor":8},{"not_picked":["SnakesPrey","GreatSerpentsImpact","ButterflySlash"],"picked":"RhinoRam","floor":10},{"not_picked":["SunsetBlade","ForTheFamily","Multislash"],"picked":"Duel_lor","floor":12},{"not_picked":["StrikeDown","EndlessBattle","ToWhereThePrescriptPoints"],"picked":"Concentration","floor":14},{"not_picked":["Disposal","DistortedBlade"],"picked":"GroundSmash","floor":16},{"not_picked":["SerpentineBarrier","OminousPower","Eject+1","DesperateStruggle"],"picked":"SKIP","floor":18},{"not_picked":["StrikeDown","WillOfThePrescript","PinpointShot"],"picked":"TheWillOfTheCity","floor":20},{"not_picked":["SilentMist","DesperateStruggle+1","ConcentratedFire+1"],"picked":"CrackOfDawn","floor":22},{"not_picked":["BlazingStrike","ViolentFlame","SnakesPrey"],"picked":"GreatSerpentsImpact+1","floor":23},{"not_picked":["IdentifyWeakpoint","HandleRequest+1","GreatSerpentsImpact","CookingPrep"],"picked":"SKIP","floor":27},{"not_picked":["FeatherShield","BiAn","HandleRequest","SnakeSlit"],"picked":"SKIP","floor":28},{"not_picked":["ViolentFlame+1","ICanCookAnything","SerpentSwordTechnique"],"picked":"GrazeTheGrass","floor":30},{"not_picked":["ConcentratedFire+1","SunsetBlade","DesperateStruggle"],"picked":"BiXi","floor":31},{"not_picked":["Lock","Decapitation"],"picked":"FlamingDragonFist","floor":33},{"not_picked":["WillOfThePrescript","SerpentineBarrier","EndlessBattle+1","SearingSword+1"],"picked":"SKIP","floor":35},{"not_picked":["SnakeSlit","SnakesPrey+1","SomberProcuration","Multislash"],"picked":"SKIP","floor":36},{"not_picked":["FlyingSword+1","ViolentFlame+1","FierceCharge+1"],"picked":"CoordinatedAssault+1","floor":38},{"not_picked":["HandleRequest+1","BlindFaith","SerpentSwordTechnique"],"picked":"Clone+1","floor":39},{"not_picked":["BlindFaith","ToOvercomeCrisis+1","WillOfThePrescript+1"],"picked":"TheWillOfTheCity+1","floor":40},{"not_picked":["SnakesPrey","DarkCloud","DesperateStruggle+1"],"picked":"TheWillOfTheCity","floor":41},{"not_picked":["MindCrush","SunsetBlade+1","SearingSword"],"picked":"SerpentSwordTechnique+1","floor":42},{"not_picked":["FierceCharge","ForTheFamily+1","PinpointShot+1","HandleRequest"],"picked":"SKIP","floor":44},{"not_picked":["Multislash","EnergyShield","PinpointShot+1"],"picked":"OminousPower+1","floor":46},{"not_picked":["TheWillOfTheCity","SerpentineBarrier","WillOfThePrescript+1"],"picked":"MindWhip+1","floor":48},{"not_picked":["ChiWen","CoordinatedAssault+1","Unlock1"],"picked":"JiaoTu","floor":55}],"player_experience":133617,"relics_obtained":[{"floor":6,"key":"PageOfTodaysShyLook"},{"floor":8,"key":"PageOfBloodbath"},{"floor":9,"key":"Lantern"},{"floor":23,"key":"PageOfApocalypseBird"},{"floor":26,"key":"Ancient Tea Set"},{"floor":28,"key":"HornCleat"},{"floor":30,"key":"Bag of Marbles"},{"floor":40,"key":"PageOfMercenary"},{"floor":42,"key":"StoneCalendar"},{"floor":43,"key":"PageOfGreed"},{"floor":46,"key":"PageOfTheQueenOfHatred"},{"floor":55,"key":"PageOfTheKnightOfDespair"}],"event_choices":[{"damage_healed":0,"gold_gain":0,"player_choice":"Upgraded","damage_taken":0,"max_hp_gain":0,"max_hp_loss":0,"event_name":"Upgrade Shrine","floor":3,"gold_loss":0,"cards_upgraded":["BulkyImpact"]},{"cards_removed":["LightDefense"],"damage_healed":0,"gold_gain":0,"player_choice":"Purged","damage_taken":0,"max_hp_gain":0,"max_hp_loss":0,"event_name":"Purifier","floor":5,"gold_loss":0},{"damage_healed":0,"gold_gain":0,"cards_transformed":["LightAttack","LightDefense"],"player_choice":"Became Test Subject","damage_taken":0,"max_hp_gain":0,"max_hp_loss":0,"event_name":"Drug Dealer","floor":19,"gold_loss":0,"cards_obtained":["BlindFaith","FlashOfSunup"]},{"cards_removed":["LightDefense"],"damage_healed":0,"gold_gain":0,"player_choice":"Gave Gold","damage_taken":0,"max_hp_gain":0,"max_hp_loss":0,"event_name":"Beggar","floor":25,"gold_loss":75},{"damage_healed":0,"gold_gain":0,"player_choice":"Memory 1","damage_taken":0,"max_hp_gain":0,"max_hp_loss":0,"event_name":"SensoryStone","floor":37,"gold_loss":0},{"damage_healed":0,"gold_gain":0,"player_choice":"Ignored","damage_taken":0,"max_hp_gain":0,"max_hp_loss":0,"event_name":"Tomb of Lord Red Mask","floor":47,"gold_loss":0}],"is_beta":false,"boss_relics":[{"not_picked":["Sozu","Ectoplasm"],"picked":"Runic Dome"},{"not_picked":["Tiny House","Empty Cage"],"picked":"PageOfBlackSwan"}],"items_purged_floors":[],"is_endless":false,"potions_floor_spawned":[2,6,8,10,14,16,20,22,23,31,36,38,39,41,44,55],"ascension_level":4}}