{"host":"3498uni0c31c9bdm","time":1614323501,"event":{"mods":["BaseMod","Better Match","Better Note","Better Sensory Stone","Better Skull","Better Third Choice","Colored Map","Minty Spire (QoL Compilation)","Quick Restart","RNG Fix","Random Character Button","Replay The Spire","Shop Mod","Smile Girya","StSLib","Unceasing Turn Reminder"],"gold_per_floor":[117,129,129,142,142,169,18,45,45,61,336,347,347,347,347,442,442,458,474,31,49,12,12,40,55,55,55,55,90,90,110,110,205,205,224,240,354,91,101,101,101,112,112,127,127,127,161,186,186,198,198,198,27,60,60,60],"floor_reached":55,"language":"ENG","playtime":2850,"items_purged":[],"score":1190,"play_id":"df06b4e4-dfa5-45a4-8438-01f53056116c","local_time":"20210226181141","is_ascension_mode":true,"campfire_choices":[{"floor":15.0,"key":"RECALL"},{"data":"Berserk","floor":23,"key":"SMITH"},{"floor":32,"key":"DIG"},{"floor":40,"key":"DIG"},{"floor":46,"key":"DIG"},{"floor":52,"key":"DIG"}],"circlet_count":0,"master_deck":["AscendersBane","Strike_R","Strike_R","Strike_R","Strike_R","Defend_R","Defend_R","Defend_R","Bash","Twin Strike","Searing Blow","Finesse","Perfected Strike","Hemogenesis","Replay:Undeath\u0027s Touch","Berserk+1","Clothesline","Pommel Strike","Replay:Many Hands","Shrug It Off+1","Cleave","Pommel Strike","Armaments+1","Fire Breathing+1","Impervious","Metallicize","Abandon+1","Juggernaut","Body Slam","Reckless Charge","Combust","Shrug It Off","Havoc+1","Replay:Bootleg Shield Generator","Thunderclap","Writhe","Infernal Blade","Metallicize","Fire Breathing+1","Flame Barrier+1","Ghostly Armor","Entrench"],"relics":["Burning Blood","MealTicket","Replay:Mystery Machine","Replay:Accelerometer","Torii","Replay:Kaleidoscope","Ooze Armor","Charon\u0027s Ashes","PreservedInsect","Shovel","Bronze Scales","Mirror","Bottled Flame","Pen Nib","ChewingGum","ReplayFunnel","MerchantsRug","ReplayTheSpireMod:Spearhead","Orichalcum","Blue Candle","Gremlin Horn"],"acts_visited":["Exordium","TheCity","TheBeyond","TheEnding"],"potions_floor_usage":[29,29,33,47,50,55,55],"damage_taken":[{"damage":0.0,"enemies":"Small Slimes","floor":1.0,"turns":3.0},{"damage":6.0,"enemies":"Cultist","floor":2.0,"turns":3.0},{"damage":4.0,"enemies":"2 Louse","floor":4.0,"turns":3.0},{"damage":26.0,"enemies":"3 Sentries","floor":6.0,"turns":8.0},{"damage":24.0,"enemies":"Gremlin Nob","floor":8.0,"turns":4.0},{"damage":15.0,"enemies":"Red Slaver","floor":10.0,"turns":4.0},{"damage":1.0,"enemies":"Exordium Wildlife","floor":12.0,"turns":4.0},{"damage":44.0,"enemies":"The Guardian","floor":16.0,"turns":15.0},{"damage":20,"enemies":"Chosen","floor":18,"turns":4},{"damage":1,"enemies":"3 Byrds","floor":19,"turns":5},{"damage":16,"enemies":"Centurion and Healer","floor":21,"turns":6},{"damage":1,"enemies":"Replay:Snechameleon","floor":24,"turns":5},{"damage":14,"enemies":"Snecko","floor":25,"turns":3},{"damage":9,"enemies":"Slavers","floor":29,"turns":3},{"damage":9,"enemies":"Snake Plant","floor":31,"turns":4},{"damage":59,"enemies":"Automaton","floor":33,"turns":11},{"damage":14,"enemies":"Orb Walker","floor":35,"turns":3},{"damage":2,"enemies":"3 Shapes","floor":36,"turns":5},{"damage":2,"enemies":"Maw","floor":39,"turns":7},{"damage":24,"enemies":"Spire Growth","floor":42,"turns":5},{"damage":22,"enemies":"Writhing Mass","floor":44,"turns":7},{"damage":6,"enemies":"Reptomancer","floor":47,"turns":6},{"damage":4,"enemies":"Sphere and 2 Shapes","floor":48,"turns":4},{"damage":30,"enemies":"Time Eater","floor":50,"turns":10},{"damage":59,"enemies":"Shield and Spear","floor":54,"turns":6},{"damage":70,"enemies":"The Heart","floor":55,"turns":8}],"seed_played":"1487601035497410335","potions_obtained":[{"floor":1.0,"key":"Languid Potion"},{"floor":2.0,"key":"Weak Potion"},{"floor":8.0,"key":"EssenceOfSteel"},{"floor":21,"key":"Elixir"},{"floor":24,"key":"Weak Potion"},{"floor":25,"key":"Energy Potion"},{"floor":29,"key":"Venom Potion"}],"is_trial":false,"path_per_floor":["M","M","?","M","?","E","$","E","T","M","?","M","?","T","R","B",null,"M","M","$","M","$","R","E","M","T","?","?","E","?","M","R","B",null,"M","M","?","$","M","R","?","M","T","M","?","R","E","M","R_BF","B",null,"R","$","E","B"],"character_chosen":"IRONCLAD","items_purchased":["Omamori","Charon\u0027s Ashes","PreservedInsect","Armaments+1","BargainBundle","Combust","Shrug It Off","Havoc","Replay:Bootleg Shield Generator","PowerPotion","Strength Potion","MerchantsRug","Block Potion","Ghostly Armor","Toxic Potion"],"campfire_rested":0,"item_purchase_floors":[7,20,20,22,38,38,38,38,38,38,38,38,53,53,53],"current_hp_per_floor":[78,78,78,80,80,60,75,57,57,48,48,58,78,78,78,45,71,62,67,80,75,80,80,80,72,72,72,72,69,69,66,66,13,63,55,59,34,49,62,62,80,62,62,46,46,46,46,48,72,53,73,73,80,32,0,0],"gold":60,"neow_bonus":"RANDOM_COMMON_RELIC","is_daily":false,"chose_seed":false,"campfire_upgraded":1,"win_rate":0.0,"timestamp":1614323501,"path_taken":["M","?","?","M","?","E","?","E","T","?","?","M","?","?","R","BOSS","M","M","?","M","$","R","E","M","T","?","?","E","?","?","R","BOSS","M","?","?","$","M","R","?","M","T","?","?","R","E","?","R_BF","BOSS","R","$","E","BOSS"],"items_purchased_type":["Relic","Relic","Relic","Card","Relic","Card","Card","Card","Card","Potion","Potion","Relic","Potion","Card","Potion"],"build_version":"2020-12-22","purchased_purges":0,"victory":false,"max_hp_per_floor":[80,80,80,80,80,80,80,80,80,80,80,80,80,80,80,80,80,80,80,80,80,80,80,80,80,80,80,80,80,80,80,80,80,80,80,80,80,80,80,80,80,80,80,80,80,80,80,80,80,80,80,80,80,80,80,80],"card_choices":[{"not_picked":["ReplayTheSpireMod:Strike From Hell","Infernal Blade"],"picked":"Twin Strike","floor":1.0},{"not_picked":["True Grit","ReplayTheSpireMod:Strike From Hell"],"picked":"Searing Blow","floor":2.0},{"not_picked":["Violence","Bandage Up"],"picked":"Finesse","floor":3.0},{"not_picked":["Power Through","Headbutt"],"picked":"Perfected Strike","floor":4.0},{"not_picked":["Shrug It Off","Flex"],"picked":"Replay:Undeath\u0027s Touch","floor":6.0},{"not_picked":["Sentinel","Battle Trance"],"picked":"Berserk","floor":8.0},{"not_picked":["Defy Death","Replay:Undeath\u0027s Touch"],"picked":"Clothesline","floor":10.0},{"not_picked":["Cleave","Warcry"],"picked":"Pommel Strike","floor":12.0},{"not_picked":["Exhume","Impervious"],"picked":"Replay:Many Hands","floor":16.0},{"not_picked":["Havoc","Rupture"],"picked":"Shrug It Off+1","floor":18},{"not_picked":["Blood for Blood+1","Havoc"],"picked":"Cleave","floor":19},{"not_picked":["Sever Soul","Clothesline"],"picked":"Pommel Strike","floor":21},{"not_picked":["Entrench","Hemokinesis"],"picked":"Fire Breathing+1","floor":24},{"not_picked":["Rupture","Cleave"],"picked":"Impervious","floor":25},{"not_picked":["Dropkick","Cleave"],"picked":"Metallicize","floor":29},{"not_picked":["True Grit","Heavy Blade+1"],"picked":"Abandon+1","floor":31},{"not_picked":["Limit Break","Feed"],"picked":"Juggernaut","floor":33},{"not_picked":["Armaments","Sword Boomerang"],"picked":"Body Slam","floor":35},{"not_picked":["Heavy Blade","Burning Pact"],"picked":"Reckless Charge","floor":36},{"not_picked":["Perfected Strike","Twin Strike"],"picked":"Thunderclap","floor":39},{"not_picked":["Twin Strike+1","Run Through"],"picked":"Infernal Blade","floor":42},{"not_picked":["Combust","Battle Trance"],"picked":"Metallicize","floor":44},{"not_picked":["Warcry","Twin Strike+1"],"picked":"Fire Breathing+1","floor":47},{"not_picked":["Entrench","Berserk"],"picked":"Flame Barrier+1","floor":48},{"not_picked":["Thunderclap","Pommel Strike"],"picked":"Entrench","floor":54}],"player_experience":944305,"relics_obtained":[{"floor":6.0,"key":"Replay:Mystery Machine"},{"floor":8.0,"key":"Replay:Accelerometer"},{"floor":9.0,"key":"Torii"},{"floor":14.0,"key":"Replay:Kaleidoscope"},{"floor":24,"key":"Shovel"},{"floor":26,"key":"Bronze Scales"},{"floor":29,"key":"Bottled Flame"},{"floor":32,"key":"Pen Nib"},{"floor":40,"key":"ReplayTheSpireMod:Spearhead"},{"floor":46,"key":"Orichalcum"},{"floor":47,"key":"Replay:Bandana"},{"floor":52,"key":"Blue Candle"},{"floor":54,"key":"Gremlin Horn"}],"event_choices":[{"damage_healed":0.0,"max_hp_gain":0.0,"max_hp_loss":0.0,"gold_gain":1.0,"event_name":"betterStone:BetterStone","player_choice":"1","floor":3.0,"gold_loss":0.0,"damage_taken":0.0},{"damage_healed":0.0,"max_hp_gain":0.0,"max_hp_loss":0.0,"gold_gain":0.0,"cards_transformed":["Defend_R"],"event_name":"Transmorgrifier","player_choice":"Transformed","floor":5.0,"gold_loss":0.0,"damage_taken":0.0,"cards_obtained":["Hemogenesis"]},{"damage_healed":0.0,"max_hp_gain":0.0,"max_hp_loss":0.0,"gold_gain":275.0,"event_name":"Golden Shrine","player_choice":"Desecrate","floor":11.0,"gold_loss":0.0,"damage_taken":0.0,"cards_obtained":["Regret"]},{"damage_healed":20.0,"max_hp_gain":0.0,"max_hp_loss":0.0,"gold_gain":0.0,"event_name":"Mushrooms","player_choice":"Healed and dodged fight","floor":13.0,"gold_loss":0.0,"damage_taken":0.0,"cards_obtained":["Parasite"]},{"damage_healed":0,"gold_gain":0,"player_choice":"Stole Relic","damage_taken":0,"relics_obtained":["Mirror"],"max_hp_gain":0,"max_hp_loss":0,"event_name":"Addict","floor":27,"gold_loss":0,"cards_obtained":["Shame"]},{"cards_removed":["Shame"],"damage_healed":0,"gold_gain":0,"player_choice":"Purged","damage_taken":0,"max_hp_gain":0,"max_hp_loss":0,"event_name":"Purifier","floor":28,"gold_loss":0},{"damage_healed":0,"gold_gain":0,"player_choice":"Ignored","damage_taken":0,"max_hp_gain":0,"max_hp_loss":0,"event_name":"Ghosts","floor":30,"gold_loss":0},{"damage_healed":0,"gold_gain":114,"player_choice":"GO RE ","damage_taken":28,"relics_obtained":["ReplayFunnel"],"max_hp_gain":0,"max_hp_loss":0,"event_name":"betterSkull:BetterSkull","floor":37,"gold_loss":0,"cards_upgraded":[]},{"damage_healed":20,"gold_gain":0,"player_choice":"Writhe","damage_taken":0,"max_hp_gain":0,"max_hp_loss":0,"event_name":"Winding Halls","floor":41,"gold_loss":0,"cards_obtained":["Writhe"]},{"cards_removed":["Strike_R"],"damage_healed":0,"gold_gain":0,"player_choice":"Purged","damage_taken":0,"max_hp_gain":0,"max_hp_loss":0,"event_name":"Purifier","floor":45,"gold_loss":0}],"is_beta":false,"boss_relics":[{"not_picked":["Replay:Grab Bag","Abe\u0027s Treasure"],"picked":"Ooze Armor"},{"not_picked":["SacredBark","Fusion Hammer"],"picked":"ChewingGum"}],"items_purged_floors":[],"is_endless":false,"potions_floor_spawned":[1,2,6,8,21,24,25,29,39,42,44],"killed_by":"The Heart","ascension_level":12}}