{"host":"p9fmk1zxjhqthrxg","time":1614308233,"event":{"mods":["BaseMod","Bestiary","Colored Map","Colored Powertips","Highlight Path","Minty Spire (QoL Compilation)","Random Character Button","Rare Cards Sparkle","StSLib"],"gold_per_floor":[111,121,132,144,157,157,157,175,199,211,231,257,274,289,289,289,289],"floor_reached":16,"language":"ENG","playtime":1239,"items_purged":[],"score":110,"play_id":"bf2eb5d5-9fa7-44a0-aaa9-fff6b40d298c","local_time":"20210225205713","is_ascension_mode":false,"campfire_choices":[{"data":"Doppelganger","floor":6,"key":"SMITH"},{"floor":15,"key":"REST"}],"circlet_count":0,"master_deck":["Strike_G","Strike_G","Strike_G","Strike_G","Strike_G","Defend_G","Defend_G","Defend_G","Defend_G","Defend_G","Survivor","Neutralize","Clumsy","Underhanded Strike","Doppelganger+1","Crippling Poison","Calculated Gamble","Calculated Gamble","Acrobatics","All Out Attack","Tactician","Expertise","Quick Slash","Malaise"],"relics":["Ring of the Snake","Ginger","Tiny Chest","Smiling Mask"],"acts_visited":["Exordium"],"potions_floor_usage":[8,8,8,14,16,16,16],"damage_taken":[{"damage":0,"enemies":"Small Slimes","floor":1,"turns":4},{"damage":0,"enemies":"Cultist","floor":2,"turns":3},{"damage":7,"enemies":"2 Louse","floor":3,"turns":4},{"damage":4,"enemies":"Blue Slaver","floor":4,"turns":5},{"damage":6,"enemies":"Red Slaver","floor":5,"turns":4},{"damage":2,"enemies":"Looter","floor":8,"turns":4},{"damage":10,"enemies":"Large Slime","floor":10,"turns":8},{"damage":2,"enemies":"Exordium Wildlife","floor":11,"turns":4},{"damage":27,"enemies":"Lagavulin","floor":12,"turns":8},{"damage":8,"enemies":"Exordium Thugs","floor":13,"turns":4},{"damage":0,"enemies":"Red Slaver","floor":14,"turns":5},{"damage":27,"enemies":"Hexaghost","floor":16,"turns":17}],"seed_played":"-5908113425602034320","potions_obtained":[{"floor":2,"key":"SkillPotion"},{"floor":3,"key":"PowerPotion"},{"floor":4,"key":"SkillPotion"},{"floor":5,"key":"EntropicBrew"},{"floor":7,"key":"CultistPotion"},{"floor":11,"key":"CunningPotion"},{"floor":13,"key":"AttackPotion"},{"floor":14,"key":"SneckoOil"}],"is_trial":false,"path_per_floor":["M","M","M","M","M","R","?","M","T","M","M","E","M","M","R","B"],"character_chosen":"THE_SILENT","items_purchased":[],"campfire_rested":1,"item_purchase_floors":[],"current_hp_per_floor":[70,70,63,59,53,53,53,51,51,41,39,12,4,4,25,0,0],"gold":289,"neow_bonus":"ONE_RARE_RELIC","is_daily":false,"chose_seed":false,"campfire_upgraded":1,"win_rate":0.0,"timestamp":1614308233,"path_taken":["M","M","M","M","M","R","?","M","T","?","M","E","M","M","R","BOSS"],"items_purchased_type":[],"build_version":"2020-12-22","purchased_purges":0,"victory":false,"max_hp_per_floor":[70,70,70,70,70,70,70,70,70,70,70,70,70,70,70,70,70],"card_choices":[{"not_picked":["Quick Slash","Deflect"],"picked":"Underhanded Strike","floor":1},{"not_picked":["Slice","Deflect"],"picked":"Doppelganger","floor":2},{"not_picked":["Quick Slash","Bane"],"picked":"Crippling Poison","floor":3},{"not_picked":["Quick Slash","Leg Sweep"],"picked":"Calculated Gamble","floor":4},{"not_picked":["Expertise","Poisoned Stab"],"picked":"Calculated Gamble","floor":5},{"not_picked":["Cloak And Dagger","Backflip"],"picked":"Acrobatics","floor":8},{"not_picked":["Outmaneuver","Acrobatics"],"picked":"All Out Attack","floor":10},{"not_picked":["Accuracy","Bouncing Flask"],"picked":"Tactician","floor":11},{"not_picked":["Sucker Punch","Slice"],"picked":"Expertise","floor":12},{"not_picked":["Acrobatics","Dagger Throw"],"picked":"Quick Slash","floor":13},{"not_picked":["Slice","Backflip"],"picked":"Malaise","floor":14}],"player_experience":162474,"relics_obtained":[{"floor":9,"key":"Tiny Chest"},{"floor":12,"key":"Smiling Mask"}],"event_choices":[{"damage_healed":0,"gold_gain":0,"player_choice":"Got Potions","damage_taken":0,"max_hp_gain":0,"max_hp_loss":0,"event_name":"Lab","floor":7,"gold_loss":0}],"is_beta":false,"boss_relics":[],"items_purged_floors":[],"is_endless":false,"potions_floor_spawned":[2,3,4,5,11,13,14],"killed_by":"Hexaghost","ascension_level":0}}