{"host":"4zd9qxtdu4r42b0n","time":1614308693,"event":{"mods":["100% Spire Juice","Act Like it!","BaseMod","Beaked The Cultist","Better Third Choice","BetterRewards","ChefMod","Colored Map","Dota2Spire","Elementarium","Hermit","Hubris","Infinite Spire","Jorbs\u0027s Wanderer Trilogy","Koishi","Marisa????????","Menagerie","Minty Spire (QoL Compilation)","Potionbrewer","Rare Cards Sparkle","Relic Stats","Reliquary","Replay The Spire","Robot Space Explorer","Ruina","Shade Mod","Shapeshifter Mod","Spicy Shops","Spire Arcade","StSLib","The Animator","The Caster","The Clintock","The Construct","The Cursed","The Dragon Tamer","The Dragonkin","The Fake Hero","The Gatherer","The Hayseed","The Jungle","The Marked","The Mystic","The Necromancer","The Runesmith","The Servant 0.9.4","The Spell Scribe","TheFirefly","Wandering Minibosses","thorton","??????REMEMod"],"gold_per_floor":[116,135,135,135,35,58,82,82,109,17,8,24,24,32,32,83,83,94,101,117,117,117,117,117,117],"floor_reached":24,"language":"ENG","playtime":1062,"items_purged":[],"score":198,"play_id":"3f7eba82-ceb2-46d6-bdbe-a5b8f0a5ae1d","local_time":"20210225220453","daily_mods":["Allstar","Uncertain Future","Binary"],"is_ascension_mode":false,"campfire_choices":[{"data":"Moonworks:IndiscriminateFireSupport","floor":8,"key":"SMITH"},{"floor":13,"key":"REST"},{"data":"Moonworks:AnotherUltimateWeapon","floor":15,"key":"SMITH"}],"circlet_count":0,"master_deck":["Moonworks:Strike","Moonworks:Strike","Moonworks:Strike","Moonworks:Strike","Moonworks:Defend","Moonworks:Defend","Moonworks:Defend","Moonworks:Defend","Moonworks:Ambush","Moonworks:LongDistanceShot","ReplayTheSpireMod:Trickstab","Secret Weapon","hubris:Insight","Swift Strike","Metamorphosis","Time Bomb","Moonworks:SweetBattle","Moonworks:LulusLuckyEgg","Moonworks:IndiscriminateFireSupport+1","Moonworks:SakisCookie","Moonworks:BigBangBell","Moonworks:AnotherUltimateWeapon+1","Moonworks:Dash","Moonworks:Accelerator","Moonworks:IndiscriminateFireSupport","ruina:HomingInstinct","Pain"],"relics":["Moonworks:BrokenBomb","Moonworks:Homemark","REME_ComplimentaryCards","Menagerie:HuntersKnife","reliquary:SilkGlove","Menagerie:Aurumvore","Prayer Wheel","beaked:MawFillet","construct:FoamFinger","Fusion Hammer","Du-Vu Doll"],"acts_visited":["Menagerie:Menagerie","ruina:Briah"],"potions_floor_usage":[16,18,19,20],"damage_taken":[{"damage":9,"enemies":"Menagerie:WhisperingWraith","floor":1,"turns":4},{"damage":5,"enemies":"Menagerie:StygianBoar","floor":2,"turns":3},{"damage":3,"enemies":"Menagerie:2_RABBITS","floor":6,"turns":2},{"damage":12,"enemies":"Menagerie:Hexasnake","floor":7,"turns":5},{"damage":7,"enemies":"Menagerie:BEAST_MAGE_AND_PROWLING_AMALGAM","floor":10,"turns":3},{"damage":18,"enemies":"Menagerie:Hydra","floor":12,"turns":4},{"damage":0,"enemies":"Menagerie:RedMage","floor":14,"turns":2},{"damage":15,"enemies":"Menagerie:Suneater","floor":16,"turns":6},{"damage":8,"enemies":"ruina:3_Bats","floor":18,"turns":4},{"damage":42,"enemies":"ruina:BadWolf","floor":19,"turns":6},{"damage":0,"enemies":"ruina:3_Scarecrows","floor":20,"turns":1},{"damage":8,"enemies":"Nightmare","floor":24,"turns":3}],"seed_played":"-146050653432699921","potions_obtained":[{"floor":7,"key":"AttackPotion"},{"floor":12,"key":"ColorlessPotion"},{"floor":16,"key":"LifebloodPotion"},{"floor":18,"key":"Fire Potion"},{"floor":20,"key":"BlessingOfTheForge"}],"is_trial":true,"path_per_floor":["M","M","?","?","$","M","M","R","T","M","?","E","R","M","R","B",null,"M","M","M","?","AVR","?","NM"],"character_chosen":"THE_STARBREAKER","items_purchased":["Moonworks:IndiscriminateFireSupport","PowerPotion"],"campfire_rested":1,"item_purchase_floors":[5,5],"current_hp_per_floor":[51,46,49,49,49,46,42,42,42,35,35,17,34,34,34,25,58,50,8,8,8,8,8,0,0],"gold":117,"neow_bonus":"","is_daily":false,"chose_seed":false,"campfire_upgraded":2,"win_rate":0.0,"timestamp":1614308693,"path_taken":["M","M","?","?","$","M","M","R","T","M","?","E","R","M","R","BOSS","M","M","M","?","AVR","?","NM"],"items_purchased_type":["Card","Potion"],"build_version":"2020-12-22","purchased_purges":0,"victory":false,"max_hp_per_floor":[60,60,63,58,58,58,58,58,58,58,58,58,58,58,58,58,58,58,58,58,58,58,58,58,58],"relic_stats":{"counters":[12,43],"Prayer Wheel":4,"obtain_stats":[{"Du-Vu Doll":23,"Frozen Eye":20,"reliquary:SilkGlove":9,"construct:FoamFinger":22,"Moonworks:Homemark":0,"Menagerie:HuntersKnife":4,"Menagerie:Aurumvore":11,"Prayer Wheel":12,"beaked:MawFillet":17,"Fusion Hammer":22,"Moonworks:BrokenBomb":0,"REME_ComplimentaryCards":0},{"Du-Vu Doll":11,"Frozen Eye":10,"reliquary:SilkGlove":4,"construct:FoamFinger":11,"Moonworks:Homemark":0,"Menagerie:HuntersKnife":2,"Menagerie:Aurumvore":5,"Prayer Wheel":6,"beaked:MawFillet":8,"Fusion Hammer":11,"Moonworks:BrokenBomb":0,"REME_ComplimentaryCards":0},{"Du-Vu Doll":40,"Frozen Eye":39,"reliquary:SilkGlove":14,"construct:FoamFinger":40,"Moonworks:Homemark":0,"Menagerie:HuntersKnife":7,"Menagerie:Aurumvore":17,"Prayer Wheel":21,"beaked:MawFillet":29,"Fusion Hammer":40,"Moonworks:BrokenBomb":0,"REME_ComplimentaryCards":0}]},"card_choices":[{"not_picked":["Moonworks:BigMagnum"],"picked":"Moonworks:SweetBattle","floor":1},{"not_picked":["Moonworks:JonathanRush"],"picked":"Moonworks:LulusLuckyEgg","floor":2},{"not_picked":["Moonworks:JonathanRush"],"picked":"Moonworks:SakisCookie","floor":6},{"not_picked":["Moonworks:Assault","Moonworks:BigMagnum"],"picked":"SKIP","floor":7},{"not_picked":["Moonworks:ImmovableObject","Moonworks:CloudOfSeagulls"],"picked":"SKIP","floor":10},{"not_picked":["Moonworks:SakisCookie"],"picked":"Moonworks:BigBangBell","floor":12},{"not_picked":["Moonworks:SakisCookie"],"picked":"Moonworks:AnotherUltimateWeapon","floor":14},{"not_picked":["Moonworks:LulusLuckyEgg"],"picked":"Moonworks:Dash","floor":14},{"not_picked":["Moonworks:MetallicMonocoque"],"picked":"Moonworks:Accelerator","floor":16},{"not_picked":["Moonworks:LulusLuckyEgg","Moonworks:BindingChains"],"picked":"SKIP","floor":18},{"not_picked":["Moonworks:DeployBits","Moonworks:LulusLuckyEgg"],"picked":"SKIP","floor":18},{"not_picked":["Moonworks:SelfDestruct","Moonworks:DevilHand"],"picked":"SKIP","floor":19},{"not_picked":["Moonworks:ImOnFire","Moonworks:JonathanRush"],"picked":"SKIP","floor":19},{"not_picked":["Moonworks:NicePresent"],"picked":"Moonworks:IndiscriminateFireSupport","floor":20},{"not_picked":["Moonworks:CloudOfSeagulls+1","Moonworks:BigMagnum"],"picked":"SKIP","floor":20}],"player_experience":1239981,"relics_obtained":[{"floor":9,"key":"reliquary:SilkGlove"},{"floor":12,"key":"Prayer Wheel"}],"event_choices":[{"damage_healed":0,"gold_gain":0,"player_choice":"Take","damage_taken":0,"relics_obtained":["Menagerie:HuntersKnife"],"max_hp_gain":0,"max_hp_loss":5,"event_name":"Menagerie:BigGameHunter","floor":4,"gold_loss":0},{"damage_healed":0,"gold_gain":0,"player_choice":"Pacify","damage_taken":0,"relics_obtained":["Menagerie:Aurumvore"],"max_hp_gain":0,"max_hp_loss":0,"event_name":"Menagerie:ScentOfGold","floor":11,"gold_loss":0}],"is_beta":false,"boss_relics":[{"not_picked":["Replay:Drink Me","infinitespire:Cupcake"],"picked":"beaked:MawFillet"}],"items_purged_floors":[],"is_endless":false,"potions_floor_spawned":[7,12,14,16,18,20],"killed_by":"Nightmare","ascension_level":0}}