{"host":"dvz52zoduqbx9zr0","time":1614322157,"event":{"mods":["AchievementEnabler","Always Whale","Aspiration","BaseMod","BetterRewards","Colored Map","Conspire","Custom Start","Downfall","Halation","Hubris","Jedi Mod","Minty Spire (QoL Compilation)","Relic Sorter","Replay The Spire","Shop Mod","StSLib","SuperFastMode"],"gold_per_floor":[99,112,127,60,60,60,60,87,87,87,87,87,114,24,38,139,139,139,157,169,18,36,65,65,165,184,213,213,231,251,251,270,371,371,271,271,350,360,210,10,10,23,23,23,39,49,49,65,82,82,82,115,8,8,8,8,8],"floor_reached":55,"language":"ENG","playtime":4535,"items_purged":["Slimebound:Strike_Slimebound","Slimebound:Replication","Slimebound:LevelUp+1","Slimebound:Strike_Slimebound","Slimebound:MassFeed+1"],"score":770,"play_id":"c490a9bf-8686-4bf4-b957-7c6741cd08e7","local_time":"20210226164917","is_ascension_mode":false,"campfire_choices":[{"data":"Slimebound:MassFeed","floor":1,"key":"SMITH"},{"data":"Slimebound:Prepare","floor":6,"key":"SMITH"},{"floor":10,"key":"REST"},{"data":"Slimebound:SelfFormingGoo","floor":18,"key":"SMITH"},{"data":"Slimebound:Grow","floor":28,"key":"SMITH"},{"floor":35,"key":"RECALL"},{"data":"Slimebound:Prepare","floor":40,"key":"SMITH"},{"data":"Slimebound:Prepare","floor":43,"key":"SMITH"},{"data":"Slimebound:MegaLick","floor":47,"key":"SMITH"},{"floor":54,"key":"REST"}],"circlet_count":0,"master_deck":["Slimebound:Strike_Slimebound","Slimebound:Tackle","Slimebound:Defend_Slimebound","Slimebound:Defend_Slimebound","Slimebound:Defend_Slimebound","Slimebound:Defend_Slimebound","Slimebound:Split","Slimebound:CorrosiveSpit+1","Slimebound:SplitBruiser","Slimebound:LeechEnergy","Slimebound:Prepare+1","Slimebound:SelfFormingGoo+1","Slimebound:RejuvenatingLick","Slimebound:SplitMire","Slimebound:RejuvenatingLick","Slimebound:GoopSpray","Slimebound:OneTwoCombo","Slimebound:DisruptingSlam","Slimebound:FinishingTackle+1","Slimebound:GoopSpray+1","Slimebound:Grow+1","Slimebound:Schlurp","hubris:NaturalOne","Slimebound:HauntingLick+1","Slimebound:Prepare+1","Slimebound:SlimeSpikes+1","Slimebound:Overexert","Slimebound:MassRepurpose","Slimebound:SamplingLick","Slimebound:Schlurp","Slimebound:MegaLick","Slimebound:MegaLick+1","Slimebound:Prepare+1","Slimebound:HauntingLick+1","Slimebound:SplitMire+1","Slimebound:SplitBruiser+1","Slimebound:LivingWall+1","Slimebound:TongueLash+1","Slimebound:Prepare"],"relics":["Slimebound:AbsorbEndCombat","hubris:Icosahedron","hubris:Zylophone","Letter Opener","Potion Belt","MerchantsRug","Juzu Bracelet","hubris:Towel","Chemical X","downfall:HeartBlessingGreen","downfall:HeartBlessingRed","downfall:HeartBlessingBlue","Chameleon Ring","downfall:TeleportStone","Mercury Hourglass","aspiration:Lifesprig"],"acts_visited":["Exordium","TheCity","TheBeyond","TheEnding"],"potions_floor_usage":[27,27,46,50,50,52,52],"damage_taken":[{"damage":2,"enemies":"conspire:RoseBush","floor":2,"turns":4},{"damage":5,"enemies":"Small Slimes","floor":3,"turns":3},{"damage":13,"enemies":"downfall:FleeingMerchant","floor":4,"turns":4},{"damage":38,"enemies":"3 Sentries","floor":8,"turns":7},{"damage":0,"enemies":"Cultist","floor":12,"turns":1},{"damage":16,"enemies":"Lagavulin","floor":13,"turns":5},{"damage":0,"enemies":"downfall:FleeingMerchant","floor":14,"turns":4},{"damage":0,"enemies":"3 Louse","floor":15,"turns":1},{"damage":8,"enemies":"SI_SHIV_ARCHETYPE","floor":16,"turns":5},{"damage":32,"enemies":"conspire:FuzzyDice","floor":19,"turns":5},{"damage":19,"enemies":"Chosen","floor":20,"turns":6},{"damage":10,"enemies":"downfall:FleeingMerchant","floor":21,"turns":4},{"damage":4,"enemies":"Snake Plant","floor":22,"turns":4},{"damage":7,"enemies":"conspire:MimicChest","floor":23,"turns":5},{"damage":8,"enemies":"downfall:LadyInBlue","floor":25,"turns":9},{"damage":15,"enemies":"conspire:HollyBat","floor":26,"turns":7},{"damage":11,"enemies":"Gremlin Leader","floor":27,"turns":4},{"damage":14,"enemies":"Sentry and Sphere","floor":29,"turns":4},{"damage":3,"enemies":"downfall:FleeingMerchant","floor":30,"turns":4},{"damage":13,"enemies":"Cultist and Chosen","floor":32,"turns":4},{"damage":4,"enemies":"WA_ARCHETYPE_CALM","floor":33,"turns":8},{"damage":10,"enemies":"3 Darklings","floor":38,"turns":4},{"damage":0,"enemies":"3 Shapes","floor":42,"turns":4},{"damage":2,"enemies":"Maw","floor":45,"turns":6},{"damage":0,"enemies":"Writhing Mass","floor":46,"turns":2},{"damage":17,"enemies":"Jaw Worm Horde","floor":48,"turns":7},{"damage":0,"enemies":"Transient","floor":49,"turns":5},{"damage":107,"enemies":"IC_BLOCK_ARCHETYPE","floor":50,"turns":12},{"damage":105,"enemies":"downfall:CharBossMerchant","floor":52,"turns":8},{"damage":114,"enemies":"downfall:NeowBoss","floor":55,"turns":20}],"seed_played":"1096293798702545896","potions_obtained":[{"floor":2,"key":"Regen Potion"},{"floor":13,"key":"Dexterity Potion"},{"floor":27,"key":"Strength Potion"},{"floor":29,"key":"Swift Potion"},{"floor":32,"key":"Energy Potion"},{"floor":42,"key":"Fire Potion"},{"floor":52,"key":"Dexterity Potion"}],"is_trial":false,"path_per_floor":["R","M","M","$","?","R","T","E","?","R","?","M","E","$","M","B",null,"R","M","M","$","M","?","T","?","M","E","R","M","$","?","M","B",null,"R","?","T","M","$","R","T","M","R","?","M","M","R","M","M","B",null,"E","$","R","B"],"character_chosen":"SLIMEBOUND","items_purchased":["Slimebound:Prepare","Slimebound:Grow","MerchantsRug","Juzu Bracelet","Slimebound:MegaLick","Slimebound:Prepare","aspiration:Lifesprig"],"campfire_rested":2,"item_purchase_floors":[4,21,30,30,39,39,53],"current_hp_per_floor":[65,69,70,61,61,61,61,23,23,44,44,44,36,42,60,85,85,85,65,54,48,52,58,58,62,59,65,65,57,60,60,53,57,108,108,108,108,104,104,114,114,118,118,118,118,118,118,119,127,74,130,29,29,68,0,0,0],"gold":8,"neow_bonus":"ONE_RANDOM_RARE_CARD","is_daily":false,"chose_seed":false,"campfire_upgraded":7,"win_rate":0.0,"timestamp":1614322157,"path_taken":["R","M","M","$","?","R","T","E","?","R","?","M","E","$","M","BOSS","R","M","M","?","M","?","T","?","M","E","R","?","$","?","M","BOSS","R","?","?","M","$","R","T","M","R","?","M","M","R","M","M","BOSS","E","$","R","BOSS"],"items_purchased_type":["Card","Card","Relic","Relic","Card","Card","Relic"],"build_version":"2020-12-22","purchased_purges":5,"victory":false,"max_hp_per_floor":[65,69,73,73,73,73,73,73,73,73,73,73,73,73,85,85,85,85,93,93,93,93,100,100,104,108,108,108,108,108,108,108,108,108,108,108,108,108,108,118,118,118,118,118,118,118,118,130,130,130,130,130,130,130,130,130,130],"card_choices":[{"not_picked":["Slimebound:FlameTackle","Slimebound:LevelUp"],"picked":"Slimebound:SplitBruiser","floor":2},{"not_picked":["Slimebound:RollThrough","Slimebound:GoopTackle"],"picked":"Slimebound:Replication","floor":3},{"not_picked":["Slimebound:SlimeBarrage","Slimebound:DisruptingSlam"],"picked":"Slimebound:LeechEnergy","floor":4},{"not_picked":["Slimebound:TagTeam","Slimebound:SplitSpecialist"],"picked":"Slimebound:SelfFormingGoo","floor":8},{"not_picked":["Slimebound:SamplingLick","Slimebound:ItLooksTasty"],"picked":"Slimebound:RejuvenatingLick","floor":12},{"not_picked":["Slimebound:ProtectTheBoss","Slimebound:SplitLeeching"],"picked":"Slimebound:SplitMire","floor":13},{"not_picked":["Slimebound:SlimeBarrage","Slimebound:FlameTackle"],"picked":"Slimebound:RejuvenatingLick","floor":14},{"not_picked":["Slimebound:SpikyOuterGoop","Slimebound:ComboTackle"],"picked":"Slimebound:GoopSpray","floor":15},{"not_picked":["Slimebound:Teamwork","Slimebound:DouseInSlime"],"picked":"Slimebound:OneTwoCombo","floor":16},{"not_picked":["Slimebound:PressTheAttack","Slimebound:SplitAcid"],"picked":"Slimebound:DisruptingSlam","floor":19},{"not_picked":["Slimebound:LeadByExample","Slimebound:LeechingTouch+1"],"picked":"Slimebound:FinishingTackle+1","floor":20},{"not_picked":["Slimebound:Darklings","Slimebound:SplitAcid"],"picked":"Slimebound:GoopSpray+1","floor":21},{"not_picked":["Slimebound:ForwardTackle","Slimebound:FinishingTackle+1"],"picked":"Slimebound:Schlurp","floor":22},{"not_picked":["Slimebound:SplitMire","Slimebound:SplitBruiser"],"picked":"Slimebound:HauntingLick+1","floor":23},{"not_picked":["Slimebound:RollThrough","Slimebound:GoopTackle+1"],"picked":"Slimebound:Prepare","floor":25},{"not_picked":["Slimebound:SplitMire","Slimebound:Repurpose"],"picked":"Slimebound:SlimeSpikes+1","floor":26},{"not_picked":["Slimebound:Teamwork","Slimebound:MinionMaster"],"picked":"Slimebound:Overexert","floor":27},{"not_picked":["Slimebound:SlimeSpikes","Slimebound:DivideAndConquer"],"picked":"Slimebound:MassRepurpose","floor":27},{"not_picked":["Slimebound:BestDefense","Slimebound:SplitAcid+1"],"picked":"Slimebound:LevelUp+1","floor":29},{"not_picked":["Slimebound:GoopSpray","Slimebound:ComboTackle"],"picked":"Slimebound:SamplingLick","floor":30},{"not_picked":["Slimebound:SlimeBrawl+1","Slimebound:SpikyOuterGoop"],"picked":"Slimebound:Schlurp","floor":32},{"not_picked":["Slimebound:ItLooksTasty","Slimebound:LivingWall"],"picked":"Slimebound:MegaLick","floor":38},{"not_picked":["Slimebound:Schlurp+1","Slimebound:FinishingTackle"],"picked":"Slimebound:HauntingLick+1","floor":42},{"not_picked":["Slimebound:LeadByExample+1","Slimebound:LivingWall+1"],"picked":"Slimebound:SplitMire+1","floor":45},{"not_picked":["Slimebound:Teamwork","Slimebound:ItLooksTasty"],"picked":"Slimebound:SplitBruiser+1","floor":46},{"not_picked":["Slimebound:ItLooksTasty","Slimebound:SplitAcid"],"picked":"Slimebound:LivingWall+1","floor":48},{"not_picked":["Slimebound:LeechingTouch","Slimebound:ComboTackle"],"picked":"Slimebound:TongueLash+1","floor":49},{"not_picked":["Slimebound:LevelUp+1","Slimebound:PressTheAttack+1"],"picked":"Slimebound:Prepare","floor":52}],"player_experience":235766,"relics_obtained":[{"floor":7,"key":"Bottled Flame"},{"floor":8,"key":"aspiration:ChemicalBlood"},{"floor":13,"key":"hubris:Zylophone"},{"floor":23,"key":"Strawberry"},{"floor":24,"key":"Letter Opener"},{"floor":25,"key":"Potion Belt"},{"floor":27,"key":"conspire:GiftBox"},{"floor":41,"key":"Chameleon Ring"},{"floor":52,"key":"Mercury Hourglass"}],"event_choices":[{"damage_healed":0,"gold_gain":0,"player_choice":"Forge","damage_taken":0,"max_hp_gain":0,"max_hp_loss":0,"event_name":"Accursed Blacksmith","floor":11,"gold_loss":0,"cards_upgraded":["Slimebound:CorrosiveSpit"]}],"is_beta":false,"boss_relics":[{"not_picked":["conspire:RunicOctahedron","Replay:Ancient Bell"],"picked":"Coffee Dripper"},{"not_picked":["Honey Jar","conspire:RoyalGoblet"],"picked":"hubris:Backtick"}],"items_purged_floors":[14,21,30,39,53],"is_endless":false,"potions_floor_spawned":[2,13,16,22,23,27,29,33,42,45],"killed_by":"downfall:NeowBoss","ascension_level":0}}