{"host":"e4mqwdeqkh64qloq","time":1614368846,"event":{"mods":["BaseMod","Downfall","Minty Spire (QoL Compilation)","Relic Stats","Replay The Spire","StSLib","The Cursed"],"gold_per_floor":[115,115,126,33,52,87,87,120,120,133,72,72,91,91,91,194,194,204,20,38,38,49,49,80,80,80,92,92,92,92,191,191,191,191],"floor_reached":33,"language":"ENG","playtime":4280,"items_purged":[],"score":300,"play_id":"d3ff6bdc-b4f7-4ec0-b269-c080883f14f2","local_time":"20210226144726","is_ascension_mode":true,"campfire_choices":[{"floor":7,"key":"REST"},{"floor":15,"key":"DIG"},{"floor":23,"key":"REST"},{"floor":25,"key":"REST"},{"data":"Draining Mist","floor":29,"key":"SMITH"},{"floor":32,"key":"REST"}],"circlet_count":0,"master_deck":["Strike_G","Strike_G","Strike_G","Strike_G","Strike_G","Defend_G","Defend_G","Defend_G","Defend_G","Defend_G","Survivor","Neutralize","Sucker Punch","ReplayTheSpireMod:Faulty Equipment","Survey Options","Dagger Throw","Dodge and Roll","Blade Dance","Calculated Gamble","Crippling Poison+1","PiercingWail","Panache+1","Envenom","Dagger Throw","All Out Attack","Noxious Fumes","Draining Mist+1","Distraction","Envenom","Dodge and Roll+1","Underhanded Strike","CommonCold","Footwork"],"relics":["Ring of the Snake","NeowsBlessing","Pocketwatch","Replay:Bottled Flurry","Quantum Egg","Snack Pack","Velvet Choker","Membership Card","Dream Catcher","Ring of Fury"],"acts_visited":["Exordium","TheCity"],"potions_floor_usage":[6,24],"damage_taken":[{"damage":0.0,"enemies":"Jaw Worm","floor":1.0,"turns":1.0},{"damage":0.0,"enemies":"Cultist","floor":3.0,"turns":1.0},{"damage":0.0,"enemies":"Small Slimes","floor":5.0,"turns":1.0},{"damage":37,"enemies":"Lagavulin","floor":6,"turns":7},{"damage":20,"enemies":"Gremlin Nob","floor":8,"turns":5},{"damage":1,"enemies":"2 Fungi Beasts","floor":10,"turns":3},{"damage":4,"enemies":"Blue Slaver","floor":13,"turns":3},{"damage":40,"enemies":"Hexaghost","floor":16,"turns":12},{"damage":4,"enemies":"2 Thieves","floor":18,"turns":4},{"damage":19,"enemies":"Shell Parasite","floor":20,"turns":5},{"damage":18,"enemies":"Snake Plant","floor":22,"turns":5},{"damage":44,"enemies":"Book of Stabbing","floor":24,"turns":7},{"damage":9,"enemies":"Chosen and Byrds","floor":27,"turns":5},{"damage":62,"enemies":"Automaton","floor":33,"turns":6}],"seed_played":"1608647463838297001","potions_obtained":[{"floor":1.0,"key":"FearPotion"},{"floor":8,"key":"Energy Potion"},{"floor":16,"key":"CunningPotion"},{"floor":18,"key":"Reflective Coating"},{"floor":27,"key":"Slimebound:ThreeZeroPotion"}],"is_trial":false,"path_per_floor":["M","?","M","$","M","E","R","E","T","M","$","?","M","?","R","B",null,"M","$","M","?","M","R","E","R","T","M","?","R","?","?","R","B"],"character_chosen":"THE_SILENT","items_purchased":["ReplayTheSpireMod:Trickstab","Crippling Poison+1","Membership Card","All Out Attack"],"campfire_rested":4,"item_purchase_floors":[4,11,19,19],"current_hp_per_floor":[70,70,70,70,70,33,54,34,34,33,33,33,29,29,29,3,70,68,68,55,55,39,60,22,43,43,36,36,36,36,36,57,0,0],"gold":191,"neow_bonus":"THREE_ENEMY_KILL","is_daily":false,"chose_seed":false,"campfire_upgraded":1,"win_rate":0.0,"timestamp":1614368846,"path_taken":["M","?","M","$","?","E","R","E","T","M","$","?","M","?","R","BOSS","M","$","M","?","M","R","E","R","T","M","?","R","?","?","R","BOSS"],"items_purchased_type":["Card","Card","Relic","Card"],"build_version":"2020-12-22","purchased_purges":0,"victory":false,"max_hp_per_floor":[70,70,70,70,70,70,70,70,70,70,70,70,70,70,70,70,70,70,70,70,70,70,70,70,70,70,70,70,70,70,70,70,70,70],"relic_stats":{"Dream Catcher":2,"counters":[14,65],"obtain_stats":[{"Dream Catcher":24,"NeowsBlessing":0,"Quantum Egg":9,"Velvet Choker":17,"Ring of Fury":30,"Replay:Bottled Flurry":8,"Snack Pack":15,"Membership Card":19,"Ring of the Snake":0,"Pocketwatch":6},{"Dream Catcher":12,"NeowsBlessing":0,"Quantum Egg":5,"Velvet Choker":8,"Ring of Fury":13,"Replay:Bottled Flurry":5,"Snack Pack":7,"Membership Card":9,"Ring of the Snake":0,"Pocketwatch":4},{"Dream Catcher":54,"NeowsBlessing":0,"Quantum Egg":15,"Velvet Choker":33,"Ring of Fury":59,"Replay:Bottled Flurry":15,"Snack Pack":21,"Membership Card":37,"Ring of the Snake":0,"Pocketwatch":10}],"Ring of the Snake":[28],"Pocketwatch":[57]},"card_choices":[{"not_picked":["Accuracy","Draining Mist"],"picked":"Sucker Punch","floor":1.0},{"not_picked":["PiercingWail","Catalyst"],"picked":"Dagger Throw","floor":3.0},{"not_picked":["Bane","Reflex","Masterful Stab"],"picked":"SKIP","floor":5.0},{"not_picked":["Deadly Poison","Blade Dance"],"picked":"Dodge and Roll","floor":6},{"not_picked":["Night Terror","Hidden Blade"],"picked":"Blade Dance","floor":8},{"not_picked":["Slice","Sucker Punch"],"picked":"Calculated Gamble","floor":10},{"not_picked":["Flying Knee","Hidden Blade"],"picked":"PiercingWail","floor":13},{"not_picked":["Phantasmal Killer","Poison Darts"],"picked":"Envenom","floor":16},{"not_picked":["Sneak Up","Poisoned Stab"],"picked":"Dagger Throw","floor":18},{"not_picked":["Slice","Cloak And Dagger+1"],"picked":"Noxious Fumes","floor":20},{"not_picked":["Underhanded Strike","Hidden Blade"],"picked":"Distraction","floor":22},{"not_picked":["Dagger Throw+1","Blade Dance"],"picked":"Envenom","floor":24},{"not_picked":["Outmaneuver","Blade Dance"],"picked":"Dodge and Roll+1","floor":25},{"not_picked":["Backflip","Hidden Blade"],"picked":"Underhanded Strike","floor":27},{"not_picked":["Crippling Poison","Finisher"],"picked":"Footwork","floor":32}],"player_experience":278823,"relics_obtained":[{"floor":6,"key":"Pocketwatch"},{"floor":8,"key":"Replay:Bottled Flurry"},{"floor":9,"key":"Quantum Egg"},{"floor":15,"key":"Snack Pack"},{"floor":24,"key":"Dream Catcher"},{"floor":30,"key":"Ring of Fury"}],"event_choices":[{"damage_healed":0.0,"max_hp_gain":0.0,"max_hp_loss":0.0,"gold_gain":0.0,"event_name":"Match and Keep!","player_choice":"2 cards matched","floor":2.0,"gold_loss":0.0,"damage_taken":0.0,"cards_obtained":["ReplayTheSpireMod:Faulty Equipment","Survey Options"]},{"damage_healed":0,"gold_gain":0,"player_choice":"Ignored","damage_taken":0,"max_hp_gain":0,"max_hp_loss":0,"event_name":"Liars Game","floor":12,"gold_loss":0},{"damage_healed":0,"gold_gain":0,"player_choice":"Read","damage_taken":0,"max_hp_gain":0,"max_hp_loss":0,"event_name":"The Library","floor":21,"gold_loss":0,"cards_obtained":["Draining Mist"]},{"damage_healed":0,"gold_gain":0,"player_choice":"Ignored","damage_taken":0,"max_hp_gain":0,"max_hp_loss":0,"event_name":"Beggar","floor":28,"gold_loss":0},{"damage_healed":0,"gold_gain":99,"player_choice":"Stole From Cult","damage_taken":0,"max_hp_gain":0,"max_hp_loss":0,"event_name":"Nest","floor":31,"gold_loss":0}],"is_beta":false,"boss_relics":[{"not_picked":["Fusion Hammer","Empty Cage"],"picked":"Velvet Choker"}],"items_purged_floors":[],"is_endless":false,"potions_floor_spawned":[1,8,16,18,20,27],"killed_by":"Automaton","ascension_level":2}}