{"host":"y9ns19hq622d5kjd","time":1614373867,"event":{"mods":["BaseMod","Marisa????????","Minty Spire (QoL Compilation)","Quick Restart","Railgun Mod","Remilia??????","StSLib","Td1madao Mod","The Judge","The Senshi","The Servant 0.9.4","UnlockEverythingMod","Yuri Mod"],"gold_per_floor":[116,132,132,143,161,161,161,161],"floor_reached":7,"language":"ENG","playtime":140,"items_purged":[],"score":43,"play_id":"dd71e59a-4d6d-4a48-ba16-5520d95f4c9f","local_time":"20210226141107","is_ascension_mode":false,"campfire_choices":[{"data":"Vigilance","floor":6,"key":"SMITH"}],"circlet_count":0,"master_deck":["Strike_P","Strike_P","Strike_P","Strike_P","Defend_P","Defend_P","Defend_P","Defend_P","Eruption","Vigilance+1"],"relics":["PureWater","NeowsBlessing"],"acts_visited":["Exordium"],"potions_floor_usage":[],"damage_taken":[{"damage":0,"enemies":"Small Slimes","floor":1,"turns":1},{"damage":0,"enemies":"Cultist","floor":2,"turns":1},{"damage":0,"enemies":"2 Louse","floor":4,"turns":1},{"damage":6,"enemies":"Large Slime","floor":5,"turns":5},{"damage":36,"enemies":"Lagavulin","floor":7,"turns":3}],"seed_played":"-308435318245484625","potions_obtained":[{"floor":2,"key":"EssenceOfSteel"},{"floor":4,"key":"Strength Potion"},{"floor":5,"key":"Swift Potion"}],"is_trial":false,"path_per_floor":["M","M","?","M","M","R","E"],"character_chosen":"WATCHER","items_purchased":[],"campfire_rested":0,"item_purchase_floors":[],"current_hp_per_floor":[72,72,72,72,66,66,30,30],"gold":161,"neow_bonus":"THREE_ENEMY_KILL","is_daily":false,"chose_seed":false,"campfire_upgraded":1,"win_rate":0.0,"timestamp":1614373867,"path_taken":["M","M","?","M","M","R","E"],"items_purchased_type":[],"build_version":"2020-12-22","purchased_purges":0,"victory":false,"max_hp_per_floor":[72,72,72,72,72,72,72,72],"card_choices":[{"not_picked":["Halt","FollowUp","Consecrate"],"picked":"SKIP","floor":1},{"not_picked":["ReachHeaven","Vengeance","CrushJoints"],"picked":"SKIP","floor":2},{"not_picked":["Conclude","FlurryOfBlows","FlyingSleeves"],"picked":"SKIP","floor":4},{"not_picked":["BattleHymn","SignatureMove","Consecrate"],"picked":"SKIP","floor":5}],"player_experience":73739,"relics_obtained":[],"event_choices":[{"damage_healed":0,"gold_gain":0,"player_choice":"Ignored","damage_taken":0,"max_hp_gain":0,"max_hp_loss":0,"event_name":"NoteForYourself","floor":3,"gold_loss":0}],"is_beta":false,"boss_relics":[],"items_purged_floors":[],"is_endless":false,"potions_floor_spawned":[2,4,5],"killed_by":"Lagavulin","ascension_level":0}}