{"host":"fuszjwm6fqgjjp4d","time":1614300213,"event":{"mods":["BaseMod","Colored Map","Minty Spire (QoL Compilation)","Permanent Neow","Relic Sorter","Relic Stats","StSLib"],"gold_per_floor":[212,41,53,203,203,232,232,266,313,347,79,89,107,125,125,125,125],"floor_reached":16,"language":"ENG","playtime":275,"items_purged":["Strike_P"],"score":340,"play_id":"84390d38-445b-4a19-a88a-8d88937345a8","local_time":"20210225184333","is_ascension_mode":true,"campfire_choices":[{"data":"Tantrum","floor":7,"key":"SMITH"},{"data":"Eruption","floor":15,"key":"SMITH"}],"circlet_count":0,"master_deck":["AscendersBane","Strike_P","Strike_P","Strike_P+1","Defend_P","Defend_P","Defend_P","Defend_P","Eruption+1","Vigilance","FlyingSleeves","Tantrum+1","FearNoEvil+1","FollowUp","FollowUp","CutThroughFate","FlurryOfBlows","EmptyFist","FearNoEvil"],"relics":["PureWater","Whetstone","Anchor","Vajra","Centennial Puzzle"],"acts_visited":["Exordium"],"potions_floor_usage":[10],"damage_taken":[{"damage":15,"enemies":"Small Slimes","floor":1,"turns":3},{"damage":0,"enemies":"Jaw Worm","floor":3,"turns":3},{"damage":15,"enemies":"3 Sentries","floor":6,"turns":4},{"damage":0,"enemies":"Gremlin Nob","floor":8,"turns":2},{"damage":0,"enemies":"3 Sentries","floor":10,"turns":3},{"damage":0,"enemies":"Cultist","floor":12,"turns":2},{"damage":0,"enemies":"Exordium Thugs","floor":13,"turns":2},{"damage":0,"enemies":"2 Fungi Beasts","floor":14,"turns":3},{"damage":31,"enemies":"Hexaghost","floor":16,"turns":2}],"seed_played":"-739972085599604872","potions_obtained":[{"floor":3,"key":"Ancient Potion"},{"floor":6,"key":"Fire Potion"}],"is_trial":false,"path_per_floor":["M","$","M","?","?","E","R","E","T","E","$","M","M","M","R","B"],"character_chosen":"WATCHER","items_purchased":["Tantrum","FearNoEvil","EmptyFist","FearNoEvil","SteroidPotion"],"campfire_rested":0,"item_purchase_floors":[2,2,11,11,11],"current_hp_per_floor":[46,46,46,46,46,31,31,31,31,31,31,31,31,31,31,0,0],"gold":125,"neow_bonus":"HUNDRED_GOLD","is_daily":false,"chose_seed":false,"campfire_upgraded":2,"win_rate":0.0,"timestamp":1614300213,"path_taken":["M","$","M","?","?","E","R","E","T","E","$","M","M","?","R","BOSS"],"items_purchased_type":["Card","Card","Card","Card","Potion"],"build_version":"2020-12-22","purchased_purges":1,"victory":false,"max_hp_per_floor":[68,68,68,68,68,68,68,68,68,68,68,68,68,68,68,68,68],"relic_stats":{"Centennial Puzzle":[3],"counters":[9,24],"Whetstone":["Strike_P","FearNoEvil"],"obtain_stats":[{"Anchor":8,"Centennial Puzzle":10,"Vajra":9,"Whetstone":6,"PureWater":0},{"Anchor":4,"Centennial Puzzle":5,"Vajra":4,"Whetstone":3,"PureWater":0},{"Anchor":12,"Centennial Puzzle":15,"Vajra":12,"Whetstone":10,"PureWater":0}]},"card_choices":[{"not_picked":["BowlingBash","Halt"],"picked":"FlyingSleeves","floor":1},{"not_picked":["Indignation","WheelKick"],"picked":"FollowUp","floor":3},{"not_picked":["FlyingSleeves","Consecrate"],"picked":"FollowUp","floor":6},{"not_picked":["Prostrate","EmptyFist"],"picked":"CutThroughFate","floor":8},{"not_picked":["Prostrate","DevaForm"],"picked":"FlurryOfBlows","floor":10},{"not_picked":["JustLucky","WheelKick","SandsOfTime"],"picked":"SKIP","floor":12},{"not_picked":["SignatureMove","PathToVictory","Prostrate"],"picked":"SKIP","floor":13},{"not_picked":["Protect","Collect","Prostrate"],"picked":"SKIP","floor":14}],"player_experience":1545293,"relics_obtained":[{"floor":6,"key":"Whetstone"},{"floor":8,"key":"Anchor"},{"floor":9,"key":"Vajra"},{"floor":10,"key":"Centennial Puzzle"}],"event_choices":[{"damage_healed":0,"gold_gain":150,"player_choice":"AGREE","damage_taken":0,"max_hp_gain":0,"max_hp_loss":0,"event_name":"Liars Game","floor":4,"gold_loss":0,"cards_obtained":["Doubt"]},{"cards_removed":["Doubt"],"damage_healed":0,"gold_gain":0,"player_choice":"Forget","damage_taken":0,"max_hp_gain":0,"max_hp_loss":0,"event_name":"Living Wall","floor":5,"gold_loss":0}],"is_beta":false,"boss_relics":[],"items_purged_floors":[11],"is_endless":false,"potions_floor_spawned":[3,6,14],"killed_by":"Hexaghost","ascension_level":20}}