{"host":"1vxemzms76200xsp","time":1614336339,"event":{"mods":["AchievementEnabler","BaseMod","Better Synergies","Card Forge","Downfall","Friendly Minions","Highlight Path","Minty Spire (QoL Compilation)","StSLib","The Bug Knight","The Mystic"],"gold_per_floor":[116,116,134,151,164,164,182,182,182,77,77,28,62,89,89,190,190,206,206,206],"floor_reached":19,"language":"ENG","playtime":1177,"items_purged":[],"score":167,"play_id":"5fb39baf-30bd-4a9c-b878-e23e1f39cda9","local_time":"20210226124539","is_ascension_mode":false,"campfire_choices":[{"data":"HollowMod:HeavyBlow","floor":6,"key":"SMITH"},{"data":"HollowMod:SlysStrikes","floor":8,"key":"SMITH"},{"floor":15,"key":"REST"}],"circlet_count":0,"master_deck":["HollowMod:NailStrikeStart","HollowMod:NailStrikeStart","HollowMod:NailStrikeStart","HollowMod:NailStrikeStart","HollowMod:QuickDashStart","HollowMod:QuickDashStart","HollowMod:QuickDashStart","HollowMod:QuickDashStart+1","HollowMod:FocusHealStart","HollowMod:PogoStrike","HollowMod:SharpenedNail","HollowMod:HeavyBlow+1","HollowMod:SoulStrike","HollowMod:SlysStrikes+1","HollowMod:MantisMark+1","HollowMod:DesolateDive","HollowMod:SiblingsSouls","HollowMod:HeavyBlow","HollowMod:AwokenDreamNail","HollowMod:CycloneSlash"],"relics":["HollowMod:VesselMask","Hammer of Thor","Seething Fire","Anvil of the Gods","NeowsBlessing","Meat on the Bone","Tiny Chest","Smiling Mask","SacredBark"],"acts_visited":["Exordium","TheCity"],"potions_floor_usage":[],"damage_taken":[{"damage":0,"enemies":"Jaw Worm","floor":1,"turns":1},{"damage":0,"enemies":"Cultist","floor":3,"turns":1},{"damage":0,"enemies":"Small Slimes","floor":4,"turns":1},{"damage":11,"enemies":"Blue Slaver","floor":5,"turns":4},{"damage":5,"enemies":"3 Louse","floor":7,"turns":5},{"damage":12,"enemies":"Gremlin Nob","floor":13,"turns":4},{"damage":42,"enemies":"HollowMod:FalseKnight","floor":16,"turns":10},{"damage":30,"enemies":"Spheric Guardian","floor":18,"turns":4},{"damage":53,"enemies":"3 Byrds","floor":19,"turns":4}],"seed_played":"-2613333250433835912","potions_obtained":[{"floor":1,"key":"EssenceOfSteel"},{"floor":2,"key":"Guardian:BlockOnCardUsePotion"},{"floor":2,"key":"SmokeBomb"},{"floor":7,"key":"DistilledChaos"}],"is_trial":false,"path_per_floor":["M","?","M","M","M","R","M","R","T","$","?","$","E","T","R","B",null,"M","M"],"character_chosen":"THE_BUGKNIGHT","items_purchased":["HollowMod:MantisMark","HollowMod:DesolateDive","HollowMod:SiblingsSouls"],"campfire_rested":1,"item_purchase_floors":[10,10,12],"current_hp_per_floor":[75,75,75,75,70,70,70,70,70,70,55,55,49,49,71,39,75,45,0,0],"gold":206,"neow_bonus":"THREE_ENEMY_KILL","is_daily":false,"chose_seed":false,"campfire_upgraded":2,"win_rate":0.0,"timestamp":1614336339,"path_taken":["M","?","M","M","?","R","M","R","T","$","?","$","E","?","R","BOSS","M","?"],"items_purchased_type":["Card","Card","Card"],"build_version":"2020-12-22","purchased_purges":0,"victory":false,"max_hp_per_floor":[75,75,75,75,75,75,75,75,75,75,75,75,75,75,75,75,75,75,75,75],"card_choices":[{"not_picked":["HollowMod:SoulShaman","HollowMod:QuirrelsAssistance"],"picked":"HollowMod:SharpenedNail","floor":1},{"not_picked":["HollowMod:GrimmsGift","HollowMod:HowlingWraiths"],"picked":"HollowMod:HeavyBlow","floor":3},{"not_picked":["HollowMod:NewLittleFool","HollowMod:DoubleDash","HollowMod:TaintedHusks"],"picked":"SKIP","floor":4},{"not_picked":["HollowMod:DreamGate","HollowMod:ChannelNail"],"picked":"HollowMod:SoulStrike","floor":5},{"not_picked":["HollowMod:FallenFury","HollowMod:SoulStrike"],"picked":"HollowMod:SlysStrikes","floor":7},{"not_picked":["HollowMod:BlackTendrils","HollowMod:ChannelNail"],"picked":"HollowMod:HeavyBlow","floor":13},{"not_picked":["HollowMod:VoidDash","HollowMod:NewInfectedGuardian"],"picked":"HollowMod:AwokenDreamNail","floor":16},{"not_picked":["HollowMod:CloakDash","HollowMod:MonarchWings"],"picked":"HollowMod:CycloneSlash","floor":18}],"player_experience":16765,"relics_obtained":[{"floor":9,"key":"Meat on the Bone"},{"floor":13,"key":"Tiny Chest"},{"floor":14,"key":"Smiling Mask"}],"event_choices":[{"damage_healed":0,"gold_gain":0,"player_choice":"Got Potions","damage_taken":0,"max_hp_gain":0,"max_hp_loss":0,"event_name":"Lab","floor":2,"gold_loss":0},{"damage_healed":0,"gold_gain":0,"player_choice":"Entered Light","damage_taken":15,"max_hp_gain":0,"max_hp_loss":0,"event_name":"Shining Light","floor":11,"gold_loss":0,"cards_upgraded":["HollowMod:QuickDashStart","HollowMod:MantisMark"]}],"is_beta":false,"boss_relics":[{"not_picked":["Calling Bell","Snecko Eye"],"picked":"SacredBark"}],"items_purged_floors":[],"is_endless":false,"potions_floor_spawned":[1,7,13,16],"killed_by":"3 Byrds","ascension_level":0}}