{"host":"89iuq2p5kwriuwfq","time":1614352925,"event":{"mods":["BaseMod","Curses Come First","Custom Start","Minty Spire (QoL Compilation)","Permanent Neow","StSLib"],"gold_per_floor":[112,132,146,146,160,191,191,220,300,270,299,312,326,339,339,416,416,427,49,49,49,49,49,80,91,114,129,149,163,163,190,190,263,263,281,294,294,313,326,358,374,405,405,21,34,66,66,77,77,77],"floor_reached":51,"language":"ENG","playtime":3431,"items_purged":["Strike_B+1"],"score":1630,"play_id":"d7494c0f-d312-49b1-a654-74ed05700cd5","local_time":"20210226152205","is_ascension_mode":true,"campfire_choices":[{"data":"Biased Cognition","floor":7.0,"key":"SMITH"},{"data":"Defragment","floor":15.0,"key":"SMITH"},{"data":"Defragment","floor":23,"key":"SMITH"},{"data":"Darkness","floor":30,"key":"SMITH"},{"data":"Self Repair","floor":32,"key":"SMITH"},{"data":"Static Discharge","floor":47,"key":"SMITH"},{"data":"Redo","floor":49,"key":"SMITH"}],"circlet_count":0,"master_deck":["AscendersBane","Strike_B+1","Strike_B+1","Defend_B+1","Defend_B+1","Defend_B+1","Defend_B+1","Zap","Dualcast","Biased Cognition+1","Darkness+1","Redo+1","Ball Lightning","Ball Lightning","Self Repair+1","Undo+1","Defragment+1","Defragment+1","Glacier+1","Force Field+1","Seek+1","Static Discharge+1","Self Repair+1","Chill+1","Rainbow+1","Heatsinks+1","Darkness+1","Cold Snap","Consume+1","Electrodynamics+1","Coolheaded+1","Madness+1","Madness+1","Glacier+1","Capacitor+1","Skim+1","Capacitor+1"],"relics":["Cracked Core","Toxic Egg 2","CaptainsWheel","InkBottle","PreservedInsect","Inserter","Frozen Egg 2","The Courier","Orichalcum","Sundial","Busted Crown","Symbiotic Virus","Letter Opener","Pantograph","OrangePellets","Toy Ornithopter"],"acts_visited":["Exordium","TheCity","TheBeyond"],"potions_floor_usage":[24,28,50,50],"damage_taken":[{"damage":1.0,"enemies":"Cultist","floor":1.0,"turns":3.0},{"damage":8.0,"enemies":"Small Slimes","floor":2.0,"turns":3.0},{"damage":0.0,"enemies":"2 Louse","floor":3.0,"turns":2.0},{"damage":8.0,"enemies":"Red Slaver","floor":5.0,"turns":3.0},{"damage":15.0,"enemies":"3 Sentries","floor":6.0,"turns":4.0},{"damage":13.0,"enemies":"Gremlin Nob","floor":8.0,"turns":3.0},{"damage":2.0,"enemies":"Lagavulin","floor":11.0,"turns":4.0},{"damage":6.0,"enemies":"Exordium Wildlife","floor":12.0,"turns":3.0},{"damage":7.0,"enemies":"3 Louse","floor":13.0,"turns":2.0},{"damage":3.0,"enemies":"Blue Slaver","floor":14.0,"turns":3.0},{"damage":0.0,"enemies":"Slime Boss","floor":16.0,"turns":6.0},{"damage":2.0,"enemies":"Chosen","floor":18.0,"turns":4.0},{"damage":38,"enemies":"Gremlin Leader","floor":24,"turns":9},{"damage":0,"enemies":"Spheric Guardian","floor":25,"turns":5},{"damage":15,"enemies":"Cultist and Chosen","floor":27,"turns":5},{"damage":55,"enemies":"3 Cultists","floor":28,"turns":6},{"damage":3,"enemies":"Snecko","floor":29,"turns":7},{"damage":0,"enemies":"Book of Stabbing","floor":31,"turns":6},{"damage":39,"enemies":"Automaton","floor":33,"turns":11},{"damage":6,"enemies":"Orb Walker","floor":35,"turns":4},{"damage":35,"enemies":"3 Darklings","floor":36,"turns":5},{"damage":20,"enemies":"Transient","floor":38,"turns":5},{"damage":0,"enemies":"4 Shapes","floor":39,"turns":2},{"damage":0,"enemies":"Reptomancer","floor":40,"turns":5},{"damage":0,"enemies":"Spire Growth","floor":41,"turns":4},{"damage":28,"enemies":"Nemesis","floor":42,"turns":5},{"damage":0,"enemies":"Jaw Worm Horde","floor":45,"turns":3},{"damage":13,"enemies":"Reptomancer","floor":46,"turns":5},{"damage":0,"enemies":"Sphere and 2 Shapes","floor":48,"turns":5},{"damage":16,"enemies":"Time Eater","floor":50,"turns":8}],"seed_played":"229731187681927869","potions_obtained":[{"floor":5.0,"key":"SkillPotion"},{"floor":6.0,"key":"LiquidMemories"},{"floor":10.0,"key":"ColorlessPotion"},{"floor":10.0,"key":"Block Potion"},{"floor":12.0,"key":"Energy Potion"},{"floor":13.0,"key":"Dexterity Potion"},{"floor":14.0,"key":"PowerPotion"},{"floor":16.0,"key":"SmokeBomb"},{"floor":25,"key":"FocusPotion"},{"floor":28,"key":"Fruit Juice"},{"floor":29,"key":"Ancient Potion"},{"floor":36,"key":"PotionOfCapacity"}],"is_trial":false,"path_per_floor":["M","M","M","?","M","E","R","E","T","?","E","M","M","M","R","B",null,"M","$","?","?","?","R","E","M","T","M","M","M","R","E","R","B",null,"M","M","?","M","M","E","M","E","T","$","M","E","R","M","R","B",null],"character_chosen":"DEFECT","items_purchased":["Frozen Egg 2","Self Repair+1","Chill+1","OrangePellets","Capacitor+1","Skim+1","Capacitor+1"],"campfire_rested":0,"item_purchase_floors":[19,19,19,44,44,44,44],"current_hp_per_floor":[63,55,55,55,47,32,32,26,26,26,31,25,25,22,22,29,61,66,66,66,66,66,66,45,62,62,64,31,45,45,62,62,43,68,76,61,47,37,37,47,57,39,39,39,49,46,46,56,56,76],"gold":77,"neow_bonus":"ONE_RANDOM_RARE_CARD","is_daily":false,"chose_seed":false,"campfire_upgraded":7,"win_rate":0.0,"timestamp":1614352925,"path_taken":["M","M","?","?","M","E","R","E","T","?","E","M","M","?","R","BOSS","M","$","?","?","?","R","E","M","T","M","M","M","R","E","R","BOSS","M","M","?","M","M","E","M","E","T","$","M","E","R","M","R","BOSS"],"items_purchased_type":["Relic","Card","Card","Relic","Card","Card","Card"],"build_version":"2020-12-22","purchased_purges":1,"victory":true,"max_hp_per_floor":[71,71,71,71,71,71,71,71,71,71,71,71,71,71,71,71,71,71,71,71,71,71,71,71,71,71,71,76,76,76,76,76,76,76,76,76,76,76,76,76,76,76,76,76,76,76,76,76,76,76],"card_choices":[{"not_picked":["Sweeping Beam","Stack"],"picked":"Darkness","floor":1.0},{"not_picked":["Hologram","Go for the Eyes"],"picked":"Redo","floor":2.0},{"not_picked":["Steam Power","Hologram","Reinforced Body"],"picked":"SKIP","floor":3.0},{"not_picked":["Leap","Streamline"],"picked":"Ball Lightning","floor":5.0},{"not_picked":["Storm","Hologram+1"],"picked":"Self Repair","floor":6.0},{"not_picked":["Consume+1","Blizzard"],"picked":"Undo+1","floor":8.0},{"not_picked":["Leap+1","Hologram+1"],"picked":"Defragment","floor":11.0},{"not_picked":["Ball Lightning","Loop"],"picked":"Defragment","floor":12.0},{"not_picked":["Ball Lightning","Coolheaded+1"],"picked":"Glacier+1","floor":13.0},{"not_picked":["Leap+1","Fusion+1"],"picked":"Force Field+1","floor":14.0},{"not_picked":["All For One","Rainbow+1"],"picked":"Seek+1","floor":16.0},{"not_picked":["Conserve Battery+1","Rebound"],"picked":"Static Discharge","floor":18.0},{"not_picked":["Ball Lightning","Conserve Battery+1"],"picked":"Rainbow+1","floor":24},{"not_picked":["Scrape","Hologram+1"],"picked":"Heatsinks+1","floor":25},{"not_picked":["Turbo+1","Sweeping Beam"],"picked":"Darkness+1","floor":27},{"not_picked":["Barrage","Ball Lightning"],"picked":"Cold Snap","floor":28},{"not_picked":["Streamline","Steam+1"],"picked":"Consume+1","floor":29},{"not_picked":["Leap+1","Recycle+1","Gash"],"picked":"SKIP","floor":31},{"not_picked":["Hyperbeam","Biased Cognition+1"],"picked":"Electrodynamics+1","floor":33},{"not_picked":["Sunder"],"picked":"SKIP","floor":35},{"not_picked":[],"picked":"Coolheaded+1","floor":36},{"not_picked":["Streamline"],"picked":"SKIP","floor":38},{"not_picked":[],"picked":"Glacier+1","floor":39},{"not_picked":["Go for the Eyes"],"picked":"SKIP","floor":40},{"not_picked":["Melter"],"picked":"SKIP","floor":41},{"not_picked":["Gash"],"picked":"SKIP","floor":42},{"not_picked":["Beam Cell"],"picked":"SKIP","floor":45},{"not_picked":["Streamline+1"],"picked":"SKIP","floor":46},{"not_picked":["Streamline+1"],"picked":"SKIP","floor":48}],"player_experience":800064,"relics_obtained":[{"floor":6.0,"key":"Toxic Egg 2"},{"floor":8.0,"key":"CaptainsWheel"},{"floor":9.0,"key":"InkBottle"},{"floor":11.0,"key":"PreservedInsect"},{"floor":24,"key":"The Courier"},{"floor":26,"key":"Orichalcum"},{"floor":31,"key":"Sundial"},{"floor":40,"key":"Symbiotic Virus"},{"floor":42,"key":"Letter Opener"},{"floor":43,"key":"Pantograph"},{"floor":46,"key":"Toy Ornithopter"}],"event_choices":[{"damage_healed":0.0,"max_hp_gain":0.0,"max_hp_loss":0.0,"gold_gain":0.0,"cards_transformed":["Strike_B"],"event_name":"Living Wall","player_choice":"Change","floor":4.0,"gold_loss":0.0,"damage_taken":0.0,"cards_obtained":["Ball Lightning"]},{"damage_healed":0.0,"max_hp_gain":0.0,"max_hp_loss":0.0,"gold_gain":0.0,"event_name":"The Woman in Blue","player_choice":"Bought 2 Potions","floor":10.0,"gold_loss":0.0,"damage_taken":0.0},{"damage_healed":0,"gold_gain":0,"player_choice":"Ignored","damage_taken":0,"max_hp_gain":0,"max_hp_loss":0,"event_name":"Cursed Tome","floor":20,"gold_loss":0},{"damage_healed":0,"gold_gain":0,"player_choice":"Ignored","damage_taken":0,"max_hp_gain":0,"max_hp_loss":0,"event_name":"Vampires","floor":21,"gold_loss":0},{"damage_healed":0,"gold_gain":0,"player_choice":"Simplicity","damage_taken":0,"max_hp_gain":0,"max_hp_loss":0,"event_name":"Back to Basics","floor":22,"gold_loss":0,"cards_upgraded":["Strike_B","Strike_B","Strike_B","Defend_B","Defend_B","Defend_B","Defend_B"]},{"damage_healed":0,"gold_gain":0,"player_choice":"Embrace Madness","damage_taken":14,"max_hp_gain":0,"max_hp_loss":0,"event_name":"Winding Halls","floor":37,"gold_loss":0,"cards_obtained":["Madness","Madness"]}],"is_beta":false,"boss_relics":[{"not_picked":["Tiny House","Snecko Eye"],"picked":"Inserter"},{"not_picked":["Empty Cage","Sozu"],"picked":"Busted Crown"}],"items_purged_floors":[44],"is_endless":false,"potions_floor_spawned":[5,6,12,13,14,16,25,28,29,36,38,39,41],"ascension_level":16}}