{"host":"jt67skv49snb75sm","time":1614377273,"event":{"mods":["BaseMod","Bestiary","Minty Spire (QoL Compilation)","Relic Stats"],"gold_per_floor":[113,131,144,144,105,105,132,143,143,177,193,226,226,256,256,334,634,649,662,320,320,331,363,363,375,445,462,11,31,63,80,80,151,151,165,182,231,243,243,243,257,287,287,287,287],"floor_reached":44,"language":"ENG","playtime":3320,"items_purged":[],"score":1267,"play_id":"8f603780-4661-4932-96dc-734ba6ee8202","local_time":"20210226230753","is_ascension_mode":true,"campfire_choices":[{"floor":6.0,"key":"REST"},{"data":"TalkToTheHand","floor":13.0,"key":"SMITH"},{"data":"ReachHeaven","floor":15.0,"key":"SMITH"},{"floor":24.0,"key":"REST"},{"data":"BowlingBash","floor":32.0,"key":"SMITH"},{"data":"DeusExMachina","floor":40.0,"key":"SMITH"}],"circlet_count":0,"master_deck":["AscendersBane","Eruption+1","Vigilance+1","ReachHeaven+1","Indignation+1","Study+1","BowlingBash+1","EmptyBody+1","LessonLearned+1","Pray+1","MentalFortress+1","Halt+1","FearNoEvil+1","Wallop+1","TalkToTheHand+1","CrushJoints+1","FlurryOfBlows+1","Wallop+1","ClearTheMind+1","DeusExMachina+1","CurseOfTheBell","FlurryOfBlows+1","Protect+1","MentalFortress+1","EmptyFist+1","ClearTheMind+1","WheelKick+1","CutThroughFate+1","InnerPeace+1","MasterReality"],"relics":["Pandora\u0027s Box","Du-Vu Doll","Peace Pipe","Regal Pillow","Happy Flower","Calling Bell","Bag of Preparation","Pear","Old Coin","Frozen Eye","Strawberry","Nunchaku","Pantograph","Bottled Tornado","Bronze Scales","Toxic Egg 2","Black Star","StoneCalendar","Potion Belt","Blue Candle"],"acts_visited":["Exordium","TheCity","TheBeyond"],"potions_floor_usage":[44],"damage_taken":[{"damage":4.0,"enemies":"Cultist","floor":1.0,"turns":5.0},{"damage":17.0,"enemies":"2 Louse","floor":2.0,"turns":4.0},{"damage":6.0,"enemies":"Jaw Worm","floor":3.0,"turns":4.0},{"damage":6.0,"enemies":"3 Sentries","floor":7.0,"turns":5.0},{"damage":0.0,"enemies":"3 Louse","floor":8.0,"turns":2.0},{"damage":0.0,"enemies":"Lagavulin","floor":10.0,"turns":5.0},{"damage":14.0,"enemies":"Lots of Slimes","floor":11.0,"turns":4.0},{"damage":6.0,"enemies":"3 Sentries","floor":12.0,"turns":3.0},{"damage":0.0,"enemies":"Lagavulin","floor":14.0,"turns":7.0},{"damage":0.0,"enemies":"Hexaghost","floor":16.0,"turns":8.0},{"damage":0.0,"enemies":"Chosen","floor":18.0,"turns":2.0},{"damage":39.0,"enemies":"3 Byrds","floor":19.0,"turns":7.0},{"damage":12.0,"enemies":"Snecko","floor":22.0,"turns":4.0},{"damage":16.0,"enemies":"Slavers","floor":23.0,"turns":4.0},{"damage":0.0,"enemies":"Cultist and Chosen","floor":25.0,"turns":3.0},{"damage":13.0,"enemies":"Sentry and Sphere","floor":27.0,"turns":4.0},{"damage":1.0,"enemies":"Snecko","floor":29.0,"turns":6.0},{"damage":0.0,"enemies":"Gremlin Leader","floor":30.0,"turns":4.0},{"damage":9.0,"enemies":"Centurion and Healer","floor":31.0,"turns":7.0},{"damage":6.0,"enemies":"Collector","floor":33.0,"turns":6.0},{"damage":2.0,"enemies":"3 Darklings","floor":35.0,"turns":4.0},{"damage":0.0,"enemies":"Orb Walker","floor":36.0,"turns":4.0},{"damage":2.0,"enemies":"2 Orb Walkers","floor":37.0,"turns":3.0},{"damage":3.0,"enemies":"Sphere and 2 Shapes","floor":38.0,"turns":3.0},{"damage":15.0,"enemies":"Transient","floor":41.0,"turns":6.0},{"damage":13.0,"enemies":"Giant Head","floor":42.0,"turns":7.0},{"damage":52,"enemies":"Reptomancer","floor":44,"turns":2}],"seed_played":"-5424548815384397056","potions_obtained":[{"floor":2.0,"key":"AttackPotion"},{"floor":7.0,"key":"Weak Potion"},{"floor":10.0,"key":"SneckoOil"},{"floor":11.0,"key":"SteroidPotion"},{"floor":23.0,"key":"Weak Potion"},{"floor":27.0,"key":"LiquidMemories"},{"floor":37.0,"key":"BlessingOfTheForge"},{"floor":41.0,"key":"Regen Potion"}],"is_trial":false,"path_per_floor":["M","M","M","?","$","R","E","M","T","E","M","E","R","E","R","B",null,"M","M","$","?","M","E","R","M","T","M","$","M","E","M","R","B",null,"M","M","?","M","?","R","M","E","T","E"],"character_chosen":"WATCHER","items_purchased":["TalkToTheHand","Frozen Eye","Strawberry","Bottled Tornado","Bronze Scales"],"campfire_rested":2,"item_purchase_floors":[5,20,20,28,28],"current_hp_per_floor":[57,40,34,34,34,54,48,48,48,48,34,28,28,28,28,28,68,68,29,36,30,18,2,42,42,42,29,29,28,28,19,19,38,73,71,71,69,66,66,66,51,50,50,0,0],"gold":287,"neow_bonus":"BOSS_RELIC","is_daily":false,"chose_seed":false,"campfire_upgraded":4,"win_rate":0.0,"timestamp":1614377273,"path_taken":["M","M","M","?","?","R","E","M","T","E","M","E","R","E","R","BOSS","M","M","$","?","?","E","R","M","T","M","$","M","E","M","R","BOSS","M","M","?","M","?","R","M","E","T","E"],"items_purchased_type":["Card","Relic","Relic","Relic","Relic"],"build_version":"2020-12-22","purchased_purges":0,"victory":false,"max_hp_per_floor":[68,68,68,68,68,68,68,68,68,68,68,68,68,68,68,68,78,78,78,85,85,85,85,85,85,85,85,85,85,85,85,85,85,85,85,85,85,85,85,85,85,85,85,85,85],"relic_stats":{"Regal Pillow":15,"Happy Flower":[28],"counters":[27,123],"Blue Candle":[0],"StoneCalendar":[0],"Bag of Preparation":[36],"Peace Pipe":5,"Nunchaku":[16],"Pantograph":25,"Bronze Scales":[132],"Pandora\u0027s Box":["ReachHeaven","Indignation","Study","BowlingBash","EmptyBody","LessonLearned","Pray","MentalFortress"],"Black Star":1,"obtain_stats":[{"Potion Belt":42,"Regal Pillow":12,"Pear":17,"Happy Flower":14,"Blue Candle":42,"StoneCalendar":37,"Bag of Preparation":17,"Bottled Tornado":28,"Old Coin":17,"Du-Vu Doll":7,"Peace Pipe":9,"Calling Bell":17,"Frozen Eye":20,"Nunchaku":23,"Strawberry":20,"Pantograph":26,"Bronze Scales":28,"Pandora\u0027s Box":0,"Black Star":34,"PureWater":0,"Toxic Egg 2":30},{"Potion Belt":26,"Regal Pillow":8,"Pear":10,"Happy Flower":9,"Blue Candle":26,"StoneCalendar":23,"Bag of Preparation":10,"Bottled Tornado":16,"Old Coin":10,"Du-Vu Doll":4,"Peace Pipe":5,"Calling Bell":10,"Frozen Eye":12,"Nunchaku":14,"Strawberry":12,"Pantograph":15,"Bronze Scales":16,"Pandora\u0027s Box":0,"Black Star":20,"PureWater":0,"Toxic Egg 2":18},{"Potion Belt":121,"Regal Pillow":32,"Pear":47,"Happy Flower":39,"Blue Candle":121,"StoneCalendar":105,"Bag of Preparation":47,"Bottled Tornado":71,"Old Coin":47,"Du-Vu Doll":18,"Peace Pipe":20,"Calling Bell":47,"Frozen Eye":56,"Nunchaku":64,"Strawberry":56,"Pantograph":67,"Bronze Scales":71,"Pandora\u0027s Box":0,"Black Star":94,"PureWater":0,"Toxic Egg 2":81}]},"card_choices":[{"not_picked":["CutThroughFate","FlyingSleeves"],"picked":"Halt","floor":1.0},{"not_picked":["Nirvana","CutThroughFate"],"picked":"FearNoEvil","floor":2.0},{"not_picked":["Weave","FearNoEvil"],"picked":"Wallop","floor":3.0},{"not_picked":["Protect","Collect"],"picked":"CrushJoints","floor":7.0},{"not_picked":["Halt","Weave"],"picked":"FlurryOfBlows","floor":8.0},{"not_picked":["CarveReality","BowlingBash"],"picked":"Wallop","floor":10.0},{"not_picked":["ThirdEye","PathToVictory"],"picked":"ClearTheMind","floor":11.0},{"not_picked":["Protect","EmptyBody","JustLucky"],"picked":"SKIP","floor":12.0},{"not_picked":["CarveReality","Judgement","FlyingSleeves"],"picked":"SKIP","floor":14.0},{"not_picked":["Alpha","Ragnarok"],"picked":"DeusExMachina","floor":16.0},{"not_picked":["DeceiveReality","EmptyBody"],"picked":"FlurryOfBlows+1","floor":18.0},{"not_picked":["Prostrate","SashWhip+1","Protect"],"picked":"SKIP","floor":19.0},{"not_picked":["EmptyBody","CrushJoints","FollowUp"],"picked":"SKIP","floor":22.0},{"not_picked":["LessonLearned","CutThroughFate"],"picked":"Protect","floor":23.0},{"not_picked":["FlyingSleeves","Weave+1"],"picked":"MentalFortress","floor":25.0},{"not_picked":["WreathOfFlame","EmptyBody"],"picked":"EmptyFist","floor":27.0},{"not_picked":["LikeWater","SashWhip+1","FlyingSleeves"],"picked":"SKIP","floor":29.0},{"not_picked":["Worship+1","Wireheading","Conclude"],"picked":"SKIP","floor":30.0},{"not_picked":["Protect+1","EmptyFist"],"picked":"ClearTheMind+1","floor":31.0},{"not_picked":["Halt+1","PathToVictory+1"],"picked":"WheelKick","floor":35.0},{"not_picked":["ReachHeaven","BattleHymn","Wallop"],"picked":"SKIP","floor":36.0},{"not_picked":["SashWhip","Halt+1"],"picked":"CutThroughFate+1","floor":38.0},{"not_picked":["PathToVictory+1","Prostrate+1"],"picked":"InnerPeace+1","floor":41.0},{"not_picked":["Wallop","SandsOfTime+1"],"picked":"MasterReality","floor":42.0}],"player_experience":927439,"relics_obtained":[{"floor":7.0,"key":"Du-Vu Doll"},{"floor":9.0,"key":"Peace Pipe"},{"floor":12.0,"key":"Regal Pillow"},{"floor":14.0,"key":"Happy Flower"},{"floor":17.0,"key":"Bag of Preparation"},{"floor":17.0,"key":"Pear"},{"floor":17.0,"key":"Old Coin"},{"floor":23.0,"key":"Nunchaku"},{"floor":26.0,"key":"Pantograph"},{"floor":30.0,"key":"Toxic Egg 2"},{"floor":37.0,"key":"StoneCalendar"},{"floor":42.0,"key":"Potion Belt"},{"floor":42.0,"key":"Blue Candle"}],"event_choices":[{"damage_healed":0.0,"max_hp_gain":0.0,"max_hp_loss":0.0,"gold_gain":0.0,"event_name":"Accursed Blacksmith","player_choice":"Forge","floor":4.0,"gold_loss":0.0,"damage_taken":0.0,"cards_upgraded":["Wallop"]},{"damage_healed":0.0,"max_hp_gain":0.0,"max_hp_loss":0.0,"gold_gain":0.0,"event_name":"Knowing Skull","player_choice":"","floor":21.0,"potions_obtained":[],"gold_loss":0.0,"damage_taken":6.0,"cards_obtained":[]},{"damage_healed":0.0,"max_hp_gain":0.0,"max_hp_loss":0.0,"gold_gain":0.0,"event_name":"Mysterious Sphere","player_choice":"Fight","floor":37.0,"gold_loss":0.0,"damage_taken":0.0},{"damage_healed":0.0,"max_hp_gain":0.0,"max_hp_loss":0.0,"gold_gain":0.0,"event_name":"Transmorgrifier","player_choice":"Ignored","floor":39.0,"gold_loss":0.0,"damage_taken":0.0}],"is_beta":false,"boss_relics":[{"not_picked":["Tiny House","Snecko Eye"],"picked":"Calling Bell"},{"not_picked":["Empty Cage","Runic Pyramid"],"picked":"Black Star"}],"items_purged_floors":[],"is_endless":false,"potions_floor_spawned":[2,7,10,11,16,18,23,27,29,33,36,37,41],"killed_by":"Reptomancer","ascension_level":19}}