{"host":"dzvdy2cvkhifjmvi","time":1614313721,"event":{"mods":["BaseMod","Downfall","Infinite Spire","Marisa????????","Minty Spire (QoL Compilation)","Replay The Spire","StSLib","The Cursed","The Disciple","The Servant 0.9.4"],"gold_per_floor":[199,209,59,44,59,59,132,132,32,17,50,50,50,60,76,179,179,79,90,101,101,119,119,119,219,219,239,257,257,257,257],"floor_reached":29,"language":"ENG","playtime":1683,"items_purged":[],"score":248,"play_id":"a0bfc733-529d-490f-8abb-54aeb0f71281","local_time":"20210225212841","is_ascension_mode":false,"campfire_choices":[{"data":"bronze:Goto","floor":6.0,"key":"SMITH"},{"data":"bronze:Goto","floor":9.0,"key":"SMITH"},{"data":"bronze:Philosophize","floor":13.0,"key":"SMITH"},{"data":"bronze:Assembly","floor":18,"key":"SMITH"},{"data":"bronze:OilSpill","floor":23,"key":"SMITH"},{"data":"bronze:DecaBeam","floor":26,"key":"SMITH"}],"circlet_count":0,"master_deck":["bronze:Strike","bronze:Strike","bronze:Strike","bronze:Defend","bronze:Defend","bronze:Defend","bronze:Defend","bronze:Replicate","bronze:Goto+1","bronze:Replicate","bronze:Goto+1","ReplayTheSpireMod:Splinters","bronze:DelayedGuard","bronze:BronzeOrb","bronze:Safeguard","bronze:Philosophize+1","bronze:OilSpill+1","bronze:Assembly+1","bronze:ClassDefault+1","bronze:Iterate+1","Writhe","bronze:OilSpill+1","bronze:DecaBeam+1","bronze:Iterate+1"],"relics":["bronze:PlatinumCore","Mummified Hand","downfall:HeartBlessingBlue","Orichalcum","downfall:HeartBlessingGreen","Frozen Egg 2","Girya"],"acts_visited":["Exordium","TheCity"],"potions_floor_usage":[25,27],"damage_taken":[{"damage":6.0,"enemies":"Cultist","floor":2.0,"turns":3.0},{"damage":0.0,"enemies":"downfall:FleeingMerchant","floor":4.0,"turns":4.0},{"damage":1.0,"enemies":"Jaw Worm","floor":5.0,"turns":4.0},{"damage":0.0,"enemies":"downfall:FleeingMerchant","floor":10.0,"turns":4.0},{"damage":11.0,"enemies":"Gremlin Nob","floor":11.0,"turns":5.0},{"damage":0.0,"enemies":"Small Slimes","floor":14.0,"turns":3.0},{"damage":8.0,"enemies":"Blue Slaver","floor":15.0,"turns":3.0},{"damage":23.0,"enemies":"WA_ARCHETYPE_RETAIN","floor":16.0,"turns":5.0},{"damage":5,"enemies":"Chosen","floor":19,"turns":5},{"damage":21,"enemies":"3 Byrds","floor":20,"turns":5},{"damage":11,"enemies":"Centurion and Healer","floor":22,"turns":5},{"damage":11,"enemies":"Centurion and Healer","floor":25,"turns":5},{"damage":0,"enemies":"Sentry and Sphere","floor":27,"turns":6},{"damage":2,"enemies":"Cultist and Chosen","floor":28,"turns":5},{"damage":50,"enemies":"Nightmare","floor":29,"turns":5}],"seed_played":"286138919407050346","potions_obtained":[{"floor":15.0,"key":"DistilledChaos"},{"floor":16.0,"key":"Energy Potion"},{"floor":19,"key":"SkillPotion"}],"is_trial":false,"path_per_floor":["R","M","?","$","M","R","T","T","R","$","E","?","R","M","M","B",null,"R","M","M","?","M","R","T","?","R","M","M","NM"],"character_chosen":"THE_AUTOMATON","items_purchased":[],"campfire_rested":0,"item_purchase_floors":[],"current_hp_per_floor":[70,64,80,80,79,79,79,79,89,89,78,78,78,78,70,47,90,90,85,64,64,53,53,53,42,42,42,40,0,0,0],"gold":257,"neow_bonus":"HUNDRED_GOLD","is_daily":false,"chose_seed":false,"campfire_upgraded":6,"win_rate":0.0,"timestamp":1614313721,"path_taken":["R","M","?","?","M","R","T","?","R","$","E","?","R","M","M","BOSS","R","M","M","?","M","R","T","?","R","M","M","NM"],"items_purchased_type":[],"build_version":"2020-12-22","purchased_purges":0,"victory":false,"max_hp_per_floor":[70,70,80,80,80,80,80,80,90,90,90,90,90,90,90,90,90,90,90,90,90,90,90,90,90,90,90,90,90,90,90],"card_choices":[{"not_picked":["bronze:MaxOutput","bronze:Frontload","bronze:WildBeam"],"picked":"SKIP","floor":2.0},{"not_picked":["bronze:BuggyMess","bronze:Overheat"],"picked":"bronze:DelayedGuard","floor":4.0},{"not_picked":["bronze:Frontload","bronze:Deprecate"],"picked":"bronze:BronzeOrb","floor":5.0},{"not_picked":["bronze:DelayedGuard","bronze:Break"],"picked":"bronze:Safeguard","floor":10.0},{"not_picked":["bronze:BugBarrage","bronze:Branch"],"picked":"bronze:Philosophize","floor":11.0},{"not_picked":["bronze:Flail","bronze:Fortify","bronze:BugBarrage"],"picked":"SKIP","floor":14.0},{"not_picked":["bronze:Iterate","bronze:Invalidate"],"picked":"bronze:OilSpill","floor":15.0},{"not_picked":["bronze:BurnOut","bronze:Break"],"picked":"bronze:Assembly","floor":16.0},{"not_picked":["bronze:OilSpill","bronze:Optimize"],"picked":"bronze:ClassDefault+1","floor":19},{"not_picked":["bronze:Overheat+1","bronze:Boost+1"],"picked":"bronze:Iterate+1","floor":20},{"not_picked":["bronze:Overheat","bronze:BitShift"],"picked":"bronze:OilSpill+1","floor":22},{"not_picked":[],"picked":"bronze:DecaBeam","floor":25},{"not_picked":["bronze:DelayedGuard+1","bronze:DelayedSlice"],"picked":"bronze:Iterate+1","floor":25},{"not_picked":["bronze:AlphaBuild","bronze:WildBeam","bronze:BugBarrage"],"picked":"SKIP","floor":27},{"not_picked":["bronze:Overheat","bronze:BuggyMess","bronze:CloningBeam"],"picked":"SKIP","floor":28}],"player_experience":1440224,"relics_obtained":[{"floor":7.0,"key":"Mummified Hand"},{"floor":11.0,"key":"Orichalcum"},{"floor":24,"key":"Girya"}],"event_choices":[],"is_beta":false,"boss_relics":[{"not_picked":["Snecko Eye","Astrolabe"],"picked":"bronze:PlatinumCore"}],"items_purged_floors":[],"is_endless":false,"potions_floor_spawned":[15,16,19],"killed_by":"Nightmare","ascension_level":0}}