{"host":"dbkc9h3etq50r1dq","time":1614381152,"event":{"mods":["100% Spire Juice","AchievementEnabler","BaseMod","Block Reminder","Colored Powertips","Curses Come First","Dark Map","Minty Spire (QoL Compilation)","Permanent Neow","Potion Indicator Mod","Random Character Button","Rare Cards Sparkle","StSLib","SuperFastMode","Weighted Paths"],"gold_per_floor":[111,125,144,94,49,49,75,94,121,121,121,121,0,21,21,141,141,165,179,0,15,39,39,53,53,53,53,68,102,122,155,167,303,315,351,384,411,443,480,492,538,550,644,656,0,36,36,70,70,70,70],"floor_reached":50,"language":"ZHS","playtime":2223,"items_purged":["Moonworks:Strike","Moonworks:Strike","Moonworks:LongDistanceShot"],"score":804,"play_id":"df9a0dd9-68fd-4a9e-a847-0a6917f3f1e6","local_time":"20210227071232","is_ascension_mode":true,"campfire_choices":[{"floor":6.0,"key":"REST"},{"floor":10.0,"key":"REST"},{"floor":15.0,"key":"REST"},{"data":"Moonworks:AnotherUltimateWeapon","floor":23.0,"key":"SMITH"},{"data":"Moonworks:UnpaidWork","floor":25.0,"key":"SMITH"},{"data":"Moonworks:TreasureThief","floor":27.0,"key":"SMITH"},{"data":"Moonworks:IndiscriminateFireSupport","floor":32.0,"key":"SMITH"},{"data":"Moonworks:MetallicMonocoque","floor":40.0,"key":"SMITH"},{"data":"Moonworks:MetallicMonocoque","floor":47,"key":"SMITH"},{"data":"Moonworks:GoAway","floor":49,"key":"SMITH"}],"circlet_count":0,"master_deck":["Moonworks:Ambush","Moonworks:NicePresent","Moonworks:BigBangBell","Moonworks:UnpaidWork+1","Moonworks:IndiscriminateFireSupport+1","Moonworks:CookingTime","Moonworks:SakisCookie","Moonworks:AnotherUltimateWeapon+1","Moonworks:LuckyCharm+1","Moonworks:TreasureThief+1","Moonworks:WindyEnchantment+1","Moonworks:MiracleRedBeanIceCream+1","Moonworks:SakisCookie","Moonworks:NicePresent+1","Moonworks:GoAway+1","Moonworks:Accelerator","Moonworks:MetallicMonocoque+1","Moonworks:ReflectiveShell","Moonworks:Dash+1","Moonworks:NicePresent","Moonworks:MetallicMonocoque+1","Master of Strategy","Good Instincts","Moonworks:SakisCookie+1"],"relics":["Moonworks:BrokenBomb","Moonworks:Homemark","Bronze Scales","Centennial Puzzle","Golden Idol","Empty Cage","Thread and Needle","Strawberry","MawBank","Pandora\u0027s Box","Boot","Bottled Lightning","Bottled Flame","Lizard Tail"],"acts_visited":["Exordium","TheCity","TheBeyond"],"potions_floor_usage":[46,48,50],"damage_taken":[{"damage":10.0,"enemies":"Small Slimes","floor":1.0,"turns":4.0},{"damage":13.0,"enemies":"Jaw Worm","floor":2.0,"turns":4.0},{"damage":2.0,"enemies":"2 Louse","floor":3.0,"turns":3.0},{"damage":28.0,"enemies":"Lagavulin","floor":7.0,"turns":7.0},{"damage":0.0,"enemies":"Lots of Slimes","floor":8.0,"turns":2.0},{"damage":18.0,"enemies":"Large Slime","floor":14.0,"turns":6.0},{"damage":29.0,"enemies":"Slime Boss","floor":16.0,"turns":7.0},{"damage":0.0,"enemies":"3 Byrds","floor":18.0,"turns":3.0},{"damage":5.0,"enemies":"2 Thieves","floor":19.0,"turns":2.0},{"damage":2.0,"enemies":"Centurion and Healer","floor":21.0,"turns":5.0},{"damage":0.0,"enemies":"Chosen and Byrds","floor":22.0,"turns":3.0},{"damage":5.0,"enemies":"Cultist and Chosen","floor":24.0,"turns":3.0},{"damage":18.0,"enemies":"Centurion and Healer","floor":28.0,"turns":3.0},{"damage":20.0,"enemies":"Slavers","floor":29.0,"turns":2.0},{"damage":8.0,"enemies":"Chosen and Byrds","floor":30.0,"turns":3.0},{"damage":3.0,"enemies":"Book of Stabbing","floor":31.0,"turns":4.0},{"damage":7.0,"enemies":"Collector","floor":33.0,"turns":5.0},{"damage":0.0,"enemies":"Orb Walker","floor":35.0,"turns":4.0},{"damage":6.0,"enemies":"3 Shapes","floor":36.0,"turns":4.0},{"damage":0.0,"enemies":"Maw","floor":37.0,"turns":4.0},{"damage":17.0,"enemies":"Spire Growth","floor":38.0,"turns":4.0},{"damage":4.0,"enemies":"Transient","floor":39.0,"turns":5.0},{"damage":0.0,"enemies":"Giant Head","floor":41.0,"turns":6.0},{"damage":6,"enemies":"Reptomancer","floor":46,"turns":4},{"damage":9,"enemies":"Giant Head","floor":48,"turns":7},{"damage":117,"enemies":"Awakened One","floor":50,"turns":9}],"seed_played":"1446055190860276807","potions_obtained":[{"floor":3.0,"key":"Fire Potion"},{"floor":7.0,"key":"FearPotion"},{"floor":12.0,"key":"Block Potion"},{"floor":12.0,"key":"Fruit Juice"},{"floor":12.0,"key":"Dexterity Potion"},{"floor":18.0,"key":"GamblersBrew"},{"floor":19.0,"key":"SteroidPotion"},{"floor":21.0,"key":"SteroidPotion"},{"floor":29.0,"key":"PowerPotion"},{"floor":35.0,"key":"SkillPotion"},{"floor":38.0,"key":"Ancient Potion"},{"floor":46,"key":"Swift Potion"}],"is_trial":false,"path_per_floor":["M","M","M","?","?","R","E","M","T","R","?","?","$","M","R","B",null,"M","M","$","M","M","R","M","R","T","R","M","E","M","E","R","B",null,"M","M","M","M","M","R","E","?","T","?","$","E","R","E","R","B"],"character_chosen":"THE_STARBREAKER","items_purchased":["Moonworks:MetallicMonocoque","Master of Strategy","BlessingOfTheForge","Good Instincts"],"campfire_rested":3,"item_purchase_floors":[45,45,45,45],"current_hp_per_floor":[44,31,29,29,18,36,8,8,8,26,26,31,31,16,34,13,49,54,49,49,49,57,57,61,61,61,61,48,40,45,55,55,56,65,67,64,68,59,64,64,68,68,68,65,65,65,65,61,61,0,0],"gold":70,"neow_bonus":"THREE_CARDS","is_daily":false,"chose_seed":false,"campfire_upgraded":7,"win_rate":0.0,"timestamp":1614381152,"path_taken":["M","M","M","?","?","R","E","M","T","R","?","?","$","M","R","BOSS","M","M","$","?","M","R","M","R","T","R","M","E","M","E","R","BOSS","M","M","M","M","M","R","E","?","T","?","$","E","R","E","R","BOSS"],"items_purchased_type":["Card","Card","Potion","Card"],"build_version":"2020-12-22","purchased_purges":3,"victory":false,"max_hp_per_floor":[60,60,60,60,60,60,60,60,60,60,56,61,61,61,61,61,61,61,61,61,61,61,61,61,61,61,61,61,68,68,68,68,68,68,68,68,68,68,68,68,68,68,68,65,65,65,65,65,65,65,65],"card_choices":[{"not_picked":["Moonworks:SakisCookie","Moonworks:EvilSpyWorkPreparation"],"picked":"Moonworks:NicePresent","floor":0.0},{"not_picked":["Moonworks:LulusLuckyEgg","Moonworks:StiffCrystal"],"picked":"Moonworks:BigBangBell","floor":1.0},{"not_picked":["Moonworks:ImOnFire","Moonworks:SakisCookie"],"picked":"Moonworks:UnpaidWork","floor":2.0},{"not_picked":["Moonworks:ImOnFire","Moonworks:NicePresent"],"picked":"Moonworks:IndiscriminateFireSupport","floor":3.0},{"not_picked":["Moonworks:CompletionReward","Moonworks:IntelligenceOfficer"],"picked":"Moonworks:CookingTime","floor":7.0},{"not_picked":["Moonworks:ImOnFire","Moonworks:Assault","Moonworks:BigMagnum"],"picked":"SKIP","floor":8.0},{"not_picked":["Moonworks:Assault","Moonworks:ImOnFire"],"picked":"Moonworks:SakisCookie","floor":14.0},{"not_picked":["Moonworks:OutOfAmmo","Moonworks:WeAreWaruda"],"picked":"Moonworks:AnotherUltimateWeapon","floor":16.0},{"not_picked":["Moonworks:EvilSpyWorkPreparation","Moonworks:BigMagnum+1"],"picked":"Moonworks:LuckyCharm+1","floor":18.0},{"not_picked":["Moonworks:Bloodlust+1","Moonworks:Assault+1"],"picked":"Moonworks:TreasureThief","floor":19.0},{"not_picked":["Moonworks:AngelHand+1","Moonworks:LuckyCharm"],"picked":"Moonworks:WindyEnchantment+1","floor":21.0},{"not_picked":["Moonworks:BeyondHell","Moonworks:ImOnFire"],"picked":"Moonworks:MiracleRedBeanIceCream+1","floor":22.0},{"not_picked":["Moonworks:Assault+1","Moonworks:EvilSpyWorkPreparation"],"picked":"Moonworks:SakisCookie","floor":24.0},{"not_picked":["Moonworks:Assault","Moonworks:IntelligenceOfficer","Moonworks:SakisCookie"],"picked":"SKIP","floor":28.0},{"not_picked":["Moonworks:RedAndBlue","Moonworks:SakisCookie"],"picked":"Moonworks:NicePresent+1","floor":29.0},{"not_picked":["Moonworks:LulusLuckyEgg","Moonworks:SakisCookie","Moonworks:JonathanRush"],"picked":"SKIP","floor":30.0},{"not_picked":["Moonworks:ScrambledEve","Moonworks:BindingChains","Moonworks:StarBlastingFuse"],"picked":"SKIP","floor":31.0},{"not_picked":["Moonworks:Wanted","Moonworks:OutOfAmmo"],"picked":"Moonworks:GoAway","floor":33.0},{"not_picked":["Moonworks:Assault","Moonworks:DevilHand","Moonworks:UnluckyCharm"],"picked":"SKIP","floor":35.0},{"not_picked":["Moonworks:SakisCookie","Moonworks:CastOff","Moonworks:ImOnFire"],"picked":"SKIP","floor":36.0},{"not_picked":["Moonworks:LulusLuckyEgg","Moonworks:TacticalRetreat+1","Moonworks:CloudOfSeagulls"],"picked":"SKIP","floor":37.0},{"not_picked":["Moonworks:FullSpeedAlicianrone","Moonworks:EvilSpyWorkPreparation"],"picked":"Moonworks:Dash+1","floor":38.0},{"not_picked":["Moonworks:AwakeningOfTalent+1","Moonworks:SakisCookie"],"picked":"Moonworks:NicePresent","floor":39.0},{"not_picked":["Moonworks:CastOff+1","Moonworks:EvilSpyWorkPreparation","Moonworks:OutOfAmmo"],"picked":"SKIP","floor":41.0},{"not_picked":["Moonworks:ImOnFire+1","Moonworks:Dinner+1"],"picked":"Moonworks:SakisCookie+1","floor":46},{"not_picked":["Moonworks:BigMagnum","Moonworks:CompletionReward+1","Moonworks:IndiscriminateFireSupport+1"],"picked":"SKIP","floor":48}],"player_experience":204329,"relics_obtained":[{"floor":7.0,"key":"Bronze Scales"},{"floor":9.0,"key":"Centennial Puzzle"},{"floor":26.0,"key":"Thread and Needle"},{"floor":29.0,"key":"Strawberry"},{"floor":31.0,"key":"MawBank"},{"floor":41.0,"key":"Boot"},{"floor":43,"key":"Bottled Lightning"},{"floor":46,"key":"Bottled Flame"},{"floor":48,"key":"Lizard Tail"}],"event_choices":[{"cards_removed":["Moonworks:Strike"],"damage_healed":0.0,"max_hp_gain":0.0,"max_hp_loss":0.0,"gold_gain":0.0,"event_name":"The Cleric","player_choice":"Card Removal","floor":4.0,"gold_loss":50.0,"damage_taken":0.0},{"damage_healed":0.0,"max_hp_gain":0.0,"max_hp_loss":0.0,"gold_gain":75.0,"event_name":"World of Goop","player_choice":"Gather Gold","floor":5.0,"gold_loss":0.0,"damage_taken":11.0},{"damage_healed":0.0,"max_hp_gain":0.0,"max_hp_loss":4.0,"gold_gain":0.0,"event_name":"Golden Idol","player_choice":"Lose Max HP","floor":11.0,"gold_loss":0.0,"damage_taken":0.0,"relics_obtained":["Golden Idol"]},{"damage_healed":0.0,"max_hp_gain":0.0,"max_hp_loss":0.0,"gold_gain":0.0,"event_name":"Lab","player_choice":"Got Potions","floor":12.0,"gold_loss":0.0,"damage_taken":0.0},{"damage_healed":0,"gold_gain":0,"player_choice":"Ignored","damage_taken":0,"max_hp_gain":0,"max_hp_loss":0,"event_name":"Mysterious Sphere","floor":42,"gold_loss":0},{"damage_healed":0,"gold_gain":0,"player_choice":"Max HP","damage_taken":0,"max_hp_gain":0,"max_hp_loss":3,"event_name":"Winding Halls","floor":44,"gold_loss":0}],"is_beta":false,"boss_relics":[{"not_picked":["Moonworks:SBBomb","Sozu"],"picked":"Empty Cage"},{"not_picked":["Runic Dome","Fusion Hammer"],"picked":"Pandora\u0027s Box"}],"items_purged_floors":[13,20,45],"is_endless":false,"potions_floor_spawned":[3,7,18,19,21,29,35,38,46],"killed_by":"Awakened One","ascension_level":6}}