{"host":"g40mznrtwxqyj1ow","time":1614347899,"event":{"mods":["BaseMod","BetterRewards","Colored Map","Conspire","Hermit","Highlight Path","Hubris","Marisa????????","Minty Spire (QoL Compilation)","Replay The Spire","Robot Space Explorer","Shop Mod","StSLib","The Bug Knight","The Construct","The Cursed","The Jungle","The Marked","The Mystic","The Necromancer","The Runesmith","The Servant 0.9.4","[IsaacMod]????"],"gold_per_floor":[113,130,80,80,80,111,111,129,129,145,145,176,176,219,219,350,350,363,384,425,425,443,478,122,160,228,291,331,331,331,350,350,474,474,494,559,892,908,920,955,955,543,543,571,601,601,634,634,634,634,634,22,51,51,51],"floor_reached":55,"language":"ENG","playtime":4580,"items_purged":["Thousand_Bone_Knives","Bone_Armory"],"score":1395,"play_id":"17f45fc9-98ca-467c-a9f8-b23c4788470d","local_time":"20210226145819","is_ascension_mode":true,"campfire_choices":[{"data":"Summon_Vampire_Lady","floor":7,"key":"SMITH"},{"data":"Siphon_Strength","floor":13,"key":"SMITH"},{"data":"Summon_Death_Knight","floor":15,"key":"SMITH"},{"data":"Cloudkill","floor":29,"key":"SMITH"},{"data":"Cloudkill","floor":32,"key":"SMITH"},{"floor":49,"key":"RECALL"},{"data":"Madness","floor":52,"key":"SMITH"}],"circlet_count":0,"master_deck":["Strike_W","Strike_W","Strike_W+1","Defend_W","Defend_W+1","Defend_W","Defend_W","Negative_Energy_Arrows","Bone_Wall","Death_March_Dance","Spectral_Armor","Bone_Bullets","Summon_Vampire_Lady+1","Siphon_Strength+1","Summon_Death_Knight+1","Grasp_Heart","Cloudkill+1","Toxic_Smoke_Screen+1","Skeleton_Dragon","Bone_Prison","Cloudkill+1","Life_Drain","Blood_Curse+1","Necrotic_Claws+1","Spectral_Walk","Madness+1","Madness","Grasp_Heart","EpicFetus"],"relics":["Vampire_Amulet","HushsDoor","TheBean","Pet Ghost","HollowMod:PaleOreRelic","hubris:SlimyHat","GuppysHead","Runesmith:AutoHammer","Quantum Egg","hubris:Reverence","Bottled Tornado","Thread and Needle","ChewingGum","Omamori","Bag of Preparation","conspire:Flyswatter","Chameleon Ring","Anchor","BookofShadows","Calling Bell","ReplayTheSpireMod:Lightbulb","Gremlin Horn","hubris:Teleporter","CatCart","BookOfRevelations","Replay:Baseball","Ancient Tea Set","Happy Flower","PreservedInsect","Oddly Smooth Stone","Blood Vial","Replay:Rubber Ducky","Replay:Bottled Snecko","Simple Rune"],"acts_visited":["Exordium","Exordium","TheBeyond","TheEnding"],"potions_floor_usage":[14,27,27,31,48,55,55,55,55,55,55,55,55,55,55,55,55,55,55,55,55,55,55,55,55,55,55,55,55,55],"damage_taken":[{"damage":0,"enemies":"Cultist","floor":1,"turns":2},{"damage":0,"enemies":"Jaw Worm","floor":2,"turns":2},{"damage":1,"enemies":"3 Sentries","floor":6,"turns":6},{"damage":0,"enemies":"2 Louse","floor":8,"turns":2},{"damage":0,"enemies":"Exordium Wildlife","floor":10,"turns":2},{"damage":3,"enemies":"Gremlin Nob","floor":12,"turns":3},{"damage":10,"enemies":"Lagavulin","floor":14,"turns":4},{"damage":0,"enemies":"Hexaghost","floor":16,"turns":8},{"damage":3,"enemies":"theJungle:5_Spyders","floor":18,"turns":4},{"damage":0,"enemies":"Shell Parasite","floor":19,"turns":3},{"damage":5,"enemies":"theJungle:JungleHuntersEncounter","floor":22,"turns":4},{"damage":0,"enemies":"theJungle:MamaSnecko","floor":23,"turns":4},{"damage":2,"enemies":"theJungle:Cassacara","floor":25,"turns":5},{"damage":0,"enemies":"Hiden Room Battle","floor":27,"turns":3},{"damage":0,"enemies":"theJungle:2_Phrogs","floor":28,"turns":4},{"damage":0,"enemies":"theJungle:2_Snecko_Cultists","floor":31,"turns":3},{"damage":45,"enemies":"theJungle:TotemBoss","floor":33,"turns":6},{"damage":0,"enemies":"Orb Walker","floor":35,"turns":3},{"damage":0,"enemies":"Orin","floor":36,"turns":8},{"damage":1,"enemies":"3 Darklings","floor":38,"turns":3},{"damage":0,"enemies":"4 Shapes","floor":39,"turns":2},{"damage":0,"enemies":"Nemesis","floor":40,"turns":5},{"damage":0,"enemies":"Giant Head","floor":44,"turns":6},{"damage":0,"enemies":"Nemesis","floor":46,"turns":3},{"damage":0,"enemies":"R_Hoarder","floor":48,"turns":3},{"damage":27,"enemies":"hubris:GrandSnecko","floor":50,"turns":9},{"damage":0,"enemies":"Shield and Spear","floor":54,"turns":5},{"damage":137,"enemies":"LittleHush","floor":55,"turns":19}],"seed_played":"3716199701277998628","potions_obtained":[{"floor":10,"key":"BlessingOfTheForge"},{"floor":12,"key":"ColorlessPotion"},{"floor":14,"key":"BlessingOfTheForge"},{"floor":18,"key":"Adrenaline Potion"},{"floor":33,"key":"Languid Potion"},{"floor":38,"key":"Explosive Potion"},{"floor":41,"key":"Flashbang"},{"floor":41,"key":"Milkshake"},{"floor":54,"key":"DistilledChaos"}],"is_trial":false,"path_per_floor":["M","M","?","?","T","E","R","M","T","M","?","E","R","E","R","B",null,"M","M","?","?","M","E","$","E","T","?","E","R","?","M","R","B",null,"M","?","?","M","M","E","R","$","T","E","E","?","E","R","B",null,"R","$","E","B"],"character_chosen":"NECROMANCER","items_purchased":["Pet Ghost","HollowMod:PaleOreRelic","Cloudkill","Bone_Prison","Bone_Armory","Cloudkill","Replay:Baseball","Ancient Tea Set","Replay:Rubber Ducky","EpicFetus","Replay:Bottled Snecko","ColorlessPotion"],"campfire_rested":0,"item_purchase_floors":[0,0,17,24,24,24,42,42,53,53,53,53],"current_hp_per_floor":[39,41,41,8,8,13,13,20,20,24,24,29,29,30,30,56,65,65,65,50,50,61,65,65,65,65,60,65,65,65,65,65,42,65,65,65,65,65,65,65,65,65,65,65,65,57,65,65,65,65,65,65,65,0,0],"gold":51,"neow_bonus":"","is_daily":false,"chose_seed":false,"campfire_upgraded":6,"win_rate":0.0,"timestamp":1614347899,"path_taken":["M","M","?","?","?","E","R","M","T","?","?","E","R","E","R","BOSS","M","M","?","?","M","E","$","E","T","?","E","R","?","M","R","BOSS","M","?","?","M","?","E","R","$","T","E","E","?","E","R","BOSS","R","$","E","BOSS"],"items_purchased_type":["Relic","Relic","Card","Card","Card","Card","Relic","Relic","Relic","Card","Relic","Potion"],"build_version":"2020-12-22","purchased_purges":2,"victory":false,"max_hp_per_floor":[75,75,75,75,75,75,75,75,75,75,69,69,69,69,69,69,65,65,65,65,65,65,65,65,65,65,65,65,65,65,65,65,65,65,65,65,65,65,65,65,65,65,65,65,65,65,65,65,65,65,65,65,65,65,65],"card_choices":[{"not_picked":["Negative_Energy_Sphere","Bone_Armory"],"picked":"Spectral_Armor","floor":1},{"not_picked":["Negative_Energy_Sphere","Bone_Shift"],"picked":"Bone_Bullets","floor":2},{"not_picked":["Chill_Blood","Blood_Whip"],"picked":"Summon_Vampire_Lady","floor":6},{"not_picked":["Chill_Blood","Blood_Whip","Pandemic"],"picked":"SKIP","floor":8},{"not_picked":["Negative_Energy_Javelin","Negative_Energy_Shield"],"picked":"Siphon_Strength","floor":10},{"not_picked":["Blood_Is_Power","Hellfire"],"picked":"Thousand_Bone_Knives","floor":12},{"not_picked":["Pandemic","Chill_Blood"],"picked":"Summon_Death_Knight","floor":14},{"not_picked":["Skeleton_Dragon","Blood_Wake"],"picked":"Grasp_Heart","floor":16},{"not_picked":["Negative_Energy_Mist+1","Shackles_Of_Pain","Blood_Whip"],"picked":"SKIP","floor":18},{"not_picked":["Blood_Whip","Shackles_Of_Pain+1","Death_March_Dance"],"picked":"SKIP","floor":19},{"not_picked":["Bone_Shift","Negative_Energy_Shield"],"picked":"Toxic_Smoke_Screen+1","floor":22},{"not_picked":["Consume_Illness","Death_Coil"],"picked":"Skeleton_Dragon","floor":23},{"not_picked":["Whirlwind_of_Bones","Blood_Whip","Blood_Shield"],"picked":"SKIP","floor":25},{"not_picked":["Negative_Energy_Javelin","Bone_Armor+1"],"picked":"Life_Drain","floor":27},{"not_picked":["Bone_Spikes","Necrotic_Claws"],"picked":"Blood_Curse+1","floor":28},{"not_picked":["Negative_Energy_Shield","Bones_to_Steel"],"picked":"Necrotic_Claws+1","floor":31},{"not_picked":["Necromantic_Selection","Negative_Energy_Sphere+1","Blood_Whip+1"],"picked":"SKIP","floor":35},{"not_picked":["Summon_Lich+1","Slay_Living+1"],"picked":"Spectral_Walk","floor":36},{"not_picked":["Chill_Blood","Negative_Energy_Javelin+1","Scare"],"picked":"SKIP","floor":38},{"not_picked":["Chill_Blood+1","Negative_Energy_Mist+1","Blood_Curse"],"picked":"SKIP","floor":39},{"not_picked":["Bone_Spikes","Negative_Energy_Javelin+1","Consume_Illness"],"picked":"SKIP","floor":40},{"not_picked":["Consume_Illness+1","Cloudkill","Bone_Bullets"],"picked":"SKIP","floor":44},{"not_picked":["Bone_Bullets","Life_Tap","Death_Coil+1"],"picked":"SKIP","floor":46},{"not_picked":["Finger_Of_Death","Negative_Energy_Mist"],"picked":"Grasp_Heart","floor":48},{"not_picked":["Chill_Blood+1","Bone_Bullets+1","Bone_Shift"],"picked":"SKIP","floor":54}],"player_experience":541061,"relics_obtained":[{"floor":5,"key":"Quantum Egg"},{"floor":6,"key":"hubris:Reverence"},{"floor":12,"key":"Bottled Tornado"},{"floor":14,"key":"Thread and Needle"},{"floor":23,"key":"Omamori"},{"floor":25,"key":"Bag of Preparation"},{"floor":26,"key":"conspire:Flyswatter"},{"floor":27,"key":"Chameleon Ring"},{"floor":27,"key":"Anchor"},{"floor":28,"key":"BookofShadows"},{"floor":34,"key":"ReplayTheSpireMod:Lightbulb"},{"floor":34,"key":"Gremlin Horn"},{"floor":34,"key":"hubris:Teleporter"},{"floor":36,"key":"CatCart"},{"floor":40,"key":"BookOfRevelations"},{"floor":43,"key":"Happy Flower"},{"floor":44,"key":"PreservedInsect"},{"floor":46,"key":"Oddly Smooth Stone"},{"floor":48,"key":"Blood Vial"},{"floor":54,"key":"Simple Rune"}],"event_choices":[{"cards_removed":["Strike_W"],"damage_healed":0,"gold_gain":0,"player_choice":"Card Removal","damage_taken":0,"max_hp_gain":0,"max_hp_loss":0,"event_name":"The Cleric","floor":3,"gold_loss":50},{"damage_healed":0,"gold_gain":0,"player_choice":"Success","damage_taken":33,"relics_obtained":["Runesmith:AutoHammer"],"max_hp_gain":0,"max_hp_loss":0,"event_name":"Scrap Ooze","floor":4,"gold_loss":0},{"damage_healed":0,"gold_gain":0,"player_choice":"Lose Max HP","damage_taken":0,"relics_obtained":["Golden Idol"],"max_hp_gain":0,"max_hp_loss":6,"event_name":"Golden Idol","floor":11,"gold_loss":0},{"damage_healed":0,"gold_gain":0,"player_choice":"Leave","damage_taken":0,"max_hp_gain":0,"max_hp_loss":0,"event_name":"conspire:Investor","floor":21,"gold_loss":0},{"damage_healed":0,"gold_gain":0,"player_choice":"Fight","damage_taken":0,"max_hp_gain":0,"max_hp_loss":0,"event_name":"HidenRoomEvent","floor":27,"gold_loss":0},{"damage_healed":0,"gold_gain":0,"player_choice":"Fight","damage_taken":0,"max_hp_gain":0,"max_hp_loss":0,"event_name":"OrinTheCat","floor":36,"gold_loss":0},{"damage_healed":0,"gold_gain":333,"player_choice":"Gave Idol","damage_taken":0,"max_hp_gain":0,"max_hp_loss":0,"event_name":"The Moai Head","floor":37,"relics_lost":["Golden Idol"],"gold_loss":0},{"damage_healed":0,"gold_gain":0,"player_choice":"Embrace Madness","damage_taken":8,"max_hp_gain":0,"max_hp_loss":0,"event_name":"Winding Halls","floor":47,"gold_loss":0,"cards_obtained":["Madness","Madness"]}],"is_beta":false,"boss_relics":[{"not_picked":["conspire:SlowCooker","Snecko Eye"],"picked":"ChewingGum"},{"not_picked":[]},{"not_picked":["Replay:Bronze Core","Black Star"],"picked":"Calling Bell"},{"not_picked":[]}],"items_purged_floors":[24,42],"is_endless":false,"potions_floor_spawned":[10,12,14,18,19,25,33,36,38,46,54],"killed_by":"LittleHush","ascension_level":1}}