{"host":"6wux4armhsntp4yb","time":1614337192,"event":{"mods":["BaseMod","Colored Map","DeckTracker","Minty Spire (QoL Compilation)","Relic Stats"],"gold_per_floor":[115,135,135,147,158,158,173,198,198,198,273,32,48,78,78,153,153,164,64,64,74,87,87,122,138,162,162,189,114,125,137,137,211,211,226,226,45,70,80,113,113,113,113,113,113,147,164,178,178,178,178,178,178,28,58,58],"floor_reached":57,"language":"JPN","playtime":8056,"items_purged":["Pain","Strike_G","Unload","Deadly Poison"],"score":3274,"play_id":"683e4951-6618-402c-bcad-50220086e95a","local_time":"20210226195952","is_ascension_mode":true,"campfire_choices":[{"data":"Well Laid Plans","floor":6.0,"key":"SMITH"},{"data":"Prepared","floor":10.0,"key":"SMITH"},{"data":"Acrobatics","floor":15.0,"key":"SMITH"},{"data":"Bullet Time","floor":23.0,"key":"SMITH"},{"data":"After Image","floor":27.0,"key":"SMITH"},{"floor":32.0,"key":"REST"},{"data":"Calculated Gamble","floor":42.0,"key":"SMITH"},{"data":"Wraith Form v2","floor":44.0,"key":"SMITH"},{"floor":49,"key":"RECALL"},{"data":"Wraith Form v2","floor":53,"key":"SMITH"}],"circlet_count":0,"master_deck":["AscendersBane","Survivor","Neutralize","Eviscerate","Prepared+1","PiercingWail","Well Laid Plans+1","Acrobatics+1","Grand Finale","Backflip","Concentrate","Bullet Time+1","Acrobatics+1","After Image+1","PiercingWail+1","Concentrate","Terror+1","Reflex","Wraith Form v2+1","Wraith Form v2+1","PiercingWail","Quick Slash","PiercingWail","Finisher","Prepared","Well Laid Plans","Calculated Gamble+1","Prepared","Prepared+1"],"relics":["Ring of the Snake","NeowsBlessing","WarpedTongs","Tingsha","TungstenRod","TwistedFunnel","Question Card","Philosopher\u0027s Stone","Turnip","War Paint","Pandora\u0027s Box","The Specimen","Snake Skull","Bronze Scales","Calipers","Pen Nib"],"acts_visited":["Exordium","TheCity","TheBeyond","TheEnding"],"potions_floor_usage":[56,56],"damage_taken":[{"damage":0.0,"enemies":"Small Slimes","floor":1.0,"turns":1.0},{"damage":0.0,"enemies":"Cultist","floor":2.0,"turns":1.0},{"damage":0.0,"enemies":"Jaw Worm","floor":4.0,"turns":1.0},{"damage":5.0,"enemies":"Exordium Wildlife","floor":5.0,"turns":5.0},{"damage":2.0,"enemies":"3 Louse","floor":7.0,"turns":4.0},{"damage":5.0,"enemies":"Lagavulin","floor":8.0,"turns":6.0},{"damage":0.0,"enemies":"Exordium Thugs","floor":13.0,"turns":4.0},{"damage":12.0,"enemies":"3 Sentries","floor":14.0,"turns":12.0},{"damage":0.0,"enemies":"Hexaghost","floor":16.0,"turns":5.0},{"damage":6.0,"enemies":"2 Thieves","floor":18.0,"turns":3.0},{"damage":3.0,"enemies":"Shell Parasite","floor":21.0,"turns":4.0},{"damage":0.0,"enemies":"Centurion and Healer","floor":22.0,"turns":6.0},{"damage":0.0,"enemies":"Gremlin Leader","floor":24.0,"turns":9.0},{"damage":10.0,"enemies":"Chosen and Byrds","floor":25.0,"turns":9.0},{"damage":36.0,"enemies":"Slavers","floor":28.0,"turns":9.0},{"damage":0.0,"enemies":"Snecko","floor":30.0,"turns":5.0},{"damage":0.0,"enemies":"3 Cultists","floor":31.0,"turns":5.0},{"damage":0.0,"enemies":"Champ","floor":33.0,"turns":12.0},{"damage":0.0,"enemies":"3 Shapes","floor":35.0,"turns":3.0},{"damage":0.0,"enemies":"Mind Bloom Boss Battle","floor":38.0,"turns":4.0},{"damage":0.0,"enemies":"Orb Walker","floor":39.0,"turns":4.0},{"damage":10.0,"enemies":"Nemesis","floor":40.0,"turns":7.0},{"damage":0.0,"enemies":"Reptomancer","floor":46.0,"turns":4.0},{"damage":0,"enemies":"Spire Growth","floor":47,"turns":3},{"damage":0,"enemies":"Transient","floor":48,"turns":4},{"damage":0,"enemies":"Awakened One","floor":50,"turns":4},{"damage":0,"enemies":"Donu and Deca","floor":51,"turns":6},{"damage":0,"enemies":"Shield and Spear","floor":55,"turns":4},{"damage":1,"enemies":"The Heart","floor":56,"turns":6}],"seed_played":"-74443716858814490","potions_obtained":[{"floor":1.0,"key":"CultistPotion"},{"floor":7.0,"key":"FearPotion"},{"floor":8.0,"key":"Regen Potion"},{"floor":16.0,"key":"AttackPotion"},{"floor":22.0,"key":"SkillPotion"},{"floor":28.0,"key":"Ancient Potion"},{"floor":31.0,"key":"Regen Potion"},{"floor":40.0,"key":"LiquidBronze"},{"floor":41.0,"key":"Explosive Potion"},{"floor":46.0,"key":"AttackPotion"},{"floor":48,"key":"CunningPotion"}],"is_trial":false,"path_per_floor":["M","M","?","M","M","R","M","E","T","R","?","$","M","E","R","B",null,"M","$","?","M","M","R","E","M","T","R","E","?","M","M","R","B",null,"M","?","$","?","M","E","?","R","T","R","$","E","M","M","R","B","B",null,"R","$","E","B",null],"character_chosen":"THE_SILENT","items_purchased":["TwistedFunnel","BlessingOfTheForge"],"campfire_rested":1,"item_purchase_floors":[12,37],"current_hp_per_floor":[59,59,59,59,54,54,52,47,47,47,37,37,49,37,37,37,59,53,53,53,50,50,50,50,40,40,40,4,4,4,4,23,38,59,59,59,59,59,59,49,49,49,49,49,49,49,49,49,49,49,49,62,62,62,62,61],"gold":58,"neow_bonus":"THREE_ENEMY_KILL","is_daily":false,"chose_seed":false,"campfire_upgraded":8,"win_rate":0.0,"timestamp":1614337192,"path_taken":["M","M","?","M","M","R","?","E","T","R","?","$","M","E","R","BOSS","M","$","?","M","M","R","E","M","T","R","E","?","M","M","R","BOSS","M","?","?","?","M","E","?","R","T","R","$","E","M","?","R","BOSS","BOSS","R","$","E","BOSS"],"items_purchased_type":["Relic","Potion"],"build_version":"2020-12-22","purchased_purges":4,"victory":true,"max_hp_per_floor":[66,66,66,66,66,66,66,66,66,66,66,66,66,66,66,66,66,66,66,66,66,66,66,66,66,66,66,66,66,66,66,66,66,66,66,66,66,66,66,66,66,66,66,66,66,66,66,66,66,66,66,66,66,66,66,66],"relic_stats":{"counters":[29,150],"Tingsha":[2237],"Snake Skull":[20],"Pen Nib":[1],"War Paint":["PiercingWail","Defend_G"],"Question Card":20,"WarpedTongs":[145],"Bronze Scales":[111],"Pandora\u0027s Box":["Unload","Wraith Form v2","PiercingWail","Quick Slash","Glass Knife","PiercingWail","Deadly Poison","Finisher"],"Turnip":[8],"obtain_stats":[{"TwistedFunnel":12,"Calipers":46,"NeowsBlessing":0,"The Specimen":38,"Tingsha":8,"Snake Skull":40,"Pen Nib":55,"War Paint":28,"Question Card":14,"WarpedTongs":3,"Bronze Scales":43,"Philosopher\u0027s Stone":17,"Pandora\u0027s Box":34,"Turnip":24,"TungstenRod":9,"Ring of the Snake":0},{"TwistedFunnel":6,"Calipers":23,"NeowsBlessing":0,"The Specimen":20,"Tingsha":6,"Snake Skull":22,"Pen Nib":28,"War Paint":15,"Question Card":8,"WarpedTongs":2,"Bronze Scales":22,"Philosopher\u0027s Stone":9,"Pandora\u0027s Box":18,"Turnip":13,"TungstenRod":6,"Ring of the Snake":0},{"TwistedFunnel":18,"Calipers":123,"NeowsBlessing":0,"The Specimen":108,"Tingsha":18,"Snake Skull":119,"Pen Nib":144,"War Paint":79,"Question Card":34,"WarpedTongs":2,"Bronze Scales":119,"Philosopher\u0027s Stone":39,"Pandora\u0027s Box":101,"Turnip":61,"TungstenRod":18,"Ring of the Snake":0}],"TungstenRod":80,"Ring of the Snake":[58]},"card_choices":[{"not_picked":["Deflect","Slice"],"picked":"Eviscerate","floor":1.0},{"not_picked":["Leg Sweep","Acrobatics"],"picked":"Prepared","floor":2.0},{"not_picked":["Bane","Distraction"],"picked":"PiercingWail","floor":4.0},{"not_picked":["Outmaneuver","Reflex"],"picked":"Well Laid Plans","floor":5.0},{"not_picked":["Outmaneuver","Underhanded Strike"],"picked":"Acrobatics","floor":7.0},{"not_picked":["Deadly Poison","Catalyst"],"picked":"Grand Finale","floor":8.0},{"not_picked":["Distraction","Dodge and Roll"],"picked":"Backflip","floor":13.0},{"not_picked":["Eviscerate","Deadly Poison"],"picked":"Concentrate","floor":14.0},{"not_picked":["Storm of Steel","Envenom","Glass Knife"],"picked":"Bullet Time","floor":16.0},{"not_picked":["Leg Sweep","Quick Slash","PiercingWail"],"picked":"Acrobatics+1","floor":18.0},{"not_picked":["Dagger Spray","Sucker Punch+1","Crippling Poison+1"],"picked":"After Image","floor":21.0},{"not_picked":["Bane","Escape Plan","Dagger Throw"],"picked":"PiercingWail","floor":22.0},{"not_picked":["Flying Knee","Cloak And Dagger","Quick Slash"],"picked":"Concentrate","floor":24.0},{"not_picked":["Crippling Poison","Accuracy","Terror","Dodge and Roll"],"picked":"SKIP","floor":25.0},{"not_picked":["Backstab","Catalyst","Poisoned Stab"],"picked":"Terror+1","floor":28.0},{"not_picked":["Quick Slash","Caltrops","Crippling Poison","Catalyst"],"picked":"SKIP","floor":30.0},{"not_picked":["Flechettes","Backflip","Prepared"],"picked":"Reflex","floor":31.0},{"not_picked":["Burst","Doppelganger","Phantasmal Killer"],"picked":"Wraith Form v2","floor":33.0},{"not_picked":["Cloak And Dagger","Sucker Punch+1","Dodge and Roll","Poisoned Stab"],"picked":"SKIP","floor":35.0},{"not_picked":["Terror","Dagger Throw","PiercingWail"],"picked":"Well Laid Plans","floor":38.0},{"not_picked":["Night Terror","Finisher+1","Flying Knee"],"picked":"Calculated Gamble","floor":39.0},{"not_picked":["Dash","Acrobatics","A Thousand Cuts"],"picked":"Prepared","floor":40.0},{"not_picked":["Quick Slash","Blade Dance","Slice"],"picked":"Prepared+1","floor":46.0},{"not_picked":["Acrobatics","Catalyst","Cloak And Dagger","Leg Sweep"],"picked":"SKIP","floor":47},{"not_picked":["Flying Knee","Bane+1","Dodge and Roll","Die Die Die"],"picked":"SKIP","floor":48},{"not_picked":["Underhanded Strike","Dagger Throw","Skewer+1","Bane"],"picked":"SKIP","floor":55}],"player_experience":5930171,"relics_obtained":[{"floor":8.0,"key":"Tingsha"},{"floor":9.0,"key":"TungstenRod"},{"floor":14.0,"key":"Question Card"},{"floor":24.0,"key":"Turnip"},{"floor":28.0,"key":"War Paint"},{"floor":38.0,"key":"The Specimen"},{"floor":40.0,"key":"Snake Skull"},{"floor":43.0,"key":"Bronze Scales"},{"floor":46.0,"key":"Calipers"},{"floor":55,"key":"Pen Nib"}],"event_choices":[{"damage_healed":0.0,"max_hp_gain":0.0,"max_hp_loss":0.0,"gold_gain":0.0,"event_name":"Accursed Blacksmith","player_choice":"Rummage","floor":3.0,"gold_loss":0.0,"damage_taken":0.0,"relics_obtained":["WarpedTongs"],"cards_obtained":["Pain"]},{"damage_healed":0.0,"max_hp_gain":0.0,"max_hp_loss":0.0,"gold_gain":75.0,"event_name":"World of Goop","player_choice":"Gather Gold","floor":11.0,"gold_loss":0.0,"damage_taken":11.0},{"cards_removed":["Strike_G"],"damage_healed":0.0,"max_hp_gain":0.0,"max_hp_loss":0.0,"gold_gain":0.0,"event_name":"Beggar","player_choice":"Gave Gold","floor":29.0,"gold_loss":75.0,"damage_taken":0.0},{"damage_healed":0.0,"max_hp_gain":0.0,"max_hp_loss":0.0,"gold_gain":0.0,"cards_transformed":["Glass Knife"],"event_name":"Transmorgrifier","player_choice":"Transformed","floor":36.0,"gold_loss":0.0,"damage_taken":0.0,"cards_obtained":["Prepared"]},{"damage_healed":0.0,"max_hp_gain":0.0,"max_hp_loss":0.0,"gold_gain":0.0,"event_name":"MindBloom","player_choice":"Fight","floor":38.0,"gold_loss":0.0,"damage_taken":0.0},{"damage_healed":0.0,"max_hp_gain":0.0,"max_hp_loss":0.0,"gold_gain":0.0,"event_name":"Lab","player_choice":"Got Potions","floor":41.0,"gold_loss":0.0,"damage_taken":0.0}],"is_beta":false,"boss_relics":[{"not_picked":["Snecko Eye","Velvet Choker"],"picked":"Philosopher\u0027s Stone"},{"not_picked":["Coffee Dripper","Empty Cage"],"picked":"Pandora\u0027s Box"}],"items_purged_floors":[12,19,37,54],"is_endless":false,"potions_floor_spawned":[1,7,8,16,22,28,31,40,46,48],"ascension_level":20}}