{"host":"flm17o2q7bfjyna6","time":1614355861,"event":{"mods":["2.2 Compatiblity","Act Like it!","BaseMod","Better Altar","Better Match","Better Note","Better Sensory Stone","Better Skull","Better Third Choice","Better Vampires","Colored Map","Colored Powertips","DeckTracker","Downfall","Fox Events","Minty Spire (QoL Compilation)","Quick Restart","Reworked Bosses","Spicy Shops","StSLib","TheSwordswoman","Wandering Minibosses"],"gold_per_floor":[99,99,99,99,117,17,40,40,40,60,60,60,87,0,18,115,115,115,137,167,24,65,65,112,112,112,140,165,165,181,213,226,232,232,232],"floor_reached":33,"language":"ENG","playtime":2685,"items_purged":[],"score":462,"play_id":"73b8c9b0-34f1-4584-b64a-eff99c09a94a","local_time":"20210226111101","is_ascension_mode":true,"campfire_choices":[{"floor":1,"key":"RECALL"},{"data":"sneckomod:TailWhip","floor":6,"key":"SMITH"},{"data":"sneckomod:SnekBite","floor":11,"key":"SMITH"},{"data":"sneckomod:WideSting","floor":18,"key":"SMITH"},{"data":"sneckomod:UnknownExhaust","floor":23,"key":"SMITH"},{"data":"sneckomod:UnknownDexterity","floor":25,"key":"SMITH"},{"data":"sneckomod:UnknownColorless","floor":29,"key":"SMITH"}],"circlet_count":0,"master_deck":["AscendersBane","sneckomod:Strike","sneckomod:Strike","sneckomod:Strike","sneckomod:Defend+1","sneckomod:Defend","sneckomod:Defend","sneckomod:TailWhip+1","sneckomod:SnekBite+1","sneckomod:Unknown","sneckomod:Unknown+1","sneckomod:Unknown2Cost+1","sneckomod:MixItUp","sneckomod:UnknownColorless+1","sneckomod:Unknown0Cost","Seek","sneckomod:UnknownDexterity+1","sneckomod:SoulRoll","sneckomod:WideSting+1","sneckomod:SnakeSap","sneckomod:RainOfDice","sneckomod:GlitteringGambit+1","sneckomod:QuickMove+1","sneckomod:UnknownExhaust+1","sneckomod:UnknownDraw","sneckomod:UnknownDexterity","sneckomod:UnknownBoss+1","sneckomod:UnknownBlock+1","sneckomod:UnknownX+1"],"relics":["sneckomod:SneckoSoul","downfall:HeartsMalice","downfall:HeartBlessingRed","Blood Vial","Vajra","sneckomod:SneckoTalon","champ:Barbells","Bag of Marbles","Strawberry","Orichalcum"],"acts_visited":["Exordium","TheCity"],"potions_floor_usage":[16,22,27,27,33,33],"damage_taken":[{"damage":0,"enemies":"Cultist","floor":2,"turns":1},{"damage":0,"enemies":"Small Slimes","floor":3,"turns":1},{"damage":0,"enemies":"2 Louse","floor":4,"turns":1},{"damage":9,"enemies":"Blue Slaver","floor":5,"turns":4},{"damage":15,"enemies":"Red Slaver","floor":10,"turns":3},{"damage":35,"enemies":"3 Sentries","floor":13,"turns":9},{"damage":5,"enemies":"downfall:FleeingMerchant","floor":14,"turns":4},{"damage":25,"enemies":"Exordium Thugs","floor":15,"turns":5},{"damage":39,"enemies":"DF_ARCHETYPE_STREAMLINE","floor":16,"turns":9},{"damage":6,"enemies":"3 Byrds","floor":19,"turns":3},{"damage":1,"enemies":"Chosen","floor":20,"turns":4},{"damage":7,"enemies":"downfall:FleeingMerchant","floor":21,"turns":4},{"damage":26,"enemies":"Snake Plant","floor":22,"turns":6},{"damage":0,"enemies":"Gremlin Leader","floor":27,"turns":3},{"damage":1,"enemies":"Centurion and Healer","floor":28,"turns":7},{"damage":3,"enemies":"Sentry and Sphere","floor":30,"turns":4},{"damage":38,"enemies":"Slavers","floor":31,"turns":6},{"damage":3,"enemies":"Snecko","floor":32,"turns":3},{"damage":45,"enemies":"SI_MIRROR_ARCHETYPE","floor":33,"turns":8}],"seed_played":"9149624380898730824","potions_obtained":[{"floor":5,"key":"hexamod:SoulburnPotion"},{"floor":9,"key":"Fire Potion"},{"floor":9,"key":"Energy Potion"},{"floor":16,"key":"Regen Potion"},{"floor":19,"key":"PowerPotion"},{"floor":28,"key":"Energy Potion"},{"floor":31,"key":"hexamod:SoulburnPotion"}],"is_trial":false,"path_per_floor":["R","M","M","M","M","R","T","?","?","M","R","?","E","$","M","B",null,"R","M","M","$","M","R","T","R","?","E","M","R","M","E","M","B"],"character_chosen":"THE_SNECKO","items_purchased":["sneckomod:SnakeSap","champ:Barbells"],"campfire_rested":0,"item_purchase_floors":[14,21],"current_hp_per_floor":[81,81,81,81,72,72,72,60,60,47,47,77,44,41,24,15,71,71,67,68,63,53,53,53,53,53,67,68,68,67,31,36,0,0,0],"gold":232,"neow_bonus":"THREE_ENEMY_KILL","is_daily":false,"chose_seed":false,"campfire_upgraded":6,"win_rate":0.0,"timestamp":1614355861,"path_taken":["R","M","M","?","M","R","T","?","?","?","R","?","E","$","M","BOSS","R","M","M","$","M","R","T","R","?","E","M","R","?","E","M","BOSS"],"items_purchased_type":["Card","Relic"],"build_version":"2020-12-22","purchased_purges":0,"victory":false,"max_hp_per_floor":[90,90,90,90,90,90,90,90,90,90,90,90,90,90,90,90,90,90,90,90,90,90,90,90,90,90,102,102,102,102,102,102,102,102,102],"card_choices":[{"not_picked":["sneckomod:UnknownBlock","sneckomod:Nope"],"picked":"sneckomod:Unknown2Cost","floor":2},{"not_picked":["sneckomod:UnknownCommonSkill","sneckomod:DiceBlock"],"picked":"sneckomod:MixItUp","floor":3},{"not_picked":["sneckomod:SnakeSap","sneckomod:RainOfDice"],"picked":"sneckomod:UnknownColorless","floor":4},{"not_picked":["sneckomod:UnknownDraw","sneckomod:UnknownUncommonSkill"],"picked":"sneckomod:Unknown0Cost","floor":5},{"not_picked":["sneckomod:SoulDraw","sneckomod:UnknownUncommonSkill"],"picked":"sneckomod:UnknownDexterity","floor":10},{"not_picked":["sneckomod:SoulDraw","sneckomod:DiceCrush"],"picked":"sneckomod:SoulRoll","floor":13},{"not_picked":["sneckomod:SoulCleanse","sneckomod:UnknownCommonSkill"],"picked":"sneckomod:WideSting","floor":14},{"not_picked":["sneckomod:UnknownStrike","sneckomod:DiceBlock"],"picked":"sneckomod:RainOfDice","floor":15},{"not_picked":["sneckomod:Mudshield","sneckomod:Restock"],"picked":"sneckomod:GlitteringGambit","floor":16},{"not_picked":["sneckomod:DiceCrush","sneckomod:UnknownUncommonAttack"],"picked":"sneckomod:QuickMove+1","floor":19},{"not_picked":["sneckomod:WideSting","sneckomod:SoulRoll"],"picked":"sneckomod:UnknownExhaust","floor":20},{"not_picked":["sneckomod:DiceBlock","sneckomod:ImprovisedAttack"],"picked":"sneckomod:UnknownDraw","floor":21},{"not_picked":["sneckomod:SoulDraw","sneckomod:UnknownCommonSkill","sneckomod:UnknownBlock"],"picked":"SKIP","floor":22},{"not_picked":["sneckomod:Unknown1Cost","sneckomod:UnknownCommonAttack"],"picked":"sneckomod:UnknownDexterity","floor":27},{"not_picked":["sneckomod:DiceBlock+1","sneckomod:UnknownUncommonAttack+1"],"picked":"sneckomod:UnknownBoss","floor":28},{"not_picked":["sneckomod:UnknownDraw+1","sneckomod:UnknownCommonSkill"],"picked":"sneckomod:UnknownBlock+1","floor":30},{"not_picked":["sneckomod:UnknownCommonAttack","sneckomod:ImprovisedAttack"],"picked":"sneckomod:UnknownX+1","floor":31},{"not_picked":["sneckomod:DiceBlock","sneckomod:WideSting","sneckomod:SoulRoll"],"picked":"SKIP","floor":32}],"player_experience":2023143,"relics_obtained":[{"floor":7,"key":"War Paint"},{"floor":13,"key":"Vajra"},{"floor":24,"key":"Bag of Marbles"},{"floor":27,"key":"Strawberry"},{"floor":31,"key":"Orichalcum"}],"event_choices":[{"damage_healed":30,"gold_gain":0,"player_choice":"Banana","damage_taken":0,"max_hp_gain":0,"max_hp_loss":0,"event_name":"Big Fish","floor":12,"gold_loss":0},{"cards_removed":["sneckomod:Strike"],"damage_healed":0,"gold_gain":0,"player_choice":"Give","damage_taken":0,"max_hp_gain":0,"max_hp_loss":0,"event_name":"betterNote:BetterNote","floor":26,"gold_loss":0,"cards_obtained":["blazmod:Strike"]}],"is_beta":false,"boss_relics":[{"not_picked":["SacredBark","Snecko Eye"],"picked":"sneckomod:SneckoTalon"}],"items_purged_floors":[],"is_endless":false,"potions_floor_spawned":[5,16,19,20,28,31],"killed_by":"SI_MIRROR_ARCHETYPE","ascension_level":10}}