{"host":"70zhvo5nwrhp1mbg","time":1614316979,"event":{"mods":["AchievementEnabler","BaseMod","Bestiary","Colored Map","Colored Powertips","Minty Spire (QoL Compilation)","Rare Cards Sparkle","Relic Stats","StSLib","ojb\u0027s Better Paths Mod","ojb\u0027s Info Mod: The sequel"],"gold_per_floor":[114,189,239,257,8,40,40,69,69,89,104,104,121,221,221,221,221],"floor_reached":16,"language":"ENG","playtime":582,"items_purged":["Strike_R"],"score":263,"play_id":"9195f0fa-d40f-418a-96ac-e2d03b9d107e","local_time":"20210226002259","is_ascension_mode":true,"campfire_choices":[{"data":"Armaments","floor":7,"key":"SMITH"},{"floor":15,"key":"REST"}],"circlet_count":0,"master_deck":["AscendersBane","Strike_R","Strike_R","Strike_R","Defend_R","Defend_R","Defend_R","Defend_R","Bash","Battle Trance","Headbutt","Flame Barrier","Armaments+1","Reaper","Perfected Strike","Cleave","Demon Form","Entrench"],"relics":["Burning Blood","NeowsBlessing","Membership Card","Ginger","MealTicket","Question Card"],"acts_visited":["Exordium"],"potions_floor_usage":[8,16],"damage_taken":[{"damage":0,"enemies":"2 Louse","floor":1,"turns":1},{"damage":0,"enemies":"Jaw Worm","floor":4,"turns":1},{"damage":0,"enemies":"Gremlin Nob","floor":6,"turns":1},{"damage":45,"enemies":"Lagavulin","floor":8,"turns":8},{"damage":1,"enemies":"Cultist","floor":10,"turns":4},{"damage":11,"enemies":"Looter","floor":11,"turns":4},{"damage":14,"enemies":"Lots of Slimes","floor":13,"turns":3},{"damage":36,"enemies":"The Guardian","floor":16,"turns":7}],"seed_played":"-3104023336516047424","potions_obtained":[{"floor":4,"key":"SkillPotion"},{"floor":8,"key":"GamblersBrew"},{"floor":11,"key":"Dexterity Potion"}],"is_trial":false,"path_per_floor":["M","?","?","M","$","E","R","E","T","M","M","?","M","?","R","B"],"character_chosen":"IRONCLAD","items_purchased":["Membership Card","Flame Barrier"],"campfire_rested":1,"item_purchase_floors":[5,5],"current_hp_per_floor":[74,63,56,62,62,68,68,29,29,38,33,33,25,25,47,22,22],"gold":221,"neow_bonus":"THREE_ENEMY_KILL","is_daily":false,"chose_seed":false,"campfire_upgraded":1,"win_rate":0.0,"timestamp":1614316979,"path_taken":["M","?","?","?","$","E","R","E","T","M","M","?","?","?","R","BOSS"],"items_purchased_type":["Relic","Card"],"build_version":"2020-12-22","purchased_purges":1,"victory":false,"max_hp_per_floor":[75,75,75,75,75,75,75,75,75,75,75,75,75,75,75,75,75],"relic_stats":{"counters":[8,29],"MealTicket":0,"Ginger":[4],"Question Card":3,"obtain_stats":[{"NeowsBlessing":0,"MealTicket":8,"Membership Card":5,"Ginger":6,"Question Card":9,"Burning Blood":0},{"NeowsBlessing":0,"MealTicket":4,"Membership Card":2,"Ginger":3,"Question Card":4,"Burning Blood":0},{"NeowsBlessing":0,"MealTicket":11,"Membership Card":2,"Ginger":3,"Question Card":11,"Burning Blood":0}],"Burning Blood":42},"card_choices":[{"not_picked":["Clash","Disarm"],"picked":"Battle Trance","floor":1},{"not_picked":["Power Through","Wild Strike"],"picked":"Headbutt","floor":4},{"not_picked":["True Grit","Body Slam"],"picked":"Armaments","floor":6},{"not_picked":["Intimidate","Headbutt"],"picked":"Reaper","floor":8},{"not_picked":["Carnage","Clothesline","Sentinel"],"picked":"Perfected Strike","floor":10},{"not_picked":["Armaments","Clash","Heavy Blade"],"picked":"Cleave","floor":11},{"not_picked":["Shockwave","Thunderclap","Clash"],"picked":"Entrench","floor":13}],"player_experience":735404,"relics_obtained":[{"floor":6,"key":"Ginger"},{"floor":8,"key":"MealTicket"},{"floor":9,"key":"Question Card"}],"event_choices":[{"damage_healed":0,"gold_gain":75,"player_choice":"Gather Gold","damage_taken":11,"max_hp_gain":0,"max_hp_loss":0,"event_name":"World of Goop","floor":2,"gold_loss":0},{"damage_healed":0,"gold_gain":50,"player_choice":"Touch","damage_taken":7,"max_hp_gain":0,"max_hp_loss":0,"event_name":"FaceTrader","floor":3,"gold_loss":0},{"damage_healed":0,"gold_gain":0,"cards_transformed":["Strike_R"],"player_choice":"Transformed","damage_taken":0,"max_hp_gain":0,"max_hp_loss":0,"event_name":"Transmorgrifier","floor":12,"gold_loss":0,"cards_obtained":["Demon Form"]},{"damage_healed":0,"gold_gain":100,"player_choice":"Gold","damage_taken":0,"max_hp_gain":0,"max_hp_loss":0,"event_name":"Wheel of Change","floor":14,"gold_loss":0}],"is_beta":false,"boss_relics":[],"items_purged_floors":[5],"is_endless":false,"potions_floor_spawned":[4,8,11],"killed_by":"The Guardian","ascension_level":19}}