{"host":"dkr0dog13pegamnp","time":1614340849,"event":{"mods":["AchievementEnabler","BaseMod","Minty Spire (QoL Compilation)","Rare Cards Sparkle","StSLib","SuperFastMode","everything is the same but u backflip on backflip"],"gold_per_floor":[118,5,16,33,46,46,81,100,100,100,125,136,136,149,149,220,220,240,257,272,292,309,309,309,309],"floor_reached":24,"language":"KOR","playtime":685,"items_purged":["Strike_G"],"score":449,"play_id":"4f0e9949-cbc0-465b-a2e2-14e8051e662a","local_time":"20210226210049","is_ascension_mode":true,"campfire_choices":[{"data":"Blade Dance","floor":6,"key":"SMITH"},{"floor":10,"key":"REST"},{"data":"Finisher","floor":15,"key":"SMITH"},{"data":"Bullet Time","floor":23,"key":"SMITH"}],"circlet_count":0,"master_deck":["AscendersBane","Strike_G","Strike_G","Strike_G+1","Strike_G","Defend_G","Defend_G","Defend_G","Defend_G","Defend_G","Survivor","Neutralize","Footwork+1","Blade Dance+1","Backstab+1","Finisher+1","Blade Dance","Blade Dance","Blur","Bullet Time+1","Blur","Backflip","Cloak And Dagger"],"relics":["Ring of the Snake","NeowsBlessing","Regal Pillow","Snake Skull","Whetstone","WristBlade"],"acts_visited":["Exordium","TheCity"],"potions_floor_usage":[11,11,16,16,24,24],"damage_taken":[{"damage":0,"enemies":"Cultist","floor":1,"turns":1},{"damage":0,"enemies":"Small Slimes","floor":3,"turns":1},{"damage":0,"enemies":"2 Louse","floor":4,"turns":1},{"damage":23,"enemies":"Gremlin Gang","floor":5,"turns":6},{"damage":29,"enemies":"3 Sentries","floor":7,"turns":11},{"damage":0,"enemies":"2 Fungi Beasts","floor":8,"turns":2},{"damage":12,"enemies":"Lagavulin","floor":11,"turns":3},{"damage":1,"enemies":"3 Louse","floor":12,"turns":3},{"damage":5,"enemies":"Large Slime","floor":14,"turns":5},{"damage":0,"enemies":"Slime Boss","floor":16,"turns":7},{"damage":0,"enemies":"Spheric Guardian","floor":18,"turns":1},{"damage":1,"enemies":"2 Thieves","floor":19,"turns":3},{"damage":0,"enemies":"3 Cultists","floor":20,"turns":5},{"damage":14,"enemies":"Snake Plant","floor":21,"turns":7},{"damage":3,"enemies":"Shelled Parasite and Fungi","floor":22,"turns":4},{"damage":39,"enemies":"Gremlin Leader","floor":24,"turns":8}],"seed_played":"-2857500709367661103","potions_obtained":[{"floor":4,"key":"FearPotion"},{"floor":5,"key":"Poison Potion"},{"floor":8,"key":"Poison Potion"},{"floor":12,"key":"DuplicationPotion"},{"floor":14,"key":"Strength Potion"},{"floor":16,"key":"GamblersBrew"},{"floor":20,"key":"Explosive Potion"},{"floor":21,"key":"Block Potion"},{"floor":22,"key":"PowerPotion"}],"is_trial":false,"path_per_floor":["M","$","M","M","M","R","E","M","T","R","E","M","?","M","R","B",null,"M","M","M","M","M","R","E"],"character_chosen":"THE_SILENT","items_purchased":["Footwork"],"campfire_rested":1,"item_purchase_floors":[2],"current_hp_per_floor":[59,59,59,59,36,36,7,7,7,41,29,28,28,23,23,23,55,55,54,54,40,37,37,0,0],"gold":309,"neow_bonus":"THREE_ENEMY_KILL","is_daily":false,"chose_seed":false,"campfire_upgraded":3,"win_rate":0.0,"timestamp":1614340849,"path_taken":["M","$","?","M","M","R","E","M","T","R","E","M","?","M","R","BOSS","M","M","M","M","M","R","E"],"items_purchased_type":["Card"],"build_version":"2020-12-22","purchased_purges":1,"victory":false,"max_hp_per_floor":[66,66,66,66,66,66,66,66,66,66,66,66,66,66,66,66,66,66,66,66,66,66,66,66,66],"card_choices":[{"not_picked":["Poisoned Stab","Concentrate","Prepared"],"picked":"SKIP","floor":1},{"not_picked":["Flying Knee","Expertise"],"picked":"Blade Dance","floor":3},{"not_picked":["Deadly Poison","Underhanded Strike","Flechettes"],"picked":"SKIP","floor":4},{"not_picked":["Bane","Flying Knee"],"picked":"Backstab","floor":5},{"not_picked":["Tactician","Blur"],"picked":"Finisher","floor":7},{"not_picked":["Doppelganger","Dodge and Roll"],"picked":"Blade Dance","floor":8},{"not_picked":["Dodge and Roll","Blade Dance","Distraction"],"picked":"SKIP","floor":11},{"not_picked":["Dodge and Roll","Distraction"],"picked":"Blade Dance","floor":11},{"not_picked":["Distraction","Choke"],"picked":"Blur","floor":12},{"not_picked":["Prepared","Crippling Poison","Calculated Gamble"],"picked":"SKIP","floor":14},{"not_picked":["Doppelganger","Envenom"],"picked":"Bullet Time","floor":16},{"not_picked":["Blade Dance","Tactician","Acrobatics"],"picked":"SKIP","floor":18},{"not_picked":["Deflect","Prepared+1"],"picked":"Blur","floor":19},{"not_picked":["Skewer","Deflect"],"picked":"Backflip","floor":20},{"not_picked":["Catalyst","Eviscerate"],"picked":"Cloak And Dagger","floor":21},{"not_picked":["Sucker Punch","Prepared","Masterful Stab"],"picked":"SKIP","floor":22},{"not_picked":["Sucker Punch","Prepared","Masterful Stab"],"picked":"SKIP","floor":22}],"player_experience":120813,"relics_obtained":[{"floor":7,"key":"Regal Pillow"},{"floor":9,"key":"Snake Skull"},{"floor":11,"key":"Whetstone"}],"event_choices":[{"damage_healed":0,"gold_gain":0,"player_choice":"Upgraded","damage_taken":0,"max_hp_gain":0,"max_hp_loss":0,"event_name":"Upgrade Shrine","floor":13,"gold_loss":0,"cards_upgraded":["Footwork"]}],"is_beta":false,"boss_relics":[{"not_picked":["Tiny House","HoveringKite"],"picked":"WristBlade"}],"items_purged_floors":[2],"is_endless":false,"potions_floor_spawned":[4,5,8,12,14,16,20,21,22],"killed_by":"Gremlin Leader","ascension_level":14}}