{"host":"za9ilm1uiwmpmin1","time":1614313938,"event":{"mods":["AchievementEnabler","Act Like it!","BaseMod","Friendly Minions","Gensokyo","KomeijiMod","Library of Ruina","Library of Ruina Extra","Minty Spire (QoL Compilation)","MostiFishMod","StSLib","TestMod","Waifu the Spire"],"gold_per_floor":[113,124,54,54,154,154,0,0,0,25,45,59,89,114,126,214,226,555,737,769,212,235,272,297,342,433,445,486,510,555,586,598,684,696,722,379,395,405,425,458,477,505,505,247,247,157,157,157,157,157,457,457,457,6,39,39],"floor_reached":57,"language":"ZHS","playtime":2328,"items_purged":["LightAttack","LightAttack"],"score":2696,"play_id":"0c567e89-c008-4423-958e-8bbffa5428ac","local_time":"20210226123218","is_ascension_mode":true,"campfire_choices":[{"data":"ChargeAndCover","floor":6.0,"key":"SMITH"},{"floor":8.0,"key":"RECALL"},{"data":"AutomatedMovement","floor":15.0,"key":"SMITH"},{"data":"FrontalAssault","floor":27.0,"key":"SMITH"},{"data":"SomberProcuration","floor":32.0,"key":"SMITH"},{"data":"ForTheFamily","floor":49.0,"key":"SMITH"},{"data":"SilentMist","floor":53.0,"key":"SMITH"}],"circlet_count":0,"master_deck":["AscendersBane","Dodge+1","LightDefense","LightDefense","ChargeAndCover+1","FocusedStrikes+1","WillOfThePrescript","ShrineToMusic+1","CoordinatedAssault+1","AutomatedMovement+1","Diversion+1","Faith+1","FrontalAssault+1","Parry2","Quickness+1","SomberProcuration+1","ForTheFamily+1","SilentMist+1","DriedUp+1","Gensokyo:BlemishedSteel","Gensokyo:CustomPotion","UnavoidableGaze+1"],"relics":["PageOfLibrarian","DaveBox","testmod-TestBox","testmod-Alchemist","ExusiaiGun","SynthV:TestCard","Gensokyo:OccultBall","SynthV:MejaisSoulstealer","PageOfQueenBee","Ginger","MawBank","testmod-CardMagician","MetatronsCube","Medical Kit","Technique","Letter Opener","Bag of Preparation","HornCleat","testmod-ArcanaOfDestiny","CaptainsWheel","ArrowTower","PageOfSnowWhitesApple","testmod-GoldenSoul","testmod-Justice","Potion Belt","ClockworkSouvenir","BionicSphere","War Paint","Sling","testmod-TurbochargingSystem"],"acts_visited":["Exordium","Gensokyo:Gensokyo","Gensokyo:Gensokyoer","TheEnding"],"potions_floor_usage":[56,56,56,56,56],"damage_taken":[{"damage":5.0,"enemies":"Gensokyo:3_Fairies","floor":1.0,"turns":7.0},{"damage":0.0,"enemies":"Gensokyo:Python","floor":2.0,"turns":2.0},{"damage":15.0,"enemies":"Gensokyo:Cirno","floor":10.0,"turns":8.0},{"damage":0.0,"enemies":"Gensokyo:2_Kodama","floor":11.0,"turns":2.0},{"damage":0.0,"enemies":"Gensokyo:2_Rabbits","floor":12.0,"turns":2.0},{"damage":0.0,"enemies":"Gensokyo:Mamizou","floor":13.0,"turns":3.0},{"damage":0.0,"enemies":"Gensokyo:Kitsune","floor":14.0,"turns":1.0},{"damage":0.0,"enemies":"Gensokyo:Kokoro","floor":16.0,"turns":2.0},{"damage":30.0,"enemies":"Gensokyo:Chomper","floor":18.0,"turns":1.0},{"damage":15.0,"enemies":"Gensokyo:CosmicMonolith","floor":19.0,"turns":1.0},{"damage":0.0,"enemies":"Gensokyo:Mirror_and_Dog","floor":20.0,"turns":1.0},{"damage":0.0,"enemies":"Gensokyo:Monolith_and_Dog","floor":22.0,"turns":1.0},{"damage":0.0,"enemies":"Gensokyo:Reisen","floor":23.0,"turns":3.0},{"damage":0.0,"enemies":"Gensokyo:Chomper_and_Gloop","floor":24.0,"turns":1.0},{"damage":0.0,"enemies":"Gensokyo:Koishi","floor":25.0,"turns":2.0},{"damage":0.0,"enemies":"Gensokyo:Tenshi","floor":28.0,"turns":1.0},{"damage":0.0,"enemies":"Gensokyo:Slime_Group","floor":29.0,"turns":1.0},{"damage":0.0,"enemies":"Gensokyo:Koishi","floor":30.0,"turns":1.0},{"damage":0.0,"enemies":"Gensokyo:Wraith","floor":31.0,"turns":3.0},{"damage":0.0,"enemies":"Gensokyo:Kaguya","floor":33.0,"turns":2.0},{"damage":0.0,"enemies":"Gensokyo:3_Bats","floor":35.0,"turns":1.0},{"damage":0.0,"enemies":"Gensokyo:3_Boulders","floor":37.0,"turns":1.0},{"damage":0.0,"enemies":"Gensokyo:Sharpion","floor":38.0,"turns":1.0},{"damage":0.0,"enemies":"Gensokyo:4_Bats","floor":39.0,"turns":1.0},{"damage":0.0,"enemies":"Gensokyo:Doremy","floor":40.0,"turns":1.0},{"damage":0.0,"enemies":"Gensokyo:SeedOfUnknown","floor":41.0,"turns":1.0},{"damage":0.0,"enemies":"Gensokyo:Kasen","floor":42.0,"turns":1.0},{"damage":0.0,"enemies":"Gensokyo:Shinki","floor":50.0,"turns":3.0},{"damage":0.0,"enemies":"Gensokyo:Shinki","floor":51.0,"turns":3.0},{"damage":0,"enemies":"Shield and Spear","floor":55,"turns":2},{"damage":0,"enemies":"The Heart","floor":56,"turns":2}],"seed_played":"4759497568549975334","potions_obtained":[{"floor":11.0,"key":"Strength Potion"},{"floor":12.0,"key":"ColorlessPotion"},{"floor":13.0,"key":"Ancient Potion"},{"floor":39.0,"key":"SteroidPotion"},{"floor":42.0,"key":"LiquidMemories"},{"floor":55,"key":"DuplicationPotion"}],"is_trial":false,"path_per_floor":["M","M","?","?","?","R","COS","R","T","E","M","M","E","M","R","B",null,"M","M","M","COS","M","E","M","E","T","R","E","M","E","M","R","B",null,"M","$","M","M","M","E","M","E","T","COS","?","?","?","?","R","B",null,null,"R","$","E","B",null],"character_chosen":"Librarian","items_purchased":["ForTheFamily","testmod-Justice","War Paint","Energy Potion","Sling"],"campfire_rested":0,"item_purchase_floors":[36,36,54,54,54],"current_hp_per_floor":[34,34,34,34,34,34,34,34,34,19,19,19,19,19,19,19,60,30,15,15,15,15,15,15,15,15,15,15,15,15,15,15,15,21,21,21,21,21,21,21,21,21,21,21,21,21,21,12,12,12,12,20,20,20,20,20],"gold":39,"neow_bonus":"TRANSFORM_TWO_CARDS","is_daily":false,"chose_seed":false,"campfire_upgraded":6,"win_rate":0.0,"timestamp":1614313938,"path_taken":["M","M","?","?","?","R","COS","R","T","E","?","M","E","M","R","BOSS","M","M","M","COS","M","E","M","E","T","R","E","M","E","?","R","BOSS","M","?","M","M","M","E","M","E","T","COS","?","?","?","?","R","BOSS","R","$","E","BOSS"],"items_purchased_type":["Card","Relic","Relic","Potion","Relic"],"build_version":"2020-12-22","purchased_purges":2,"victory":true,"max_hp_per_floor":[68,68,68,68,68,68,68,68,68,68,68,68,68,68,68,74,74,74,74,74,74,74,74,74,74,74,74,74,74,74,93,93,93,23,23,23,23,23,23,23,23,23,23,23,23,23,23,23,23,23,23,23,23,23,23,23],"card_choices":[{"not_picked":["InkOver","SmokingPipe","HandleRequest","Tttonst","RapidGashes","SnakesPrey","YoureTooSlow","BackAttack","Leap_lor"],"picked":"SKIP","floor":1.0},{"not_picked":["Creak","SturdyDefense","HandleRequest","SkyClearingCut","WillOfThePrescript","BiAn","SpearedSweep","Thrust","ViolentFlame","DarkCloud"],"picked":"SilentMist","floor":2.0},{"not_picked":["JiaoTu","SuppressingShot","FieryWaltz","EndlessBattle","StrikeDown","PuppetBlockade","PreemptiveStrike","FormingStorm","Thrust","Tailoring"],"picked":"CoordinatedAssault","floor":10.0},{"not_picked":["Quickness","DesperateStruggle","StrikeDown","NightInTheBackstreets","GroundSmash","Riposte","QuickSuppression","MindWhip","Eliminate","UnavoidableGaze"],"picked":"AutomatedMovement","floor":11.0},{"not_picked":["ViolentFlame","EmotionalTurbulence","ScatteringSlash","QuickAttack","InhaleSmoke","AsThePrescriptOrders","EnergyStrike","MindWhip","Standoff","Reload"],"picked":"Diversion","floor":12.0},{"not_picked":["EndlessBattle","FendThisOffIfYouCan","Thrust","StrongStrike","BizarreAttack","SharpNails","GuidanceOfTheGears","SearingSword","QuickAttack","InnerArdor","Multislash"],"picked":"SKIP","floor":13.0},{"not_picked":["PreemptiveStrike","EndlessBattle","FierceCharge","QuickSuppression","Gamble","Outburst","Parry","ScratchThat","PinpointShot","SharpSwipe","FleetEdge"],"picked":"SKIP","floor":14.0},{"not_picked":["Rewind","Eject","ScratchThat","Reload+1","AbsorbImpact+1","SkitterAway","UpbeatPerformance","TrimTheIngredients","GuardingStance","SerpentSwordTechnique","ViolentFlame"],"picked":"SKIP","floor":18.0},{"not_picked":["Decapitation","FleetEdge","StartinOutLightly","PinpointShot","MultiBlock","VenomousFangs","RushDown+1","StrongStrike+1","BackAttack","Thrust"],"picked":"Faith","floor":19.0},{"not_picked":["FlashingStrike","Decapitation","ClassAndRespect","FleetFootsteps","Gigigig","SnakesPrey","Collision","UndertakePrescript","EnergyCycle","PinpointShot","FierceCharge"],"picked":"SKIP","floor":20.0},{"not_picked":["DestructiveImpact","Reload","Eliminate","UnavoidableGaze","Diversion","HandleRequest","Gamble","BiAn","InhaleSmoke","DarkCloud"],"picked":"FrontalAssault","floor":22.0},{"not_picked":["FierceCharge","DarkCloud","GreatSerpentsImpact","StrikeDown","SmokingPipe","EndlessBattle","Leap_lor","CleanUp","ClassAndRespect","HiddenBlade"],"picked":"Parry2","floor":23.0},{"not_picked":["PinpointShot","FierceCharge+1","MultiHit","SpearedSweep+1","MultiBlock","SharpSwipe","Preparation","CoordinatedAssault","Marionette","SuanNi","HighKick"],"picked":"SKIP","floor":24.0},{"not_picked":["PinpointShot","FierceCharge+1","MultiHit","SpearedSweep+1","MultiBlock","SharpSwipe","Preparation","CoordinatedAssault","Marionette","SuanNi","HighKick"],"picked":"SKIP","floor":24.0},{"not_picked":["Leap_lor","SkyClearingCut","AlloutWar","QuickSuppression","FleetEdge","HardRehearsal","SnakesPrey","FieryDragonSlash","Observe","OpportunitySpotted"],"picked":"Quickness+1","floor":25.0},{"not_picked":["SweepTheBackstreets","CoordinatedAssault","SearingSword","SunsetBlade","FeatherShield","GuardingStance","ScratchThat","Outburst","Overcharge","SparkingSpear","FrontalAssault"],"picked":"SKIP","floor":28.0},{"not_picked":["JiaoTu","UpbeatPerformance","SearingSword","SuppressingShot","Rewind","DefenseOrder","DarkCloud","DevastatingThrash","Faith","QuickAttack","WrathOfTorment"],"picked":"SKIP","floor":29.0},{"not_picked":["EnergyStrike+1","NonstopAssault","BiAn","SmokingPipe","SerpentSwordTechnique","AutonomousRush","LossOfSenses","Disposal","CumulusWall+1","RapidGashes"],"picked":"SomberProcuration","floor":30.0},{"not_picked":["GuardingStance","FierceCharge+1","MultiBlock","Rewind","FrontalAssault","Laceration","TendonChords","FlamingDragonFist","Collision","WillBeTasty","Wallop_lor"],"picked":"SKIP","floor":31.0},{"not_picked":["DimensionalRift","SharpSwipe","Brawl","SunsetBlade+1","BiXi","MindPrepared","ShockingBlow","Outburst","MultiHit","SummaryJudgment+1","HandleRequest"],"picked":"SKIP","floor":35.0},{"not_picked":["GrazeTheGrass","ConcentratedFire","EnergyConversion+1","MultiHit","SinglePointStab","AutonomousRush","YouOnlyLiveOnce","VioletBlade","FleetEdge","ChopItOff"],"picked":"SilentMist","floor":37.0},{"not_picked":["EnergyCycle","SomberProcuration","StrongStrike+1","SerpentSwordTechnique+1","Parry2","Disposal","BurningFlash","QuickSuppression","CircusKnives","Laceration","FlowOfTheSword"],"picked":"SKIP","floor":38.0},{"not_picked":["ToWhereThePrescriptPoints","Ripple+1","Wallop_lor","Creak","RhinoRam","StrikeDown","SerpentSwordTechnique","BackAttack","FendThisOffIfYouCan","HiddenBlade","FleetEdge"],"picked":"SKIP","floor":39.0},{"not_picked":["PinpointShot","FleetFootsteps","Duel_lor","FlamingDragonFist","FeatherShield","DriedUp+1","SharpSwipe+1","InhaleSmoke","HeavyPeaks+1","Faith","FleetEdge"],"picked":"SKIP","floor":40.0},{"not_picked":["NightInTheBackstreets","VenomousFangs","PinpointShot","GuidanceOfTheGears","PreemptiveStrike+1","ExtremeEdge+1","Pound","FleetEdge","SunsetBlade","CookingPrep"],"picked":"DriedUp+1","floor":41.0},{"not_picked":["ToOvercomeCrisis+1","Gigigig","SweepTheBackstreets","SavageMode","Reload","FeelinGood","GreatSerpentsImpact","Quickness","Faith+1","BlazingStrike","BindingChains"],"picked":"SKIP","floor":42.0},{"not_picked":["PreemptiveStrike","BayonetCombat+1","YouOnlyLiveOnce","TasteMyFlamingBat","Gigigig","BackAttack+1","NightInTheBackstreets","AsThePrescriptOrders","ExtremeEdge","Observe"],"picked":"UnavoidableGaze+1","floor":55}],"player_experience":780679,"relics_obtained":[{"floor":1.0,"key":"SynthV:TestCard"},{"floor":9.0,"key":"PageOfQueenBee"},{"floor":10.0,"key":"Ginger"},{"floor":13.0,"key":"MawBank"},{"floor":14.0,"key":"Gensokyo:OccultBall"},{"floor":16.0,"key":"Gensokyo:OccultBall"},{"floor":23.0,"key":"Letter Opener"},{"floor":25.0,"key":"HornCleat"},{"floor":26.0,"key":"testmod-ArcanaOfDestiny"},{"floor":28.0,"key":"ArrowTower"},{"floor":30.0,"key":"PageOfSnowWhitesApple"},{"floor":33.0,"key":"Gensokyo:OccultBall"},{"floor":41.0,"key":"Gensokyo:OccultBall"},{"floor":42.0,"key":"Potion Belt"},{"floor":55,"key":"testmod-TurbochargingSystem"}],"event_choices":[],"is_beta":false,"boss_relics":[{"not_picked":["testmod-StringDisintegrator","testmod-Nine"],"picked":"testmod-CardMagician"},{"not_picked":["testmod-Fanaticism","BloodWine"],"picked":"testmod-GoldenSoul"}],"items_purged_floors":[36,54],"is_endless":false,"potions_floor_spawned":[11,12,13,16,20,22,28,29,31,39,40,42,55],"ascension_level":13}}