{"host":"2l5k2wp87eek7qja","time":1614376007,"event":{"mods":["BaseMod","Colored Map","Minty Spire (QoL Compilation)","Relic Stats"],"gold_per_floor":[113,113,132,132,132,164,237,237,283,303,319,319,353,369,369,369,369],"floor_reached":16,"language":"ENG","playtime":347,"items_purged":[],"score":270,"play_id":"363fae52-1062-40f5-ba43-da99e62b8c59","local_time":"20210226234647","is_ascension_mode":true,"campfire_choices":[{"data":"Cloak And Dagger","floor":12,"key":"SMITH"},{"data":"Accuracy","floor":15,"key":"SMITH"}],"circlet_count":0,"master_deck":["AscendersBane","Strike_G+1","Strike_G+1","Strike_G","Strike_G","Strike_G","Defend_G","Defend_G","Defend_G","Defend_G","Defend_G","Survivor","Neutralize","Accuracy","Accuracy+1","Cloak And Dagger+1","Acrobatics"],"relics":["Ring of the Snake","NeowsBlessing","CultistMask","Singing Bowl","Letter Opener","Vajra","Question Card"],"acts_visited":["Exordium"],"potions_floor_usage":[13,14],"damage_taken":[{"damage":0,"enemies":"Small Slimes","floor":1,"turns":1},{"damage":0,"enemies":"Cultist","floor":3,"turns":1},{"damage":0,"enemies":"Lagavulin","floor":6,"turns":1},{"damage":1,"enemies":"Jaw Worm","floor":10,"turns":3},{"damage":1,"enemies":"Blue Slaver","floor":11,"turns":6},{"damage":8,"enemies":"3 Sentries","floor":13,"turns":8},{"damage":5,"enemies":"Exordium Wildlife","floor":14,"turns":3},{"damage":32,"enemies":"Hexaghost","floor":16,"turns":9}],"seed_played":"7030741707796389935","potions_obtained":[{"floor":3,"key":"LiquidBronze"},{"floor":11,"key":"GamblersBrew"},{"floor":13,"key":"SneckoOil"}],"is_trial":false,"path_per_floor":["M","?","M","$","$","E","T","?","T","M","M","R","E","M","R","B"],"character_chosen":"THE_SILENT","items_purchased":[],"campfire_rested":0,"item_purchase_floors":[],"current_hp_per_floor":[59,59,59,59,59,61,61,41,41,40,39,39,33,30,30,0,0],"gold":369,"neow_bonus":"THREE_ENEMY_KILL","is_daily":false,"chose_seed":false,"campfire_upgraded":2,"win_rate":0.0,"timestamp":1614376007,"path_taken":["M","?","?","?","$","E","?","?","T","?","M","R","E","M","R","BOSS"],"items_purchased_type":[],"build_version":"2020-12-22","purchased_purges":0,"victory":false,"max_hp_per_floor":[66,66,66,66,66,68,68,68,68,68,68,68,70,72,72,72,72],"relic_stats":{"Singing Bowl":6,"counters":[8,32],"Letter Opener":[25],"Question Card":1,"obtain_stats":[{"NeowsBlessing":0,"Singing Bowl":6,"Vajra":9,"CultistMask":2,"Letter Opener":7,"Question Card":13,"Ring of the Snake":0},{"NeowsBlessing":0,"Singing Bowl":3,"Vajra":3,"CultistMask":1,"Letter Opener":3,"Question Card":6,"Ring of the Snake":0},{"NeowsBlessing":0,"Singing Bowl":3,"Vajra":3,"CultistMask":1,"Letter Opener":3,"Question Card":20,"Ring of the Snake":0}],"Ring of the Snake":[16]},"card_choices":[{"not_picked":["Backflip","Deadly Poison"],"picked":"Accuracy","floor":1},{"not_picked":["Distraction","Underhanded Strike"],"picked":"Accuracy","floor":3},{"not_picked":["Heel Hook","Outmaneuver","Deflect"],"picked":"Singing Bowl","floor":6},{"not_picked":["Tactician","Quick Slash"],"picked":"Cloak And Dagger","floor":10},{"not_picked":["Well Laid Plans","Quick Slash"],"picked":"Acrobatics","floor":11},{"not_picked":["Endless Agony","Flying Knee","Prepared"],"picked":"Singing Bowl","floor":13},{"not_picked":["A Thousand Cuts","Sucker Punch","Deflect","Dagger Throw"],"picked":"Singing Bowl","floor":14}],"player_experience":918194,"relics_obtained":[{"floor":6,"key":"Singing Bowl"},{"floor":7,"key":"Letter Opener"},{"floor":9,"key":"Vajra"},{"floor":13,"key":"Question Card"}],"event_choices":[{"damage_healed":0,"gold_gain":0,"player_choice":"Trade","damage_taken":0,"relics_obtained":["CultistMask"],"max_hp_gain":0,"max_hp_loss":0,"event_name":"FaceTrader","floor":2,"gold_loss":0},{"damage_healed":0,"gold_gain":0,"player_choice":"Entered Light","damage_taken":20,"max_hp_gain":0,"max_hp_loss":0,"event_name":"Shining Light","floor":8,"gold_loss":0,"cards_upgraded":["Strike_G","Strike_G"]}],"is_beta":false,"boss_relics":[],"items_purged_floors":[],"is_endless":false,"potions_floor_spawned":[3,11,13],"killed_by":"Hexaghost","ascension_level":20}}