{"host":"dvz52zoduqbx9zr0","time":1614339325,"event":{"mods":["AchievementEnabler","Always Whale","Aspiration","BaseMod","BetterRewards","Colored Map","Conspire","Custom Start","Downfall","Halation","Hubris","Jedi Mod","Minty Spire (QoL Compilation)","Relic Sorter","Replay The Spire","Shop Mod","StSLib","SuperFastMode"],"gold_per_floor":[99,99,116,130,146,146,146,160,70,85,99,126,126,152,167,267,267,267,277,289,320,338,338,338,338,338,251,264,264,280,280,295,295,295,295],"floor_reached":33,"language":"ENG","playtime":1724,"items_purged":["Injury"],"score":311,"play_id":"b7390cb4-bcc4-4193-9da8-0a737f1be83b","local_time":"20210226213525","daily_mods":["Draft","Heirloom","Flight"],"is_ascension_mode":false,"campfire_choices":[{"data":"hexamod:FastForward","floor":1,"key":"SMITH"},{"data":"hexamod:PhantomCloak","floor":6,"key":"SMITH"},{"data":"hexamod:SpectersWail","floor":13,"key":"SMITH"},{"data":"hexamod:ForkedFlame","floor":18,"key":"SMITH"},{"data":"hexamod:GhostLash","floor":23,"key":"SMITH"},{"data":"hexamod:GhostLash","floor":25,"key":"SMITH"},{"data":"hexamod:SpectersWail","floor":26,"key":"SMITH"},{"data":"hexamod:EmpoweredFlame","floor":29,"key":"SMITH"}],"circlet_count":0,"master_deck":["hexamod:Hexaguard","hexamod:FastForward+1","hexamod:GhostOfSpireFuture","hexamod:SpectralSpark","hexamod:GhostLash","hexamod:FastForward","hexamod:FastForward","hexamod:AdvancingGuard","hexamod:Hexaguard","hexamod:EmpoweredFlame+1","hexamod:PhantomCloak+1","hexamod:HauntingEcho","hexamod:NightmareStrike","hexamod:GhostLash+1","hexamod:HauntingEcho","hexamod:AdvancingGuard+1","hexamod:GhostShield+1","hexamod:SpectersWail+1","hexamod:SpectersWail","hexamod:SpectersWail+1","hexamod:GhostLash+1","hexamod:NecessarySacrifice+1","hexamod:FlamesFromBeyond+1","hexamod:ForkedFlame+1","hexamod:FirstSeal","hexamod:GhostLash+1","hexamod:InspiringFlames+1","hexamod:StepThrough","Writhe","hexamod:GhostflameBarrier+1"],"relics":["hexamod:SpiritBrand","hubris:Potato","Toxic Egg 2","hubris:Metronome","Peace Pipe","Replay:Bottled Snecko","aspiration:SecretTechniqueScroll","Frozen Egg 2","hubris:TenFootPole","HornCleat"],"acts_visited":["Exordium","TheCity"],"potions_floor_usage":[21],"damage_taken":[{"damage":0,"enemies":"2 Louse","floor":3,"turns":2},{"damage":4,"enemies":"Jaw Worm","floor":4,"turns":3},{"damage":0,"enemies":"Small Slimes","floor":5,"turns":3},{"damage":0,"enemies":"Looter","floor":8,"turns":3},{"damage":0,"enemies":"downfall:FleeingMerchant","floor":9,"turns":4},{"damage":8,"enemies":"Red Slaver","floor":10,"turns":3},{"damage":11,"enemies":"Large Slime","floor":11,"turns":3},{"damage":0,"enemies":"3 Sentries","floor":12,"turns":4},{"damage":6,"enemies":"Gremlin Nob","floor":14,"turns":3},{"damage":0,"enemies":"2 Fungi Beasts","floor":15,"turns":2},{"damage":23,"enemies":"IC_STATUS_ARCHETYPE","floor":16,"turns":6},{"damage":7,"enemies":"Shell Parasite","floor":19,"turns":3},{"damage":0,"enemies":"Spheric Guardian","floor":20,"turns":3},{"damage":25,"enemies":"conspire:MimicChest","floor":21,"turns":4},{"damage":6,"enemies":"Cultist and Chosen","floor":22,"turns":4},{"damage":0,"enemies":"downfall:FleeingMerchant","floor":27,"turns":4},{"damage":1,"enemies":"Sentry and Sphere","floor":28,"turns":3},{"damage":16,"enemies":"Snake Plant","floor":30,"turns":4},{"damage":0,"enemies":"3 Cultists","floor":32,"turns":3},{"damage":60,"enemies":"SI_MIRROR_ARCHETYPE","floor":33,"turns":12}],"seed_played":"5262895378240074759","potions_obtained":[{"floor":5,"key":"BlessingOfTheForge"},{"floor":8,"key":"SteroidPotion"},{"floor":10,"key":"Weak Potion"},{"floor":14,"key":"Toxic Potion"},{"floor":16,"key":"PowerPotion"},{"floor":28,"key":"Energy Potion"}],"is_trial":true,"path_per_floor":["R","?","M","M","M","R","T","M","$","M","M","E","R","E","M","B",null,"R","M","M","?","M","R","T","R","R","$","M","R","M","?","M","B"],"character_chosen":"THE_SPIRIT","items_purchased":["hexamod:StepThrough"],"campfire_rested":0,"item_purchase_floors":[27],"current_hp_per_floor":[70,70,70,66,66,66,66,66,66,58,47,47,47,41,41,18,70,70,63,63,45,46,46,46,46,46,53,59,59,50,50,57,0,0,0],"gold":295,"neow_bonus":"","is_daily":false,"chose_seed":false,"campfire_upgraded":8,"win_rate":0.0,"timestamp":1614339325,"path_taken":["R","?","M","M","M","R","T","M","$","M","M","E","R","E","M","BOSS","R","M","M","?","M","R","T","R","R","$","M","R","M","?","M","BOSS"],"items_purchased_type":["Card"],"build_version":"2020-12-22","purchased_purges":1,"victory":false,"max_hp_per_floor":[70,70,70,70,70,70,70,70,70,70,70,70,70,70,70,70,70,70,70,70,70,70,70,70,70,70,70,70,70,70,70,70,70,70,70],"card_choices":[{"not_picked":["hexamod:SuperheatedStrike","hexamod:NecessarySacrifice"],"picked":"hexamod:Hexaguard","floor":0},{"not_picked":["hexamod:InspiringFlames","hexamod:AdvancingGuard"],"picked":"hexamod:FastForward","floor":0},{"not_picked":["hexamod:FlamesFromBeyond","hexamod:PhantomFireball"],"picked":"hexamod:GhostOfSpireFuture","floor":0},{"not_picked":["hexamod:Firestarter","hexamod:SwordOfDarkness"],"picked":"hexamod:SpectralSpark","floor":0},{"not_picked":["hexamod:RainOfEmbers","hexamod:SecondSeal"],"picked":"hexamod:GhostLash","floor":0},{"not_picked":["hexamod:ThermalTransfer","hexamod:Firestarter"],"picked":"hexamod:FastForward","floor":0},{"not_picked":["hexamod:ThermalTransfer","hexamod:Haunt"],"picked":"hexamod:FastForward","floor":0},{"not_picked":["hexamod:FastForward","hexamod:HeatMetal"],"picked":"hexamod:AdvancingGuard","floor":0},{"not_picked":["hexamod:BacktrackSmack","hexamod:SwordOfDarkness"],"picked":"hexamod:Hexaguard","floor":0},{"not_picked":["hexamod:NightmareGuise","hexamod:SuperheatedStrike"],"picked":"hexamod:EmpoweredFlame","floor":0},{"not_picked":["hexamod:Haunt","hexamod:HeatMetal"],"picked":"hexamod:PhantomCloak","floor":0},{"not_picked":["hexamod:Firestarter","hexamod:SecondSeal"],"picked":"hexamod:HauntingEcho","floor":0},{"not_picked":["hexamod:Hexaguard","hexamod:HeatMetal"],"picked":"hexamod:NightmareStrike","floor":0},{"not_picked":["hexamod:RetreatToShadows","hexamod:HeatMetal"],"picked":"hexamod:GhostLash","floor":0},{"not_picked":["hexamod:Incineration","hexamod:BurningTouch"],"picked":"hexamod:HauntingEcho","floor":0},{"not_picked":["hexamod:PhantomFireball","hexamod:RecurringNightmare+1"],"picked":"hexamod:AdvancingGuard+1","floor":3},{"not_picked":["hexamod:ShieldOfDarkness+1","hexamod:EtherealExpedition+1"],"picked":"hexamod:GhostShield+1","floor":4},{"not_picked":["hexamod:ThermalTransfer","hexamod:SpectralSpark+1"],"picked":"hexamod:SpectersWail","floor":5},{"not_picked":["hexamod:EtherealExpedition+1","hexamod:BurningTouch+1"],"picked":"hexamod:SpectersWail","floor":8},{"not_picked":["hexamod:ShieldOfDarkness+1","hexamod:ExtraCrispy","hexamod:GhostOfSpirePast"],"picked":"SKIP","floor":9},{"not_picked":["hexamod:HeatMetal","hexamod:CatchUp+1"],"picked":"hexamod:SpectersWail","floor":10},{"not_picked":["hexamod:InspiringFlames+1","hexamod:AdvancingGuard+1"],"picked":"hexamod:GhostLash","floor":11},{"not_picked":["hexamod:HauntingEcho","hexamod:Rewind+1","hexamod:TurnItUp+1"],"picked":"SKIP","floor":12},{"not_picked":["hexamod:BurningTouch+1","hexamod:NightmareStrike"],"picked":"hexamod:NecessarySacrifice+1","floor":14},{"not_picked":["hexamod:NightmareGuise+1","hexamod:BurningTouch+1"],"picked":"hexamod:FlamesFromBeyond+1","floor":15},{"not_picked":["hexamod:HexaLevel","hexamod:UnlimitedPower+1"],"picked":"hexamod:ForkedFlame","floor":16},{"not_picked":["hexamod:FlamesFromBeyond+1","hexamod:GhostOfSpireFuture+1"],"picked":"hexamod:FirstSeal","floor":19},{"not_picked":["hexamod:FirstSeal","hexamod:NecessarySacrifice+1","hexamod:HauntingEcho"],"picked":"SKIP","floor":20},{"not_picked":["hexamod:FourthSeal","hexamod:HauntingEcho"],"picked":"hexamod:GhostLash+1","floor":21},{"not_picked":["hexamod:HauntingEcho","hexamod:SoulSteal+1","hexamod:BacktrackSmack"],"picked":"SKIP","floor":22},{"not_picked":["hexamod:FourthSeal","hexamod:GhostLash"],"picked":"hexamod:InspiringFlames+1","floor":27},{"not_picked":["hexamod:ChargedBarrage+1","hexamod:NightmareStrike+1","hexamod:NightmareGuise+1"],"picked":"SKIP","floor":28},{"not_picked":["hexamod:CatchUp+1","hexamod:NightmareGuise+1","hexamod:EtherealExpedition+1"],"picked":"SKIP","floor":30},{"not_picked":["hexamod:BacktrackSmack","hexamod:RetreatToShadows+1"],"picked":"hexamod:GhostflameBarrier+1","floor":32}],"player_experience":253045,"relics_obtained":[{"floor":7,"key":"hubris:Metronome"},{"floor":12,"key":"Peace Pipe"},{"floor":14,"key":"Replay:Bottled Snecko"},{"floor":21,"key":"Frozen Egg 2"},{"floor":24,"key":"hubris:TenFootPole"}],"event_choices":[],"is_beta":false,"boss_relics":[{"not_picked":["ReplayTheSpireMod:DimensionalGlitch","SacredBark"],"picked":"aspiration:SecretTechniqueScroll"}],"items_purged_floors":[9],"is_endless":false,"potions_floor_spawned":[5,8,10,14,16,19,20,28],"killed_by":"SI_MIRROR_ARCHETYPE","ascension_level":0}}