{"host":"dtczkyto5vz790wa","time":1614316180,"event":{"mods":["BaseMod","LagranYue(拉格朗・月)","Minty Spire (QoL Compilation)","Replay The Spire","Shop Mod","StSLib","The Animator"],"gold_per_floor":[112,112,112,132,150,191,191,230,254,272,295,295,311,180,180,281,281,312,312,409,84,100,100,120,120,120,120,138,138,150,166,166,285,285,299,348,56,56,90,90,124,124,124,124,5,38,57,20,20,20,20,20,506,560,619,690,923,140,219,299,167,15,116,116,116,116,140,140],"floor_reached":67,"language":"ZHS","playtime":11061,"items_purged":["Languid","Languid","animator:Curse_Greed"],"score":958,"play_id":"b41374d8-ebc4-4b0b-a22b-8f2f35a3d6fe","local_time":"20210226130940","is_ascension_mode":false,"campfire_choices":[{"data":"animator:Illya","floor":7.0,"key":"SMITH"},{"data":"animator:HighElfArcher","floor":12.0,"key":"SMITH"},{"floor":15.0,"key":"DIG"},{"floor":23.0,"key":"REST"},{"data":"animator:Eris","floor":25.0,"key":"SMITH"},{"data":"animator:Kazuma","floor":27.0,"key":"SMITH"},{"data":"RitualDagger","floor":32.0,"key":"SMITH"},{"data":"animator:SwordMaiden","floor":40.0,"key":"SMITH"},{"data":"animator:CowGirl","floor":42.0,"key":"SMITH"},{"data":"animator:YaoHaDucy","floor":44.0,"key":"SMITH"},{"floor":49.0,"key":"RECALL"},{"data":"animator:GoblinSlayer","floor":52.0,"key":"SMITH"},{"floor":66.0,"key":"REST"}],"circlet_count":0,"master_deck":["animator:Strike_Konosuba","animator:Defend_Konosuba+1","animator:Strike+1","animator:Kazuma+1","animator:Aqua+1","animator:Melzalgald","animator:Illya+1","animator:Lancer","animator:Verdia+1","animator:SwordMaiden+1","animator:CowGirl","animator:HighElfArcher+1","animator:LizardPriest+1","animator:Shion+1","animator:Eris+1","animator:Yoichi","animator:Sonic+1","animator:Megumin+16","animator:YaoHaDucy+1","animator:Shuna+1","animator:Mitsurugi+1","animator:KyokoSakura+1","animator:Kazuma","RitualDagger+1","animator:Berserker+1","animator:Berserker+1","animator:GoblinSlayer+1","animator:Berserker+1","animator:Illya+1","animator:Laby+1","animator:Chris+1","animator:Elsword+1","animator:Mikaela+1","animator:NagisaMomoe+1","animator:RinTohsaka","animator:Bozes+1","animator:Kaijin+1","animator:Illya+1","animator:Hakurou+1","animator:Darkness","animator:Lu+1","animator:Aqua+1","animator:Saitama+1","animator:EmiyaShirou+1"],"relics":["animator:TheEgnaroPiece","animator:AncientMedallion"],"acts_visited":["Exordium","TheCity","TheBeyond","TheEnding","EYB:TheUnnamedReign"],"potions_floor_usage":[67],"damage_taken":[{"damage":0.0,"enemies":"2 Louse","floor":1.0,"turns":4.0},{"damage":2.0,"enemies":"Jaw Worm","floor":4.0,"turns":7.0},{"damage":4.0,"enemies":"Cultist","floor":5.0,"turns":4.0},{"damage":29.0,"enemies":"Lagavulin","floor":6.0,"turns":8.0},{"damage":18.0,"enemies":"3 Sentries","floor":8.0,"turns":9.0},{"damage":2.0,"enemies":"Exordium Wildlife","floor":10.0,"turns":5.0},{"damage":0.0,"enemies":"Large Slime","floor":11.0,"turns":3.0},{"damage":4.0,"enemies":"Exordium Thugs","floor":13.0,"turns":3.0},{"damage":27.0,"enemies":"Hexaghost","floor":16.0,"turns":11.0},{"damage":26.0,"enemies":"2 Thieves","floor":18.0,"turns":5.0},{"damage":18.0,"enemies":"3 Byrds","floor":22.0,"turns":7.0},{"damage":10.0,"enemies":"Snake Plant","floor":24.0,"turns":6.0},{"damage":8.0,"enemies":"Cultist and Chosen","floor":28.0,"turns":5.0},{"damage":3.0,"enemies":"Centurion and Healer","floor":30.0,"turns":5.0},{"damage":7.0,"enemies":"Sentry and Sphere","floor":31.0,"turns":4.0},{"damage":76.0,"enemies":"Collector","floor":33.0,"turns":8.0},{"damage":5.0,"enemies":"Orb Walker","floor":35.0,"turns":2.0},{"damage":42.0,"enemies":"2 Orb Walkers","floor":36.0,"turns":4.0},{"damage":5.0,"enemies":"3 Shapes","floor":39.0,"turns":2.0},{"damage":0.0,"enemies":"Reptomancer","floor":41.0,"turns":3.0},{"damage":0.0,"enemies":"Giant Head","floor":46.0,"turns":6.0},{"damage":35.0,"enemies":"Writhing Mass","floor":47.0,"turns":4.0},{"damage":54.0,"enemies":"Awakened One","floor":50.0,"turns":8.0},{"damage":0.0,"enemies":"animator:UNNAMED_HAT","floor":54.0,"turns":13.0},{"damage":12.0,"enemies":"animator:UNNAMED_CULTIST_1","floor":55.0,"turns":11.0},{"damage":38.0,"enemies":"animator:TRIPLE_LAGAVULIN","floor":59.0,"turns":8.0},{"damage":18.0,"enemies":"animator:UNNAMED_CULTIST_2","floor":60.0,"turns":8.0},{"damage":60.0,"enemies":"animator:ULTIMATE_CUBE","floor":63.0,"turns":11.0},{"damage":91,"enemies":"animator:ULTIMATE_WISP","floor":67,"turns":9}],"seed_played":"-339834106149955406","potions_obtained":[{"floor":4.0,"key":"LiquidBronze"},{"floor":5.0,"key":"ColorlessPotion"},{"floor":6.0,"key":"Energy Potion"},{"floor":10.0,"key":"SteroidPotion"},{"floor":13.0,"key":"PowerPotion"},{"floor":16.0,"key":"Ancient Potion"},{"floor":28.0,"key":"PowerPotion"},{"floor":30.0,"key":"SpeedPotion"},{"floor":35.0,"key":"PowerPotion"},{"floor":46.0,"key":"Fire Potion"},{"floor":47.0,"key":"Languid Potion"},{"floor":54.0,"key":"animator:FalseLifePotion"},{"floor":55.0,"key":"animator:FalseLifePotion"},{"floor":59.0,"key":"animator:FalseLifePotion"},{"floor":60.0,"key":"animator:FalseLifePotion"},{"floor":63.0,"key":"animator:FalseLifePotion"}],"is_trial":false,"path_per_floor":["M","?","?","M","M","E","R","E","T","M","M","R","M","$","R","B",null,"M","?","?","$","M","R","M","R","T","R","M","?","M","M","R","B",null,"M","?","$","?","M","R","E","R","T","R","$","E","M","$","R","B",null,"R","??","M","M","T","?","$","M","M","?","$","E","T","?","R","E"],"character_chosen":"THE_ANIMATOR","items_purchased":["ReplayTheSpireMod:CursedCoin","MerchantsRug","animator:Shion","animator:HallowedScabbard","animator:Shuna","Golden Egg","animator:Laby","animator:Mikaela","animator:NagisaMomoe","animator:Megumin","animator:Hakurou","animator:AncientMedallion","animator:Darkness","animator:Lu","animator:AncientMedallion","animator:Saitama"],"campfire_rested":2,"item_purchase_floors":[14,14,14,21,21,37,37,45,45,48,58,58,58,58,58,62],"current_hp_per_floor":[72,69,69,69,67,40,40,24,24,25,27,27,26,26,26,2,75,52,52,22,22,17,39,34,34,34,34,34,28,47,62,62,11,76,71,49,49,49,50,50,57,57,57,57,57,65,42,42,42,13,76,76,98,98,91,91,91,91,66,86,86,86,44,44,14,43,0,0],"gold":140,"neow_bonus":"TEN_PERCENT_HP_BONUS","is_daily":false,"chose_seed":false,"campfire_upgraded":9,"win_rate":0.0,"timestamp":1614316180,"path_taken":["M","?","?","M","?","E","R","E","T","M","M","R","M","$","R","BOSS","M","?","?","$","M","R","?","R","T","R","M","?","M","M","R","BOSS","M","?","$","?","?","R","E","R","T","R","$","E","M","?","R","BOSS","R","??","M","M","T","?","$","M","M","?","$","E","T","?","R","E"],"items_purchased_type":["Relic","Relic","Card","Relic","Card","Relic","Card","Card","Card","Card","Card","Relic","Card","Card","Relic","Card"],"build_version":"2020-12-22","purchased_purges":3,"victory":false,"max_hp_per_floor":[72,72,72,72,72,72,72,72,72,73,73,73,74,74,74,75,75,75,75,75,75,76,76,76,76,76,76,76,76,76,76,76,76,76,76,76,76,76,76,76,76,76,76,76,76,76,76,76,76,76,76,76,98,98,98,98,98,98,98,98,98,98,98,98,98,98,98,98],"card_choices":[{"not_picked":["animator:Chung","animator:Ciel"],"picked":"animator:Melzalgald","floor":1.0},{"not_picked":["animator:Priestess","animator:Archer"],"picked":"animator:Illya","floor":4.0},{"not_picked":["animator:LeleiLaLalena","animator:CrowleyEusford"],"picked":"animator:Lancer","floor":5.0},{"not_picked":["animator:Aqua","animator:Mitsurugi"],"picked":"animator:Verdia","floor":6.0},{"not_picked":["animator:Priestess","animator:Lancer"],"picked":"animator:SwordMaiden","floor":8.0},{"not_picked":["animator:Kaijin","animator:Rider"],"picked":"animator:CowGirl","floor":10.0},{"not_picked":["animator:Aqua","animator:Shuna"],"picked":"animator:HighElfArcher","floor":11.0},{"not_picked":["animator:DwarfShaman","animator:HighElfArcher"],"picked":"animator:LizardPriest","floor":13.0},{"not_picked":["animator:Elesis","animator:Wiz"],"picked":"animator:Eris","floor":16.0},{"not_picked":["animator:HiiragiShinya","animator:CrowleyEusford"],"picked":"animator:Yoichi","floor":18.0},{"not_picked":["animator:Genos","animator:Illya"],"picked":"animator:Sonic+1","floor":20.0},{"not_picked":["animator:Eris","animator:MumenRider"],"picked":"animator:Megumin+1","floor":20.0},{"not_picked":["animator:Hakurou+1","animator:Rider"],"picked":"animator:YaoHaDucy","floor":20.0},{"not_picked":["animator:Illya","animator:Shuna"],"picked":"animator:Mitsurugi","floor":22.0},{"not_picked":["animator:Mikaela","animator:Mitsurugi"],"picked":"animator:KyokoSakura+1","floor":24.0},{"not_picked":["animator:Verdia","animator:Mitsurugi"],"picked":"animator:Kazuma","floor":28.0},{"not_picked":["animator:Illya+1","animator:DwarfShaman"],"picked":"animator:Berserker+1","floor":30.0},{"not_picked":["animator:Rena","animator:Genos"],"picked":"animator:Berserker+1","floor":31.0},{"not_picked":["animator:PinaCoLada","animator:Hans"],"picked":"animator:GoblinSlayer","floor":33.0},{"not_picked":["animator:Chris+1","animator:Raven"],"picked":"animator:Berserker+1","floor":35.0},{"not_picked":["animator:Melzalgald+1","animator:Kazuma+1"],"picked":"animator:Illya+1","floor":36.0},{"not_picked":["animator:YunYun","animator:Verdia"],"picked":"animator:Chris","floor":39.0},{"not_picked":["animator:HighElfArcher","animator:Shion"],"picked":"animator:Elsword+1","floor":41.0},{"not_picked":["animator:HighElfArcher","animator:Raven+1"],"picked":"animator:RinTohsaka","floor":46.0},{"not_picked":["animator:MetalKnight","animator:Yoichi+1"],"picked":"animator:Bozes+1","floor":47.0},{"not_picked":["animator:Boros","animator:TukaLunaMarceau"],"picked":"animator:Kaijin+1","floor":54.0},{"not_picked":["animator:Shion","animator:Genos"],"picked":"animator:Illya","floor":55.0},{"not_picked":["animator:CowGirl+1","animator:Sonic"],"picked":"animator:Megumin","floor":59.0},{"not_picked":["animator:Elsword","animator:CowGirl"],"picked":"animator:Aqua+1","floor":60.0},{"not_picked":["animator:SayakaMiki","animator:Arpeggio"],"picked":"animator:EmiyaShirou+1","floor":63.0}],"player_experience":221867,"relics_obtained":[{"floor":6.0,"key":"Happy Flower"},{"floor":8.0,"key":"Art of War"},{"floor":9.0,"key":"Anchor"},{"floor":15.0,"key":"Gremlin Food"},{"floor":26.0,"key":"Mercury Hourglass"},{"floor":36.0,"key":"Charon\u0027s Ashes"},{"floor":41.0,"key":"Oddly Smooth Stone"},{"floor":46.0,"key":"Pocketwatch"},{"floor":53.0,"key":"animator:TheEgnaroPiece"},{"floor":53.0,"key":"animator:AncientMedallion"},{"floor":56.0,"key":"animator:AncientMedallion"},{"floor":61.0,"key":"animator:AncientMedallion"},{"floor":63.0,"key":"animator:AncientMedallion"},{"floor":64.0,"key":"animator:AncientMedallion"}],"event_choices":[{"damage_healed":0.0,"max_hp_gain":0.0,"max_hp_loss":0.0,"gold_gain":0.0,"event_name":"Scrap Ooze","player_choice":"Success","floor":2.0,"gold_loss":0.0,"damage_taken":3.0,"relics_obtained":["PreservedInsect"]},{"damage_healed":0.0,"max_hp_gain":0.0,"max_hp_loss":0.0,"gold_gain":0.0,"event_name":"FaceTrader","player_choice":"Trade","floor":3.0,"gold_loss":0.0,"damage_taken":0.0,"relics_obtained":["CultistMask"]},{"damage_healed":0.0,"max_hp_gain":0.0,"max_hp_loss":0.0,"gold_gain":0.0,"event_name":"爱的神圣花园","player_choice":"Choice 2","floor":19.0,"gold_loss":0.0,"damage_taken":0.0,"relics_obtained":["alterego_mod:SomeoneToFightFor"]},{"damage_healed":0.0,"max_hp_gain":0.0,"max_hp_loss":0.0,"gold_gain":0.0,"event_name":"Nest","player_choice":"Joined the Cult","floor":29.0,"gold_loss":0.0,"damage_taken":6.0,"cards_obtained":["RitualDagger"]},{"damage_healed":0.0,"max_hp_gain":0.0,"max_hp_loss":0.0,"gold_gain":0.0,"event_name":"Mysterious Sphere","player_choice":"Fight","floor":36.0,"gold_loss":0.0,"damage_taken":0.0},{"damage_healed":0.0,"max_hp_gain":0.0,"max_hp_loss":0.0,"gold_gain":0.0,"event_name":"WeMeetAgain","player_choice":"Gave Potion","floor":38.0,"gold_loss":0.0,"damage_taken":0.0,"relics_obtained":["Centennial Puzzle"]}],"is_beta":false,"boss_relics":[{"not_picked":["Ring of Chaos","ChewingGum"],"picked":"Kintsugi"},{"not_picked":["Cursed Key","SacredBark"],"picked":"SlaversCollar"}],"items_purged_floors":[14,21,58],"is_endless":false,"potions_floor_spawned":[4,5,6,10,13,16,28,30,35,46,47,55,63],"killed_by":"animator:ULTIMATE_WISP","ascension_level":0}}