{"host":"y7wrf01yacd588jx","time":1614320545,"event":{"mods":["AchievementEnabler","Act Like it!","Aspiration","BaseMod","Better Sensory Stone","Better Skull","Colored Map","Colored Powertips","Conspire","Displayed Cursed Tome","Downfall","Energized Spire","Friendly Minions","Gensokyo","GifTheSpireLib","Googly Eyes","Hermit","Hubris","Infinite Spire","Koishi","Minty Spire (QoL Compilation)","Permanent Neow","Relic Sorter","Reliquary","Remilia??????","Replay The Spire","Ruina","Shade Mod","Shapeshifter Mod","StSLib","Stuff the Spire","The Cursed","The Death Knight","The Hierophant","The Marked","The Mystic","The Necromancer","The Sage","Yohane!"],"gold_per_floor":[113,113,130,130,150,266,266,278,305,305,305,405,9,9,9,108,108,118,101,101,101,118,246,246,263,263,277,277,277],"floor_reached":28,"language":"ENG","playtime":2024,"items_purged":["Regret"],"score":298,"play_id":"c78a8e99-c620-4e29-adec-9cd8f2ca5be6","local_time":"20210226012225","is_ascension_mode":false,"campfire_choices":[{"data":"StSShapeShifter:FallingLeaves","floor":7,"key":"SMITH"},{"floor":15,"key":"REST"}],"circlet_count":0,"master_deck":["StSShapeShifter:ShapeShifter_Strike","StSShapeShifter:ShapeShifter_Strike","StSShapeShifter:ShapeShifter_Strike","StSShapeShifter:ShapeShifter_Strike","StSShapeShifter:ShapeShifter_Strike","StSShapeShifter:ShapeShifter_Defend+1","StSShapeShifter:ShapeShifter_Defend","StSShapeShifter:ShapeShifter_Defend","StSShapeShifter:ShapeShifter_Defend","StSShapeShifter:ShapeShifter_Defend","StSShapeShifter:Tortoise_Form","StSShapeShifter:Lynx_Form","StSShapeShifter:RockSlide","StSShapeShifter:WaspSwarmForm+1","StSShapeShifter:Mystical_Branch","StSShapeShifter:FallingLeaves+1","StSShapeShifter:Garden","StSShapeShifter:PoisonIvy","StSShapeShifter:EmbraceTheCycle","StSShapeShifter:Bonk+1","StSShapeShifter:Mystical_Branch+1","Transmutation","sneckomod:Unknown","StSShapeShifter:Sap_Burst","StSShapeShifter:PoisonIvy+1","StSShapeShifter:WolfForm","Pain","StSShapeShifter:EntForm","StSShapeShifter:BladeOfGrass+1","StSShapeShifter:BurstingSpore+1"],"relics":["StSShapeShifter:AnimalHeart","StSShapeShifter:TheShapeShiftersMagnolia","StuffTheSpire:TintedRock","hubris:Metronome","War Paint","aspiration:ArtOfWarUpgrade","StuffTheSpire:Gunfinga","Molten Egg 2","BargainBundle","conspire:RoyalGoblet","WarpedTongs","Bird Faced Urn","StuffTheSpire:Mouthbags"],"acts_visited":["Exordium","TheCity"],"potions_floor_usage":[6,12,16,18,22,23,23],"damage_taken":[{"damage":0,"enemies":"Cultist","floor":1,"turns":4},{"damage":5,"enemies":"conspire:RoseBush","floor":3,"turns":5},{"damage":6,"enemies":"2 Louse","floor":5,"turns":2},{"damage":32,"enemies":"Replay:BlueRogue","floor":6,"turns":10},{"damage":1,"enemies":"Lots of Slimes","floor":8,"turns":3},{"damage":11,"enemies":"3 Sentries","floor":12,"turns":4},{"damage":0,"enemies":"Slime Boss","floor":16,"turns":7},{"damage":5,"enemies":"3 Byrds","floor":18,"turns":4},{"damage":10,"enemies":"2 Thieves","floor":19,"turns":4},{"damage":15,"enemies":"conspire:HollyBat","floor":22,"turns":7},{"damage":25,"enemies":"Book of Stabbing","floor":23,"turns":7},{"damage":9,"enemies":"3 Cultists","floor":25,"turns":3},{"damage":20,"enemies":"Snake Plant","floor":27,"turns":3},{"damage":11,"enemies":"Shelled Parasite and Fungi","floor":28,"turns":2}],"seed_played":"-6865788058383713750","potions_obtained":[{"floor":3,"key":"DuplicationPotion"},{"floor":6,"key":"Adrenaline Potion"},{"floor":16,"key":"AttackPotion"},{"floor":22,"key":"PowerPotion"},{"floor":23,"key":"Dexterity Potion"}],"is_trial":false,"path_per_floor":["M","?","M","$","M","E","R","M","T","R","?","E","$","?","R","B",null,"M","M","?","?","M","E","R","M","T","M","M"],"character_chosen":"SHAPESHIFTER","items_purchased":["StSShapeShifter:PoisonIvy","BargainBundle","Swift Potion","Elixir","SpeedPotion","StSShapeShifter:EmbraceTheCycle","StSShapeShifter:Bonk+1","StSShapeShifter:Mystical_Branch+1","Transmutation","StSShapeShifter:FlowerShield"],"campfire_rested":1,"item_purchase_floors":[13,13,13,13,13,13,13,13,13,13],"current_hp_per_floor":[78,78,73,73,67,35,35,34,34,34,22,11,11,11,34,34,78,73,63,63,63,53,30,30,27,27,12,1,1],"gold":277,"neow_bonus":"RANDOM_COMMON_RELIC","is_daily":false,"chose_seed":false,"campfire_upgraded":1,"win_rate":0.0,"timestamp":1614320545,"path_taken":["M","?","M","$","M","E","R","M","T","R","?","E","$","?","R","BOSS","M","M","?","?","M","E","R","M","T","M","?"],"items_purchased_type":["Card","Relic","Potion","Potion","Potion","Card","Card","Card","Card","Card"],"build_version":"2020-12-22","purchased_purges":1,"victory":false,"max_hp_per_floor":[78,78,78,78,78,78,78,78,78,78,78,78,78,78,78,78,78,78,78,78,78,78,78,78,78,78,78,78,78],"card_choices":[{"not_picked":["StSShapeShifter:Maul","StSShapeShifter:SquirrelForm"],"picked":"StSShapeShifter:RockSlide","floor":1},{"not_picked":["StSShapeShifter:Sapling","StSShapeShifter:Wildfire2"],"picked":"StSShapeShifter:WaspSwarmForm","floor":3},{"not_picked":["StSShapeShifter:Sapling","StSShapeShifter:DeerForm"],"picked":"StSShapeShifter:Mystical_Branch","floor":5},{"not_picked":["StSShapeShifter:DeerForm","StSShapeShifter:IntimidatingAura"],"picked":"StSShapeShifter:FallingLeaves","floor":6},{"not_picked":["StSShapeShifter:CursedApple","StSShapeShifter:SquirrelForm","StSShapeShifter:SunflowerShuriken"],"picked":"SKIP","floor":8},{"not_picked":["StSShapeShifter:Consume","StSShapeShifter:Spring"],"picked":"StSShapeShifter:Garden","floor":12},{"not_picked":["StSShapeShifter:SkullBash+1","StSShapeShifter:RitualOfTheElders"],"picked":"StSShapeShifter:Sap_Burst","floor":16},{"not_picked":["StSShapeShifter:EmbraceTheCycle","StSShapeShifter:LeapingSlash+1"],"picked":"StSShapeShifter:PoisonIvy+1","floor":18},{"not_picked":["StSShapeShifter:DeerForm","StSShapeShifter:FesteringBite+1"],"picked":"StSShapeShifter:WolfForm","floor":19},{"not_picked":["StSShapeShifter:CosmicShifter","StSShapeShifter:VineHandcuffs+1"],"picked":"StSShapeShifter:BurstingSpore+1","floor":22},{"not_picked":["StSShapeShifter:Guard","StSShapeShifter:MonkeyForm"],"picked":"StSShapeShifter:EntForm","floor":23},{"not_picked":["StSShapeShifter:ThornedSkin+1","StSShapeShifter:VileMushroom"],"picked":"StSShapeShifter:BladeOfGrass+1","floor":25},{"not_picked":["StSShapeShifter:VineHandcuffs","StSShapeShifter:RockSlide+1","StSShapeShifter:Rest"],"picked":"SKIP","floor":27}],"player_experience":193056,"relics_obtained":[{"floor":6,"key":"War Paint"},{"floor":9,"key":"Art of War"},{"floor":12,"key":"Molten Egg 2"},{"floor":23,"key":"Bird Faced Urn"},{"floor":26,"key":"StuffTheSpire:Mouthbags"}],"event_choices":[{"damage_healed":0,"gold_gain":0,"player_choice":"Box","damage_taken":0,"relics_obtained":["hubris:Metronome"],"max_hp_gain":0,"max_hp_loss":0,"event_name":"Big Fish","floor":2,"gold_loss":0,"cards_obtained":["Regret"]},{"damage_healed":0,"gold_gain":0,"player_choice":"Success","damage_taken":12,"relics_obtained":["StuffTheSpire:Gunfinga"],"max_hp_gain":0,"max_hp_loss":0,"event_name":"Scrap Ooze","floor":11,"gold_loss":0},{"cards_removed":["StSShapeShifter:FlowerShield"],"damage_healed":0,"gold_gain":0,"player_choice":"Took Card","damage_taken":0,"max_hp_gain":0,"max_hp_loss":0,"event_name":"NoteForYourself","floor":14,"gold_loss":0,"cards_obtained":["sneckomod:Unknown"]},{"damage_healed":0,"gold_gain":0,"player_choice":"Ignored","damage_taken":0,"max_hp_gain":0,"max_hp_loss":0,"event_name":"Ghosts","floor":20,"gold_loss":0},{"damage_healed":0,"gold_gain":0,"player_choice":"Rummage","damage_taken":0,"relics_obtained":["WarpedTongs"],"max_hp_gain":0,"max_hp_loss":0,"event_name":"Accursed Blacksmith","floor":21,"gold_loss":0,"cards_obtained":["Pain"]}],"is_beta":false,"boss_relics":[{"not_picked":["reliquary:WritOfMandamus","hubris:VirtuousBlindfold"],"picked":"conspire:RoyalGoblet"}],"items_purged_floors":[13],"is_endless":false,"potions_floor_spawned":[3,6,16,22,23],"killed_by":"Shelled Parasite and Fungi","ascension_level":0}}