{"host":"029ju9bxe3h4e27y","time":1614302601,"event":{"mods":["BaseMod","Friendly Minions","Grow up Mod","KinomotoSakuraMod(木之本樱)","Marisa（F雨　魔理沙）","Minty Spire (QoL Compilation)","Reliquary","Remilia（蕾米莉亚）","StSLib","The Fake Hero","The Servant 0.9.4","UnlockEverythingMod"],"gold_per_floor":[117,117,129,129,139,139,174,185,185,212,212,222,222,255,255,353,353,367,466,466,545,167,198,248,248,274,274,300,318,347,375,387,498,510,536,563,575,587,618,659,671,710,745,770,832,877,907,364,364,364,364,364,35,68,68],"floor_reached":56,"language":"ZHS","playtime":2332,"items_purged":["Pain","Defend_RM","Defend_RM"],"score":2259,"play_id":"c0ab3b72-d619-4e1e-bb1e-750f34faeb51","local_time":"20210226092321","is_ascension_mode":true,"campfire_choices":[{"data":"ScarletDream","floor":6,"key":"SMITH"},{"data":"MastersStateliness","floor":13,"key":"SMITH"},{"data":"ScarletCoffin","floor":15,"key":"SMITH"},{"data":"Shame","floor":25,"key":"PURGE"},{"data":"Strike_RM","floor":27,"key":"PURGE"},{"data":"CurseOfVladTepes","floor":32,"key":"PURGE"},{"data":"ScarletDream+1","floor":41,"key":"PURGE"},{"floor":49,"key":"RECALL"},{"data":"MastersStateliness","floor":52,"key":"SMITH"}],"circlet_count":0,"master_deck":["Strike_RM+1","Strike_RM+1","Strike_RM+1","Defend_RM+1","Defend_RM+1","RedMoon+1","ScarletShoot","ScarletImprint+1","BombardNight+1","ScarletCoffin+1","MastersStateliness+1","CurseOfTheBell","QueenOfMidnight","Deep Breath","MastersStateliness+1","MastersStateliness"],"relics":["ScarletHat","Incense Burner","Tiny Chest","reliquary:JackalopeAntler","AntiCross","Calipers","CaptainsWheel","reliquary:RosewoodLute","Calling Bell","reliquary:Buckler","RedBat","Gambling Chip","Peace Pipe","reliquary:Firecrackers","ClockworkSouvenir","Nunchaku","Strawberry","Regal Pillow","InkBottle","reliquary:QuartzCube","MawBank","Coffee Dripper","Vajra","Singing Bowl","Kunai","reliquary:SilkGlove","Turnip","Pantograph","Orichalcum","Boot","Bag of Preparation","reliquary:OuijaBoard","Pocketwatch","TungstenRod","FairyMaid","reliquary:FingerTrap","Anchor","Gremlin Horn","Whetstone"],"acts_visited":["Exordium","TheCity","TheBeyond","TheEnding"],"potions_floor_usage":[12,16,55,55,55,55,55,55,55],"damage_taken":[{"damage":1,"enemies":"2 Louse","floor":1,"turns":3},{"damage":12,"enemies":"Cultist","floor":3,"turns":6},{"damage":7,"enemies":"Jaw Worm","floor":5,"turns":3},{"damage":48,"enemies":"Gremlin Nob","floor":7,"turns":1},{"damage":7,"enemies":"Large Slime","floor":8,"turns":3},{"damage":17,"enemies":"3 Sentries","floor":10,"turns":6},{"damage":6,"enemies":"Looter","floor":12,"turns":2},{"damage":5,"enemies":"Gremlin Nob","floor":14,"turns":3},{"damage":52,"enemies":"Hexaghost","floor":16,"turns":5},{"damage":0,"enemies":"3 Byrds","floor":18,"turns":1},{"damage":0,"enemies":"Book of Stabbing","floor":23,"turns":2},{"damage":0,"enemies":"Slavers","floor":28,"turns":1},{"damage":0,"enemies":"Chosen","floor":29,"turns":3},{"damage":0,"enemies":"Gremlin Leader","floor":30,"turns":3},{"damage":0,"enemies":"3 Cultists","floor":31,"turns":4},{"damage":10,"enemies":"Automaton","floor":33,"turns":6},{"damage":0,"enemies":"3 Darklings","floor":35,"turns":3},{"damage":0,"enemies":"Orb Walker","floor":36,"turns":2},{"damage":12,"enemies":"Maw","floor":39,"turns":5},{"damage":0,"enemies":"Reptomancer","floor":40,"turns":3},{"damage":0,"enemies":"Giant Head","floor":42,"turns":6},{"damage":10,"enemies":"4 Shapes","floor":44,"turns":4},{"damage":0,"enemies":"Mind Bloom Boss Battle","floor":45,"turns":4},{"damage":0,"enemies":"Reptomancer","floor":46,"turns":3},{"damage":0,"enemies":"3 Darklings","floor":47,"turns":3},{"damage":0,"enemies":"Time Eater","floor":50,"turns":2},{"damage":0,"enemies":"Shield and Spear","floor":54,"turns":2},{"damage":0,"enemies":"The Heart","floor":55,"turns":4}],"seed_played":"8767796594093562125","potions_obtained":[{"floor":1,"key":"GamblersBrew"},{"floor":5,"key":"Energy Potion"},{"floor":8,"key":"EntropicBrew"},{"floor":12,"key":"Energy Potion"},{"floor":18,"key":"EntropicBrew"},{"floor":29,"key":"DestinyDice"}],"is_trial":false,"path_per_floor":["M","?","M","?","M","R","E","M","T","E","?","M","R","E","R","B",null,"M","?","?","T","$","E","?","R","T","R","E","M","E","M","R","B",null,"M","M","?","T","M","E","R","E","T","M","?","E","M","$","R","B",null,"R","$","E","B",null],"character_chosen":"REMILIA","items_purchased":["ClockworkSouvenir","Nunchaku","FairyMaid","reliquary:FingerTrap","MastersStateliness","Anchor"],"campfire_rested":0,"item_purchase_floors":[22,22,48,48,53,53],"current_hp_per_floor":[87,97,95,105,110,120,82,85,95,91,94,98,108,113,123,91,217,227,237,247,257,267,286,296,306,316,326,336,353,363,373,383,386,423,437,451,461,471,486,498,508,520,530,541,554,566,576,586,596,606,616,626,636,648,658],"gold":68,"neow_bonus":"ONE_RARE_RELIC","is_daily":false,"chose_seed":false,"campfire_upgraded":4,"win_rate":0.0,"timestamp":1614302601,"path_taken":["M","?","?","?","M","R","E","M","T","E","?","M","R","E","R","BOSS","M","?","?","?","$","E","?","R","T","R","E","?","E","M","R","BOSS","M","M","?","?","M","E","R","E","T","M","?","E","?","$","R","BOSS","R","$","E","BOSS"],"items_purchased_type":["Relic","Relic","Relic","Relic","Card","Relic"],"build_version":"2020-12-22","purchased_purges":3,"victory":true,"max_hp_per_floor":[95,105,115,125,135,145,155,165,175,185,195,205,215,225,235,245,255,265,275,285,295,305,322,332,342,352,362,372,382,392,402,412,422,432,442,454,464,474,486,498,508,520,530,542,554,566,576,586,596,606,616,626,636,648,658],"card_choices":[{"not_picked":["Stigmanizer","ScarletGensokyo","VampireClaw"],"picked":"SKIP","floor":1},{"not_picked":["ForbiddenFruit","StarOfDavid"],"picked":"ScarletDream","floor":3},{"not_picked":["ScarletDevil","UnderTheZenith"],"picked":"ScarletImprint","floor":5},{"not_picked":["MiserableFate","BloodAndWine"],"picked":"BombardNight","floor":5},{"not_picked":["RedNightlessCastle","ForbiddenFruit"],"picked":"ScarletCoffin","floor":7},{"not_picked":["RedMagic","EndlessAdversity"],"picked":"MastersStateliness","floor":8},{"not_picked":["UltimateOffering","RedRainbow","GlobalNightmare"],"picked":"SKIP","floor":10},{"not_picked":["ScarletDevilSign","HunterOfTheNight","NightLord"],"picked":"SKIP","floor":12},{"not_picked":["EternalNight","TwelveNightmare","GlobalNightmare"],"picked":"SKIP","floor":14},{"not_picked":["CeilingFear","BloodyHallows"],"picked":"CurseOfVladTepes","floor":16},{"not_picked":["StarOfDavid","HunterOfTheNight","RedMagic"],"picked":"SKIP","floor":18},{"not_picked":["GlobalNightmare","ScarletImprint","VampireKiss"],"picked":"SKIP","floor":23},{"not_picked":["DemonKingCradle","UnderTheZenith+1","UnstableMagic"],"picked":"SKIP","floor":28},{"not_picked":["LeisurelyOfLord+1","BloodyMagicSquare","Stigmanizer"],"picked":"SKIP","floor":29},{"not_picked":["EquivalentExchange","EndlessAdversity","BlasphemousPunishment+1"],"picked":"SKIP","floor":30},{"not_picked":["UltimateOffering","CharismaGuard","DiffusionOfMisfortune"],"picked":"SKIP","floor":31},{"not_picked":["BloodyHallows","ScarletMeister"],"picked":"QueenOfMidnight","floor":33},{"not_picked":["BlasphemousPunishment+1","GlobalNightmare+1","LeisurelyOfLord"],"picked":"SKIP","floor":35},{"not_picked":["CharismaGuard","LeisurelyOfLord","ScarletImprint+1"],"picked":"Singing Bowl","floor":36},{"not_picked":["Sadistic Nature","Chrysalis"],"picked":"Deep Breath","floor":37},{"not_picked":["BloodyTrap","ScarletDream","UnderTheZenith"],"picked":"Singing Bowl","floor":39},{"not_picked":["NightLord","UnderTheZenith+1","AfternoonTea"],"picked":"Singing Bowl","floor":40},{"not_picked":["UnderTheZenith","SuperhumanBloodyKnife+1","BlasphemousPunishment"],"picked":"Singing Bowl","floor":42},{"not_picked":["ScarletDevil+1","VampireClaw+1","VampireFantasy+1"],"picked":"Singing Bowl","floor":44},{"not_picked":["ScarletImprint","DevilSight","ReincarnationDial+1"],"picked":"Singing Bowl","floor":45},{"not_picked":["BloodAndWine","HunterOfTheNight","CharismaGuard+1"],"picked":"Singing Bowl","floor":46},{"not_picked":["BloodyHallows","EmergencyRegeneration+1"],"picked":"MastersStateliness","floor":47},{"not_picked":["BombardNight+1","DevilSight","ForecastOfChange"],"picked":"Singing Bowl","floor":54}],"player_experience":118092,"relics_obtained":[{"floor":7,"key":"reliquary:JackalopeAntler"},{"floor":10,"key":"AntiCross"},{"floor":10,"key":"Calipers"},{"floor":12,"key":"CaptainsWheel"},{"floor":14,"key":"reliquary:RosewoodLute"},{"floor":17,"key":"reliquary:Buckler"},{"floor":17,"key":"RedBat"},{"floor":17,"key":"Gambling Chip"},{"floor":21,"key":"reliquary:Firecrackers"},{"floor":23,"key":"Strawberry"},{"floor":26,"key":"Regal Pillow"},{"floor":28,"key":"InkBottle"},{"floor":29,"key":"reliquary:QuartzCube"},{"floor":30,"key":"MawBank"},{"floor":35,"key":"Vajra"},{"floor":36,"key":"Singing Bowl"},{"floor":38,"key":"Kunai"},{"floor":40,"key":"reliquary:SilkGlove"},{"floor":42,"key":"Turnip"},{"floor":42,"key":"Pantograph"},{"floor":43,"key":"Orichalcum"},{"floor":44,"key":"Boot"},{"floor":44,"key":"Bag of Preparation"},{"floor":45,"key":"reliquary:OuijaBoard"},{"floor":46,"key":"Pocketwatch"},{"floor":46,"key":"TungstenRod"},{"floor":54,"key":"Gremlin Horn"},{"floor":54,"key":"Whetstone"}],"event_choices":[{"damage_healed":0,"gold_gain":0,"player_choice":"Bought 0 Potions","damage_taken":0,"max_hp_gain":0,"max_hp_loss":0,"event_name":"The Woman in Blue","floor":2,"gold_loss":0},{"damage_healed":0,"gold_gain":0,"player_choice":"Box","damage_taken":0,"relics_obtained":["Tiny Chest"],"max_hp_gain":0,"max_hp_loss":0,"event_name":"Big Fish","floor":4,"gold_loss":0,"cards_obtained":["Regret"]},{"cards_removed":["Regret"],"damage_healed":0,"gold_gain":0,"player_choice":"Card Removal","damage_taken":7,"max_hp_gain":0,"max_hp_loss":0,"event_name":"Golden Wing","floor":11,"gold_loss":0},{"damage_healed":0,"gold_gain":99,"player_choice":"Stole From Cult","damage_taken":0,"max_hp_gain":0,"max_hp_loss":0,"event_name":"Nest","floor":19,"gold_loss":0},{"damage_healed":0,"gold_gain":0,"player_choice":"Stole Relic","damage_taken":0,"relics_obtained":["Peace Pipe"],"max_hp_gain":0,"max_hp_loss":0,"event_name":"Addict","floor":20,"gold_loss":0,"cards_obtained":["Shame"]},{"damage_healed":0,"gold_gain":100,"player_choice":"Bet on Murderer","damage_taken":0,"max_hp_gain":0,"max_hp_loss":0,"event_name":"The Joust","floor":24,"gold_loss":50},{"damage_healed":0,"gold_gain":0,"player_choice":"Memory 1","damage_taken":0,"max_hp_gain":0,"max_hp_loss":0,"event_name":"SensoryStone","floor":37,"gold_loss":0},{"damage_healed":0,"gold_gain":0,"player_choice":"Fight","damage_taken":0,"max_hp_gain":0,"max_hp_loss":0,"event_name":"MindBloom","floor":45,"gold_loss":0}],"is_beta":false,"boss_relics":[{"not_picked":["Snecko Eye","Tiny House"],"picked":"Calling Bell"},{"not_picked":["reliquary:ThirdArm","SlaversCollar"],"picked":"Coffee Dripper"}],"items_purged_floors":[22,48,53],"is_endless":false,"potions_floor_spawned":[1,5,8,12,18,29,31,36,40,42,44,47,54],"ascension_level":6}}