{"host":"18wi9kpcl4eah7pe","time":1614359359,"event":{"mods":["BaseMod","Colored Powertips","Downfall","Minty Spire (QoL Compilation)","StSLib"],"gold_per_floor":[99,112,112,130,192,192,192,222,22,41,58,70,98,116,133,238,238,138,150,150,135,120,136,136,136,170,170,170,170,12,41,54,149,149,149,199,214,234,282,282,308,320,349,161,174,28,28,60,79,79,79,108,8,8,8,8,8,8],"floor_reached":56,"language":"ENG","playtime":2733,"items_purged":["Slimebound:Strike_Slimebound","Parasite"],"score":970,"play_id":"344e62d0-c92d-496b-83da-cc392367e3d4","local_time":"20210226110919","is_ascension_mode":true,"campfire_choices":[{"floor":1.0,"key":"RECALL"},{"floor":9.0,"key":"REST"},{"data":"Slimebound:OozeBath","floor":18.0,"key":"SMITH"},{"data":"1","floor":25.0,"key":"LIFT"},{"data":"2","floor":28.0,"key":"LIFT"},{"data":"3","floor":35.0,"key":"LIFT"},{"data":"Slimebound:SplitSpecialist","floor":40.0,"key":"SMITH"},{"floor":47.0,"key":"REST"},{"floor":54,"key":"REST"}],"circlet_count":0,"master_deck":["Slimebound:Strike_Slimebound","Slimebound:Strike_Slimebound","Slimebound:Tackle","Slimebound:Defend_Slimebound+1","Slimebound:Defend_Slimebound","Slimebound:Defend_Slimebound+1","Slimebound:Defend_Slimebound+1","Slimebound:Split","Slimebound:CorrosiveSpit","Slimebound:GoopSpray+1","Slimebound:RollThrough","Slimebound:HungryTackle","Slimebound:MassRepurpose","Slimebound:Prepare","Slimebound:RollThrough","Slimebound:Nibble+1","Slimebound:LeechLife","Slimebound:SplitLeeching","Slimebound:SplitBruiser","Slimebound:OozeBath+1","Slimebound:FlameTackle","Slimebound:PressTheAttack","Slimebound:Repurpose","Slimebound:ServeAndProtect+1","Slimebound:DisruptingSlam","CurseOfTheBell","CurseOfTheBell","Slimebound:SplitSpecialist+1","Slimebound:GoopTackle+1","Slimebound:Equalize","Slimebound:DouseInSlime","Slimebound:SplitLeeching","Slimebound:GrowthPunch","Slimebound:SpikyOuterGoop+1","Slimebound:Equalize+1","Slimebound:ComboTackle","Slimebound:SlimeSlap","Slimebound:LeechEnergy+1","Slimebound:DivideAndConquer","Slimebound:WasteNot","Slimebound:SlimeSpikes"],"relics":["Slimebound:AbsorbEndCombat","Bag of Marbles","Oddly Smooth Stone","WarpedTongs","Guardian:PocketSentry","downfall:HeartBlessingBlue","downfall:HeartBlessingGreen","Incense Burner","Empty Cage","downfall:HeartBlessingRed","Unceasing Top","Girya","White Beast Statue","downfall:ExtraCursedBell","Art of War","Matryoshka","Calipers","HandDrill","Vajra","SlaversCollar","Turnip","Lizard Tail","Bronze Scales","MawBank","Whetstone","hexamod:CandleOfCauterizing","Happy Flower","StrikeDummy","bronze:BronzeIdol"],"acts_visited":["Exordium","TheCity","TheBeyond","TheEnding"],"potions_floor_usage":[55],"damage_taken":[{"damage":8.0,"enemies":"Jaw Worm","floor":2.0,"turns":4.0},{"damage":0.0,"enemies":"2 Louse","floor":4.0,"turns":2.0},{"damage":25.0,"enemies":"3 Sentries","floor":5.0,"turns":7.0},{"damage":23.0,"enemies":"3 Sentries","floor":8.0,"turns":7.0},{"damage":3.0,"enemies":"Cultist","floor":10.0,"turns":3.0},{"damage":20.0,"enemies":"Large Slime","floor":11.0,"turns":4.0},{"damage":16.0,"enemies":"Exordium Thugs","floor":12.0,"turns":4.0},{"damage":22.0,"enemies":"Lagavulin","floor":13.0,"turns":6.0},{"damage":0.0,"enemies":"3 Louse","floor":14.0,"turns":1.0},{"damage":6.0,"enemies":"Large Slime","floor":15.0,"turns":5.0},{"damage":10.0,"enemies":"IC_STATUS_ARCHETYPE","floor":16.0,"turns":5.0},{"damage":21.0,"enemies":"3 Byrds","floor":19.0,"turns":4.0},{"damage":0.0,"enemies":"downfall:FleeingMerchant","floor":21.0,"turns":4.0},{"damage":5.0,"enemies":"downfall:FleeingMerchant","floor":22.0,"turns":4.0},{"damage":0.0,"enemies":"Chosen","floor":23.0,"turns":4.0},{"damage":21.0,"enemies":"Slavers","floor":26.0,"turns":6.0},{"damage":0.0,"enemies":"downfall:FleeingMerchant","floor":30.0,"turns":4.0},{"damage":31.0,"enemies":"Gremlin Leader","floor":31.0,"turns":7.0},{"damage":8.0,"enemies":"Snecko","floor":32.0,"turns":4.0},{"damage":20.0,"enemies":"WA_ARCHETYPE_CALM","floor":33.0,"turns":7.0},{"damage":9.0,"enemies":"WA_ARCHETYPE_CALM","floor":36.0,"turns":3.0},{"damage":3.0,"enemies":"Orb Walker","floor":37.0,"turns":3.0},{"damage":0.0,"enemies":"3 Shapes","floor":38.0,"turns":2.0},{"damage":14.0,"enemies":"2 Orb Walkers","floor":39.0,"turns":5.0},{"damage":48.0,"enemies":"3 Darklings","floor":43.0,"turns":4.0},{"damage":3.0,"enemies":"downfall:FleeingMerchant","floor":44.0,"turns":1.0},{"damage":54.0,"enemies":"Spire Growth","floor":45.0,"turns":5.0},{"damage":0.0,"enemies":"Nemesis","floor":48.0,"turns":5.0},{"damage":3.0,"enemies":"Writhing Mass","floor":49.0,"turns":5.0},{"damage":106.0,"enemies":"SI_POISON_ARCHETYPE","floor":50.0,"turns":7.0},{"damage":81,"enemies":"downfall:CharBossMerchant","floor":52,"turns":7},{"damage":22,"enemies":"downfall:NeowBoss","floor":55,"turns":15},{"damage":86,"enemies":"downfall:NeowBossFinal","floor":56,"turns":5}],"seed_played":"-9037161578809384490","potions_obtained":[{"floor":5.0,"key":"Strength Potion"},{"floor":8.0,"key":"Weak Potion"},{"floor":13.0,"key":"DistilledChaos"},{"floor":15.0,"key":"Weak Potion"},{"floor":16.0,"key":"Dexterity Potion"},{"floor":19.0,"key":"FairyPotion"},{"floor":23.0,"key":"hexamod:SoulburnPotion"},{"floor":30.0,"key":"PowerPotion"},{"floor":33.0,"key":"sneckomod:MuddlingPotion"},{"floor":36.0,"key":"Fire Potion"},{"floor":38.0,"key":"Explosive Potion"},{"floor":39.0,"key":"FairyPotion"},{"floor":44.0,"key":"Dexterity Potion"},{"floor":45.0,"key":"bronze:BurnAndBuffPotion"},{"floor":48.0,"key":"BlessingOfTheForge"},{"floor":52,"key":"SkillPotion"}],"is_trial":false,"path_per_floor":["R","M","?","M","?","?","T","E","R","M","M","M","E","M","M","B",null,"R","M","?","$","$","M","T","R","E","?","R","?","$","E","M","B",null,"R","?","M","M","?","R","T","?","M","$","M","$","R","E","M","B",null,"E","$","R","B","B"],"character_chosen":"SLIMEBOUND","items_purchased":["HandDrill","Whetstone","hexamod:CandleOfCauterizing","Slimebound:SlimeSlap","Happy Flower"],"campfire_rested":3,"item_purchase_floors":[30,44,44,44,46],"current_hp_per_floor":[65,61,61,65,48,48,48,33,65,64,48,32,14,14,12,16,75,75,54,54,70,69,75,75,75,60,60,60,60,64,39,39,38,75,75,66,65,67,63,63,63,55,11,8,7,7,29,43,54,22,75,45,45,66,72,0,0,0],"gold":8,"neow_bonus":"RANDOM_COMMON_RELIC","is_daily":false,"chose_seed":false,"campfire_upgraded":2,"win_rate":0.0,"timestamp":1614359359,"path_taken":["R","M","?","M","?","?","T","E","R","M","M","?","E","M","M","BOSS","R","M","?","?","$","M","T","R","E","?","R","?","$","E","M","BOSS","R","?","M","M","?","R","T","?","?","$","M","?","R","E","M","BOSS","E","$","R","BOSS","BOSS"],"items_purchased_type":["Relic","Relic","Relic","Card","Relic"],"build_version":"2020-12-22","purchased_purges":2,"victory":false,"max_hp_per_floor":[65,65,65,65,65,65,65,65,75,75,75,75,75,75,75,75,75,75,75,75,75,75,75,75,75,75,75,75,75,75,75,75,75,75,75,75,75,75,75,75,75,75,75,75,75,75,75,75,75,75,75,75,72,72,72,72,72,72],"card_choices":[{"not_picked":["Slimebound:SplitLeeching","Slimebound:LeechingTouch"],"picked":"Slimebound:GoopSpray","floor":2.0},{"not_picked":["Slimebound:HungryTackle","Slimebound:SplitLeeching"],"picked":"Slimebound:RollThrough","floor":4.0},{"not_picked":["Slimebound:ItLooksTasty","Slimebound:GoopTackle"],"picked":"Slimebound:HungryTackle","floor":5.0},{"not_picked":["Slimebound:FinishingTackle","Slimebound:LeechingTouch"],"picked":"Slimebound:MassRepurpose","floor":8.0},{"not_picked":["Slimebound:ItLooksTasty","Slimebound:LivingWall"],"picked":"Slimebound:Prepare","floor":10.0},{"not_picked":["Slimebound:SlimeBrawl","Slimebound:ProtectTheBoss"],"picked":"Slimebound:RollThrough","floor":11.0},{"not_picked":["Slimebound:SamplingLick","Slimebound:RejuvenatingLick"],"picked":"Slimebound:Nibble","floor":12.0},{"not_picked":["Slimebound:SplitMire","Slimebound:SamplingLick"],"picked":"Slimebound:LeechLife","floor":13.0},{"not_picked":["Slimebound:GoopSpray","Slimebound:RollThrough"],"picked":"Slimebound:SplitLeeching","floor":14.0},{"not_picked":["Slimebound:ComboTackle","Slimebound:SlimeSpikes"],"picked":"Slimebound:SplitBruiser","floor":15.0},{"not_picked":["Slimebound:Recycling","Slimebound:PrepareCrush"],"picked":"Slimebound:OozeBath","floor":16.0},{"not_picked":["Slimebound:Recollect","Slimebound:SplitAcid"],"picked":"Slimebound:FlameTackle","floor":19.0},{"not_picked":["Slimebound:SplitBruiser","Slimebound:GoopTackle"],"picked":"Slimebound:PressTheAttack","floor":21.0},{"not_picked":["Slimebound:FinishingTackle+1","Slimebound:AcidTongue"],"picked":"Slimebound:Repurpose","floor":22.0},{"not_picked":["Slimebound:GoopTackle","Slimebound:SamplingLick"],"picked":"Slimebound:ServeAndProtect+1","floor":23.0},{"not_picked":["Slimebound:RollThrough","Slimebound:PressTheAttack"],"picked":"Slimebound:DisruptingSlam","floor":26.0},{"not_picked":["Slimebound:LeechEnergy+1","Slimebound:OneTwoCombo"],"picked":"Slimebound:SplitSpecialist","floor":30.0},{"not_picked":["Slimebound:GoopSpray","Slimebound:RollThrough"],"picked":"Slimebound:GoopTackle","floor":31.0},{"not_picked":["Slimebound:GoopTackle+1","Slimebound:SlimeSpikes"],"picked":"Slimebound:Equalize","floor":32.0},{"not_picked":["Slimebound:Teamwork","Slimebound:FirmFortitude"],"picked":"Slimebound:DouseInSlime","floor":33.0},{"not_picked":["Slimebound:SamplingLick+1","Slimebound:Schlurp"],"picked":"Slimebound:SplitLeeching","floor":36.0},{"not_picked":["Slimebound:ViciousTackle","Slimebound:HauntingLick"],"picked":"Slimebound:GrowthPunch","floor":37.0},{"not_picked":["Slimebound:SplitAcid+1","Slimebound:HungryTackle"],"picked":"Slimebound:SpikyOuterGoop+1","floor":38.0},{"not_picked":["Slimebound:SplitLeeching+1","Slimebound:Prepare"],"picked":"Slimebound:Equalize+1","floor":43.0},{"not_picked":["Slimebound:Schlurp","Slimebound:ItLooksTasty"],"picked":"Slimebound:ComboTackle","floor":44.0},{"not_picked":["Slimebound:RejuvenatingLick+1","Slimebound:LivingWall+1"],"picked":"Slimebound:LeechEnergy+1","floor":45.0},{"not_picked":["Slimebound:SplitAcid","Slimebound:GoopTackle+1"],"picked":"Slimebound:DivideAndConquer","floor":48.0},{"not_picked":["Slimebound:RainOfGoop+1","Slimebound:SplitSpecialist+1"],"picked":"Slimebound:WasteNot","floor":49.0},{"not_picked":["Slimebound:GrowthPunch+1","Slimebound:ItLooksTasty"],"picked":"Slimebound:SlimeSpikes","floor":52}],"player_experience":1067437,"relics_obtained":[{"floor":5.0,"key":"Oddly Smooth Stone"},{"floor":8.0,"key":"Guardian:PocketSentry"},{"floor":13.0,"key":"Incense Burner"},{"floor":24.0,"key":"Girya"},{"floor":26.0,"key":"White Beast Statue"},{"floor":27.0,"key":"Art of War"},{"floor":27.0,"key":"Matryoshka"},{"floor":27.0,"key":"Calipers"},{"floor":31.0,"key":"Vajra"},{"floor":36.0,"key":"Turnip"},{"floor":39.0,"key":"Lizard Tail"},{"floor":41.0,"key":"Bronze Scales"},{"floor":41.0,"key":"MawBank"},{"floor":48.0,"key":"StrikeDummy"},{"floor":52,"key":"bronze:BronzeIdol"}],"event_choices":[{"damage_healed":0.0,"max_hp_gain":0.0,"max_hp_loss":0.0,"gold_gain":0.0,"event_name":"Accursed Blacksmith","player_choice":"Rummage","floor":6.0,"gold_loss":0.0,"damage_taken":0.0,"relics_obtained":["WarpedTongs"],"cards_obtained":["Pain"]},{"damage_healed":0.0,"max_hp_gain":0.0,"max_hp_loss":0.0,"gold_gain":0.0,"event_name":"Vampires","player_choice":"Ignored","floor":29.0,"gold_loss":0.0,"damage_taken":0.0},{"damage_healed":0.0,"max_hp_gain":0.0,"max_hp_loss":0.0,"gold_gain":0.0,"event_name":"Mysterious Sphere","player_choice":"Fight","floor":39.0,"gold_loss":0.0,"damage_taken":0.0}],"is_beta":false,"boss_relics":[{"not_picked":["Calling Bell","Sozu"],"picked":"Empty Cage"},{"not_picked":["Velvet Choker","Snecko Eye"],"picked":"SlaversCollar"}],"items_purged_floors":[44,53],"is_endless":false,"potions_floor_spawned":[5,8,13,15,16,19,23,30,31,32,33,36,37,38,39,43,44,45,48,49,52],"killed_by":"downfall:NeowBossFinal","ascension_level":4}}