{"host":"o9lehcdjc4u6j9un","time":1614362577,"event":{"mods":["Aspiration","BaseMod","Better-Laid Plans","Bossed Relics","Colored Map","Hermit","Marisa£®ÏF”Í°°ƒß¿Ì…≥£©","Minty Spire (QoL Compilation)","StSLib","The Marked","The Runesmith"],"gold_per_floor":[118,130,305,230,230,230,246,246,246,246,266,300,317,332,332,430,430,448,38,108,108,120,120,130,164,190,221,221,17,17,36,36,138,138,149,162,212,223,243,243,268,280,292,304,316,343,365,395,407,419,419],"floor_reached":50,"language":"ZHS","playtime":1678,"items_purged":["Doubt","Strike_B","Strike_B"],"score":590,"play_id":"9037a354-0807-402f-a331-09dbd087e799","local_time":"20210227020257","is_ascension_mode":true,"campfire_choices":[{"data":"Zap","floor":6.0,"key":"SMITH"},{"data":"Dualcast","floor":8.0,"key":"SMITH"},{"data":"Gash","floor":10.0,"key":"SMITH"},{"data":"Static Discharge","floor":15.0,"key":"SMITH"},{"data":"Rainbow","floor":23,"key":"SMITH"},{"floor":28,"key":"REST"},{"data":"Fusion","floor":30,"key":"SMITH"},{"data":"Doom and Gloom","floor":32,"key":"SMITH"},{"data":"Gash","floor":40,"key":"SMITH"},{"data":"Gash","floor":42,"key":"SMITH"},{"data":"Electrodynamics","floor":45,"key":"SMITH"},{"data":"Defend_B","floor":49,"key":"SMITH"}],"circlet_count":0,"master_deck":["Strike_B","Strike_B","Defend_B","Defend_B","Defend_B","Defend_B+1","Zap+1","Dualcast+1","Gash+1","Doom and Gloom+1","Ball Lightning","Rebound","Static Discharge+1","Rainbow+1","Rebound","Gash+1","Fusion+1","Consume+1","Electrodynamics+1","Gash+1","Gash+1","Rebound","Parasite"],"relics":["Cracked Core","aspiration:Nostalgia","Burning Blood","InkBottle","Kunai","aspiration:BursterCore","aspiration:MysteriousAuxiliaryCore","Gremlin Horn","Pocketwatch","Centennial Puzzle","Strawberry","SlaversCollar","FossilizedHelix","MawBank","Eternal Feather"],"acts_visited":["Exordium","TheCity","TheBeyond"],"potions_floor_usage":[25,27,33,38],"damage_taken":[{"damage":1.0,"enemies":"2 Louse","floor":1.0,"turns":2.0},{"damage":4.0,"enemies":"Small Slimes","floor":2.0,"turns":3.0},{"damage":6.0,"enemies":"Cultist","floor":7.0,"turns":3.0},{"damage":13.0,"enemies":"Lots of Slimes","floor":11.0,"turns":3.0},{"damage":16.0,"enemies":"Gremlin Nob","floor":12.0,"turns":3.0},{"damage":1.0,"enemies":"Exordium Thugs","floor":13.0,"turns":3.0},{"damage":2.0,"enemies":"Blue Slaver","floor":14.0,"turns":2.0},{"damage":17,"enemies":"Slime Boss","floor":16,"turns":4},{"damage":8,"enemies":"Chosen","floor":18,"turns":4},{"damage":0,"enemies":"Spheric Guardian","floor":22,"turns":2},{"damage":5,"enemies":"Cultist and Chosen","floor":24,"turns":4},{"damage":18,"enemies":"Book of Stabbing","floor":25,"turns":2},{"damage":35,"enemies":"Slavers","floor":27,"turns":3},{"damage":10,"enemies":"Centurion and Healer","floor":31,"turns":2},{"damage":43,"enemies":"Automaton","floor":33,"turns":6},{"damage":0,"enemies":"3 Darklings","floor":35,"turns":2},{"damage":19,"enemies":"3 Shapes","floor":36,"turns":3},{"damage":21,"enemies":"Mind Bloom Boss Battle","floor":37,"turns":4},{"damage":0,"enemies":"Transient","floor":38,"turns":5},{"damage":10,"enemies":"Jaw Worm Horde","floor":39,"turns":2},{"damage":9,"enemies":"Reptomancer","floor":41,"turns":3},{"damage":14,"enemies":"Writhing Mass","floor":46,"turns":3},{"damage":0,"enemies":"Spire Growth","floor":47,"turns":3},{"damage":34,"enemies":"Jaw Worm Horde","floor":48,"turns":3},{"damage":47,"enemies":"Time Eater","floor":50,"turns":3}],"seed_played":"6702472090202254289","potions_obtained":[{"floor":2.0,"key":"EssenceOfSteel"},{"floor":11.0,"key":"AttackPotion"},{"floor":14.0,"key":"SkillPotion"},{"floor":18,"key":"AttackPotion"},{"floor":22,"key":"AttackPotion"},{"floor":35,"key":"DistilledChaos"},{"floor":36,"key":"LiquidBronze"},{"floor":46,"key":"Swift Potion"},{"floor":47,"key":"Fire Potion"}],"is_trial":false,"path_per_floor":["M","M","?","$","?","R","M","R","T","R","M","E","M","M","R","B",null,"M","$","T","$","M","R","M","E","T","E","R","$","R","M","R","B",null,"M","M","?","M","M","R","E","R","T","?","R","M","M","M","R","B"],"character_chosen":"DEFECT","items_purchased":["aspiration:MysteriousAuxiliaryCore","Fusion"],"campfire_rested":1,"item_purchase_floors":[19,29],"current_hp_per_floor":[75,75,75,75,75,75,75,75,75,75,68,58,63,67,67,56,75,73,73,73,73,75,75,75,63,63,41,65,65,65,61,61,24,82,82,69,54,60,56,56,53,53,53,53,65,57,63,35,47,0,0],"gold":419,"neow_bonus":"NOSTALGIA","is_daily":false,"chose_seed":false,"campfire_upgraded":11,"win_rate":0.0,"timestamp":1614362577,"path_taken":["M","M","?","$","?","R","M","R","T","R","M","E","M","?","R","BOSS","M","$","?","?","M","R","?","E","T","E","R","$","R","M","R","BOSS","M","M","?","M","M","R","E","R","T","?","R","?","M","M","R","BOSS"],"items_purchased_type":["Relic","Card"],"build_version":"2020-12-22","purchased_purges":3,"victory":false,"max_hp_per_floor":[75,75,75,75,75,75,75,75,75,75,75,75,75,75,75,75,75,75,75,75,75,75,75,75,75,75,82,82,82,82,82,82,82,82,82,82,82,82,82,82,82,82,82,82,82,82,82,82,82,82,82],"card_choices":[{"not_picked":["Ball Lightning","Leap"],"picked":"Gash","floor":1.0},{"not_picked":["Go for the Eyes","Reprogram"],"picked":"Doom and Gloom","floor":2.0},{"not_picked":["BootSequence","Turbo"],"picked":"Ball Lightning","floor":7.0},{"not_picked":["Coolheaded","Beam Cell"],"picked":"Rebound","floor":11.0},{"not_picked":["Capacitor","Force Field","Hyperbeam"],"picked":"SKIP","floor":12.0},{"not_picked":["Go for the Eyes","Steam","Conserve Battery"],"picked":"SKIP","floor":13.0},{"not_picked":["Go for the Eyes","Consume"],"picked":"Static Discharge","floor":14.0},{"not_picked":["Multi-Cast","Thunder Strike"],"picked":"Rainbow","floor":16},{"not_picked":["Cold Snap+1","Stack"],"picked":"Rebound","floor":18},{"not_picked":["Ball Lightning","Sunder"],"picked":"Gash+1","floor":22},{"not_picked":["Beam Cell","Coolheaded","Heatsinks+1"],"picked":"SKIP","floor":24},{"not_picked":["Rip and Tear","Recycle","Tempest"],"picked":"SKIP","floor":25},{"not_picked":["Amplify","Hologram+1","Sweeping Beam"],"picked":"SKIP","floor":27},{"not_picked":["Heatsinks","Beam Cell"],"picked":"Consume+1","floor":31},{"not_picked":["Multi-Cast","Seek"],"picked":"Electrodynamics","floor":33},{"not_picked":["Lockon","Cold Snap","Doom and Gloom"],"picked":"SKIP","floor":35},{"not_picked":["Redo","Leap","Go for the Eyes+1"],"picked":"SKIP","floor":36},{"not_picked":["Blizzard","Lockon"],"picked":"Gash","floor":37},{"not_picked":["Beam Cell","Chaos","Hello World+1"],"picked":"SKIP","floor":38},{"not_picked":["Leap","Turbo+1"],"picked":"Gash","floor":39},{"not_picked":["Compile Driver+1","Conserve Battery+1","Rebound"],"picked":"SKIP","floor":41},{"not_picked":["Compile Driver+1","Conserve Battery+1"],"picked":"Rebound","floor":41},{"not_picked":["Tempest","Multi-Cast","Conserve Battery+1"],"picked":"SKIP","floor":46},{"not_picked":["Force Field+1","FTL+1","Conserve Battery+1"],"picked":"SKIP","floor":47},{"not_picked":["Beam Cell+1","Sunder+1","Steam Power+1"],"picked":"SKIP","floor":48}],"player_experience":183129,"relics_obtained":[{"floor":9.0,"key":"InkBottle"},{"floor":12.0,"key":"Kunai"},{"floor":20,"key":"Gremlin Horn"},{"floor":25,"key":"Pocketwatch"},{"floor":26,"key":"Centennial Puzzle"},{"floor":27,"key":"Strawberry"},{"floor":37,"key":"FossilizedHelix"},{"floor":41,"key":"MawBank"},{"floor":43,"key":"Eternal Feather"}],"event_choices":[{"damage_healed":0.0,"max_hp_gain":0.0,"max_hp_loss":0.0,"gold_gain":175.0,"event_name":"Liars Game","player_choice":"AGREE","floor":3.0,"gold_loss":0.0,"damage_taken":0.0,"cards_obtained":["Doubt"]},{"damage_healed":0.0,"max_hp_gain":0.0,"max_hp_loss":0.0,"gold_gain":0.0,"event_name":"Wheel of Change","player_choice":"Full Heal","floor":5.0,"gold_loss":0.0,"damage_taken":0.0},{"damage_healed":0,"gold_gain":0,"player_choice":"Fight","damage_taken":0,"max_hp_gain":0,"max_hp_loss":0,"event_name":"MindBloom","floor":37,"gold_loss":0},{"damage_healed":0,"gold_gain":0,"player_choice":"Ignored","damage_taken":0,"max_hp_gain":0,"max_hp_loss":0,"event_name":"SecretPortal","floor":44,"gold_loss":0}],"is_beta":false,"boss_relics":[{"not_picked":["aspiration:SecretTechniqueScroll","Coffee Dripper"],"picked":"aspiration:BursterCore"},{"not_picked":["Snecko Eye","Sozu"],"picked":"SlaversCollar"}],"items_purged_floors":[4,19,29],"is_endless":false,"potions_floor_spawned":[2,11,14,18,22,35,36,46,47],"killed_by":"Time Eater","ascension_level":1}}