{"host":"8vqkh0x3c7vpgzzm","time":1614373466,"event":{"mods":["AchievementEnabler","BaseMod","Colored Map","Colored Powertips","Curses Come First","DeckTracker","Highlight Path","Minty Spire (QoL Compilation)","Permanent Neow","Quick Restart","Random Character Mod","Rare Cards Sparkle","Relic Sorter","Relic Stats","StSLib","SuperFastMode","Unceasing Turn Reminder","egg","everything is the same but u backflip on backflip"],"gold_per_floor":[116,191,209,226,276,276,308,320,332,344,372,384,42,55,55,132,132,147,159,209,209,209],"floor_reached":21,"language":"ENG","playtime":742,"items_purged":[],"score":458,"play_id":"bde396b7-86d0-4a6a-9576-6fa562587fa8","local_time":"20210226220426","is_ascension_mode":true,"campfire_choices":[{"data":"Neutralize","floor":6,"key":"SMITH"},{"floor":8,"key":"REST"},{"data":"Cloak And Dagger","floor":10,"key":"SMITH"},{"data":"Finisher","floor":15,"key":"SMITH"}],"circlet_count":0,"master_deck":["AscendersBane","Strike_G","Strike_G","Strike_G","Strike_G","Strike_G","Defend_G","Defend_G","Defend_G","Defend_G","Defend_G","Survivor","Neutralize+1","Footwork","Escape Plan","Cloak And Dagger+1","PiercingWail","Finisher+1","Trip","Die Die Die","A Thousand Cuts","Prepared","Leg Sweep"],"relics":["Ring of the Snake","Ice Cream","MawBank","HornCleat","Eternal Feather","Snecko Eye"],"acts_visited":["Exordium","TheCity"],"potions_floor_usage":[7,16,16,19],"damage_taken":[{"damage":5,"enemies":"Jaw Worm","floor":1,"turns":5},{"damage":8,"enemies":"Cultist","floor":3,"turns":4},{"damage":0,"enemies":"2 Louse","floor":4,"turns":4},{"damage":21,"enemies":"3 Sentries","floor":7,"turns":14},{"damage":5,"enemies":"Exordium Wildlife","floor":11,"turns":5},{"damage":0,"enemies":"Lots of Slimes","floor":14,"turns":6},{"damage":0,"enemies":"Hexaghost","floor":16,"turns":7},{"damage":17,"enemies":"Shell Parasite","floor":18,"turns":10},{"damage":9,"enemies":"3 Byrds","floor":19,"turns":2},{"damage":34,"enemies":"Shelled Parasite and Fungi","floor":21,"turns":3}],"seed_played":"-4785148168138102654","potions_obtained":[{"floor":1,"key":"Fire Potion"},{"floor":7,"key":"SteroidPotion"},{"floor":11,"key":"LiquidMemories"},{"floor":18,"key":"SkillPotion"}],"is_trial":false,"path_per_floor":["M","?","M","M","?","R","E","R","T","R","M","?","$","M","R","B",null,"M","M","?","M"],"character_chosen":"THE_SILENT","items_purchased":["Trip","Eternal Feather"],"campfire_rested":1,"item_purchase_floors":[13,13],"current_hp_per_floor":[54,43,35,35,29,29,8,26,26,26,21,3,3,3,15,15,49,32,23,23,0,0],"gold":209,"neow_bonus":"ONE_RARE_RELIC","is_daily":false,"chose_seed":false,"campfire_upgraded":3,"win_rate":0.0,"timestamp":1614373466,"path_taken":["M","?","M","M","?","R","E","R","T","R","?","?","$","M","R","BOSS","M","M","?","?"],"items_purchased_type":["Card","Relic"],"build_version":"2020-12-22","purchased_purges":0,"victory":false,"max_hp_per_floor":[60,60,60,60,60,60,60,60,60,60,60,60,60,60,60,60,60,60,60,60,60,60],"relic_stats":{"counters":[10,60],"Snecko Eye":[24,38,25,26],"Eternal Feather":12,"MawBank":72,"obtain_stats":[{"Ice Cream":0,"HornCleat":9,"Snecko Eye":17,"Eternal Feather":13,"MawBank":7,"Ring of the Snake":0},{"Ice Cream":0,"HornCleat":4,"Snecko Eye":7,"Eternal Feather":5,"MawBank":4,"Ring of the Snake":0},{"Ice Cream":0,"HornCleat":27,"Snecko Eye":45,"Eternal Feather":32,"MawBank":27,"Ring of the Snake":0}],"Ring of the Snake":[20]},"card_choices":[{"not_picked":["Distraction","Quick Slash"],"picked":"Footwork","floor":1},{"not_picked":["Underhanded Strike","Catalyst"],"picked":"Escape Plan","floor":3},{"not_picked":["Finisher","Deadly Poison"],"picked":"Cloak And Dagger","floor":4},{"not_picked":["Slice","Dodge and Roll"],"picked":"PiercingWail","floor":7},{"not_picked":["Deadly Poison","Dagger Spray"],"picked":"Finisher","floor":11},{"not_picked":["Quick Slash","Poisoned Stab"],"picked":"Die Die Die","floor":14},{"not_picked":["After Image","Doppelganger"],"picked":"A Thousand Cuts","floor":16},{"not_picked":["Deadly Poison","Dodge and Roll"],"picked":"Prepared","floor":18},{"not_picked":["Dash","Acrobatics"],"picked":"Leg Sweep","floor":19}],"player_experience":664729,"relics_obtained":[{"floor":7,"key":"MawBank"},{"floor":9,"key":"HornCleat"}],"event_choices":[{"damage_healed":0,"gold_gain":75,"player_choice":"Gather Gold","damage_taken":11,"max_hp_gain":0,"max_hp_loss":0,"event_name":"World of Goop","floor":2,"gold_loss":0},{"damage_healed":0,"gold_gain":50,"player_choice":"Touch","damage_taken":6,"max_hp_gain":0,"max_hp_loss":0,"event_name":"FaceTrader","floor":5,"gold_loss":0},{"damage_healed":0,"gold_gain":0,"player_choice":"Fled","damage_taken":18,"max_hp_gain":0,"max_hp_loss":0,"event_name":"Scrap Ooze","floor":12,"gold_loss":0},{"damage_healed":0,"gold_gain":50,"player_choice":"Pray","damage_taken":0,"max_hp_gain":0,"max_hp_loss":0,"event_name":"Golden Shrine","floor":20,"gold_loss":0}],"is_beta":false,"boss_relics":[{"not_picked":["Ectoplasm","Empty Cage"],"picked":"Snecko Eye"}],"items_purged_floors":[],"is_endless":false,"potions_floor_spawned":[1,7,11,18],"killed_by":"Shelled Parasite and Fungi","ascension_level":20}}