{"host":"kerxro2ytzukjey9","time":1614383931,"event":{"mods":["BaseMod","Colored Map","Minty Spire (QoL Compilation)","Permanent Neow","StSLib"],"gold_per_floor":[119,119,24,38,52,52,84,84,84,84,34,59,59,59,59,131,131,146,146,165,177,177,210,210,228,228,258,70,70,70,96,96,96,96],"floor_reached":33,"language":"ENG","playtime":2536,"items_purged":["Strike_P","Strike_P"],"score":818,"play_id":"28d92777-e0db-4243-8468-1026cc117878","local_time":"20210226185851","is_ascension_mode":true,"campfire_choices":[{"data":"FlurryOfBlows","floor":6,"key":"SMITH"},{"data":"Vault","floor":8,"key":"SMITH"},{"data":"TalkToTheHand","floor":10,"key":"SMITH"},{"data":"Wallop","floor":13,"key":"SMITH"},{"data":"Conclude","floor":15,"key":"SMITH"},{"data":"TalkToTheHand","floor":24,"key":"SMITH"},{"data":"Omniscience","floor":30,"key":"SMITH"},{"data":"ThirdEye","floor":32,"key":"SMITH"}],"circlet_count":0,"master_deck":["AscendersBane","Strike_P","Defend_P","Defend_P","Eruption+1","Vigilance","Prostrate","Wallop+1","FlurryOfBlows+1","Dark Shackles","TalkToTheHand+1","Halt","Vault+1","Adaptation","Conclude+1","Scrawl","TalkToTheHand+1","Indignation","TalkToTheHand+1","Scrawl","Omniscience+1","Fasting2","EmptyBody","ThirdEye+1"],"relics":["PureWater","Letter Opener","Smiling Mask","Bag of Preparation","Philosopher\u0027s Stone","Orichalcum","Bag of Marbles","Art of War"],"acts_visited":["Exordium","TheCity"],"potions_floor_usage":[16],"damage_taken":[{"damage":0,"enemies":"Jaw Worm","floor":1,"turns":3},{"damage":0,"enemies":"Cultist","floor":4,"turns":3},{"damage":0,"enemies":"2 Louse","floor":5,"turns":2},{"damage":25,"enemies":"3 Sentries","floor":7,"turns":9},{"damage":0,"enemies":"Lagavulin","floor":12,"turns":6},{"damage":9,"enemies":"Slime Boss","floor":16,"turns":6},{"damage":0,"enemies":"Chosen","floor":18,"turns":2},{"damage":0,"enemies":"Spheric Guardian","floor":20,"turns":1},{"damage":0,"enemies":"Centurion and Healer","floor":21,"turns":3},{"damage":0,"enemies":"Gremlin Leader","floor":23,"turns":4},{"damage":0,"enemies":"Cultist and Chosen","floor":25,"turns":2},{"damage":0,"enemies":"Slavers","floor":27,"turns":2},{"damage":0,"enemies":"Gremlin Leader","floor":31,"turns":2},{"damage":61,"enemies":"Champ","floor":33,"turns":16}],"seed_played":"9070533748290809953","potions_obtained":[{"floor":7,"key":"PowerPotion"},{"floor":19,"key":"SkillPotion"},{"floor":19,"key":"SmokeBomb"},{"floor":23,"key":"Fire Potion"},{"floor":31,"key":"Ancient Potion"}],"is_trial":false,"path_per_floor":["M","?","$","M","M","R","E","R","T","R","$","E","R","?","R","B",null,"M","?","M","M","?","E","R","M","T","E","$","?","R","E","R","B"],"character_chosen":"WATCHER","items_purchased":["Dark Shackles","Fasting2","EmptyBody"],"campfire_rested":0,"item_purchase_floors":[3,28,28],"current_hp_per_floor":[61,61,61,61,61,61,36,36,36,36,36,36,36,36,36,27,53,53,53,53,53,53,53,53,53,53,53,53,53,53,53,53,0,0],"gold":96,"neow_bonus":"TRANSFORM_TWO_CARDS","is_daily":false,"chose_seed":false,"campfire_upgraded":8,"win_rate":0.0,"timestamp":1614383931,"path_taken":["M","?","?","M","M","R","E","R","T","R","$","E","R","?","R","BOSS","M","?","?","M","?","E","R","M","T","E","$","?","R","E","R","BOSS"],"items_purchased_type":["Card","Card","Card"],"build_version":"2020-12-22","purchased_purges":2,"victory":false,"max_hp_per_floor":[62,62,62,62,62,62,62,62,62,62,62,62,62,62,62,62,62,62,62,62,62,62,62,62,62,62,62,62,62,62,62,62,62,62],"card_choices":[{"not_picked":["Evaluate","Halt"],"picked":"FlurryOfBlows","floor":1},{"not_picked":["JustLucky","FlyingSleeves"],"picked":"TalkToTheHand","floor":4},{"not_picked":["EmptyFist","FlyingSleeves"],"picked":"Halt","floor":5},{"not_picked":["InnerPeace","Consecrate"],"picked":"Vault","floor":7},{"not_picked":["DevaForm","ClearTheMind"],"picked":"Adaptation","floor":12},{"not_picked":["Judgement","Wish"],"picked":"Scrawl","floor":16},{"not_picked":["ForeignInfluence","ReachHeaven"],"picked":"TalkToTheHand+1","floor":18},{"not_picked":["Evaluate","SashWhip"],"picked":"Indignation","floor":20},{"not_picked":["FollowUp","Indignation+1","FlyingSleeves"],"picked":"SKIP","floor":21},{"not_picked":["Worship","Fasting2"],"picked":"Scrawl","floor":23},{"not_picked":["Perseverance","PathToVictory","Evaluate"],"picked":"SKIP","floor":25},{"not_picked":["FlurryOfBlows","Protect"],"picked":"Omniscience","floor":27},{"not_picked":["Protect","FollowUp"],"picked":"ThirdEye","floor":31}],"player_experience":631320,"relics_obtained":[{"floor":7,"key":"Letter Opener"},{"floor":9,"key":"Smiling Mask"},{"floor":12,"key":"Bag of Preparation"},{"floor":23,"key":"Orichalcum"},{"floor":27,"key":"Bag of Marbles"},{"floor":31,"key":"Art of War"}],"event_choices":[{"damage_healed":0,"gold_gain":0,"player_choice":"Upgraded","damage_taken":0,"max_hp_gain":0,"max_hp_loss":0,"event_name":"Upgrade Shrine","floor":2,"gold_loss":0,"cards_upgraded":["Eruption"]},{"damage_healed":0,"gold_gain":0,"cards_transformed":["Strike_P"],"player_choice":"Transformed","damage_taken":0,"max_hp_gain":0,"max_hp_loss":0,"event_name":"Transmorgrifier","floor":14,"gold_loss":0,"cards_obtained":["Conclude"]},{"damage_healed":0,"gold_gain":0,"player_choice":"Got Potions","damage_taken":0,"max_hp_gain":0,"max_hp_loss":0,"event_name":"Lab","floor":19,"gold_loss":0},{"damage_healed":0,"gold_gain":0,"player_choice":"Read","damage_taken":0,"max_hp_gain":0,"max_hp_loss":0,"event_name":"The Library","floor":22,"gold_loss":0,"cards_obtained":["TalkToTheHand"]},{"damage_healed":0,"gold_gain":0,"player_choice":"Ignored","damage_taken":0,"max_hp_gain":0,"max_hp_loss":0,"event_name":"The Mausoleum","floor":29,"gold_loss":0}],"is_beta":false,"boss_relics":[{"not_picked":["Sozu","SacredBark"],"picked":"Philosopher\u0027s Stone"}],"items_purged_floors":[11,28],"is_endless":false,"potions_floor_spawned":[7,23,25,31],"killed_by":"Champ","ascension_level":20}}