{"host":"Sean","time":1614347730,"event":{"mods":["BaseMod","Block Reminder","Colored Map","Colored Powertips","Highlight Path","Minty Spire (QoL Compilation)","Permanent Neow","Relic Stats"],"gold_per_floor":[117,127,146,157,157,185,260,260,333,368,384,50,69,95,95,172,172,184,184,197,211,221,221,256,256,256,256,267,277,300,326,326,326,326],"floor_reached":33,"language":"ENG","playtime":1444,"items_purged":[],"score":576,"play_id":"47111e06-9cec-4250-b2e4-f07d97930f85","local_time":"20210226135530","is_ascension_mode":true,"campfire_choices":[{"data":"Hyperbeam","floor":8.0,"key":"SMITH"},{"data":"Gash","floor":15.0,"key":"SMITH"},{"data":"Gash","floor":23.0,"key":"SMITH"},{"data":"Hologram","floor":25.0,"key":"SMITH"},{"data":"Creative AI","floor":27.0,"key":"SMITH"},{"floor":32.0,"key":"REST"}],"circlet_count":0,"master_deck":["AscendersBane","Strike_B","Strike_B","Strike_B","Strike_B","Defend_B","Defend_B","Defend_B","Defend_B","Zap","Dualcast","Gash+1","Rebound","Hyperbeam+1","Ball Lightning","Auto Shields","Turbo","Gash+1","Coolheaded","Rebound","Skim","All For One","Hologram+1","Creative AI+1","Reprogram+1","Steam Power+1","Skim","Steam Power","Conserve Battery","Storm"],"relics":["Cracked Core","PreservedInsect","Mango","Vajra","Cables","Happy Flower","Pocketwatch","Strawberry","Cursed Key","Omamori","Sundial","MealTicket","Mummified Hand"],"acts_visited":["Exordium","TheCity"],"potions_floor_usage":[],"damage_taken":[{"damage":1.0,"enemies":"Cultist","floor":1.0,"turns":4.0},{"damage":2.0,"enemies":"2 Louse","floor":2.0,"turns":2.0},{"damage":10.0,"enemies":"Small Slimes","floor":3.0,"turns":3.0},{"damage":19.0,"enemies":"Exordium Thugs","floor":4.0,"turns":4.0},{"damage":10.0,"enemies":"Lagavulin","floor":6.0,"turns":4.0},{"damage":6.0,"enemies":"3 Sentries","floor":10.0,"turns":3.0},{"damage":0.0,"enemies":"Lots of Slimes","floor":11.0,"turns":1.0},{"damage":4.0,"enemies":"3 Louse","floor":13.0,"turns":3.0},{"damage":8.0,"enemies":"Lagavulin","floor":14.0,"turns":3.0},{"damage":8.0,"enemies":"Hexaghost","floor":16.0,"turns":8.0},{"damage":15.0,"enemies":"3 Byrds","floor":18.0,"turns":3.0},{"damage":11.0,"enemies":"2 Thieves","floor":20.0,"turns":2.0},{"damage":12.0,"enemies":"Cultist and Chosen","floor":21.0,"turns":4.0},{"damage":3.0,"enemies":"Centurion and Healer","floor":22.0,"turns":4.0},{"damage":0.0,"enemies":"Gremlin Leader","floor":24.0,"turns":3.0},{"damage":5.0,"enemies":"Chosen and Byrds","floor":28.0,"turns":4.0},{"damage":19.0,"enemies":"Snake Plant","floor":29.0,"turns":4.0},{"damage":2.0,"enemies":"Slavers","floor":31.0,"turns":2.0},{"damage":38,"enemies":"Champ","floor":33,"turns":3}],"seed_played":"-5953854577927268683","potions_obtained":[{"floor":2.0,"key":"PowerPotion"},{"floor":4.0,"key":"Weak Potion"},{"floor":6.0,"key":"EssenceOfSteel"},{"floor":10.0,"key":"SteroidPotion"},{"floor":13.0,"key":"Strength Potion"},{"floor":18.0,"key":"SmokeBomb"},{"floor":20.0,"key":"Dexterity Potion"},{"floor":24.0,"key":"GamblersBrew"},{"floor":31.0,"key":"LiquidBronze"}],"is_trial":false,"path_per_floor":["M","M","M","M","?","E","?","R","T","E","M","$","M","E","R","B",null,"M","?","M","M","M","R","E","R","T","R","M","M","T","E","R","B"],"character_chosen":"DEFECT","items_purchased":["Pocketwatch","Coolheaded"],"campfire_rested":1,"item_purchase_floors":[12,12],"current_hp_per_floor":[67,65,55,36,43,33,25,25,25,19,19,19,15,14,14,6,74,59,59,48,36,33,33,33,33,33,33,28,9,9,7,35,0,0],"gold":326,"neow_bonus":"RANDOM_COMMON_RELIC","is_daily":false,"chose_seed":false,"campfire_upgraded":5,"win_rate":0.0,"timestamp":1614347730,"path_taken":["M","M","M","?","?","E","?","R","T","E","M","$","M","E","R","BOSS","M","?","M","?","M","R","E","R","T","R","M","M","?","E","R","BOSS"],"items_purchased_type":["Relic","Card"],"build_version":"2020-12-18","purchased_purges":0,"victory":false,"max_hp_per_floor":[75,75,75,75,89,89,89,89,89,89,89,89,89,96,96,96,96,96,96,96,96,96,96,96,96,96,96,96,96,96,96,96,96,96],"relic_stats":{"Happy Flower":[14],"counters":[19,64],"Sundial":[0],"Mummified Hand":[4],"MealTicket":0,"PreservedInsect":180,"Cursed Key":2,"obtain_stats":[{"Happy Flower":10,"Vajra":6,"Mango":5,"PreservedInsect":0,"Omamori":24,"Cursed Key":17,"Cables":9,"Sundial":26,"Mummified Hand":31,"Strawberry":14,"MealTicket":30,"Cracked Core":0,"Pocketwatch":12},{"Happy Flower":6,"Vajra":5,"Mango":4,"PreservedInsect":0,"Omamori":15,"Cursed Key":10,"Cables":5,"Sundial":15,"Mummified Hand":18,"Strawberry":9,"MealTicket":17,"Cracked Core":0,"Pocketwatch":7},{"Happy Flower":20,"Vajra":17,"Mango":13,"PreservedInsect":0,"Omamori":51,"Cursed Key":35,"Cables":17,"Sundial":51,"Mummified Hand":61,"Strawberry":27,"MealTicket":59,"Cracked Core":0,"Pocketwatch":21}],"Cables":[30,26,4,0,0],"Pocketwatch":[30]},"card_choices":[{"not_picked":["Cold Snap","Redo"],"picked":"Gash","floor":1.0},{"not_picked":["Stack","Coolheaded"],"picked":"Rebound","floor":2.0},{"not_picked":["Aggregate","Steam"],"picked":"Hyperbeam","floor":3.0},{"not_picked":["Lockon","Redo"],"picked":"Ball Lightning","floor":4.0},{"not_picked":["Self Repair","Streamline"],"picked":"Auto Shields","floor":6.0},{"not_picked":["Sweeping Beam","Coolheaded"],"picked":"Turbo","floor":10.0},{"not_picked":["Beam Cell","Steam"],"picked":"Gash","floor":11.0},{"not_picked":["Gash","Sweeping Beam"],"picked":"Rebound","floor":13.0},{"not_picked":["Turbo","Fusion"],"picked":"Skim","floor":14.0},{"not_picked":["Amplify","Machine Learning"],"picked":"All For One","floor":16.0},{"not_picked":["Rebound","Barrage"],"picked":"Hologram","floor":18.0},{"not_picked":["Hologram","Melter"],"picked":"Reprogram+1","floor":20.0},{"not_picked":["Reinforced Body","Sunder"],"picked":"Steam Power+1","floor":21.0},{"not_picked":["Ball Lightning+1","Stack"],"picked":"Skim","floor":22.0},{"not_picked":["Beam Cell","Double Energy"],"picked":"Steam Power","floor":24.0},{"not_picked":["Ball Lightning","Cold Snap"],"picked":"Conserve Battery","floor":28.0},{"not_picked":["Cold Snap","Recycle","Barrage"],"picked":"SKIP","floor":29.0},{"not_picked":["Coolheaded+1","Rainbow"],"picked":"Storm","floor":31.0}],"player_experience":610750,"relics_obtained":[{"floor":6.0,"key":"Vajra"},{"floor":9.0,"key":"Cables"},{"floor":10.0,"key":"Happy Flower"},{"floor":14.0,"key":"Strawberry"},{"floor":24.0,"key":"Omamori"},{"floor":26.0,"key":"Sundial"},{"floor":30.0,"key":"MealTicket"},{"floor":31.0,"key":"Mummified Hand"}],"event_choices":[{"damage_healed":0.0,"max_hp_gain":0.0,"max_hp_loss":0.0,"gold_gain":0.0,"event_name":"Scrap Ooze","player_choice":"Success","floor":5.0,"gold_loss":0.0,"damage_taken":7.0,"relics_obtained":["Mango"]},{"damage_healed":0.0,"max_hp_gain":0.0,"max_hp_loss":0.0,"gold_gain":75.0,"event_name":"FaceTrader","player_choice":"Touch","floor":7.0,"gold_loss":0.0,"damage_taken":8.0},{"damage_healed":0.0,"max_hp_gain":0.0,"max_hp_loss":0.0,"gold_gain":0.0,"event_name":"Match and Keep!","player_choice":"1 cards matched","floor":19.0,"gold_loss":0.0,"damage_taken":0.0,"cards_obtained":["Creative AI"]}],"is_beta":true,"boss_relics":[{"not_picked":["SlaversCollar","Tiny House"],"picked":"Cursed Key"}],"items_purged_floors":[],"is_endless":false,"potions_floor_spawned":[2,4,6,10,13,18,20,24,31],"killed_by":"Champ","ascension_level":13}}