{"host":"bvp2uifzy1c463d9","time":1614313462,"event":{"mods":["AchievementEnabler","BaseMod","Better Note","Block Reminder","Bossed Relics","Colored Map","Colored Powertips","Hermit","Highlight Path","Hubris","Infinite Spire","Minty Spire (QoL Compilation)","Relic Sorter","Relic Stats","Reliquary","Replay The Spire","StSLib","The Blue Laboratory","Wandering Minibosses"],"gold_per_floor":[114,114,114,114,128,161,161,5,5,5,5,23,23,50,50,152,152,166,166,183,183,198,198,210,245,245,271,278,278],"floor_reached":28,"language":"ENG","playtime":1111,"items_purged":["hermit:Strike_Hermit"],"score":298,"play_id":"333ff8a8-004c-44d6-83c6-89aaf6139310","local_time":"20210225222422","is_ascension_mode":true,"campfire_choices":[{"data":"hermit:EternalForm","floor":7,"key":"SMITH"},{"data":"hermit:OverwhelmingPower","floor":10,"key":"SMITH"},{"data":"infinitespire:SevenWalls","floor":13,"key":"SMITH"},{"data":"hermit:EternalForm","floor":15,"key":"SMITH"},{"data":"infinitespire:Collect","floor":23,"key":"SMITH"}],"circlet_count":0,"master_deck":["hermit:Strike_Hermit","hermit:Defend_Hermit","hermit:Defend_Hermit","hermit:Defend_Hermit","hermit:Defend_Hermit","hermit:Snapshot+1","hermit:Covet+1","hermit:HoleUp","hubris:Despair","Normality","infinitespire:SevenWalls+1","hermit:SprayPray","hermit:EternalForm+1","hermit:OverwhelmingPower+1","hermit:Desperado","hermit:EternalForm+1","hermit:Gambit","hermit:Dive","infinitespire:Collect+1","hermit:Coalescence","hermit:LowProfile+1","hermit:Scavenge+1","hermit:Feint"],"relics":["hermit:Momento","NeowsBlessing","hubris:MobiusCoin","Letter Opener","reliquary:RedPaperclip","Tiny House","Lee\u0027s Waffle","infinitespire:FocusingShard","Vajra"],"acts_visited":["Exordium","TheCity"],"potions_floor_usage":[16,24,27,28,28],"damage_taken":[{"damage":0,"enemies":"Jaw Worm","floor":1,"turns":1},{"damage":0,"enemies":"2 Louse","floor":5,"turns":1},{"damage":0,"enemies":"Gremlin Nob","floor":6,"turns":1},{"damage":0,"enemies":"Cultist","floor":12,"turns":2},{"damage":6,"enemies":"3 Sentries","floor":14,"turns":7},{"damage":38,"enemies":"The Guardian","floor":16,"turns":14},{"damage":0,"enemies":"Spheric Guardian","floor":18,"turns":3},{"damage":0,"enemies":"3 Byrds","floor":20,"turns":3},{"damage":11,"enemies":"Cultist and Chosen","floor":22,"turns":10},{"damage":33,"enemies":"3 Cultists","floor":24,"turns":7},{"damage":14,"enemies":"Slavers","floor":25,"turns":7},{"damage":12,"enemies":"Snake Plant","floor":27,"turns":4},{"damage":12,"enemies":"Book of Stabbing","floor":28,"turns":4}],"seed_played":"5825608552691335934","potions_obtained":[{"floor":5,"key":"Swift Potion"},{"floor":14,"key":"Strength Potion"},{"floor":18,"key":"Weak Potion"},{"floor":22,"key":"blueLaboratory:PyrophylliteBrew"},{"floor":25,"key":"BlessingOfTheForge"}],"is_trial":false,"path_per_floor":["M","?","?","?","M","E","R","$","T","R","?","M","R","E","R","B",null,"M","AVR","M","?","M","R","M","E","T","M","E"],"character_chosen":"HERMIT","items_purchased":["hermit:OverwhelmingPower"],"campfire_rested":0,"item_purchase_floors":[8],"current_hp_per_floor":[75,75,75,68,68,68,68,68,68,68,65,65,65,59,59,21,75,75,82,82,82,71,71,38,24,24,12,0,0],"gold":278,"neow_bonus":"THREE_ENEMY_KILL","is_daily":false,"chose_seed":false,"campfire_upgraded":5,"win_rate":0.0,"timestamp":1614313462,"path_taken":["M","?","?","?","?","E","R","$","T","R","?","M","R","E","R","BOSS","M","AVR","M","?","M","R","M","E","T","M","E"],"items_purchased_type":["Card"],"build_version":"2020-12-22","purchased_purges":1,"victory":false,"max_hp_per_floor":[75,75,75,75,75,75,75,75,75,75,75,75,75,75,75,75,75,75,82,82,82,82,82,82,82,82,82,82,82],"relic_stats":{"Lee\u0027s Waffle":7,"counters":[13,64],"Letter Opener":[173],"obtain_stats":[{"hubris:MobiusCoin":9,"Lee\u0027s Waffle":19,"reliquary:RedPaperclip":17,"Tiny House":19,"NeowsBlessing":0,"Vajra":26,"reliquary:Buckler":6,"infinitespire:FocusingShard":25,"Letter Opener":11,"Question Card":14,"hermit:Momento":0},{"hubris:MobiusCoin":3,"Lee\u0027s Waffle":7,"reliquary:RedPaperclip":6,"Tiny House":7,"NeowsBlessing":0,"Vajra":11,"reliquary:Buckler":3,"infinitespire:FocusingShard":11,"Letter Opener":3,"Question Card":5,"hermit:Momento":0},{"hubris:MobiusCoin":3,"Lee\u0027s Waffle":29,"reliquary:RedPaperclip":26,"Tiny House":29,"NeowsBlessing":0,"Vajra":56,"reliquary:Buckler":3,"infinitespire:FocusingShard":56,"Letter Opener":3,"Question Card":12,"hermit:Momento":0}]},"card_choices":[{"not_picked":["hermit:Glare","hermit:Coalescence"],"picked":"hermit:HoleUp","floor":1},{"not_picked":["Replay:Fractal Strike","infinitespire:Fortify"],"picked":"infinitespire:SevenWalls","floor":3},{"not_picked":["hermit:PistolWhip","hermit:Shortfuse"],"picked":"hermit:SprayPray","floor":5},{"not_picked":["hermit:Ricochet","hermit:Roulette"],"picked":"hermit:EternalForm","floor":6},{"not_picked":["hermit:SprayPray","hermit:DeadMansHand"],"picked":"hermit:Desperado","floor":12},{"not_picked":["hermit:Gestalt","hermit:Glare"],"picked":"hermit:EternalForm","floor":14},{"not_picked":["hermit:EternalForm","hermit:Magnum","hermit:HighNoon"],"picked":"hermit:Gambit","floor":16},{"not_picked":["hermit:GhostlyPresence","hermit:HighCaliber"],"picked":"hermit:Dive","floor":18},{"not_picked":["hermit:Scavenge","hermit:LowProfile"],"picked":"hermit:Coalescence","floor":20},{"not_picked":["hermit:Combo","hermit:Headshot+1","hermit:FullyLoaded+1"],"picked":"SKIP","floor":22},{"not_picked":["hermit:Vantage","hermit:CalledShot"],"picked":"hermit:LowProfile+1","floor":24},{"not_picked":["hermit:LoneWolf","hermit:Spite"],"picked":"hermit:Scavenge+1","floor":25},{"not_picked":["hermit:Roulette","hermit:WideOpen"],"picked":"hermit:Feint","floor":27}],"player_experience":378876,"relics_obtained":[{"floor":6,"key":"reliquary:Buckler"},{"floor":9,"key":"hubris:MobiusCoin"},{"floor":14,"key":"Question Card"},{"floor":25,"key":"infinitespire:FocusingShard"},{"floor":26,"key":"Vajra"}],"event_choices":[{"cards_removed":["hermit:Strike_Hermit"],"damage_healed":0,"gold_gain":0,"player_choice":"Forget","damage_taken":0,"max_hp_gain":0,"max_hp_loss":0,"event_name":"Living Wall","floor":2,"gold_loss":0},{"damage_healed":0,"gold_gain":0,"player_choice":"Damaged","damage_taken":7,"max_hp_gain":0,"max_hp_loss":0,"event_name":"Wheel of Change","floor":4,"gold_loss":0},{"damage_healed":0,"gold_gain":0,"player_choice":"Success","damage_taken":3,"relics_obtained":["Letter Opener"],"max_hp_gain":0,"max_hp_loss":0,"event_name":"Scrap Ooze","floor":11,"gold_loss":0},{"cards_removed":["hermit:Strike_Hermit"],"damage_healed":0,"gold_gain":0,"player_choice":"Elegance","damage_taken":0,"max_hp_gain":0,"max_hp_loss":0,"event_name":"Back to Basics","floor":21,"gold_loss":0}],"is_beta":false,"boss_relics":[{"not_picked":["Astrolabe","Kintsugi"],"picked":"reliquary:RedPaperclip"}],"items_purged_floors":[19],"is_endless":false,"potions_floor_spawned":[5,14,18,22,25],"killed_by":"Book of Stabbing","ascension_level":2}}