{"host":"7wwmf5ihvdzput8s","time":1614328537,"event":{"mods":["BaseMod","Minty Spire (QoL Compilation)","Quick Restart","Replay The Spire","StSLib","UnlockEverythingMod"],"gold_per_floor":[113,113,113,140,181,216,251,287,287,326,326,359,375,375,375,471,471,495,495,420,451,351,389,424,424,499,539,106,153,153,177,177,272,272,293,118,205,47,47,47,122,179,229,229,14,77,77,77,77,88,90],"floor_reached":52,"language":"ZHS","playtime":630,"items_purged":["JustLucky","BowlingBash","Poisoned Stab","Cleave"],"score":2405,"play_id":"5d9f5a00-ffb8-45a4-8cae-1d3b60437011","local_time":"20210226163537","daily_mods":["SealedDeck","Vintage","Green Cards","Purple Cards","Heirloom","Time Dilation","Flight","DeadlyEvents","Elite Swarm","Lethality","Night Terrors"],"is_ascension_mode":true,"campfire_choices":[{"data":"Ragnarok","floor":15.0,"key":"SMITH"},{"data":"Scrawl","floor":15.0,"key":"SMITH"},{"data":"Ragnarok","floor":32.0,"key":"SMITH"},{"data":"Indignation","floor":32.0,"key":"SMITH"},{"floor":40.0,"key":"DIG"},{"data":"Ragnarok","floor":49,"key":"SMITH"},{"data":"Backstab","floor":49,"key":"SMITH"}],"circlet_count":0,"master_deck":["AscendersBane","Replay:BluntJabs","Twin Strike","Consecrate","Quick Slash","Twin Strike","Clash","Indignation+1","Scrawl+1","Ragnarok+1","Offering+1","Backstab+1","Ragnarok+1","Ragnarok+1","Adrenaline+1","ReplayTheSpireMod:IOU"],"relics":["Unceasing Top","Replay:Arrowhead","War Paint","NeowsBlessing","Golden Idol","Omamori","Darkstone Periapt","Blue Doll","Quantum Egg","Ginger","Shovel","Mummified Hand","NeowsBlessing","ReplayFunnel","Gambling Chip","Black Star","PreservedInsect","Tiny Chest","Champion Belt","Bag of Preparation","Ice Cream","ReplayTheSpireMod:Lightbulb","CeramicFish","NeowsBlessing","HornCleat","Durian","Blood Vial","Blue Candle","Strawberry","Replay:Bandana","NeowsBlessing","Paper Frog","Runic Dome","Bronze Scales","ReplayTheSpireMod:CursedCoin","Prayer Wheel","Charon\u0027s Ashes","Replay:Baseball","Ring of Peace","ReplayTheSpireMod:Ring of Collecting","Oddly Smooth Stone","CaptainsWheel","Smiling Mask","Golden Egg","Meat on the Bone","Ring of Greed","Onion Ring","Replay:Wax Seal","MealTicket","Art of War","Brimstone","Thread and Needle","The Courier","NeowsBlessing","King of Hearts","Torii"],"acts_visited":["Exordium","TheCity","TheBeyond"],"potions_floor_usage":[],"damage_taken":[{"damage":0.0,"enemies":"Jaw Worm","floor":1.0,"turns":1.0},{"damage":0.0,"enemies":"Lagavulin","floor":6.0,"turns":1.0},{"damage":0.0,"enemies":"3 Sentries","floor":7.0,"turns":1.0},{"damage":0.0,"enemies":"Lagavulin","floor":8.0,"turns":1.0},{"damage":0.0,"enemies":"Gremlin Nob","floor":10.0,"turns":2.0},{"damage":0.0,"enemies":"Lagavulin","floor":12.0,"turns":1.0},{"damage":0.0,"enemies":"2 Louse","floor":13.0,"turns":1.0},{"damage":0.0,"enemies":"The Guardian","floor":16.0,"turns":1.0},{"damage":6.0,"enemies":"3 Byrds","floor":18.0,"turns":2.0},{"damage":6.0,"enemies":"Replay:Snechameleon","floor":21.0,"turns":1.0},{"damage":6.0,"enemies":"Book of Stabbing","floor":23.0,"turns":1.0},{"damage":6.0,"enemies":"Slavers","floor":24.0,"turns":1.0},{"damage":0.0,"enemies":"Book of Stabbing","floor":27.0,"turns":1.0},{"damage":0.0,"enemies":"Slavers","floor":29.0,"turns":1.0},{"damage":0.0,"enemies":"Shell Parasite","floor":31.0,"turns":1.0},{"damage":0.0,"enemies":"Automaton","floor":33.0,"turns":1.0},{"damage":0.0,"enemies":"Orb Walker","floor":35.0,"turns":1.0},{"damage":0.0,"enemies":"2 Orb Walkers","floor":37.0,"turns":1.0},{"damage":0.0,"enemies":"R_Hoarder","floor":41.0,"turns":1.0},{"damage":0.0,"enemies":"Giant Head","floor":42.0,"turns":1.0},{"damage":0.0,"enemies":"R_Hoarder","floor":46.0,"turns":1.0},{"damage":0.0,"enemies":"Giant Head","floor":48.0,"turns":1.0},{"damage":0,"enemies":"Time Eater","floor":50,"turns":1},{"damage":0,"enemies":"Replay:Hell Engine","floor":51,"turns":1}],"seed_played":"-5753434640274252928","potions_obtained":[{"floor":6.0,"key":"FearPotion"},{"floor":8.0,"key":"SteroidPotion"},{"floor":10.0,"key":"Flashbang"},{"floor":33.0,"key":"EntropicBrew"},{"floor":46.0,"key":"SkillPotion"}],"is_trial":true,"path_per_floor":["M","WH","?","T","?","E","E","E","T","E","WH","E","M","WH","R","B",null,"M","?","$","E","$","E","E","WH","T","E","$","E","WH","M","R","B",null,"M","$","?","$","?","R","E","E","T","T","$","E","WH","E","R","B","B",null],"character_chosen":"IRONCLAD","items_purchased":["Blue Candle","Backstab","ReplayTheSpireMod:CursedCoin","Prayer Wheel","Replay:Baseball","Brimstone"],"campfire_rested":0,"item_purchase_floors":[28,28,36,36,38,45],"current_hp_per_floor":[68,68,68,68,46,46,46,46,46,46,46,46,46,52,52,52,69,63,63,63,57,57,51,45,45,45,50,50,59,59,61,61,63,80,82,82,84,84,84,84,86,86,86,86,86,86,86,86,86,92,92],"gold":90,"neow_bonus":"THREE_ENEMY_KILL","is_daily":false,"chose_seed":false,"campfire_upgraded":6,"win_rate":0.0,"timestamp":1614328537,"path_taken":["M","WH","?","?","?","E","E","E","T","E","WH","E","M","WH","R","BOSS","M","?","$","?","$","E","E","WH","T","E","$","E","WH","?","R","BOSS","M","$","?","$","?","R","E","E","T","?","$","E","WH","?","R","BOSS","BOSS"],"items_purchased_type":["Relic","Card","Relic","Relic","Relic","Relic"],"build_version":"2020-12-22","purchased_purges":4,"victory":true,"max_hp_per_floor":[75,75,68,68,68,68,68,68,68,68,68,68,68,74,74,74,74,74,74,74,74,74,74,74,74,74,79,79,86,86,86,86,86,86,86,86,86,86,86,86,86,86,86,86,86,86,86,86,86,92,92],"card_choices":[{"not_picked":["True Grit","ReplayTheSpireMod:Speed Training"],"picked":"Indignation","floor":5.0},{"not_picked":["Eclipse","Double Tap"],"picked":"Scrawl","floor":6.0},{"not_picked":["DevaForm","Unload"],"picked":"Ragnarok","floor":7.0},{"not_picked":["Barricade","Replay:LoomingThreat","Hemogenesis"],"picked":"SKIP","floor":8.0},{"not_picked":["ReplayTheSpireMod:From All Sides","Demon Form","Establishment"],"picked":"SKIP","floor":10.0},{"not_picked":["Doppelganger","DevaForm","SpiritShield"],"picked":"SKIP","floor":12.0},{"not_picked":["Bludgeon","Night Terror"],"picked":"Offering","floor":16.0},{"not_picked":["Brilliance","Scrawl","DevaForm"],"picked":"SKIP","floor":21.0},{"not_picked":["Reaper","Corruption","Doppelganger"],"picked":"SKIP","floor":23.0},{"not_picked":["Replay:AllIn","Demon Form","Eclipse"],"picked":"SKIP","floor":24.0},{"not_picked":["DevaForm","SpiritShield","ReplayTheSpireMod:Necrosis"],"picked":"SKIP","floor":27.0},{"not_picked":["Barricade","Storm of Steel"],"picked":"Ragnarok","floor":29.0},{"not_picked":["Malaise","MasterReality"],"picked":"Ragnarok","floor":41.0},{"not_picked":["Exhume","Scrawl","Malaise"],"picked":"SKIP","floor":42.0},{"not_picked":["Venomology","Corpse Explosion"],"picked":"Adrenaline","floor":46.0},{"not_picked":["LessonLearned","Exhume","Glass Knife"],"picked":"SKIP","floor":48}],"player_experience":84718,"relics_obtained":[{"floor":1.0,"key":"War Paint"},{"floor":4.0,"key":"Omamori"},{"floor":5.0,"key":"Darkstone Periapt"},{"floor":6.0,"key":"Blue Doll"},{"floor":7.0,"key":"Quantum Egg"},{"floor":8.0,"key":"Ginger"},{"floor":9.0,"key":"Shovel"},{"floor":10.0,"key":"Mummified Hand"},{"floor":12.0,"key":"ReplayFunnel"},{"floor":13.0,"key":"Gambling Chip"},{"floor":18.0,"key":"PreservedInsect"},{"floor":21.0,"key":"Tiny Chest"},{"floor":21.0,"key":"Champion Belt"},{"floor":23.0,"key":"Bag of Preparation"},{"floor":23.0,"key":"Ice Cream"},{"floor":24.0,"key":"ReplayTheSpireMod:Lightbulb"},{"floor":24.0,"key":"CeramicFish"},{"floor":26.0,"key":"HornCleat"},{"floor":27.0,"key":"Durian"},{"floor":27.0,"key":"Blood Vial"},{"floor":29.0,"key":"Strawberry"},{"floor":29.0,"key":"Replay:Bandana"},{"floor":31.0,"key":"Paper Frog"},{"floor":35.0,"key":"Bronze Scales"},{"floor":37.0,"key":"Charon\u0027s Ashes"},{"floor":39.0,"key":"Ring of Peace"},{"floor":39.0,"key":"ReplayTheSpireMod:Ring of Collecting"},{"floor":40.0,"key":"Oddly Smooth Stone"},{"floor":41.0,"key":"CaptainsWheel"},{"floor":41.0,"key":"Smiling Mask"},{"floor":42.0,"key":"Golden Egg"},{"floor":42.0,"key":"Meat on the Bone"},{"floor":43.0,"key":"Ring of Greed"},{"floor":43.0,"key":"Onion Ring"},{"floor":43.0,"key":"Replay:Wax Seal"},{"floor":43.0,"key":"MealTicket"},{"floor":44.0,"key":"Art of War"},{"floor":46.0,"key":"Thread and Needle"},{"floor":46.0,"key":"The Courier"},{"floor":48,"key":"King of Hearts"},{"floor":48,"key":"Torii"}],"event_choices":[{"damage_healed":0.0,"max_hp_gain":0.0,"max_hp_loss":7.0,"gold_gain":0.0,"event_name":"Golden Idol","player_choice":"Lose Max HP","floor":3.0,"gold_loss":0.0,"damage_taken":0.0,"relics_obtained":["Golden Idol"]},{"damage_healed":0.0,"max_hp_gain":0.0,"max_hp_loss":0.0,"gold_gain":0.0,"event_name":"Accursed Blacksmith","player_choice":"Forge","floor":19.0,"gold_loss":0.0,"damage_taken":0.0,"cards_upgraded":["Offering"]},{"damage_healed":0.0,"max_hp_gain":0.0,"max_hp_loss":0.0,"gold_gain":0.0,"event_name":"Mysterious Sphere","player_choice":"Fight","floor":37.0,"gold_loss":0.0,"damage_taken":0.0}],"is_beta":false,"boss_relics":[{"not_picked":["Busted Crown","Mark of Pain"],"picked":"Black Star"},{"not_picked":["Kintsugi","Abe\u0027s Treasure"],"picked":"Runic Dome"}],"items_purged_floors":[20,22,28,45],"is_endless":false,"potions_floor_spawned":[6,8,10,13,21,27,33,46,48],"ascension_level":20}}