{"host":"867cnhxguf2bzj4x","time":1614376528,"event":{"mods":["BaseMod","BetterRewards","GifTheSpireLib","Lobotomy","Minty Spire (QoL Compilation)","StSLib","The Bug Knight","The Cursed","The Necromancer"],"gold_per_floor":[111,128,128,78,153,187,199,211,265,297,316,316,316,326,326,427,427,441,459,114,131,56,56,56],"floor_reached":23,"language":"ENG","playtime":725,"items_purged":["Skim"],"score":228,"play_id":"7bcf17e5-8215-4d53-a610-e04b525e81d4","local_time":"20210226225528","is_ascension_mode":false,"campfire_choices":[{"floor":12,"key":"REST"},{"floor":15,"key":"REST"}],"circlet_count":0,"master_deck":["Strike_B","Strike_B","Strike_B","Defend_B","Defend_B","Defend_B","Defend_B","Zap","Dualcast","Go for the Eyes","Cold Snap","Redo","Electrodynamics","Redo+1","Machine Learning","Storm+1","Magnetism","Creative AI","Capacitor","Beam Cell+1"],"relics":["Cracked Core","NeowsBlessing","Darkstone Periapt","Bag of Marbles","Gremlin Horn","Velvet Choker","Orrery"],"acts_visited":["Exordium","TheCity"],"potions_floor_usage":[16],"damage_taken":[{"damage":0,"enemies":"Cultist","floor":1,"turns":1},{"damage":0,"enemies":"Small Slimes","floor":2,"turns":1},{"damage":0,"enemies":"Gremlin Nob","floor":6,"turns":1},{"damage":0,"enemies":"2 Louse","floor":7,"turns":3},{"damage":3,"enemies":"2 Fungi Beasts","floor":8,"turns":3},{"damage":25,"enemies":"Lagavulin","floor":10,"turns":6},{"damage":8,"enemies":"Red Slaver","floor":11,"turns":3},{"damage":4,"enemies":"Large Slime","floor":14,"turns":3},{"damage":22,"enemies":"Slime Boss","floor":16,"turns":6},{"damage":10,"enemies":"Chosen","floor":18,"turns":4},{"damage":3,"enemies":"3 Byrds","floor":19,"turns":2},{"damage":32,"enemies":"Snake Plant","floor":21,"turns":3},{"damage":30,"enemies":"Gremlin Leader","floor":23,"turns":4}],"seed_played":"4341670158583438275","potions_obtained":[{"floor":2,"key":"SkillPotion"},{"floor":6,"key":"ColorlessPotion"},{"floor":11,"key":"Explosive Potion"},{"floor":21,"key":"FearPotion"}],"is_trial":false,"path_per_floor":["M","M","?","?","?","E","M","M","T","E","M","R","?","M","R","B",null,"M","M","$","M","$","E"],"character_chosen":"DEFECT","items_purchased":["Magnetism","Orrery"],"campfire_rested":2,"item_purchase_floors":[20,20],"current_hp_per_floor":[75,75,63,63,52,52,52,49,49,24,16,38,38,34,56,34,75,65,62,62,30,30,0,0],"gold":56,"neow_bonus":"THREE_ENEMY_KILL","is_daily":false,"chose_seed":false,"campfire_upgraded":0,"win_rate":0.0,"timestamp":1614376528,"path_taken":["M","M","?","?","?","E","M","M","T","E","M","R","?","M","R","BOSS","M","M","$","M","$","E"],"items_purchased_type":["Card","Relic"],"build_version":"2020-12-22","purchased_purges":1,"victory":false,"max_hp_per_floor":[75,75,75,75,75,75,75,75,75,75,75,75,75,75,75,75,75,75,75,75,75,75,75,75],"card_choices":[{"not_picked":["Hologram","Steam"],"picked":"Go for the Eyes","floor":1},{"not_picked":["Turbo","Sweeping Beam"],"picked":"Cold Snap","floor":2},{"not_picked":["Stack","Rebound"],"picked":"Skim","floor":6},{"not_picked":["Chill","Barrage"],"picked":"Redo","floor":7},{"not_picked":["Gash","Lockon"],"picked":"Electrodynamics","floor":8},{"not_picked":["Biased Cognition","Compile Driver"],"picked":"Redo","floor":10},{"not_picked":["Stack","Coolheaded","Go for the Eyes"],"picked":"SKIP","floor":11},{"not_picked":["Turbo","Sweeping Beam","Coolheaded"],"picked":"SKIP","floor":14},{"not_picked":["Buffer","Electrodynamics"],"picked":"Machine Learning","floor":16},{"not_picked":["Doom and Gloom","Stack"],"picked":"Storm+1","floor":18},{"not_picked":["Turbo+1","Compile Driver","Beam Cell"],"picked":"SKIP","floor":19},{"not_picked":["Heatsinks","Storm"],"picked":"Creative AI","floor":20},{"not_picked":["FTL","Compile Driver"],"picked":"Capacitor","floor":20},{"not_picked":["Leap","Hologram"],"picked":"Beam Cell+1","floor":20},{"not_picked":["Steam+1","Cold Snap","Gash+1"],"picked":"SKIP","floor":21}],"player_experience":112404,"relics_obtained":[{"floor":6,"key":"Bag of Marbles"},{"floor":10,"key":"Gremlin Horn"}],"event_choices":[{"damage_healed":0,"gold_gain":0,"player_choice":"Success","damage_taken":12,"relics_obtained":["Darkstone Periapt"],"max_hp_gain":0,"max_hp_loss":0,"event_name":"Scrap Ooze","floor":3,"gold_loss":0},{"cards_removed":["Strike_B"],"damage_healed":0,"gold_gain":0,"player_choice":"Card Removal","damage_taken":0,"max_hp_gain":0,"max_hp_loss":0,"event_name":"The Cleric","floor":4,"gold_loss":50},{"damage_healed":0,"gold_gain":75,"player_choice":"Gather Gold","damage_taken":11,"max_hp_gain":0,"max_hp_loss":0,"event_name":"World of Goop","floor":5,"gold_loss":0},{"damage_healed":0,"gold_gain":0,"player_choice":"Forge","damage_taken":0,"max_hp_gain":0,"max_hp_loss":0,"event_name":"Accursed Blacksmith","floor":13,"gold_loss":0,"cards_upgraded":["Redo"]}],"is_beta":false,"boss_relics":[{"not_picked":["Fusion Hammer","Inserter"],"picked":"Velvet Choker"}],"items_purged_floors":[22],"is_endless":false,"potions_floor_spawned":[2,6,11,14,21],"killed_by":"Gremlin Leader","ascension_level":0}}