{"host":"r3islh0l1a1ykxfu","time":1614346040,"event":{"mods":["BaseMod","Bestiary","Colored Map","Colored Powertips","Highlight Path","Minty Spire (QoL Compilation)","Relic Stats","Slay-I","StSLib","Weighted Paths"],"gold_per_floor":[113,132,132,144,164,196,75,75,75,85,85,113,125,125,125,224,224,241,255,8,8,24,24,24,52,52,78,28,45,59,73,73,73,73],"floor_reached":33,"language":"ENG","playtime":61567,"items_purged":["Defend_R","Strike_R"],"score":349,"play_id":"804579a7-0046-4136-82c7-78f5924b56ad","local_time":"20210226072720","is_ascension_mode":true,"campfire_choices":[{"data":"Rampage","floor":8.0,"key":"SMITH"},{"floor":15.0,"key":"REST"},{"floor":23,"key":"REST"},{"floor":32,"key":"REST"}],"circlet_count":0,"master_deck":["Strike_R","Strike_R","Strike_R","Defend_R","Defend_R","Bash","Rampage+1","Shrug It Off","Headbutt","True Grit+1","Carnage+1","Fiend Fire+1","Feel No Pain","Bash+1","Thunderclap+1","Havoc+1","Shockwave","Havoc","Havoc","Iron Wave+1"],"relics":["Burning Blood","Toy Ornithopter","Bronze Scales","Molten Egg 2","Black Star","Pen Nib","War Paint","MealTicket","Bottled Tornado","Oddly Smooth Stone"],"acts_visited":["Exordium","TheCity"],"potions_floor_usage":[22,22,25],"damage_taken":[{"damage":8.0,"enemies":"Jaw Worm","floor":1.0,"turns":4.0},{"damage":1.0,"enemies":"Cultist","floor":2.0,"turns":3.0},{"damage":3.0,"enemies":"Small Slimes","floor":4.0,"turns":4.0},{"damage":29.0,"enemies":"Exordium Thugs","floor":5.0,"turns":5.0},{"damage":20.0,"enemies":"Gremlin Nob","floor":6.0,"turns":4.0},{"damage":0.0,"enemies":"Large Slime","floor":10.0,"turns":4.0},{"damage":12.0,"enemies":"Lagavulin","floor":12.0,"turns":5.0},{"damage":19.0,"enemies":"Lots of Slimes","floor":13.0,"turns":3.0},{"damage":48.0,"enemies":"Slime Boss","floor":16.0,"turns":9.0},{"damage":3,"enemies":"Chosen","floor":18,"turns":4},{"damage":15,"enemies":"3 Byrds","floor":19,"turns":4},{"damage":20,"enemies":"Snake Plant","floor":22,"turns":4},{"damage":25,"enemies":"Book of Stabbing","floor":25,"turns":4},{"damage":27,"enemies":"Sentry and Sphere","floor":29,"turns":6},{"damage":1,"enemies":"Snecko","floor":30,"turns":4},{"damage":18,"enemies":"Snake Plant","floor":31,"turns":4},{"damage":75,"enemies":"Champ","floor":33,"turns":10}],"seed_played":"-228472791421023683","potions_obtained":[{"floor":1.0,"key":"SkillPotion"},{"floor":2.0,"key":"BloodPotion"},{"floor":6.0,"key":"SpeedPotion"},{"floor":19,"key":"SpeedPotion"},{"floor":22,"key":"DistilledChaos"},{"floor":30,"key":"Dexterity Potion"}],"is_trial":false,"path_per_floor":["M","M","?","M","M","E","$","R","T","M","?","E","M","?","R","B",null,"M","M","$","?","M","R","?","E","T","T","$","M","M","M","R","B"],"character_chosen":"IRONCLAD","items_purchased":["True Grit","Pen Nib","Havoc"],"campfire_rested":3,"item_purchase_floors":[7,20,28],"current_hp_per_floor":[86,88,88,88,65,51,51,51,51,57,57,51,38,38,64,27,73,76,67,67,51,47,73,73,59,59,59,74,53,58,46,72,0,0],"gold":73,"neow_bonus":"TEN_PERCENT_HP_BONUS","is_daily":false,"chose_seed":false,"campfire_upgraded":1,"win_rate":0.0,"timestamp":1614346040,"path_taken":["M","M","?","M","?","E","?","R","T","M","?","E","?","?","R","BOSS","M","M","?","?","M","R","?","E","T","?","?","M","M","M","R","BOSS"],"items_purchased_type":["Card","Relic","Card"],"build_version":"2020-12-22","purchased_purges":2,"victory":false,"max_hp_per_floor":[88,88,88,88,88,88,88,88,88,88,88,88,88,88,88,88,88,88,88,88,88,88,88,88,88,88,88,88,88,88,88,88,88,88],"relic_stats":{"counters":[17,81],"Bronze Scales":[154],"MealTicket":15,"Pen Nib":[5],"Black Star":1,"War Paint":["Havoc","True Grit"],"obtain_stats":[{"Bronze Scales":9,"Oddly Smooth Stone":27,"Molten Egg 2":12,"MealTicket":25,"Pen Nib":20,"Black Star":17,"War Paint":25,"Bottled Tornado":26,"Burning Blood":0,"Toy Ornithopter":6},{"Bronze Scales":5,"Oddly Smooth Stone":13,"Molten Egg 2":7,"MealTicket":13,"Pen Nib":11,"Black Star":9,"War Paint":13,"Bottled Tornado":13,"Burning Blood":0,"Toy Ornithopter":5},{"Bronze Scales":20,"Oddly Smooth Stone":57,"Molten Egg 2":29,"MealTicket":57,"Pen Nib":49,"Black Star":41,"War Paint":57,"Bottled Tornado":57,"Burning Blood":0,"Toy Ornithopter":20}],"Burning Blood":90,"Toy Ornithopter":20},"card_choices":[{"not_picked":["Warcry","Sever Soul"],"picked":"Rampage","floor":1.0},{"not_picked":["Searing Blow","Infernal Blade"],"picked":"Shrug It Off","floor":2.0},{"not_picked":["Heavy Blade","Thunderclap"],"picked":"Headbutt","floor":4.0},{"not_picked":["Searing Blow","Havoc","Iron Wave"],"picked":"SKIP","floor":5.0},{"not_picked":["Bloodletting","Clothesline","Heavy Blade"],"picked":"SKIP","floor":6.0},{"not_picked":["Dropkick","Inflame","Thunderclap"],"picked":"SKIP","floor":10.0},{"not_picked":["Sever Soul+1","Fire Breathing"],"picked":"Carnage+1","floor":12.0},{"not_picked":["Flex","Pommel Strike+1"],"picked":"Fiend Fire+1","floor":13.0},{"not_picked":["Entrench","Body Slam+1","Pummel+1"],"picked":"SKIP","floor":18},{"not_picked":["Bloodletting","Thunderclap+1","Infernal Blade"],"picked":"SKIP","floor":19},{"not_picked":["Fire Breathing+1","Sword Boomerang+1","Twin Strike+1"],"picked":"SKIP","floor":22},{"not_picked":["Armaments","Dual Wield"],"picked":"Shockwave","floor":25},{"not_picked":["Armaments","Flex"],"picked":"Havoc","floor":29},{"not_picked":["Entrench","Barricade","Flex+1"],"picked":"SKIP","floor":30},{"not_picked":["True Grit","Flex"],"picked":"Iron Wave+1","floor":31}],"player_experience":1423313,"relics_obtained":[{"floor":6.0,"key":"Toy Ornithopter"},{"floor":9.0,"key":"Bronze Scales"},{"floor":12.0,"key":"Molten Egg 2"},{"floor":25,"key":"War Paint"},{"floor":25,"key":"MealTicket"},{"floor":26,"key":"Bottled Tornado"},{"floor":27,"key":"Oddly Smooth Stone"}],"event_choices":[{"cards_removed":["Strike_R"],"damage_healed":0.0,"max_hp_gain":0.0,"max_hp_loss":0.0,"gold_gain":0.0,"event_name":"Bonfire Elementals","player_choice":"Offered Basic","floor":3.0,"gold_loss":0.0,"damage_taken":0.0},{"cards_removed":["Defend_R"],"damage_healed":0.0,"max_hp_gain":0.0,"max_hp_loss":0.0,"gold_gain":0.0,"event_name":"Wheel of Change","player_choice":"Card Removal","floor":11.0,"gold_loss":0.0,"damage_taken":0.0},{"damage_healed":0.0,"max_hp_gain":0.0,"max_hp_loss":0.0,"gold_gain":0.0,"event_name":"Match and Keep!","player_choice":"3 cards matched","floor":14.0,"gold_loss":0.0,"damage_taken":0.0,"cards_obtained":["Feel No Pain","Bash","Thunderclap"]},{"damage_healed":0,"gold_gain":0,"player_choice":"Obtained Book","damage_taken":16,"max_hp_gain":0,"max_hp_loss":0,"event_name":"Cursed Tome","floor":21,"gold_loss":0},{"damage_healed":0,"gold_gain":0,"player_choice":"Read","damage_taken":0,"max_hp_gain":0,"max_hp_loss":0,"event_name":"The Library","floor":24,"gold_loss":0,"cards_obtained":["Havoc"]}],"is_beta":false,"boss_relics":[{"not_picked":["Ectoplasm","Velvet Choker"],"picked":"Black Star"}],"items_purged_floors":[7,20],"is_endless":false,"potions_floor_spawned":[1,2,6,19,22,30],"killed_by":"Champ","ascension_level":5}}