{"host":"p0hktren06injwdf","time":1614340952,"event":{"mods":["AchievementEnabler","BaseMod","Colored Map","DeckTracker","Minty Spire (QoL Compilation)","Permanent Neow","StSLib","SuperFastMode"],"gold_per_floor":[214,226,240,240,240,240,280,280,280,205,225,225,265,160,160,160,160],"floor_reached":16,"language":"KOR","playtime":212,"items_purged":["Strike_B"],"score":266,"play_id":"8cb8ebac-df9c-49d7-9cd5-d4de9c94fc06","local_time":"20210226210232","is_ascension_mode":true,"campfire_choices":[{"data":"Zap","floor":6,"key":"SMITH"},{"data":"Undo","floor":8,"key":"SMITH"},{"data":"Ball Lightning","floor":15,"key":"SMITH"}],"circlet_count":0,"master_deck":["AscendersBane","Strike_B","Strike_B","Defend_B","Defend_B","Defend_B","Defend_B","Zap+1","Dualcast","Ball Lightning+1","Ball Lightning","Chill","Undo+1","Coolheaded","Gash","Conserve Battery"],"relics":["Cracked Core","Golden Idol","Calipers","Question Card","Orichalcum"],"acts_visited":["Exordium"],"potions_floor_usage":[7,16,16],"damage_taken":[{"damage":1,"enemies":"Cultist","floor":1,"turns":3},{"damage":7,"enemies":"Jaw Worm","floor":2,"turns":3},{"damage":5,"enemies":"Small Slimes","floor":3,"turns":3},{"damage":0,"enemies":"Gremlin Nob","floor":7,"turns":2},{"damage":10,"enemies":"3 Louse","floor":11,"turns":3},{"damage":11,"enemies":"Lagavulin","floor":13,"turns":6},{"damage":69,"enemies":"Hexaghost","floor":16,"turns":11}],"seed_played":"-4490732327869033878","potions_obtained":[{"floor":2,"key":"Fire Potion"},{"floor":3,"key":"PotionOfCapacity"},{"floor":7,"key":"Explosive Potion"},{"floor":13,"key":"Regen Potion"}],"is_trial":false,"path_per_floor":["M","M","M","?","?","R","E","R","T","?","M","?","E","$","R","B"],"character_chosen":"DEFECT","items_purchased":["Conserve Battery"],"campfire_rested":0,"item_purchase_floors":[14],"current_hp_per_floor":[63,56,51,51,51,51,51,51,51,51,41,62,51,51,51,0,0],"gold":160,"neow_bonus":"HUNDRED_GOLD","is_daily":false,"chose_seed":false,"campfire_upgraded":3,"win_rate":0.0,"timestamp":1614340952,"path_taken":["M","M","M","?","?","R","E","R","T","?","M","?","E","?","R","BOSS"],"items_purchased_type":["Card"],"build_version":"2020-12-22","purchased_purges":1,"victory":false,"max_hp_per_floor":[71,71,71,64,64,64,64,64,64,64,64,64,64,64,64,64,64],"card_choices":[{"not_picked":["Skim","Aggregate"],"picked":"Ball Lightning","floor":1},{"not_picked":["Steam","Hello World"],"picked":"Ball Lightning","floor":2},{"not_picked":["Steam","Redo"],"picked":"Chill","floor":3},{"not_picked":["Aggregate","Darkness"],"picked":"Undo","floor":7},{"not_picked":["Force Field","Streamline","Barrage"],"picked":"Coolheaded","floor":11},{"not_picked":["Machine Learning","Turbo","Steam"],"picked":"Gash","floor":13}],"player_experience":1116280,"relics_obtained":[{"floor":7,"key":"Calipers"},{"floor":9,"key":"Question Card"},{"floor":13,"key":"Orichalcum"}],"event_choices":[{"damage_healed":0,"gold_gain":0,"player_choice":"Lose Max HP","damage_taken":0,"relics_obtained":["Golden Idol"],"max_hp_gain":0,"max_hp_loss":7,"event_name":"Golden Idol","floor":4,"gold_loss":0},{"damage_healed":0,"gold_gain":0,"player_choice":"Ignored","damage_taken":0,"max_hp_gain":0,"max_hp_loss":0,"event_name":"Shining Light","floor":5,"gold_loss":0},{"cards_removed":["Strike_B"],"damage_healed":0,"gold_gain":0,"player_choice":"Card Removal","damage_taken":0,"max_hp_gain":0,"max_hp_loss":0,"event_name":"The Cleric","floor":10,"gold_loss":75},{"damage_healed":21,"gold_gain":0,"player_choice":"Banana","damage_taken":0,"max_hp_gain":0,"max_hp_loss":0,"event_name":"Big Fish","floor":12,"gold_loss":0}],"is_beta":false,"boss_relics":[],"items_purged_floors":[14],"is_endless":false,"potions_floor_spawned":[2,3,7,13],"killed_by":"Hexaghost","ascension_level":20}}