{"host":"hxbbrccw7ig68b38","time":1614322149,"event":{"mods":["BaseMod","Hermit","Minty Spire (QoL Compilation)","Replay The Spire","StSLib","The Cursed"],"gold_per_floor":[114,129,68,68,68,98,98,128,178,208,258,258,258,273,273,373,373,388,388,403,120,135,135,135,135,135],"floor_reached":25,"language":"KOR","playtime":1226,"items_purged":["Eruption"],"score":237,"play_id":"6a3218f8-a794-4d38-a43a-436f75aeef48","local_time":"20210226154909","daily_mods":["Chimera","Blue Cards","Elite Swarm"],"is_ascension_mode":false,"campfire_choices":[{"floor":7,"key":"REST"},{"floor":12,"key":"REST"},{"data":"Machine Learning","floor":15,"key":"SMITH"},{"floor":24,"key":"REST"}],"circlet_count":0,"master_deck":["Bash","Survivor","Zap","Strike_R","Strike_G","Strike_B","Defend_R+1","Defend_G+1","Defend_P","Rebound","Genetic Algorithm+1","Berserk","Thunder Strike","Machine Learning+1","Hallucinations","Parasite","Double Energy","Parasite","Rainbow","FIFO Queue","J.A.X.","Coolheaded","BasicCrystalCard","ReplaySolidLightProjector"],"relics":["Burning Blood","Replay:Baseball","Blood Vial","Nunchaku","Simple Rune","Ring of Greed","Ring of Searing","Smiling Mask","Replay:Wax Seal","Painkiller Herb","TheAbacus"],"acts_visited":["Exordium","TheCity"],"potions_floor_usage":[8,22,22,23],"damage_taken":[{"damage":6,"enemies":"2 Louse","floor":1,"turns":3},{"damage":0,"enemies":"Small Slimes","floor":2,"turns":3},{"damage":36,"enemies":"Replay:BlueRogue","floor":6,"turns":8},{"damage":48,"enemies":"3 Sentries","floor":8,"turns":10},{"damage":26,"enemies":"Lagavulin","floor":10,"turns":7},{"damage":6,"enemies":"Jaw Worm","floor":14,"turns":3},{"damage":58,"enemies":"Slime Boss","floor":16,"turns":8},{"damage":26,"enemies":"3 Byrds","floor":18,"turns":5},{"damage":43,"enemies":"Spheric Guardian","floor":20,"turns":6},{"damage":16,"enemies":"Shelled Parasite and Fungi","floor":22,"turns":8},{"damage":0,"enemies":"Gremlin Leader","floor":23,"turns":1},{"damage":59,"enemies":"Slavers","floor":25,"turns":4}],"seed_played":"4728103701414758894","potions_obtained":[{"floor":2,"key":"SkillPotion"},{"floor":14,"key":"SmokeBomb"},{"floor":16,"key":"Adrenaline Potion"},{"floor":18,"key":"Strength Potion"},{"floor":20,"key":"AttackPotion"}],"is_trial":false,"path_per_floor":["M","M","$","?","?","E","R","E","T","E","?","R","?","M","R","B",null,"?","?","?","T","?","E","T","E"],"character_chosen":"IRONCLAD","items_purchased":["Genetic Algorithm+1","BasicCrystalCard","ReplaySolidLightProjector","TheAbacus"],"campfire_rested":3,"item_purchase_floors":[3,21,21,21],"current_hp_per_floor":[80,80,80,85,85,55,80,38,38,20,20,45,66,68,68,18,85,65,65,30,30,22,30,55,0,0],"gold":135,"neow_bonus":"","is_daily":true,"chose_seed":false,"campfire_upgraded":1,"win_rate":0.0,"timestamp":1614322149,"path_taken":["M","M","$","?","?","E","R","E","T","E","?","R","?","?","R","BOSS","?","?","?","T","?","E","T","E"],"items_purchased_type":["Card","Card","Card","Relic"],"build_version":"2020-12-22","purchased_purges":1,"victory":false,"max_hp_per_floor":[80,80,80,85,85,85,85,85,85,85,85,85,85,85,85,85,85,85,85,85,85,85,85,85,85,85],"card_choices":[{"not_picked":["Barrage","Heavy Blade","Storm"],"picked":"SKIP","floor":1},{"not_picked":["Wild Strike","Burning Pact"],"picked":"Rebound","floor":2},{"not_picked":["Creative AI","Reboot"],"picked":"Berserk","floor":6},{"not_picked":["Hyperbeam","ReplayRNGCard"],"picked":"Thunder Strike","floor":8},{"not_picked":["Juggernaut","Eclipse"],"picked":"Machine Learning","floor":10},{"not_picked":["Run Through","Hologram"],"picked":"Double Energy","floor":14},{"not_picked":["Meteor Strike","Replay:Many Hands"],"picked":"Rainbow","floor":16},{"not_picked":["Sword Boomerang","Hologram"],"picked":"FIFO Queue","floor":18},{"not_picked":["Steam","Twin Strike"],"picked":"Coolheaded","floor":20},{"not_picked":["Rebound","Second Wind","Clash"],"picked":"SKIP","floor":22}],"player_experience":116986,"relics_obtained":[{"floor":6,"key":"Replay:Baseball"},{"floor":8,"key":"Blood Vial"},{"floor":9,"key":"Nunchaku"},{"floor":10,"key":"Simple Rune"},{"floor":11,"key":"Ring of Greed"},{"floor":11,"key":"Ring of Searing"},{"floor":11,"key":"Smiling Mask"},{"floor":11,"key":"Replay:Wax Seal"}],"event_choices":[{"damage_healed":0,"gold_gain":0,"player_choice":"Donut","damage_taken":0,"max_hp_gain":5,"max_hp_loss":0,"event_name":"Big Fish","floor":4,"gold_loss":0},{"damage_healed":0,"gold_gain":0,"player_choice":"Ignored","damage_taken":0,"max_hp_gain":0,"max_hp_loss":0,"event_name":"Shining Light","floor":5,"gold_loss":0},{"damage_healed":21,"gold_gain":0,"player_choice":"Healed and dodged fight","damage_taken":0,"max_hp_gain":0,"max_hp_loss":0,"event_name":"Mushrooms","floor":13,"gold_loss":0,"cards_obtained":["Parasite"]},{"damage_healed":0,"gold_gain":0,"player_choice":"Obtain J.A.X.","damage_taken":0,"max_hp_gain":0,"max_hp_loss":0,"event_name":"Drug Dealer","floor":19,"gold_loss":0,"cards_obtained":["J.A.X."]}],"is_beta":false,"boss_relics":[{"not_picked":["Ring of Chaos","Replay:Ancient Bell"],"picked":"Painkiller Herb"}],"items_purged_floors":[21],"is_endless":false,"potions_floor_spawned":[2,14,16,18,20],"killed_by":"Slavers","ascension_level":0}}