{"host":"prxrhpgaxnj4om9r","time":1614330107,"event":{"mods":["AchievementEnabler","BaseMod","Colored Map","DeckTracker","Keyboard Shortcuts","Minty Spire (QoL Compilation)"],"gold_per_floor":[110,126,144,158,177,203,217,217,217,217,231,0,27,27,27,147,147,166,191,106,127,127,127,165,165,247,247,5,48,48,70,70,210,210,234,258,258,3,3,3,37,37,37,37,52,95,47,47,47,47,47,47,32,71,71],"floor_reached":56,"language":"KOR","playtime":2617,"items_purged":["Defend_P","Strike_P"],"score":1331,"play_id":"8b17dc6f-aaae-452e-a537-9cb87f1db0e6","local_time":"20210226180147","is_ascension_mode":false,"campfire_choices":[{"floor":8,"key":"REST"},{"data":"Eruption","floor":10,"key":"SMITH"},{"data":"ForeignInfluence","floor":15,"key":"SMITH"},{"data":"ClearTheMind","floor":23,"key":"SMITH"},{"floor":25,"key":"RECALL"},{"data":"MentalFortress","floor":30,"key":"SMITH"},{"data":"Vigilance","floor":32,"key":"SMITH"},{"data":"Vault","floor":40,"key":"SMITH"},{"data":"Halt","floor":42,"key":"SMITH"},{"floor":44,"key":"REST"},{"data":"ReachHeaven","floor":49,"key":"SMITH"},{"data":"EmptyFist","floor":52,"key":"SMITH"}],"circlet_count":0,"master_deck":["Strike_P","Strike_P","Defend_P","Eruption+1","Vigilance+1","EmptyFist+1","SignatureMove","ForeignInfluence+1","ReachHeaven+1","MentalFortress+1","FlyingSleeves","ClearTheMind+1","DeusExMachina","TalkToTheHand+1","Study+1","ClearTheMind+1","Tantrum","EmptyFist+1","Writhe","Halt+1","TalkToTheHand+1","Vault+1","Protect"],"relics":["PureWater","Lizard Tail","Mercury Hourglass","Nunchaku","Bird Faced Urn","Golden Idol","Astrolabe","Tiny Chest","StoneCalendar","Bronze Scales","Matryoshka","CeramicFish","Pear","Shuriken","Red Mask","Busted Crown","Kunai","PreservedInsect","Singing Bowl","Gremlin Horn","Damaru","Lantern","Bottled Tornado"],"acts_visited":["Exordium","TheCity","TheBeyond","TheEnding"],"potions_floor_usage":[6,13,13,16,18,24,29,33,33,41,50,55],"damage_taken":[{"damage":3,"enemies":"Jaw Worm","floor":1,"turns":2},{"damage":0,"enemies":"2 Louse","floor":2,"turns":2},{"damage":10,"enemies":"Small Slimes","floor":3,"turns":3},{"damage":7,"enemies":"Blue Slaver","floor":4,"turns":2},{"damage":14,"enemies":"Large Slime","floor":5,"turns":4},{"damage":18,"enemies":"3 Sentries","floor":6,"turns":3},{"damage":6,"enemies":"2 Fungi Beasts","floor":7,"turns":3},{"damage":0,"enemies":"Looter","floor":11,"turns":2},{"damage":0,"enemies":"Lagavulin","floor":13,"turns":2},{"damage":0,"enemies":"Slime Boss","floor":16,"turns":4},{"damage":2,"enemies":"3 Byrds","floor":18,"turns":3},{"damage":6,"enemies":"2 Thieves","floor":19,"turns":3},{"damage":0,"enemies":"Centurion and Healer","floor":21,"turns":4},{"damage":8,"enemies":"Gremlin Leader","floor":24,"turns":4},{"damage":0,"enemies":"Masked Bandits","floor":29,"turns":2},{"damage":4,"enemies":"Snecko","floor":31,"turns":4},{"damage":4,"enemies":"Automaton","floor":33,"turns":5},{"damage":3,"enemies":"Orb Walker","floor":35,"turns":3},{"damage":26,"enemies":"Nemesis","floor":41,"turns":5},{"damage":0,"enemies":"3 Darklings","floor":45,"turns":4},{"damage":0,"enemies":"Reptomancer","floor":46,"turns":2},{"damage":17,"enemies":"Donu and Deca","floor":50,"turns":7},{"damage":26,"enemies":"Shield and Spear","floor":54,"turns":5},{"damage":72,"enemies":"The Heart","floor":55,"turns":8}],"seed_played":"-6416944576888808608","potions_obtained":[{"floor":1,"key":"Regen Potion"},{"floor":6,"key":"LiquidBronze"},{"floor":7,"key":"GamblersBrew"},{"floor":11,"key":"AttackPotion"},{"floor":13,"key":"Fire Potion"},{"floor":16,"key":"Fire Potion"},{"floor":19,"key":"LiquidMemories"},{"floor":21,"key":"Swift Potion"},{"floor":24,"key":"Block Potion"},{"floor":35,"key":"Fire Potion"},{"floor":45,"key":"StancePotion"},{"floor":54,"key":"Swift Potion"}],"is_trial":false,"path_per_floor":["M","M","M","M","M","E","M","R","T","R","M","$","E","?","R","B",null,"M","M","?","M","?","R","E","R","T","T","$","?","R","M","R","B",null,"M","T","?","$","?","R","E","R","T","R","M","E","$","T","R","B",null,"R","$","E","B",null],"character_chosen":"WATCHER","items_purchased":["Nunchaku","Shuriken","PreservedInsect","BottledMiracle","Protect"],"campfire_rested":2,"item_purchase_floors":[12,28,38,47,53],"current_hp_per_floor":[76,76,66,59,45,36,30,53,53,53,53,53,53,34,34,34,79,77,71,71,73,73,73,67,67,67,77,77,79,79,75,75,75,89,86,86,85,85,85,85,61,61,61,87,89,91,91,91,91,74,91,91,91,69,1],"gold":71,"neow_bonus":"TEN_PERCENT_HP_BONUS","is_daily":false,"chose_seed":false,"campfire_upgraded":9,"win_rate":0.0,"timestamp":1614330107,"path_taken":["M","M","M","M","M","E","M","R","T","R","M","$","E","?","R","BOSS","M","M","?","M","?","R","E","R","T","?","$","?","R","M","R","BOSS","M","?","?","$","?","R","E","R","T","R","?","E","$","?","R","BOSS","R","$","E","BOSS"],"items_purchased_type":["Relic","Relic","Relic","Potion","Card"],"build_version":"2020-12-22","purchased_purges":2,"victory":true,"max_hp_per_floor":[79,79,79,79,79,79,79,79,79,79,79,79,79,79,79,79,79,79,79,79,79,79,79,79,79,79,89,89,89,89,89,89,89,89,89,89,85,85,85,85,87,87,87,87,89,91,91,91,91,91,91,91,91,93,93],"card_choices":[{"not_picked":["DeceiveReality","EmptyBody"],"picked":"EmptyFist","floor":1},{"not_picked":["DeceiveReality","CutThroughFate"],"picked":"SignatureMove","floor":2},{"not_picked":["EmptyFist","SignatureMove"],"picked":"ForeignInfluence","floor":3},{"not_picked":["Halt","CrushJoints"],"picked":"ReachHeaven","floor":4},{"not_picked":["Perseverance","CutThroughFate","ConjureBlade"],"picked":"SKIP","floor":5},{"not_picked":["TalkToTheHand","FlurryOfBlows"],"picked":"MentalFortress","floor":6},{"not_picked":["BowlingBash","Fasting2","EmptyBody"],"picked":"SKIP","floor":7},{"not_picked":["WreathOfFlame","EmptyFist"],"picked":"FlyingSleeves","floor":11},{"not_picked":["Consecrate","ThirdEye"],"picked":"ClearTheMind","floor":13},{"not_picked":["SpiritShield","Omniscience"],"picked":"DeusExMachina","floor":16},{"not_picked":["FlyingSleeves","Swivel"],"picked":"Tantrum","floor":18},{"not_picked":["Sanctity","PathToVictory+1"],"picked":"EmptyFist+1","floor":19},{"not_picked":["DeceiveReality+1","PathToVictory","SignatureMove"],"picked":"SKIP","floor":21},{"not_picked":["Blasphemy","Consecrate+1","MasterReality"],"picked":"SKIP","floor":24},{"not_picked":["ClearTheMind","EmptyMind"],"picked":"Halt","floor":29},{"not_picked":["Prostrate","Consecrate"],"picked":"TalkToTheHand+1","floor":31},{"not_picked":["Brilliance","Scrawl"],"picked":"Vault","floor":33},{"not_picked":["BowlingBash"],"picked":"SKIP","floor":35},{"not_picked":["Collect+1"],"picked":"Singing Bowl","floor":41},{"not_picked":["CrushJoints"],"picked":"Singing Bowl","floor":45},{"not_picked":["EmptyBody"],"picked":"Singing Bowl","floor":46},{"not_picked":["Consecrate+1"],"picked":"Singing Bowl","floor":54}],"player_experience":674084,"relics_obtained":[{"floor":6,"key":"Lizard Tail"},{"floor":9,"key":"Mercury Hourglass"},{"floor":13,"key":"Bird Faced Urn"},{"floor":24,"key":"Bronze Scales"},{"floor":26,"key":"Matryoshka"},{"floor":27,"key":"CeramicFish"},{"floor":27,"key":"Pear"},{"floor":29,"key":"Red Mask"},{"floor":36,"key":"Kunai"},{"floor":41,"key":"Singing Bowl"},{"floor":43,"key":"Gremlin Horn"},{"floor":46,"key":"Damaru"},{"floor":48,"key":"Lantern"},{"floor":54,"key":"Bottled Tornado"}],"event_choices":[{"damage_healed":0,"gold_gain":0,"player_choice":"Take Damage","damage_taken":19,"relics_obtained":["Golden Idol"],"max_hp_gain":0,"max_hp_loss":0,"event_name":"Golden Idol","floor":14,"gold_loss":0},{"damage_healed":0,"gold_gain":0,"player_choice":"Obtained Relic","damage_taken":0,"relics_obtained":["Tiny Chest"],"max_hp_gain":0,"max_hp_loss":0,"event_name":"Addict","floor":20,"gold_loss":85},{"damage_healed":0,"gold_gain":0,"player_choice":"Opened","damage_taken":0,"relics_obtained":["StoneCalendar"],"max_hp_gain":0,"max_hp_loss":0,"event_name":"The Mausoleum","floor":22,"gold_loss":0,"cards_obtained":["Writhe"]},{"damage_healed":0,"gold_gain":0,"player_choice":"Fought Bandits","damage_taken":0,"max_hp_gain":0,"max_hp_loss":0,"event_name":"Masked Bandits","floor":29,"gold_loss":0},{"damage_healed":0,"gold_gain":0,"player_choice":"Max HP","damage_taken":0,"max_hp_gain":0,"max_hp_loss":4,"event_name":"Winding Halls","floor":37,"gold_loss":0},{"damage_healed":0,"gold_gain":0,"player_choice":"0 cards matched","damage_taken":0,"max_hp_gain":0,"max_hp_loss":0,"event_name":"Match and Keep!","floor":39,"gold_loss":0,"cards_obtained":[]}],"is_beta":false,"boss_relics":[{"not_picked":["Empty Cage","Runic Dome"],"picked":"Astrolabe"},{"not_picked":["Black Star","Sozu"],"picked":"Busted Crown"}],"items_purged_floors":[12,38],"is_endless":false,"potions_floor_spawned":[1,6,7,11,13,16,19,21,24,35,45,54],"ascension_level":0}}