{"host":"le69utka9ynaq64d","time":1614308205,"event":{"mods":["AchievementEnabler","Aspiration","BaseMod","Block Reminder","Conspire","Energized Spire","GifTheSpireLib","Halation","Hubris","Infinite Spire","Minty Spire (QoL Compilation)","Permanent Neow","Pikachu Mod","Quick Restart","RiskOfSpire","StSLib","Stuff the Spire","The Vixen"],"gold_per_floor":[114,133,147,147,147,147,179,179,179,179,24,36,36,55,55,159,159,177,197,212,229,239,239,239,250,250,250,250,260,260,280,280,280,280],"floor_reached":33,"language":"ENG","playtime":2979,"items_purged":[],"score":276,"play_id":"72b45600-6ac6-40a6-b0f0-cbe1f10d16a7","local_time":"20210225215645","is_ascension_mode":false,"campfire_choices":[{"data":"TheVixenMod:SunnyDay","floor":6.0,"key":"SMITH"},{"data":"TheVixenMod:Psychic","floor":10.0,"key":"SMITH"},{"floor":15.0,"key":"REST"},{"floor":23.0,"key":"REST"},{"data":"TheVixenMod:Protect","floor":28.0,"key":"SMITH"},{"floor":32.0,"key":"REST"}],"circlet_count":0,"master_deck":["TheVixenMod:Strike_TheVixen","TheVixenMod:Strike_TheVixen","TheVixenMod:Strike_TheVixen","TheVixenMod:Strike_TheVixen","TheVixenMod:Defend_TheVixen","TheVixenMod:Defend_TheVixen","TheVixenMod:Defend_TheVixen","TheVixenMod:Defend_TheVixen","TheVixenMod:SunnyDay+1","TheVixenMod:Ember+1","TheVixenMod:Extrasensory","TheVixenMod:Protect+1","TheVixenMod:Defiant","TheVixenMod:Psychic+1","TheVixenMod:FireSpin","TheVixenMod:Defiant","TheVixenMod:FlareBlitz","TheVixenMod:FlareBlitz","TheVixenMod:Protect+1","TheVixenMod:WillOWisp+1","TheVixenMod:FlareBlitz","TheVixenMod:Safeguard","infinitespire:Menacing","TheVixenMod:FlameBody"],"relics":["TheVixenMod:BurningStick","hubris:Spice","Singing Bowl","halation:KoshaPiece","Letter Opener"],"acts_visited":["Exordium","TheCity"],"potions_floor_usage":[33,33,33],"damage_taken":[{"damage":0.0,"enemies":"Cultist","floor":1.0,"turns":4.0},{"damage":0.0,"enemies":"Small Slimes","floor":2.0,"turns":3.0},{"damage":0.0,"enemies":"2 Louse","floor":3.0,"turns":2.0},{"damage":24.0,"enemies":"Gremlin Nob","floor":7.0,"turns":5.0},{"damage":11.0,"enemies":"Blue Slaver","floor":12.0,"turns":2.0},{"damage":7.0,"enemies":"Exordium Wildlife","floor":14.0,"turns":2.0},{"damage":57.0,"enemies":"The Guardian","floor":16.0,"turns":10.0},{"damage":26.0,"enemies":"Spheric Guardian","floor":18.0,"turns":4.0},{"damage":0.0,"enemies":"Chosen","floor":19.0,"turns":4.0},{"damage":0.0,"enemies":"Snake Plant","floor":20.0,"turns":4.0},{"damage":22.0,"enemies":"3 Cultists","floor":21.0,"turns":4.0},{"damage":21.0,"enemies":"Centurion and Healer","floor":22.0,"turns":4.0},{"damage":5.0,"enemies":"Snake Plant","floor":25.0,"turns":4.0},{"damage":24.0,"enemies":"3 Cultists","floor":29.0,"turns":6.0},{"damage":7.0,"enemies":"conspire:HollyBat","floor":31.0,"turns":8.0},{"damage":52,"enemies":"Automaton","floor":33,"turns":7}],"seed_played":"-6764924463641789139","potions_obtained":[{"floor":7.0,"key":"DuplicationPotion"},{"floor":12.0,"key":"LiquidMemories"},{"floor":16.0,"key":"SteroidPotion"},{"floor":21.0,"key":"Fire Potion"}],"is_trial":true,"path_per_floor":["M","M","M","?","?","R","E","?","T","R","$","M","$","M","R","B",null,"M","M","M","M","M","R","AVR","M","T","?","R","M","?","M","R","B"],"character_chosen":"THE_VIXEN","items_purchased":["TheVixenMod:FireSpin","TheVixenMod:Defiant"],"campfire_rested":3,"item_purchase_floors":[11,11],"current_hp_per_floor":[70,70,70,70,70,70,54,54,54,54,54,43,43,36,59,4,88,62,62,62,42,21,48,48,45,45,45,45,21,21,16,44,0,0],"gold":280,"neow_bonus":"","is_daily":false,"chose_seed":false,"campfire_upgraded":3,"win_rate":0.0,"timestamp":1614308205,"path_taken":["M","M","M","?","?","R","E","?","T","R","?","?","$","M","R","BOSS","M","M","M","M","M","R","AVR","M","T","?","R","M","?","M","R","BOSS"],"items_purchased_type":["Card","Card"],"build_version":"2020-12-22","purchased_purges":0,"victory":false,"max_hp_per_floor":[70,70,70,70,70,70,78,78,78,78,78,78,78,78,78,80,88,88,88,88,90,90,90,90,92,92,92,92,92,92,94,94,94,94],"card_choices":[{"not_picked":["TheVixenMod:Curse","TheVixenMod:HeatWave"],"picked":"TheVixenMod:Extrasensory","floor":1.0},{"not_picked":["TheVixenMod:FlameCharge","TheVixenMod:Feint"],"picked":"TheVixenMod:Protect","floor":2.0},{"not_picked":["TheVixenMod:Facade","TheVixenMod:MagicCoat"],"picked":"TheVixenMod:Defiant","floor":3.0},{"not_picked":["TheVixenMod:FlareBlitz","TheVixenMod:DoubleTeam"],"picked":"TheVixenMod:Psychic","floor":7.0},{"not_picked":["TheVixenMod:HeatWave","TheVixenMod:Protect"],"picked":"TheVixenMod:FlareBlitz","floor":12.0},{"not_picked":["TheVixenMod:MindReader","TheVixenMod:ShadowBall"],"picked":"TheVixenMod:FlareBlitz","floor":14.0},{"not_picked":["TheVixenMod:Moody","TheVixenMod:MysticalFire","TheVixenMod:Endure"],"picked":"Singing Bowl","floor":16.0},{"not_picked":["TheVixenMod:CADC+1","TheVixenMod:TailWhip"],"picked":"TheVixenMod:Protect+1","floor":18.0},{"not_picked":["TheVixenMod:ShadowBall","TheVixenMod:LightScreen"],"picked":"TheVixenMod:WillOWisp+1","floor":19.0},{"not_picked":["hubris:SpiceAddiction","hubris:SpiceAddiction"],"picked":"TheVixenMod:FlareBlitz","floor":20.0},{"not_picked":["TheVixenMod:Protect","TheVixenMod:FireBlast","TheVixenMod:ShadowBall"],"picked":"Singing Bowl","floor":21.0},{"not_picked":["TheVixenMod:Overheat+1","TheVixenMod:FireFang+1"],"picked":"TheVixenMod:Safeguard","floor":22.0},{"not_picked":["TheVixenMod:FlameBurst+1","TheVixenMod:ClearSky","TheVixenMod:LavaPlume"],"picked":"Singing Bowl","floor":25.0},{"not_picked":["TheVixenMod:CADC","TheVixenMod:Overheat"],"picked":"TheVixenMod:FlameBody","floor":29.0},{"not_picked":["TheVixenMod:Wish","hubris:SpiceAddiction","TheVixenMod:Confusion"],"picked":"Singing Bowl","floor":31.0}],"player_experience":522449,"relics_obtained":[{"floor":7.0,"key":"hubris:Spice"},{"floor":9.0,"key":"Singing Bowl"},{"floor":26.0,"key":"Letter Opener"}],"event_choices":[{"damage_healed":0.0,"max_hp_gain":0.0,"max_hp_loss":0.0,"gold_gain":0.0,"event_name":"Living Wall","player_choice":"Grow","floor":4.0,"gold_loss":0.0,"damage_taken":0.0,"cards_upgraded":["TheVixenMod:Ember"]},{"damage_healed":0.0,"max_hp_gain":0.0,"max_hp_loss":0.0,"gold_gain":0.0,"event_name":"conspire:LoneGhost","player_choice":"Disagree","floor":5.0,"gold_loss":0.0,"damage_taken":0.0},{"damage_healed":0.0,"max_hp_gain":0.0,"max_hp_loss":0.0,"gold_gain":0.0,"event_name":"Scrap Ooze","player_choice":"Fled","floor":8.0,"gold_loss":0.0,"damage_taken":0.0},{"damage_healed":0.0,"max_hp_gain":0.0,"max_hp_loss":0.0,"gold_gain":0.0,"event_name":"Purifier","player_choice":"Ignored","floor":27.0,"gold_loss":0.0,"damage_taken":0.0},{"damage_healed":0.0,"max_hp_gain":0.0,"max_hp_loss":0.0,"gold_gain":0.0,"event_name":"NoteForYourself","player_choice":"Ignored","floor":30.0,"gold_loss":0.0,"damage_taken":0.0}],"is_beta":false,"boss_relics":[{"not_picked":["Runic Dome","aspiration:SecretTechniqueScroll"],"picked":"hubris:Spice"}],"items_purged_floors":[],"is_endless":false,"potions_floor_spawned":[7,12,16,18,21,29,31],"killed_by":"Automaton","ascension_level":0}}