{"host":"hrvs05np4ys7itky","time":1614311922,"event":{"mods":["BaseMod","Colored Map","Colored Powertips","Downfall","Emptier Cage","Hermit","Highlight Path","Minty Spire (QoL Compilation)","Permanent Neow","Rare Cards Sparkle","Relic Stats","StSLib","everything is the same but u backflip on backflip"],"gold_per_floor":[15,33,46,46,59,59,14,14,38,67,79,79],"floor_reached":11,"language":"ENG","playtime":477,"items_purged":[],"score":114,"play_id":"5af0bc15-a434-4690-8736-d0a252efbada","local_time":"20210225225842","is_ascension_mode":true,"campfire_choices":[{"data":"Feel No Pain","floor":6,"key":"SMITH"},{"data":"True Grit","floor":8,"key":"SMITH"}],"circlet_count":0,"master_deck":["AscendersBane","Strike_R","Strike_R","Strike_R","Strike_R","Defend_R","Defend_R","Defend_R","Defend_R","Bash","Power Through","Evolve","Feel No Pain+1","Shrug It Off","True Grit+1","Anger"],"relics":["Burning Blood","Mango","MawBank"],"acts_visited":["Exordium"],"potions_floor_usage":[5],"damage_taken":[{"damage":4,"enemies":"2 Louse","floor":1,"turns":3},{"damage":1,"enemies":"Cultist","floor":2,"turns":4},{"damage":0,"enemies":"Small Slimes","floor":3,"turns":3},{"damage":6,"enemies":"3 Louse","floor":5,"turns":2},{"damage":0,"enemies":"Looter","floor":7,"turns":5},{"damage":16,"enemies":"Exordium Thugs","floor":10,"turns":8},{"damage":84,"enemies":"Gremlin Nob","floor":11,"turns":7}],"seed_played":"2637928052731751417","potions_obtained":[{"floor":1,"key":"sneckomod:MuddlingPotion"},{"floor":3,"key":"Explosive Potion"},{"floor":5,"key":"sneckomod:MuddlingPotion"}],"is_trial":false,"path_per_floor":["M","M","M","?","M","R","M","R","T","M","E"],"character_chosen":"IRONCLAD","items_purchased":[],"campfire_rested":0,"item_purchase_floors":[],"current_hp_per_floor":[84,89,89,89,89,89,89,89,89,79,0,0],"gold":79,"neow_bonus":"ONE_RARE_RELIC","is_daily":false,"chose_seed":false,"campfire_upgraded":2,"win_rate":0.0,"timestamp":1614311922,"path_taken":["M","M","M","?","M","R","?","R","T","M","E"],"items_purchased_type":[],"build_version":"2020-12-22","purchased_purges":0,"victory":false,"max_hp_per_floor":[89,89,89,89,89,89,89,89,89,89,89,89],"relic_stats":{"counters":[7,32],"MawBank":24,"obtain_stats":[{"Mango":0,"MawBank":9,"Burning Blood":0},{"Mango":0,"MawBank":5,"Burning Blood":0},{"Mango":0,"MawBank":17,"Burning Blood":0}],"Burning Blood":24},"card_choices":[{"not_picked":["Disarm","Flex"],"picked":"Power Through","floor":1},{"not_picked":["Flame Barrier","Bloodletting"],"picked":"Evolve","floor":2},{"not_picked":["Havoc","Power Through"],"picked":"Feel No Pain","floor":3},{"not_picked":["Rage","Heavy Blade"],"picked":"Shrug It Off","floor":5},{"not_picked":["Flex","Shockwave"],"picked":"True Grit","floor":7},{"not_picked":["Flex","Heavy Blade"],"picked":"Anger","floor":10}],"player_experience":1137184,"relics_obtained":[{"floor":9,"key":"MawBank"}],"event_choices":[{"cards_removed":["Strike_R"],"damage_healed":0,"gold_gain":0,"player_choice":"Purged","damage_taken":0,"max_hp_gain":0,"max_hp_loss":0,"event_name":"Purifier","floor":4,"gold_loss":0}],"is_beta":false,"boss_relics":[],"items_purged_floors":[],"is_endless":false,"potions_floor_spawned":[1,3,5,10],"killed_by":"Gremlin Nob","ascension_level":15}}