{"host":"mp4nw1ahnxiisuiw","time":1614355770,"event":{"mods":["AchievementEnabler","BaseMod","Better Note","Block Reminder","Colored Map","Colored Powertips","Curses Come First","DeckTracker","Dio Mod","Downfall","Hero for Fun","Highlight Path","HololiveMod","Koishi","Marisa????????","Minty Spire (QoL Compilation)","Permanent Neow","Quick Restart","Rare Cards Sparkle","Relic Sorter","Relic Stats","Remilia??????","Replay The Spire","Small Relic Pack","Spikes Relics","StSLib","Td1madao Mod","The Animator","The Bug Knight","The Senshi","Waifu the Spire","Wandering Minibosses"],"gold_per_floor":[114,64,64,79,79,109,109,109,136,136,136],"floor_reached":10,"language":"ENG","playtime":183,"items_purged":[],"score":93,"play_id":"93d3c3c5-43f1-4159-9766-fc5d3e0a2c14","local_time":"20210226170930","is_ascension_mode":true,"campfire_choices":[{"data":"Hello World","floor":7.0,"key":"SMITH"}],"circlet_count":0,"master_deck":["Defend_B","Defend_B","Defend_B+1","Zap","Dualcast","Hello World+1","BasicCrystalCard","Cold Snap","relicPack:TruthCard","Doppelganger+1","Echo Form","Hololive_DiamondStrike"],"relics":["Cracked Core","NeowsBlessing","theSenshi:SailorFukuRelic","ReplayFunnel","relicPack:EdsArm","War Paint"],"acts_visited":["Exordium"],"potions_floor_usage":[],"damage_taken":[{"damage":0.0,"enemies":"2 Louse","floor":1.0,"turns":1.0},{"damage":0.0,"enemies":"Cultist","floor":4.0,"turns":1.0},{"damage":0.0,"enemies":"Lagavulin","floor":6.0,"turns":1.0},{"damage":2,"enemies":"3 Sentries","floor":10,"turns":2}],"seed_played":"-4819900297728432305","potions_obtained":[{"floor":1.0,"key":"Languid Potion"},{"floor":6.0,"key":"PowerPotion"}],"is_trial":false,"path_per_floor":["M","$","?","M","$","E","R","?","T","E"],"character_chosen":"DEFECT","items_purchased":["BasicCrystalCard"],"campfire_rested":0,"item_purchase_floors":[2],"current_hp_per_floor":[75,75,75,75,75,75,75,70,70,68,68],"gold":136,"neow_bonus":"THREE_ENEMY_KILL","is_daily":false,"chose_seed":false,"campfire_upgraded":1,"win_rate":0.0,"timestamp":1614355770,"path_taken":["M","$","?","M","?","E","R","?","T","E"],"items_purchased_type":["Card"],"build_version":"2020-12-22","purchased_purges":0,"victory":false,"max_hp_per_floor":[75,75,75,75,75,75,75,70,70,70,70],"relic_stats":{"counters":[4,5],"War Paint":["Defend_B","Doppelganger"],"obtain_stats":[{"ReplayFunnel":6,"relicPack:EdsArm":8,"NeowsBlessing":0,"theSenshi:SailorFukuRelic":3,"War Paint":9,"Cracked Core":0},{"ReplayFunnel":3,"relicPack:EdsArm":3,"NeowsBlessing":0,"theSenshi:SailorFukuRelic":1,"War Paint":3,"Cracked Core":0},{"ReplayFunnel":3,"relicPack:EdsArm":3,"NeowsBlessing":0,"theSenshi:SailorFukuRelic":1,"War Paint":3,"Cracked Core":0}]},"card_choices":[{"not_picked":["Fusion","Scrape"],"picked":"Hello World","floor":1.0},{"not_picked":["Tempest","Fusion"],"picked":"Cold Snap","floor":4.0},{"not_picked":["ReplayTheSpireMod:System Scan","Hyperbeam"],"picked":"Cold Snap","floor":6.0}],"player_experience":146351,"relics_obtained":[{"floor":6.0,"key":"ReplayFunnel"},{"floor":9.0,"key":"War Paint"}],"event_choices":[{"damage_healed":0.0,"max_hp_gain":0.0,"max_hp_loss":0.0,"gold_gain":0.0,"event_name":"WeMeetAgain","player_choice":"Gave Potion","floor":3.0,"gold_loss":0.0,"damage_taken":0.0,"relics_obtained":["theSenshi:SailorFukuRelic"]}],"is_beta":false,"boss_relics":[],"items_purged_floors":[],"is_endless":false,"potions_floor_spawned":[1,6],"killed_by":"3 Sentries","ascension_level":1}}