{"host":"jt67skv49snb75sm","time":1614332939,"event":{"mods":["BaseMod","Bestiary","Minty Spire (QoL Compilation)","Relic Stats"],"gold_per_floor":[117,129,129,140,153,153,167,197,197],"floor_reached":8,"language":"ENG","playtime":901,"items_purged":[],"score":120,"play_id":"e1af241a-1642-476c-839e-da675a05f323","local_time":"20210226104859","is_ascension_mode":true,"campfire_choices":[{"floor":6,"key":"REST"}],"circlet_count":0,"master_deck":["AscendersBane","Strike_B","Strike_B","Strike_B+1","Strike_B","Defend_B","Defend_B","Defend_B+1","Defend_B","Zap","Dualcast","Doom and Gloom","Undo","Streamline","Sweeping Beam","Ball Lightning"],"relics":["Cracked Core","WingedGreaves","Omamori"],"acts_visited":["Exordium"],"potions_floor_usage":[8],"damage_taken":[{"damage":6,"enemies":"Cultist","floor":1,"turns":3},{"damage":4,"enemies":"Jaw Worm","floor":2,"turns":5},{"damage":0,"enemies":"Small Slimes","floor":4,"turns":3},{"damage":12,"enemies":"Exordium Wildlife","floor":5,"turns":5},{"damage":0,"enemies":"2 Fungi Beasts","floor":7,"turns":3},{"damage":39,"enemies":"Gremlin Nob","floor":8,"turns":4}],"seed_played":"8266850377928146518","potions_obtained":[{"floor":1,"key":"PotionOfCapacity"},{"floor":5,"key":"DistilledChaos"}],"is_trial":false,"path_per_floor":["M","M","?","M","M","R","M","E"],"character_chosen":"DEFECT","items_purchased":[],"campfire_rested":1,"item_purchase_floors":[],"current_hp_per_floor":[58,54,35,35,23,42,42,3,3],"gold":197,"neow_bonus":"ONE_RARE_RELIC","is_daily":false,"chose_seed":false,"campfire_upgraded":0,"win_rate":0.0,"timestamp":1614332939,"path_taken":["M","?","?","M","M","R","M","E"],"items_purchased_type":[],"build_version":"2020-12-22","purchased_purges":0,"victory":false,"max_hp_per_floor":[64,64,64,64,64,64,64,64,64],"relic_stats":{"counters":[6,23],"obtain_stats":[{"WingedGreaves":0,"Omamori":8,"Cracked Core":0},{"WingedGreaves":0,"Omamori":6,"Cracked Core":0},{"WingedGreaves":0,"Omamori":23,"Cracked Core":0}]},"card_choices":[{"not_picked":["Gash","Stack"],"picked":"Doom and Gloom","floor":1},{"not_picked":["Gash","Loop"],"picked":"Undo","floor":2},{"not_picked":["Turbo","Coolheaded"],"picked":"Streamline","floor":4},{"not_picked":["Hologram","Redo"],"picked":"Sweeping Beam","floor":5},{"not_picked":["Gash","Doom and Gloom"],"picked":"Ball Lightning","floor":7}],"player_experience":917705,"relics_obtained":[{"floor":8,"key":"Omamori"}],"event_choices":[{"damage_healed":0,"gold_gain":0,"player_choice":"Entered Light","damage_taken":19,"max_hp_gain":0,"max_hp_loss":0,"event_name":"Shining Light","floor":3,"gold_loss":0,"cards_upgraded":["Strike_B","Defend_B"]}],"is_beta":false,"boss_relics":[],"items_purged_floors":[],"is_endless":false,"potions_floor_spawned":[1,5],"killed_by":"Gremlin Nob","ascension_level":20}}