{"host":"3wucmrsmney0jioo","time":1614316781,"event":{"mods":["BaseMod","Minty Spire (QoL Compilation)","MostiFishMod","Prisma Mod","Reliquary","Replay The Spire","Spicy Shops","StSLib","¡¾ÒÅÎï¿¨ÅÆ¡¿REMEMod"],"gold_per_floor":[109,128,128,93,93,124,124,142,192,206,381,394,-1388,-1356,-1356,-1254,-1254,-641,618,173,173,783,1409,2023,2023,2046,2046,2057,2057,1156,1766,1766,1868,1868,2485,2485,879,1493,1503,2134,3352,3972,3972,3989,4344,4344,4956,4970,4970,6170],"floor_reached":51,"language":"ZHS","playtime":2126,"items_purged":["Doubt","Normality","Strike_B","Defend_B"],"score":1266,"play_id":"d00a468b-e9ca-47a1-9fb1-d902d4380def","local_time":"20210226131941","is_ascension_mode":true,"campfire_choices":[{"data":"ReplayGash","floor":15.0,"key":"SMITH"},{"data":"MostiFishMod:IntelligentEquipment","floor":27.0,"key":"SMITH"},{"floor":29.0,"key":"RECALL"},{"data":"Seek","floor":32.0,"key":"SMITH"},{"floor":49,"key":"REST"}],"circlet_count":0,"master_deck":["Strike_B+1","Strike_B+1","Strike_B+1","Defend_B+1","Defend_B+1","Defend_B+1","Zap+1","Dualcast+1","Wireheading+1","BootSequence+1","ReplayGash+1","REME_Shoggoth+1","MostiFishMod:IntelligentEquipment+1","ReplayGash+1","Swift Strike+1","MostiFishMod:DeathFromBelow+1","Seek+1","Gash+1","MostiFishMod:GatherIntelligence+1","Core Surge+1","Gash+1","Necronomicurse","Meteor Strike+1","FIFO Queue+1","Replay:BasicMightCard+1","MostiFishMod:Hijack+1","Chill+1","Defragment+1","Streamline+1","Go for the Eyes+1","MostiFishMod:ActiveDefenseSystem+1","Go for the Eyes+1","MostiFishMod:InterfaceCompatibility+1","Static Discharge+1","Echo Form+1"],"relics":["REME_ComplimentaryCards","NightmareShop","ChiXiaoBlade","SynthV:TestCard","reliquary:Buckler","HornCleat","Whetstone","Replay:Frozen Program","SynthV:MejaisSoulstealer","PreservedInsect","GreenFoldingFan","Civilization","Strawberry","ReplayTheSpireMod:TigerMarble","Nloth\u0027s Gift","MostiFishMod:Haymaker","Necronomicon","Replay:Antivirus Software","Lantern","Replay:Baseball","Bag of Preparation","reliquary:BrokenClock","RhineCircuit","Meat on the Bone","Du-Vu Doll","Frozen Egg 2","Sling","reliquary:Bookmark","Divine Protection","reliquary:IridiumChain","Old Coin","Mark of the Bloom"],"acts_visited":["Exordium","TheCity","TheBeyond"],"potions_floor_usage":[],"damage_taken":[{"damage":6.0,"enemies":"Jaw Worm","floor":1.0,"turns":4.0},{"damage":1.0,"enemies":"2 Louse","floor":2.0,"turns":3.0},{"damage":22.0,"enemies":"Lagavulin","floor":6.0,"turns":7.0},{"damage":12.0,"enemies":"Small Slimes","floor":8.0,"turns":4.0},{"damage":1.0,"enemies":"Looter","floor":10.0,"turns":2.0},{"damage":0.0,"enemies":"Lots of Slimes","floor":12.0,"turns":3.0},{"damage":0.0,"enemies":"3 Sentries","floor":14.0,"turns":2.0},{"damage":0.0,"enemies":"The Guardian","floor":16.0,"turns":4.0},{"damage":4.0,"enemies":"Shell Parasite","floor":18.0,"turns":2.0},{"damage":4.0,"enemies":"2 Thieves","floor":19.0,"turns":2.0},{"damage":17.0,"enemies":"Snecko","floor":22.0,"turns":4.0},{"damage":9.0,"enemies":"Book of Stabbing","floor":23.0,"turns":3.0},{"damage":21.0,"enemies":"Centurion and Healer","floor":24.0,"turns":3.0},{"damage":6.0,"enemies":"3 Cultists","floor":28.0,"turns":3.0},{"damage":6.0,"enemies":"Chosen and Byrds","floor":31.0,"turns":3.0},{"damage":18.0,"enemies":"Automaton","floor":33.0,"turns":5.0},{"damage":2.0,"enemies":"3 Darklings","floor":35.0,"turns":1.0},{"damage":0.0,"enemies":"3 Shapes","floor":38.0,"turns":1.0},{"damage":0.0,"enemies":"Writhing Mass","floor":39.0,"turns":3.0},{"damage":0.0,"enemies":"R_Hoarder","floor":40.0,"turns":1.0},{"damage":0.0,"enemies":"4 Shapes","floor":41.0,"turns":1.0},{"damage":0.0,"enemies":"Sphere and 2 Shapes","floor":42.0,"turns":1.0},{"damage":0.0,"enemies":"Maw","floor":44.0,"turns":3.0},{"damage":0.0,"enemies":"2 Orb Walkers","floor":45.0,"turns":2.0},{"damage":0.0,"enemies":"Writhing Mass","floor":47.0,"turns":1.0},{"damage":2,"enemies":"Transient","floor":48,"turns":3},{"damage":0,"enemies":"Awakened One","floor":50,"turns":3}],"seed_played":"5299223015745726446","potions_obtained":[{"floor":2.0,"key":"Adrenaline Potion"},{"floor":6.0,"key":"BlessingOfTheForge"},{"floor":14.0,"key":"LifebloodPotion"},{"floor":16.0,"key":"SpeedPotion"},{"floor":22.0,"key":"Block Potion"},{"floor":23.0,"key":"PowerPotion"},{"floor":28.0,"key":"FocusPotion"},{"floor":39.0,"key":"REME_GoldPotion"},{"floor":45.0,"key":"SkillPotion"}],"is_trial":false,"path_per_floor":["M","M","?","?","?","E","?","M","T","M","?","M","$","E","R","B",null,"M","M","$","?","M","E","M","?","T","R","M","R","$","M","R","B",null,"M","?","$","M","M","E","M","M","T","M","?","?","M","M","R","B",null],"character_chosen":"DEFECT","items_purchased":["Replay:Frozen Program","ReplayGash","Swift Strike","SynthV:MejaisSoulstealer","Civilization","Strawberry","ReplayTheSpireMod:TigerMarble","Lantern","Replay:Baseball","Bag of Preparation","reliquary:BrokenClock","FIFO Queue","Replay:BasicMightCard","Meat on the Bone","Du-Vu Doll","Frozen Egg 2","Sling","reliquary:Bookmark","Divine Protection","Defragment+1","Strength Potion"],"campfire_rested":1,"item_purchase_floors":[13,13,13,13,20,20,20,30,30,30,30,30,30,37,37,37,37,37,37,37,37],"current_hp_per_floor":[69,68,43,61,46,24,49,37,37,36,36,36,36,36,36,36,65,71,75,82,82,76,83,76,60,60,60,69,69,69,78,78,79,98,109,109,109,114,119,124,129,134,134,139,144,144,144,142,142,142],"gold":6170,"neow_bonus":"BOSS_RELIC","is_daily":false,"chose_seed":false,"campfire_upgraded":3,"win_rate":0.0,"timestamp":1614316781,"path_taken":["M","M","?","?","?","E","?","M","T","M","?","M","?","E","R","BOSS","M","M","$","?","?","E","M","?","T","R","M","R","$","M","R","BOSS","M","?","$","M","M","E","M","M","T","M","?","?","M","M","R","BOSS"],"items_purchased_type":["Relic","Card","Card","Relic","Relic","Relic","Relic","Relic","Relic","Relic","Relic","Card","Card","Relic","Relic","Relic","Relic","Relic","Relic","Card","Potion"],"build_version":"2020-12-22","purchased_purges":4,"victory":true,"max_hp_per_floor":[75,75,75,75,75,75,75,75,75,75,75,75,75,75,75,75,75,75,75,82,82,83,85,89,89,89,89,94,94,94,99,99,104,104,109,109,109,114,119,124,129,134,134,139,144,144,149,154,154,159],"card_choices":[{"not_picked":["Compile Driver","Steam Power"],"picked":"BootSequence","floor":1.0},{"not_picked":["Leap","BasicCrystalCard","Gash","Compile Driver"],"picked":"ReplayGash","floor":2.0},{"not_picked":["ReplaySolidLightProjector","Steam","REME_DataAnalysis","ReplayTheSpireMod:Reroute Power","Redo"],"picked":"SKIP","floor":6.0},{"not_picked":["Sweeping Beam","Go for the Eyes","Gash","FTL"],"picked":"REME_Shoggoth","floor":8.0},{"not_picked":["ReplayTheSpireMod:Calculation Training","Redo","Sweeping Beam","Hologram","MostiFishMod:ReprogramOld"],"picked":"SKIP","floor":10.0},{"not_picked":["Cold Snap","Conserve Battery","Self Repair","Glacier"],"picked":"MostiFishMod:IntelligentEquipment","floor":12.0},{"not_picked":["Beam Cell","Panic Button","MostiFishMod:PushDownKick","Heatsinks"],"picked":"MostiFishMod:DeathFromBelow","floor":14.0},{"not_picked":["Multi-Cast","MostiFishMod:DawningShadow","MostiFishMod:Overload","Meteor Strike"],"picked":"Seek","floor":16.0},{"not_picked":["MostiFishMod:PushDownKick","Leap+1","FIFO Queue","Fusion"],"picked":"Gash","floor":18.0},{"not_picked":["Leap","MostiFishMod:PushDownKick+1","Barrage","Rebound","Compile Driver"],"picked":"SKIP","floor":19.0},{"not_picked":["Sweeping Beam","Conserve Battery","Time Bomb","MostiFishMod:FluxCapactior"],"picked":"MostiFishMod:GatherIntelligence","floor":22.0},{"not_picked":["Steam Power","MostiFishMod:Exploitation","Compile Driver","Coolheaded"],"picked":"Core Surge","floor":23.0},{"not_picked":["Ball Lightning","Streamline","BasicCrystalCard","MostiFishMod:Impulse"],"picked":"Gash","floor":24.0},{"not_picked":["Barrage+1","Leap","Stack","Tempest"],"picked":"Meteor Strike","floor":28.0},{"not_picked":["ReplaySort","Reprogram","Panic Button","Double Energy","ReplayTheSpireMod:Calculation Training+1"],"picked":"SKIP","floor":31.0},{"not_picked":["MostiFishMod:Exploitation","MostiFishMod:Nova","Thunder Strike","MostiFishMod:IntelligentEquipment"],"picked":"MostiFishMod:Hijack","floor":33.0},{"not_picked":["Heatsinks+1","Sweeping Beam","FIFO Queue+1","Panic Button+1"],"picked":"Chill","floor":35.0},{"not_picked":["White Noise+1","Sweeping Beam","Cold Snap+1","Skim+1"],"picked":"Streamline","floor":38.0},{"not_picked":["Ball Lightning+1","BasicCrystalCard+1","Defragment+1","REME_SelfUpgrade+1"],"picked":"Go for the Eyes+1","floor":39.0},{"not_picked":["MostiFishMod:Nova","MostiFishMod:TalkingToTheRain+1","MostiFishMod:Exploitation","Blizzard"],"picked":"MostiFishMod:ActiveDefenseSystem+1","floor":40.0},{"not_picked":["Redo","REME_SelfUpgrade+1","Streamline+1","Stack+1"],"picked":"Go for the Eyes","floor":41.0},{"not_picked":["Sweeping Beam","White Noise+1","Barrage+1","BasicCrystalCard","Beam Cell"],"picked":"SKIP","floor":42.0},{"not_picked":["Go for the Eyes+1","MostiFishMod:FluxCapactior","Lockon","Steam+1"],"picked":"MostiFishMod:InterfaceCompatibility+1","floor":44.0},{"not_picked":["Redo+1","Rip and Tear","MostiFishMod:PushDownKick+1","Coolheaded"],"picked":"Static Discharge+1","floor":45.0},{"not_picked":["Compile Driver","Ball Lightning+1","Time Bomb","Steam","Coolheaded+1"],"picked":"SKIP","floor":47.0},{"not_picked":["REME_Compress","BasicCrystalCard","Panic Button+1","Barrage+1"],"picked":"Echo Form+1","floor":48}],"player_experience":126867,"relics_obtained":[{"floor":1.0,"key":"SynthV:TestCard"},{"floor":6.0,"key":"HornCleat"},{"floor":9.0,"key":"Whetstone"},{"floor":14.0,"key":"PreservedInsect"},{"floor":23.0,"key":"MostiFishMod:Haymaker"},{"floor":25.0,"key":"Necronomicon"},{"floor":26.0,"key":"Replay:Antivirus Software"},{"floor":40.0,"key":"reliquary:IridiumChain"},{"floor":45.0,"key":"Old Coin"}],"event_choices":[{"damage_healed":0.0,"max_hp_gain":0.0,"max_hp_loss":0.0,"gold_gain":0.0,"event_name":"Scrap Ooze","player_choice":"Success","floor":3.0,"gold_loss":0.0,"damage_taken":25.0,"relics_obtained":["reliquary:Buckler"]},{"damage_healed":18.0,"max_hp_gain":0.0,"max_hp_loss":0.0,"gold_gain":0.0,"event_name":"The Cleric","player_choice":"Healed","floor":4.0,"gold_loss":35.0,"damage_taken":0.0},{"damage_healed":0.0,"max_hp_gain":0.0,"max_hp_loss":0.0,"gold_gain":0.0,"event_name":"Shining Light","player_choice":"Entered Light","floor":5.0,"gold_loss":0.0,"damage_taken":15.0,"cards_upgraded":["ReplayGash","Strike_B"]},{"damage_healed":25.0,"max_hp_gain":0.0,"max_hp_loss":0.0,"gold_gain":0.0,"event_name":"Big Fish","player_choice":"Banana","floor":7.0,"gold_loss":0.0,"damage_taken":0.0},{"damage_healed":0.0,"max_hp_gain":0.0,"max_hp_loss":0.0,"gold_gain":175.0,"event_name":"Liars Game","player_choice":"AGREE","floor":11.0,"gold_loss":0.0,"damage_taken":0.0,"cards_obtained":["Doubt"]},{"damage_healed":0.0,"max_hp_gain":0.0,"max_hp_loss":0.0,"gold_gain":0.0,"event_name":"N\u0027loth","player_choice":"Traded Relic","floor":21.0,"relics_lost":["DaveBox"],"gold_loss":0.0,"damage_taken":0.0,"relics_obtained":["Nloth\u0027s Gift"]},{"damage_healed":0.0,"max_hp_gain":0.0,"max_hp_loss":0.0,"gold_gain":0.0,"event_name":"Cursed Tome","player_choice":"Obtained Book","floor":25.0,"gold_loss":0.0,"damage_taken":16.0},{"damage_healed":0.0,"max_hp_gain":0.0,"max_hp_loss":0.0,"gold_gain":0.0,"event_name":"Mysterious Sphere","player_choice":"Fight","floor":45.0,"gold_loss":0.0,"damage_taken":0.0},{"damage_healed":0.0,"max_hp_gain":0.0,"max_hp_loss":0.0,"gold_gain":0.0,"event_name":"MindBloom","player_choice":"Upgrade","floor":46.0,"gold_loss":0.0,"damage_taken":0.0,"cards_upgraded":["Defend_B","Defend_B","Defend_B","Dualcast","BootSequence","REME_Shoggoth","Swift Strike","MostiFishMod:DeathFromBelow","Gash","MostiFishMod:GatherIntelligence","Core Surge","Gash","Meteor Strike","FIFO Queue","Replay:BasicMightCard","MostiFishMod:Hijack","Chill","Streamline","Go for the Eyes"],"relics_obtained":["Mark of the Bloom"]}],"is_beta":false,"boss_relics":[{"not_picked":["SacredBark","Coffee Dripper"],"picked":"GreenFoldingFan"},{"not_picked":["MoonlightInvasionPlan","RhineFirstAidKit"],"picked":"RhineCircuit"}],"items_purged_floors":[13,30,30,37],"is_endless":false,"potions_floor_spawned":[2,6,14,16,22,23,28,31,38,39,45,48],"ascension_level":5}}