{"host":"ibckqdmmf9y74ymf","time":1614382383,"event":{"mods":["2.2 Compatiblity","Ascension Unlocker","BaseMod","Colored Map","Curses Come First","Highlight Path","Minty Spire (QoL Compilation)","Quick Restart","Rare Cards Sparkle","Relic Stats","StSLib"],"gold_per_floor":[116,133,144,144,155,155,190,204,204,231,242,242,267,45,45,122,122,141,141,141,56,56,88,88,88,88,106,106,140,152,189,201,286,298,350,402,414,479,516,516],"floor_reached":39,"language":"ENG","playtime":1402,"items_purged":[],"score":1060,"play_id":"24b28a09-7f39-4997-ade2-207f3bfac84e","local_time":"20210227003303","is_ascension_mode":true,"campfire_choices":[{"data":"CrushJoints","floor":6.0,"key":"SMITH"},{"floor":12,"key":"REST"},{"floor":15,"key":"REST"},{"data":"RitualDagger","floor":24,"key":"SMITH"},{"floor":28,"key":"REST"},{"data":"SandsOfTime","floor":32,"key":"SMITH"}],"circlet_count":0,"master_deck":["AscendersBane","Strike_P","Strike_P","Strike_P","Defend_P","Defend_P","Defend_P","Eruption","Vigilance","BowlingBash","FlyingSleeves+1","SandsOfTime+1","CrushJoints+1","WheelKick","FearNoEvil","DevaForm","EmptyBody","Adaptation","Scrawl","RitualDagger+1","PathToVictory","Swivel","DeusExMachina","Wish","WheelKick+1","LikeWater+1","WheelKick+1"],"relics":["PureWater","Akabeko","Juzu Bracelet","The Courier","Anchor","Bottled Tornado","Shuriken","Snecko Eye","Blue Candle","Molten Egg 2","Toy Ornithopter","MawBank","MealTicket","SlaversCollar","Gambling Chip"],"acts_visited":["Exordium","TheCity","TheBeyond"],"potions_floor_usage":[29,31,33,38],"damage_taken":[{"damage":0.0,"enemies":"Cultist","floor":1.0,"turns":2.0},{"damage":0.0,"enemies":"Small Slimes","floor":2.0,"turns":2.0},{"damage":2.0,"enemies":"Jaw Worm","floor":3.0,"turns":3.0},{"damage":0.0,"enemies":"3 Louse","floor":5.0,"turns":2.0},{"damage":20.0,"enemies":"3 Sentries","floor":7.0,"turns":7.0},{"damage":7.0,"enemies":"Exordium Wildlife","floor":8.0,"turns":3.0},{"damage":22,"enemies":"Lagavulin","floor":10,"turns":6},{"damage":0,"enemies":"Large Slime","floor":11,"turns":3},{"damage":8,"enemies":"Gremlin Nob","floor":13,"turns":3},{"damage":12,"enemies":"Hexaghost","floor":16,"turns":6},{"damage":7,"enemies":"Shell Parasite","floor":18,"turns":3},{"damage":0,"enemies":"Gremlin Leader","floor":23,"turns":3},{"damage":0,"enemies":"2 Thieves","floor":27,"turns":4},{"damage":0,"enemies":"Book of Stabbing","floor":29,"turns":2},{"damage":0,"enemies":"Gremlin Leader","floor":31,"turns":4},{"damage":12,"enemies":"Automaton","floor":33,"turns":4},{"damage":7,"enemies":"3 Darklings","floor":35,"turns":4},{"damage":0,"enemies":"3 Shapes","floor":36,"turns":2},{"damage":34,"enemies":"2 Orb Walkers","floor":38,"turns":4},{"damage":34,"enemies":"Jaw Worm Horde","floor":39,"turns":2}],"seed_played":"1532522618077054026","potions_obtained":[{"floor":7.0,"key":"SkillPotion"},{"floor":10,"key":"GamblersBrew"},{"floor":11,"key":"BlessingOfTheForge"},{"floor":16,"key":"DuplicationPotion"},{"floor":23,"key":"SteroidPotion"},{"floor":29,"key":"Fire Potion"},{"floor":36,"key":"FearPotion"}],"is_trial":false,"path_per_floor":["M","M","M","?","M","R","E","M","T","E","M","R","E","$","R","B",null,"M","?","?","?","?","E","R","?","T","M","R","E","$","E","R","B",null,"M","M","?","?","M"],"character_chosen":"WATCHER","items_purchased":["Shuriken"],"campfire_rested":3,"item_purchase_floors":[14],"current_hp_per_floor":[61,61,59,59,59,59,39,32,32,10,10,30,22,22,42,30,59,52,46,46,46,46,46,46,27,27,27,48,53,53,58,58,51,68,61,61,61,32,0,0],"gold":516,"neow_bonus":"RANDOM_COMMON_RELIC","is_daily":false,"chose_seed":false,"campfire_upgraded":3,"win_rate":0.0,"timestamp":1614382383,"path_taken":["M","?","M","?","M","R","E","M","T","E","M","R","E","$","R","BOSS","M","?","?","?","?","E","R","?","T","M","R","E","$","E","R","BOSS","M","M","?","?","M"],"items_purchased_type":["Relic"],"build_version":"2020-12-22","purchased_purges":0,"victory":false,"max_hp_per_floor":[68,68,68,68,68,68,68,68,68,68,68,68,68,68,68,68,68,68,68,68,68,68,68,68,73,73,73,73,73,73,73,73,73,73,73,73,69,69,69,69],"relic_stats":{"counters":[20,69],"Shuriken":[22],"Blue Candle":[0],"Gambling Chip":[5],"Snecko Eye":[63,57,61,69],"MealTicket":0,"Juzu Bracelet":1,"MawBank":120,"obtain_stats":[{"Blue Candle":21,"The Courier":9,"Juzu Bracelet":7,"Bottled Tornado":13,"MawBank":29,"Akabeko":0,"SlaversCollar":34,"Anchor":10,"Shuriken":14,"Gambling Chip":38,"Snecko Eye":17,"Molten Egg 2":23,"MealTicket":31,"PureWater":0,"Toy Ornithopter":26},{"Blue Candle":11,"The Courier":6,"Juzu Bracelet":5,"Bottled Tornado":9,"MawBank":14,"Akabeko":0,"SlaversCollar":16,"Anchor":7,"Shuriken":9,"Gambling Chip":19,"Snecko Eye":10,"Molten Egg 2":12,"MealTicket":15,"PureWater":0,"Toy Ornithopter":12},{"Blue Candle":40,"The Courier":19,"Juzu Bracelet":16,"Bottled Tornado":31,"MawBank":49,"Akabeko":0,"SlaversCollar":57,"Anchor":25,"Shuriken":31,"Gambling Chip":67,"Snecko Eye":37,"Molten Egg 2":43,"MealTicket":53,"PureWater":0,"Toy Ornithopter":43}],"Toy Ornithopter":20},"card_choices":[{"not_picked":["CutThroughFate","CrushJoints"],"picked":"BowlingBash","floor":1.0},{"not_picked":["Perseverance","Protect"],"picked":"FlyingSleeves","floor":2.0},{"not_picked":["BowlingBash","CrushJoints"],"picked":"SandsOfTime","floor":3.0},{"not_picked":["BowlingBash","SandsOfTime"],"picked":"CrushJoints","floor":5.0},{"not_picked":["BowlingBash","Evaluate"],"picked":"WheelKick","floor":7.0},{"not_picked":["Sanctity","ClearTheMind"],"picked":"FearNoEvil","floor":8.0},{"not_picked":["SashWhip","EmptyMind"],"picked":"DevaForm","floor":10},{"not_picked":["WaveOfTheHand","SandsOfTime"],"picked":"EmptyBody","floor":11},{"not_picked":["Evaluate","SashWhip"],"picked":"Adaptation","floor":13},{"not_picked":["SpiritShield","Alpha"],"picked":"Scrawl","floor":16},{"not_picked":["CutThroughFate","Prostrate","ClearTheMind"],"picked":"SKIP","floor":18},{"not_picked":["SashWhip+1","WaveOfTheHand","Weave+1"],"picked":"SKIP","floor":23},{"not_picked":["SashWhip+1","WaveOfTheHand","Weave+1"],"picked":"SKIP","floor":23},{"not_picked":["SignatureMove+1","BowlingBash+1","FlyingSleeves+1"],"picked":"SKIP","floor":27},{"not_picked":["EmptyMind","BowlingBash+1"],"picked":"DeusExMachina","floor":29},{"not_picked":["Prostrate+1","JustLucky+1","Swivel"],"picked":"SKIP","floor":31},{"not_picked":["Judgement","Omniscience"],"picked":"Wish","floor":33},{"not_picked":["CrushJoints+1","Crescendo+1"],"picked":"WheelKick+1","floor":35},{"not_picked":["Sanctity","Collect"],"picked":"LikeWater+1","floor":36},{"not_picked":["Study","JustLucky+1"],"picked":"WheelKick+1","floor":38}],"player_experience":575421,"relics_obtained":[{"floor":7.0,"key":"Juzu Bracelet"},{"floor":9.0,"key":"The Courier"},{"floor":10,"key":"Anchor"},{"floor":13,"key":"Bottled Tornado"},{"floor":23,"key":"Molten Egg 2"},{"floor":26,"key":"Toy Ornithopter"},{"floor":29,"key":"MawBank"},{"floor":31,"key":"MealTicket"},{"floor":38,"key":"Gambling Chip"}],"event_choices":[{"damage_healed":0.0,"max_hp_gain":0.0,"max_hp_loss":0.0,"gold_gain":0.0,"event_name":"Accursed Blacksmith","player_choice":"Forge","floor":4.0,"gold_loss":0.0,"damage_taken":0.0,"cards_upgraded":["FlyingSleeves"]},{"damage_healed":0,"gold_gain":0,"player_choice":"Joined the Cult","damage_taken":6,"max_hp_gain":0,"max_hp_loss":0,"event_name":"Nest","floor":19,"gold_loss":0,"cards_obtained":["RitualDagger"]},{"damage_healed":0,"gold_gain":0,"cards_transformed":["Strike_P","Defend_P"],"player_choice":"Became Test Subject","damage_taken":0,"max_hp_gain":0,"max_hp_loss":0,"event_name":"Drug Dealer","floor":20,"gold_loss":0,"cards_obtained":["PathToVictory","Swivel"]},{"damage_healed":0,"gold_gain":0,"player_choice":"Obtained Relic","damage_taken":0,"relics_obtained":["Blue Candle"],"max_hp_gain":0,"max_hp_loss":0,"event_name":"Addict","floor":21,"gold_loss":85},{"damage_healed":0,"gold_gain":0,"player_choice":"Ignored","damage_taken":0,"max_hp_gain":0,"max_hp_loss":0,"event_name":"The Mausoleum","floor":22,"gold_loss":0},{"damage_healed":0,"gold_gain":0,"player_choice":"Shed Blood","damage_taken":24,"max_hp_gain":5,"max_hp_loss":0,"event_name":"Forgotten Altar","floor":25,"gold_loss":0},{"damage_healed":0,"gold_gain":0,"player_choice":"Max HP","damage_taken":0,"max_hp_gain":0,"max_hp_loss":4,"event_name":"Winding Halls","floor":37,"gold_loss":0},{"damage_healed":0,"gold_gain":0,"player_choice":"Fight","damage_taken":0,"max_hp_gain":0,"max_hp_loss":0,"event_name":"Mysterious Sphere","floor":38,"gold_loss":0}],"is_beta":false,"boss_relics":[{"not_picked":["Fusion Hammer","Tiny House"],"picked":"Snecko Eye"},{"not_picked":["HolyWater","Velvet Choker"],"picked":"SlaversCollar"}],"items_purged_floors":[],"is_endless":false,"potions_floor_spawned":[7,10,11,16,23,29,36],"killed_by":"Jaw Worm Horde","ascension_level":20}}