{"host":"test","time":1614338616,"event":{"mods":["BaseMod","Bestiary","Colored Map","Colored Powertips","Minty Spire (QoL Compilation)","Relic Stats","Slay the Relics Exporter","SpireBot","StSLib","ojb\u0027s Better Paths Mod","ojb\u0027s Info Mod: The sequel"],"gold_per_floor":[112,129,129,129,140,140,155,173,254,254,270,305,13,32,32,104,104,119,44,64,64,91,116,25,25,25,39,55,75,107,121,121,195,195,208,208,43,61,72,104,104,117,164,195,195,226,253,284,296,308,320,332,344,65,100,100],"floor_reached":57,"language":"JPN","playtime":4262,"items_purged":["Pain","Setup","Setup","Doubt"],"score":2978,"play_id":"984b8271-34f7-4bc2-b55b-13ae09674a2e","local_time":"20210226202336","is_ascension_mode":true,"campfire_choices":[{"floor":6.0,"key":"REST"},{"floor":10.0,"key":"REST"},{"data":"Metamorphosis","floor":15.0,"key":"SMITH"},{"data":"Well Laid Plans","floor":25.0,"key":"SMITH"},{"data":"Night Terror","floor":32.0,"key":"SMITH"},{"data":"Wraith Form v2","floor":41.0,"key":"SMITH"},{"floor":49.0,"key":"RECALL"},{"data":"Accuracy","floor":53.0,"key":"SMITH"}],"circlet_count":0,"master_deck":["AscendersBane","Survivor","Neutralize","Metamorphosis+1","Flying Knee+1","Dagger Spray","Acrobatics","Malaise","Blade Dance","Bullet Time","PiercingWail","Dash","Phantasmal Killer","Backflip","Terror","Night Terror+1","Well Laid Plans+1","Leg Sweep","Cloak And Dagger","Accuracy+1","Infinite Blades","Phantasmal Killer","Noxious Fumes","Glass Knife","Blur","Tools of the Trade","Leg Sweep","Acrobatics","Acrobatics","Blade Dance","Blade Dance","Dodge and Roll+1","Wraith Form v2+1","Calculated Gamble+1","Eviscerate+1","Parasite","Backflip+1","Well Laid Plans","Wraith Form v2"],"relics":["Ring of the Snake","WarpedTongs","Kunai","FossilizedHelix","Meat on the Bone","Cursed Key","Red Mask","Smiling Mask","Peace Pipe","Pandora\u0027s Box","Eternal Feather","Juzu Bracelet","Centennial Puzzle","Anchor","Snake Skull","MawBank","Toy Ornithopter","Bronze Scales"],"acts_visited":["Exordium","TheCity","TheBeyond","TheEnding"],"potions_floor_usage":[56],"damage_taken":[{"damage":1.0,"enemies":"Jaw Worm","floor":1.0,"turns":3.0},{"damage":10.0,"enemies":"2 Louse","floor":2.0,"turns":3.0},{"damage":0.0,"enemies":"Cultist","floor":5.0,"turns":3.0},{"damage":28.0,"enemies":"Exordium Thugs","floor":7.0,"turns":4.0},{"damage":4.0,"enemies":"3 Louse","floor":8.0,"turns":4.0},{"damage":8.0,"enemies":"Exordium Wildlife","floor":11.0,"turns":4.0},{"damage":2.0,"enemies":"Lagavulin","floor":12.0,"turns":6.0},{"damage":1.0,"enemies":"Gremlin Gang","floor":14.0,"turns":4.0},{"damage":19.0,"enemies":"Slime Boss","floor":16.0,"turns":13.0},{"damage":24.0,"enemies":"Spheric Guardian","floor":18.0,"turns":4.0},{"damage":11.0,"enemies":"2 Thieves","floor":20.0,"turns":3.0},{"damage":11.0,"enemies":"Masked Bandits","floor":22.0,"turns":3.0},{"damage":5.0,"enemies":"Book of Stabbing","floor":23.0,"turns":5.0},{"damage":9.0,"enemies":"Snake Plant","floor":27.0,"turns":5.0},{"damage":19.0,"enemies":"3 Cultists","floor":28.0,"turns":5.0},{"damage":0.0,"enemies":"Snecko","floor":29.0,"turns":4.0},{"damage":0.0,"enemies":"Gremlin Leader","floor":30.0,"turns":6.0},{"damage":6.0,"enemies":"Centurion and Healer","floor":31.0,"turns":6.0},{"damage":16.0,"enemies":"Automaton","floor":33.0,"turns":6.0},{"damage":0.0,"enemies":"Orb Walker","floor":35.0,"turns":3.0},{"damage":0.0,"enemies":"3 Darklings","floor":38.0,"turns":5.0},{"damage":0.0,"enemies":"Transient","floor":39.0,"turns":6.0},{"damage":0.0,"enemies":"Nemesis","floor":40.0,"turns":3.0},{"damage":6.0,"enemies":"Writhing Mass","floor":42.0,"turns":8.0},{"damage":4.0,"enemies":"Reptomancer","floor":44.0,"turns":5.0},{"damage":1.0,"enemies":"Giant Head","floor":46.0,"turns":7.0},{"damage":0.0,"enemies":"Nemesis","floor":48.0,"turns":5.0},{"damage":33.0,"enemies":"Awakened One","floor":50.0,"turns":20.0},{"damage":34.0,"enemies":"Time Eater","floor":51.0,"turns":11.0},{"damage":12,"enemies":"Shield and Spear","floor":55,"turns":9},{"damage":120,"enemies":"The Heart","floor":56,"turns":10}],"seed_played":"2157712337990647873","potions_obtained":[{"floor":1.0,"key":"Block Potion"},{"floor":2.0,"key":"LiquidBronze"},{"floor":7.0,"key":"FearPotion"},{"floor":8.0,"key":"ColorlessPotion"},{"floor":11.0,"key":"CunningPotion"},{"floor":18.0,"key":"DistilledChaos"},{"floor":22.0,"key":"DistilledChaos"},{"floor":23.0,"key":"SkillPotion"},{"floor":30.0,"key":"Strength Potion"},{"floor":31.0,"key":"Fire Potion"},{"floor":35.0,"key":"BlessingOfTheForge"},{"floor":45.0,"key":"FairyPotion"},{"floor":45.0,"key":"DuplicationPotion"}],"is_trial":false,"path_per_floor":["M","M","?","?","M","R","M","M","T","R","M","E","$","M","R","B",null,"M","$","M","?","?","E","$","R","T","M","M","M","E","M","R","B",null,"M","?","$","M","M","E","R","M","T","E","?","E","T","E","R","B","B",null,"R","$","E","B",null],"character_chosen":"THE_SILENT","items_purchased":["Meat on the Bone","PiercingWail","Well Laid Plans","Blade Dance","PowerPotion","Toy Ornithopter","Well Laid Plans"],"campfire_rested":2,"item_purchase_floors":[13,13,24,37,37,54,54],"current_hp_per_floor":[58,48,30,30,30,48,20,16,16,34,26,24,24,35,35,28,52,40,40,41,41,42,37,37,37,37,40,33,33,33,39,39,35,54,54,54,54,54,54,54,60,54,54,50,50,49,49,49,60,39,17,49,60,60,48,18],"gold":100,"neow_bonus":"RANDOM_COLORLESS_2","is_daily":false,"chose_seed":true,"campfire_upgraded":5,"win_rate":0.0,"timestamp":1614338616,"path_taken":["M","M","?","?","?","R","M","M","T","R","M","E","$","M","R","BOSS","M","$","M","?","?","E","?","R","T","M","M","?","E","M","R","BOSS","M","?","$","M","M","E","R","M","T","E","?","E","?","E","R","BOSS","BOSS","R","$","E","BOSS"],"items_purchased_type":["Relic","Card","Card","Card","Potion","Relic","Card"],"build_version":"2020-12-18","purchased_purges":4,"victory":true,"max_hp_per_floor":[60,60,60,60,60,60,60,60,60,60,60,60,60,60,60,60,60,60,60,60,60,60,60,60,60,60,60,60,60,60,60,60,60,60,60,60,60,60,60,60,60,60,60,60,60,60,60,60,60,60,60,60,60,60,60,60],"relic_stats":{"counters":[31,183],"Eternal Feather":28,"Snake Skull":[36],"Juzu Bracelet":1,"Cursed Key":2,"Smiling Mask":225,"MawBank":72,"WarpedTongs":[175],"Peace Pipe":0,"Centennial Puzzle":[15],"Bronze Scales":[144],"Pandora\u0027s Box":["Noxious Fumes","Glass Knife","Blur","Tools of the Trade","Leg Sweep","Setup","Acrobatics","Reflex"],"Kunai":[112],"obtain_stats":[{"Eternal Feather":36,"Snake Skull":47,"Juzu Bracelet":40,"Cursed Key":17,"Smiling Mask":23,"MawBank":48,"WarpedTongs":4,"Peace Pipe":30,"Centennial Puzzle":44,"Anchor":46,"Bronze Scales":55,"Pandora\u0027s Box":34,"Red Mask":22,"Kunai":9,"FossilizedHelix":12,"Toy Ornithopter":54,"Ring of the Snake":0,"Meat on the Bone":13},{"Eternal Feather":20,"Snake Skull":26,"Juzu Bracelet":23,"Cursed Key":9,"Smiling Mask":13,"MawBank":27,"WarpedTongs":2,"Peace Pipe":17,"Centennial Puzzle":25,"Anchor":26,"Bronze Scales":30,"Pandora\u0027s Box":19,"Red Mask":12,"Kunai":5,"FossilizedHelix":7,"Toy Ornithopter":29,"Ring of the Snake":0,"Meat on the Bone":7},{"Eternal Feather":94,"Snake Skull":128,"Juzu Bracelet":108,"Cursed Key":44,"Smiling Mask":59,"MawBank":133,"WarpedTongs":6,"Peace Pipe":79,"Centennial Puzzle":121,"Anchor":128,"Bronze Scales":173,"Pandora\u0027s Box":91,"Red Mask":54,"Kunai":17,"FossilizedHelix":27,"Toy Ornithopter":164,"Ring of the Snake":0,"Meat on the Bone":27}],"Toy Ornithopter":5,"Ring of the Snake":[62],"Meat on the Bone":144},"card_choices":[{"not_picked":["Secret Weapon","Sadistic Nature"],"picked":"Metamorphosis","floor":0.0},{"not_picked":["Infinite Blades","Poisoned Stab"],"picked":"Flying Knee","floor":1.0},{"not_picked":["Backflip","Reflex"],"picked":"Dagger Spray","floor":2.0},{"not_picked":["Dodge and Roll","Poisoned Stab"],"picked":"Acrobatics","floor":5.0},{"not_picked":["Outmaneuver","Quick Slash"],"picked":"Malaise","floor":7.0},{"not_picked":["PiercingWail","Bouncing Flask"],"picked":"Blade Dance","floor":8.0},{"not_picked":["Dodge and Roll","Flying Knee","Slice"],"picked":"SKIP","floor":11.0},{"not_picked":["Sucker Punch","Poisoned Stab"],"picked":"Bullet Time","floor":12.0},{"not_picked":["Prepared","Quick Slash"],"picked":"Dash","floor":14.0},{"not_picked":["Envenom","Venomology"],"picked":"Phantasmal Killer","floor":16.0},{"not_picked":["Slice+1","Infinite Blades"],"picked":"Backflip","floor":18.0},{"not_picked":["Quick Slash","Bouncing Flask"],"picked":"Terror","floor":20.0},{"not_picked":["Endless Agony","Choke","Heel Hook"],"picked":"SKIP","floor":23.0},{"not_picked":["Deadly Poison","Acrobatics"],"picked":"Leg Sweep","floor":27.0},{"not_picked":["Sucker Punch","Escape Plan"],"picked":"Cloak And Dagger","floor":28.0},{"not_picked":["Grand Finale","Deflect+1"],"picked":"Accuracy","floor":29.0},{"not_picked":["Outmaneuver","Setup","Heel Hook"],"picked":"SKIP","floor":30.0},{"not_picked":["Dagger Spray","Deflect"],"picked":"Infinite Blades","floor":31.0},{"not_picked":["Bullet Time","Glass Knife"],"picked":"Phantasmal Killer","floor":33.0},{"not_picked":["Endless Agony+1","Prepared"],"picked":"Acrobatics","floor":35.0},{"not_picked":["Sucker Punch","Cloak And Dagger"],"picked":"Blade Dance","floor":38.0},{"not_picked":["Crippling Poison","Poisoned Stab"],"picked":"Dodge and Roll+1","floor":39.0},{"not_picked":["Phantasmal Killer","Dash"],"picked":"Wraith Form v2","floor":40.0},{"not_picked":["Quick Slash","Flechettes"],"picked":"Calculated Gamble+1","floor":42.0},{"not_picked":["Expertise","Masterful Stab"],"picked":"Eviscerate+1","floor":44.0},{"not_picked":["Poisoned Stab","Catalyst","Sucker Punch"],"picked":"SKIP","floor":46.0},{"not_picked":["Dodge and Roll","PiercingWail+1"],"picked":"Backflip+1","floor":48.0},{"not_picked":["Cloak And Dagger+1","Unload"],"picked":"Wraith Form v2","floor":55}],"player_experience":2133602,"relics_obtained":[{"floor":9.0,"key":"Kunai"},{"floor":12.0,"key":"FossilizedHelix"},{"floor":22.0,"key":"Red Mask"},{"floor":23.0,"key":"Smiling Mask"},{"floor":30.0,"key":"Peace Pipe"},{"floor":40.0,"key":"Juzu Bracelet"},{"floor":44.0,"key":"Centennial Puzzle"},{"floor":46.0,"key":"Anchor"},{"floor":47.0,"key":"Snake Skull"},{"floor":48.0,"key":"MawBank"},{"floor":55,"key":"Bronze Scales"}],"event_choices":[{"damage_healed":0.0,"max_hp_gain":0.0,"max_hp_loss":0.0,"gold_gain":0.0,"event_name":"Shining Light","player_choice":"Entered Light","floor":3.0,"gold_loss":0.0,"damage_taken":18.0,"cards_upgraded":["Defend_G","Flying Knee"]},{"damage_healed":0.0,"max_hp_gain":0.0,"max_hp_loss":0.0,"gold_gain":0.0,"event_name":"Accursed Blacksmith","player_choice":"Rummage","floor":4.0,"gold_loss":0.0,"damage_taken":0.0,"relics_obtained":["WarpedTongs"],"cards_obtained":["Pain"]},{"damage_healed":0.0,"max_hp_gain":0.0,"max_hp_loss":0.0,"gold_gain":0.0,"cards_transformed":["Strike_G","Strike_G"],"event_name":"Drug Dealer","player_choice":"Became Test Subject","floor":21.0,"gold_loss":0.0,"damage_taken":0.0,"cards_obtained":["Setup","Night Terror"]},{"damage_healed":0.0,"max_hp_gain":0.0,"max_hp_loss":0.0,"gold_gain":0.0,"event_name":"Masked Bandits","player_choice":"Fought Bandits","floor":22.0,"gold_loss":0.0,"damage_taken":0.0},{"cards_removed":["Reflex"],"damage_healed":0.0,"max_hp_gain":0.0,"max_hp_loss":0.0,"gold_gain":0.0,"event_name":"WeMeetAgain","player_choice":"Gave Card","floor":36.0,"gold_loss":0.0,"damage_taken":0.0,"relics_obtained":["Eternal Feather"]},{"damage_healed":0.0,"max_hp_gain":0.0,"max_hp_loss":0.0,"gold_gain":0.0,"event_name":"Lab","player_choice":"Got Potions","floor":45.0,"gold_loss":0.0,"damage_taken":0.0}],"is_beta":true,"boss_relics":[{"not_picked":["Calling Bell","Ring of the Serpent"],"picked":"Cursed Key"},{"not_picked":["HoveringKite","SacredBark"],"picked":"Pandora\u0027s Box"}],"items_purged_floors":[19,24,37,54],"is_endless":false,"potions_floor_spawned":[1,2,7,8,11,18,22,23,30,31,35,40,46,55],"ascension_level":20}}