{"host":"7vcinojww5gy0fs8","time":1614317972,"event":{"mods":["100% Spire Juice","Act Like it!","Alarm Clock","Aspiration","Astrologer","BaseMod","Better Vampires","BetterRewards","Conspire","Energized Spire","Googly Eyes","Gremlin Mod","Highlight Path","Jedi Mod","Library of Ruina","Library of Ruina Extra","Minty Spire (QoL Compilation)","Pale of the Ancients","Quick Restart","Reliquary","Shop Mod","StSLib","TestMod","The Alterego","The Bladedancer","The Cursed","The Hayseed","The Mystic","The Poker Player","Yuri Mod","óô»ðÖ¸ÄÏ"],"gold_per_floor":[216,226,226,226,245,277,277,289,289,309,324,324,324,353,353,452,452,464,496,199,199,125,125,153,153,175,192,192,218,118,118,118,220,220,236,111,111,111,122,154,104,113,137,153,165,208,49,68,68,69,93],"floor_reached":52,"language":"ZHS","playtime":5287,"items_purged":["TheCursedMod:Strike_TheCursed","TheCursedMod:Strike_TheCursed","TheCursedMod:Strike_TheCursed"],"score":770,"play_id":"7229ddd8-8743-491e-9ff0-46157375ad5f","local_time":"20210226133932","is_ascension_mode":false,"campfire_choices":[{"data":"TheCursedMod:CircleOfFlame","floor":7.0,"key":"SMITH"},{"floor":13.0,"key":"REST"},{"floor":15.0,"key":"REST"},{"data":"TheCursedMod:CircleOfWindfury","floor":23.0,"key":"SMITH"},{"floor":25.0,"key":"REST"},{"data":"TheCursedMod:CursedWand","floor":28.0,"key":"SMITH"},{"data":"TheCursedMod:SpitefulPray","floor":32.0,"key":"SMITH"},{"floor":49,"key":"REST"}],"circlet_count":0,"master_deck":["TheCursedMod:Defend_TheCursed","TheCursedMod:Defend_TheCursed","TheCursedMod:Defend_TheCursed","TheCursedMod:CursedWand+1","TheCursedMod:CleanUpWorkshop","TheCursedMod:Dregs","TheCursedMod:CircleOfFlame+1","TheCursedMod:AshesToAshes","Injury","TheCursedMod:HellsGateOpen+1","TheCursedMod:CursedStaff","TheCursedMod:SoulCrush","TheCursedMod:Evocation","TheCursedMod:Hemoplague+1","TheCursedMod:ManaCirculation+1","TheCursedMod:SoulReap+1","TheCursedMod:CircleOfWindfury+1","TheCursedMod:LuckyCharm+1","TheCursedMod:SpitefulPlan+1","TheCursedMod:SpitefulPray+1","TheCursedMod:VoidForm+1","Pain","TheCursedMod:AntiAging","TheCursedMod:SoulReap","Madness","Madness","TheCursedMod:PrepareRite+1","conspire:SpireCoStock","Parasite","TheCursedMod:WearCloak","TheCursedMod:Evocation+1","TheCursedMod:SpitefulPray+1","TheCursedMod:FleshFromBone+1","TheCursedMod:CollectTribute+1","TheCursedMod:CursedShiv","TheCursedMod:AntiAging"],"relics":["TheCursedMod:BlackMagic101","testmod-TestBox","testmod-Fortitude","Frozen Egg 2","PageOfBloodbath","PageOfWizard","Incense Burner","Odd Mushroom","energizedSpire:OgreHead","Lantern","testmod-Charity","Enchiridion","Centennial Puzzle","testmod-OneHitWonder","Regal Pillow","WarpedTongs","reliquary:WritOfMandamus","reliquary:IridiumChain","Akabeko"],"acts_visited":["Exordium","TheCity","TheBeyond"],"potions_floor_usage":[45,48,48,50],"damage_taken":[{"damage":3.0,"enemies":"2 Louse","floor":1.0,"turns":3.0},{"damage":0.0,"enemies":"conspire:RoseBush","floor":2.0,"turns":4.0},{"damage":3.0,"enemies":"Jaw Worm","floor":5.0,"turns":7.0},{"damage":13.0,"enemies":"3 Sentries","floor":6.0,"turns":7.0},{"damage":0.0,"enemies":"3 Louse","floor":8.0,"turns":2.0},{"damage":0.0,"enemies":"2 Fungi Beasts","floor":10.0,"turns":2.0},{"damage":7.0,"enemies":"Exordium Wildlife","floor":11.0,"turns":3.0},{"damage":25.0,"enemies":"The Mushroom Lair","floor":14.0,"turns":3.0},{"damage":29.0,"enemies":"The Guardian","floor":16.0,"turns":9.0},{"damage":14.0,"enemies":"conspire:FuzzyDice","floor":18.0,"turns":5.0},{"damage":13.0,"enemies":"conspire:MimicChest","floor":19.0,"turns":5.0},{"damage":18.0,"enemies":"conspire:Head Lice","floor":24.0,"turns":5.0},{"damage":0.0,"enemies":"Spheric Guardian","floor":27.0,"turns":3.0},{"damage":10.0,"enemies":"conspire:SneckoGhost","floor":29.0,"turns":5.0},{"damage":15.0,"enemies":"Automaton","floor":33.0,"turns":5.0},{"damage":20.0,"enemies":"3 Darklings","floor":35.0,"turns":4.0},{"damage":32,"enemies":"Orb Walker","floor":39,"turns":4},{"damage":13,"enemies":"Giant Head","floor":40,"turns":5},{"damage":18,"enemies":"Writhing Mass","floor":42,"turns":5},{"damage":10,"enemies":"Transient","floor":44,"turns":5},{"damage":26,"enemies":"4 Shapes","floor":45,"turns":3},{"damage":14,"enemies":"Spire Growth","floor":46,"turns":3},{"damage":26,"enemies":"3 Darklings","floor":48,"turns":8},{"damage":90,"enemies":"Time Eater","floor":50,"turns":8},{"damage":103,"enemies":"Time Eater","floor":51,"turns":6}],"seed_played":"-7551689179973502469","potions_obtained":[{"floor":2.0,"key":"Explosive Potion"},{"floor":5.0,"key":"Ancient Potion"},{"floor":10.0,"key":"GamblersBrew"},{"floor":11.0,"key":"Swift Potion"},{"floor":14.0,"key":"AttackPotion"},{"floor":24.0,"key":"Block Potion"},{"floor":42,"key":"SpeedPotion"},{"floor":44,"key":"ColorlessPotion"},{"floor":45,"key":"Block Potion"}],"is_trial":false,"path_per_floor":["M","M","?","?","M","E","R","M","T","M","M","?","R","?","R","B",null,"M","?","$","?","$","R","E","R","T","M","R","E","$","?","R","B",null,"M","$","?","?","M","E","?","M","T","M","M","M","$","M","R","B",null,null],"character_chosen":"THE_CURSED","items_purchased":["testmod-Charity","TheCursedMod:LuckyCharm+1","TheCursedMod:SpitefulPlan+1","TheCursedMod:CollectTribute+1"],"campfire_rested":4,"item_purchase_floors":[20,20,22,47],"current_hp_per_floor":[72,72,72,65,62,49,49,49,49,49,42,39,61,36,58,29,75,61,55,55,39,39,39,29,51,52,60,60,58,58,58,58,51,80,82,82,72,72,50,89,89,77,78,97,98,88,88,89,105,102,44],"gold":93,"neow_bonus":"HUNDRED_GOLD","is_daily":false,"chose_seed":false,"campfire_upgraded":4,"win_rate":0.0,"timestamp":1614317972,"path_taken":["M","M","?","?","M","E","R","M","T","M","M","?","R","?","R","BOSS","M","?","$","?","?","R","E","R","T","M","R","E","$","?","R","BOSS","M","$","?","?","M","E","?","?","T","?","M","M","$","M","R","BOSS"],"items_purchased_type":["Relic","Card","Card","Card"],"build_version":"2020-12-22","purchased_purges":3,"victory":true,"max_hp_per_floor":[75,75,75,75,75,75,75,75,75,75,75,75,75,75,75,75,75,75,75,75,75,75,75,76,76,77,78,78,79,79,79,79,80,80,83,83,83,83,86,89,89,92,93,97,98,102,102,105,105,108,114],"card_choices":[{"not_picked":["TheCursedMod:Stretching","TheCursedMod:Evocation"],"picked":"TheCursedMod:CircleOfFlame","floor":1.0},{"not_picked":["TheCursedMod:Stretching","TheCursedMod:CursedShiv"],"picked":"TheCursedMod:AshesToAshes","floor":2.0},{"not_picked":["TheCursedMod:FleshFromBone","TheCursedMod:CircleOfCorruption"],"picked":"TheCursedMod:HellsGateOpen+1","floor":5.0},{"not_picked":["TheCursedMod:Obscuration","TheCursedMod:TacticalStrike"],"picked":"TheCursedMod:CursedStaff","floor":6.0},{"not_picked":["TheCursedMod:CursedMace","TheCursedMod:CircleOfFlame"],"picked":"TheCursedMod:SoulCrush","floor":8.0},{"not_picked":["TheCursedMod:CursedAmulet","TheCursedMod:VitalStrike","TheCursedMod:CircleOfCorruption"],"picked":"SKIP","floor":10.0},{"not_picked":["TheCursedMod:TacticalStrike","TheCursedMod:CursedBlade"],"picked":"TheCursedMod:Evocation","floor":11.0},{"not_picked":["TheCursedMod:VitalStrike","TheCursedMod:Stigma"],"picked":"TheCursedMod:Hemoplague+1","floor":14.0},{"not_picked":["TheCursedMod:ForbiddenAlchemy","TheCursedMod:StunningStrike"],"picked":"TheCursedMod:ManaCirculation+1","floor":16.0},{"not_picked":["TheCursedMod:CircleOfFlame","TheCursedMod:RapidMovement"],"picked":"TheCursedMod:SoulReap+1","floor":18.0},{"not_picked":["TheCursedMod:RapidMovement","TheCursedMod:CircleOfFocus"],"picked":"TheCursedMod:CircleOfWindfury","floor":19.0},{"not_picked":["TheCursedMod:CursedArmor","TheCursedMod:BloodBarrier"],"picked":"TheCursedMod:SpitefulPray","floor":24.0},{"not_picked":["TheCursedMod:CursedMace+1","TheCursedMod:CursedBoomerang","TheCursedMod:SmokeScreen"],"picked":"SKIP","floor":27.0},{"not_picked":["TheCursedMod:Stigma","TheCursedMod:SaltUponWound"],"picked":"TheCursedMod:VoidForm+1","floor":29.0},{"not_picked":["TheCursedMod:Neurasthenia","TheCursedMod:ParallelWorld"],"picked":"TheCursedMod:AntiAging","floor":33.0},{"not_picked":["TheCursedMod:DoubleShield","TheCursedMod:Hemoplague+1"],"picked":"TheCursedMod:SoulReap","floor":35.0},{"not_picked":["TheCursedMod:CursedShiv+1","TheCursedMod:CursedBoomerang+1","TheCursedMod:Stigma+1"],"picked":"SKIP","floor":39},{"not_picked":["TheCursedMod:CursedAmulet","TheCursedMod:Stretching"],"picked":"TheCursedMod:PrepareRite+1","floor":40},{"not_picked":["TheCursedMod:CursedShiv","TheCursedMod:RapidMovement","TheCursedMod:CursedAmulet+1"],"picked":"SKIP","floor":42},{"not_picked":["TheCursedMod:RavingStaff+1","TheCursedMod:CursedSpellbook"],"picked":"TheCursedMod:Evocation+1","floor":44},{"not_picked":["TheCursedMod:Stigma","TheCursedMod:AshesToAshes"],"picked":"TheCursedMod:SpitefulPray+1","floor":45},{"not_picked":["TheCursedMod:Obscuration+1","TheCursedMod:Torture+1"],"picked":"TheCursedMod:FleshFromBone+1","floor":46},{"not_picked":["TheCursedMod:EmpowerCircles+1","TheCursedMod:CircleOfCorruption+1","TheCursedMod:CursedShiv"],"picked":"SKIP","floor":48}],"player_experience":328992,"relics_obtained":[{"floor":6.0,"key":"PageOfBloodbath"},{"floor":9.0,"key":"PageOfWizard"},{"floor":14.0,"key":"Odd Mushroom"},{"floor":19.0,"key":"Lantern"},{"floor":21.0,"key":"Enchiridion"},{"floor":24.0,"key":"Centennial Puzzle"},{"floor":26.0,"key":"testmod-OneHitWonder"},{"floor":29.0,"key":"Regal Pillow"},{"floor":40,"key":"reliquary:IridiumChain"},{"floor":43,"key":"Akabeko"}],"event_choices":[{"cards_removed":["TheCursedMod:Strike_TheCursed"],"damage_healed":0.0,"max_hp_gain":0.0,"max_hp_loss":0.0,"gold_gain":0.0,"event_name":"Golden Wing","player_choice":"Card Removal","floor":4.0,"gold_loss":0.0,"damage_taken":7.0},{"damage_healed":0.0,"max_hp_gain":0.0,"max_hp_loss":0.0,"gold_gain":0.0,"event_name":"Scrap Ooze","player_choice":"Success","floor":12.0,"gold_loss":0.0,"damage_taken":3.0,"relics_obtained":["Incense Burner"]},{"damage_healed":0.0,"max_hp_gain":0.0,"max_hp_loss":0.0,"gold_gain":0.0,"event_name":"Mushrooms","player_choice":"Fought Mushrooms","floor":14.0,"gold_loss":0.0,"damage_taken":0.0},{"damage_healed":0.0,"max_hp_gain":0.0,"max_hp_loss":0.0,"gold_gain":0.0,"event_name":"Cursed Tome","player_choice":"Obtained Book","floor":21.0,"gold_loss":0.0,"damage_taken":16.0},{"damage_healed":0.0,"max_hp_gain":0.0,"max_hp_loss":0.0,"gold_gain":0.0,"event_name":"Accursed Blacksmith","player_choice":"Rummage","floor":31.0,"gold_loss":0.0,"damage_taken":0.0,"relics_obtained":["WarpedTongs"],"cards_obtained":["Pain"]},{"damage_healed":0.0,"max_hp_gain":0.0,"max_hp_loss":0.0,"gold_gain":0.0,"event_name":"Winding Halls","player_choice":"Embrace Madness","floor":37.0,"gold_loss":0.0,"damage_taken":10.0,"cards_obtained":["Madness","Madness"]},{"cards_removed":["TheCursedMod:Defend_TheCursed"],"damage_healed":0.0,"max_hp_gain":0.0,"max_hp_loss":0.0,"gold_gain":0.0,"event_name":"Falling","player_choice":"Removed Skill","floor":38.0,"gold_loss":0.0,"damage_taken":0.0},{"damage_healed":0,"gold_gain":0,"player_choice":"Invest 1","damage_taken":0,"max_hp_gain":0,"max_hp_loss":0,"event_name":"conspire:Investor","floor":41,"gold_loss":0}],"is_beta":false,"boss_relics":[{"not_picked":["conspire:RunicOctahedron","energizedSpire:StickyHand"],"picked":"energizedSpire:OgreHead"},{"not_picked":["Coffee Dripper","reliquary:RedCape"],"picked":"reliquary:WritOfMandamus"}],"items_purged_floors":[20,30,36],"is_endless":false,"potions_floor_spawned":[2,5,10,11,14,24,42,44,45],"ascension_level":0}}