{"host":"we8ay8el3o9pwc2d","time":1614309953,"event":{"mods":["Act Like it!","Aspiration","BaseMod","BetterRewards","Colored Map","Conspire","Downfall","Elementarium","GungeonMod","Minty Spire (QoL Compilation)","Reliquary","Robot Space Explorer","Ruina","Spire Arcade","StSLib","The Marked","Waifu the Spire"],"gold_per_floor":[199,213,233,247,260,160,160,186,202,232,244,244,229,246,261,263,263,263],"floor_reached":16,"language":"ENG","playtime":1092,"items_purged":[],"score":166,"play_id":"cd9d278e-dfb4-402f-a59d-780a5b4e669e","local_time":"20210225202553","is_ascension_mode":false,"campfire_choices":[{"floor":1,"key":"RECALL"},{"data":"bronze:GetLatest","floor":6,"key":"SMITH"}],"circlet_count":0,"master_deck":["bronze:Strike","bronze:Strike","bronze:Strike","bronze:Defend","bronze:Defend","bronze:Defend","bronze:Defend","bronze:Replicate","bronze:Goto","bronze:Separator","bronze:GetLatest+1","bronze:BuggyMess","bronze:Fortify","bronze:Terminator","bronze:ForceShield","bronze:HardenedForm","bronze:Safeguard","bronze:Virus"],"relics":["bronze:BronzeCore","downfall:HeartBlessingRed","PreservedInsect","aspiration:StickyExplosives_weak"],"acts_visited":["Exordium"],"potions_floor_usage":[10,10,16],"damage_taken":[{"damage":1,"enemies":"Cultist","floor":2,"turns":4},{"damage":0,"enemies":"Small Slimes","floor":3,"turns":2},{"damage":0,"enemies":"2 Louse","floor":4,"turns":2},{"damage":15,"enemies":"Blue Slaver","floor":5,"turns":4},{"damage":0,"enemies":"Gremlin Nob","floor":8,"turns":2},{"damage":16,"enemies":"Large Slime","floor":9,"turns":4},{"damage":0,"enemies":"Lagavulin","floor":10,"turns":2},{"damage":0,"enemies":"Red Slaver","floor":11,"turns":1},{"damage":3,"enemies":"downfall:FleeingMerchant","floor":13,"turns":4},{"damage":8,"enemies":"Blue Slaver","floor":14,"turns":3},{"damage":0,"enemies":"Large Slime","floor":15,"turns":5},{"damage":27,"enemies":"WA_ARCHETYPE_RETAIN","floor":16,"turns":7}],"seed_played":"-437722705198790015","potions_obtained":[{"floor":4,"key":"bronze:FreeFunctionsPotion"},{"floor":8,"key":"Swift Potion"},{"floor":9,"key":"AttackPotion"},{"floor":11,"key":"Weak Potion"}],"is_trial":false,"path_per_floor":["R","M","M","M","M","R","T","E","M","E","M","?","$","M","M","B"],"character_chosen":"THE_AUTOMATON","items_purchased":[],"campfire_rested":0,"item_purchase_floors":[],"current_hp_per_floor":[70,69,69,69,54,54,54,54,38,38,38,38,35,27,27,0,0,0],"gold":263,"neow_bonus":"HUNDRED_GOLD","is_daily":false,"chose_seed":false,"campfire_upgraded":1,"win_rate":0.0,"timestamp":1614309953,"path_taken":["R","M","M","?","M","R","T","E","M","E","M","?","$","?","M","BOSS"],"items_purchased_type":[],"build_version":"2020-12-22","purchased_purges":0,"victory":false,"max_hp_per_floor":[70,70,70,70,70,70,70,70,70,70,70,70,70,70,70,70,70,70],"card_choices":[{"not_picked":["bronze:DelayedGuard","bronze:ForceShield"],"picked":"bronze:Separator","floor":2},{"not_picked":["bronze:Fortify","bronze:BugBarrage"],"picked":"bronze:GetLatest","floor":3},{"not_picked":["bronze:CutThrough","bronze:ForLoop"],"picked":"bronze:BuggyMess","floor":4},{"not_picked":["bronze:Invalidate","bronze:Frontload"],"picked":"bronze:Fortify","floor":5},{"not_picked":["bronze:ChildClass","bronze:CutThrough"],"picked":"bronze:Terminator","floor":8},{"not_picked":["bronze:Shell","bronze:Frontload"],"picked":"bronze:ForceShield","floor":9},{"not_picked":["bronze:Constructor","bronze:Separator"],"picked":"bronze:HardenedForm","floor":10},{"not_picked":["bronze:DelayedGuard","bronze:CutThrough"],"picked":"bronze:Safeguard","floor":11},{"not_picked":["bronze:BuggyMess","bronze:CutThrough","bronze:DelayedSlice"],"picked":"SKIP","floor":13},{"not_picked":["bronze:MaxOutput","bronze:BitShift","bronze:NullPointer"],"picked":"SKIP","floor":14},{"not_picked":["bronze:Shield","bronze:Separator"],"picked":"bronze:Virus","floor":15}],"player_experience":2180149,"relics_obtained":[{"floor":8,"key":"PreservedInsect"},{"floor":10,"key":"aspiration:StickyExplosives_weak"}],"event_choices":[],"is_beta":false,"boss_relics":[],"items_purged_floors":[],"is_endless":false,"potions_floor_spawned":[4,8,9,11],"killed_by":"WA_ARCHETYPE_RETAIN","ascension_level":0}}