{"host":"dlqyscxstsnu98l1","time":1614367970,"event":{"mods":["AchievementEnabler","BaseMod","Colored Map","Colored Powertips","GifTheSpireLib","Highlight Path","Minty Spire (QoL Compilation)","Random Character Button","SacredBarkPlus","StSLib","everything is the same but u backflip on backflip"],"gold_per_floor":[117,129,144,157,2,2,35,35,35,47,47,59,59,73,73,177,177,189,34,53,70,85,85,96,96,120,120,135,58,58,70,70,170,170,188,188,238,238,256,282,282,282,307,307,325,325,340,340,340],"floor_reached":48,"language":"ENG","playtime":2445,"items_purged":[],"score":663,"play_id":"8e6294f2-c929-441e-a839-1faa4d6b4970","local_time":"20210226133250","is_ascension_mode":true,"campfire_choices":[{"data":"Eruption","floor":6.0,"key":"SMITH"},{"data":"FlyingSleeves","floor":8.0,"key":"SMITH"},{"data":"DevaForm","floor":11.0,"key":"SMITH"},{"floor":15.0,"key":"REST"},{"data":"Tantrum","floor":23.0,"key":"SMITH"},{"data":"ConjureBlade","floor":25.0,"key":"SMITH"},{"data":"Blasphemy","floor":27.0,"key":"SMITH"},{"floor":32.0,"key":"REST"},{"floor":41.0,"key":"REST"},{"data":"SpiritShield","floor":44.0,"key":"SMITH"},{"data":"WaveOfTheHand","floor":46.0,"key":"SMITH"}],"circlet_count":0,"master_deck":["Defend_P","Defend_P","Defend_P","Defend_P","Eruption+1","Vigilance","Vengeance","ThirdEye","FlyingSleeves+1","FlyingSleeves+1","Sanctity","DevaForm+1","Evaluate+1","Blasphemy+1","Evaluate+1","Devotion+1","Weave+1","SandsOfTime","BattleHymn","WaveOfTheHand+1","ClearTheMind+1","Tantrum+1","BowlingBash+1","ConjureBlade+1","SashWhip+1","Protect","Adaptation","Halt","SpiritShield+1","Perseverance+1","Protect+1","Protect+1","Protect+1","Ragnarok"],"relics":["PureWater","Bronze Scales","Tiny Chest","Whetstone","Astrolabe","Orrery","Bag of Preparation","Shuriken","SlaversCollar","Ginger","White Beast Statue","Damaru","Ancient Tea Set"],"acts_visited":["Exordium","TheCity","TheBeyond"],"potions_floor_usage":[],"damage_taken":[{"damage":0.0,"enemies":"Small Slimes","floor":1.0,"turns":2.0},{"damage":0.0,"enemies":"Cultist","floor":2.0,"turns":3.0},{"damage":1.0,"enemies":"Jaw Worm","floor":3.0,"turns":5.0},{"damage":0.0,"enemies":"Large Slime","floor":4.0,"turns":4.0},{"damage":0.0,"enemies":"Gremlin Nob","floor":7.0,"turns":2.0},{"damage":1.0,"enemies":"Looter","floor":10.0,"turns":2.0},{"damage":16.0,"enemies":"Exordium Thugs","floor":12.0,"turns":5.0},{"damage":4.0,"enemies":"Large Slime","floor":14.0,"turns":3.0},{"damage":19.0,"enemies":"Slime Boss","floor":16.0,"turns":5.0},{"damage":7.0,"enemies":"2 Thieves","floor":18.0,"turns":4.0},{"damage":0.0,"enemies":"3 Byrds","floor":20.0,"turns":4.0},{"damage":18.0,"enemies":"Snake Plant","floor":21.0,"turns":4.0},{"damage":3.0,"enemies":"Cultist and Chosen","floor":22.0,"turns":4.0},{"damage":5.0,"enemies":"Shelled Parasite and Fungi","floor":24.0,"turns":4.0},{"damage":23.0,"enemies":"Sentry and Sphere","floor":28.0,"turns":5.0},{"damage":6.0,"enemies":"Centurion and Healer","floor":31.0,"turns":4.0},{"damage":2.0,"enemies":"Champ","floor":33.0,"turns":8.0},{"damage":37.0,"enemies":"3 Shapes","floor":35.0,"turns":5.0},{"damage":2.0,"enemies":"Mind Bloom Boss Battle","floor":37.0,"turns":8.0},{"damage":1.0,"enemies":"Orb Walker","floor":39.0,"turns":2.0},{"damage":32.0,"enemies":"Giant Head","floor":40.0,"turns":9.0},{"damage":12.0,"enemies":"Writhing Mass","floor":45.0,"turns":6.0},{"damage":38.0,"enemies":"Jaw Worm Horde","floor":47.0,"turns":6.0},{"damage":18,"enemies":"3 Darklings","floor":48,"turns":2}],"seed_played":"8767535154747706646","potions_obtained":[{"floor":1.0,"key":"Block Potion"},{"floor":2.0,"key":"SkillPotion"},{"floor":4.0,"key":"Fire Potion"},{"floor":14.0,"key":"AttackPotion"},{"floor":16.0,"key":"DistilledChaos"},{"floor":20.0,"key":"Block Potion"},{"floor":24.0,"key":"CultistPotion"},{"floor":33.0,"key":"Swift Potion"},{"floor":37.0,"key":"SkillPotion"},{"floor":45.0,"key":"Regen Potion"},{"floor":47.0,"key":"Explosive Potion"}],"is_trial":false,"path_per_floor":["M","M","M","M","$","R","E","R","T","M","R","M","?","M","R","B",null,"M","$","M","M","M","R","M","R","T","R","M","$","T","M","R","B",null,"M","?","?","?","M","E","R","T","T","R","M","R","M","M"],"character_chosen":"WATCHER","items_purchased":["Bronze Scales","Orrery","Adaptation"],"campfire_rested":3,"item_purchase_floors":[5,19,29],"current_hp_per_floor":[72,72,71,71,71,71,71,71,71,70,70,54,54,50,73,54,73,66,66,66,48,45,45,40,40,40,40,17,17,17,11,34,32,67,30,69,67,67,66,34,54,54,54,54,42,42,18,0,0],"gold":340,"neow_bonus":"TEN_PERCENT_HP_BONUS","is_daily":false,"chose_seed":false,"campfire_upgraded":8,"win_rate":0.0,"timestamp":1614367970,"path_taken":["M","M","M","M","$","R","E","R","T","M","R","M","?","M","R","BOSS","M","$","?","M","M","R","M","R","T","R","M","?","?","M","R","BOSS","M","?","?","?","M","E","R","?","T","R","?","R","M","M"],"items_purchased_type":["Relic","Relic","Card"],"build_version":"2020-12-22","purchased_purges":0,"victory":false,"max_hp_per_floor":[79,79,79,79,79,79,79,79,79,79,79,79,79,79,79,79,79,79,79,79,79,79,79,79,79,79,79,79,79,79,79,79,79,79,79,69,69,69,69,69,69,69,69,69,69,69,69,69,69],"card_choices":[{"not_picked":["SashWhip","Study"],"picked":"Vengeance","floor":1.0},{"not_picked":["SignatureMove","Swivel"],"picked":"ThirdEye","floor":2.0},{"not_picked":["CutThroughFate","WreathOfFlame"],"picked":"FlyingSleeves","floor":3.0},{"not_picked":["Sanctity","JustLucky"],"picked":"FlyingSleeves","floor":4.0},{"not_picked":["FlurryOfBlows","EmptyBody"],"picked":"Sanctity","floor":7.0},{"not_picked":["ClearTheMind","ThirdEye"],"picked":"DevaForm","floor":10.0},{"not_picked":["ClearTheMind","CrushJoints"],"picked":"Evaluate","floor":12.0},{"not_picked":["Prostrate","EmptyBody","Pray"],"picked":"SKIP","floor":14.0},{"not_picked":["Omniscience","ConjureBlade"],"picked":"Blasphemy","floor":16.0},{"not_picked":["Perseverance","CrushJoints"],"picked":"SandsOfTime","floor":18.0},{"not_picked":["Meditate","Evaluate"],"picked":"BattleHymn","floor":19.0},{"not_picked":["ThirdEye","Wireheading"],"picked":"WaveOfTheHand","floor":19.0},{"not_picked":["JustLucky+1","CutThroughFate"],"picked":"ClearTheMind+1","floor":19.0},{"not_picked":["JustLucky+1","Conclude"],"picked":"Tantrum","floor":19.0},{"not_picked":["Consecrate+1","EmptyBody"],"picked":"BowlingBash+1","floor":19.0},{"not_picked":["Pray","BowlingBash+1"],"picked":"ConjureBlade","floor":20.0},{"not_picked":["ThirdEye","ClearTheMind","EmptyFist"],"picked":"SKIP","floor":21.0},{"not_picked":["CutThroughFate","Consecrate+1"],"picked":"SashWhip+1","floor":22.0},{"not_picked":["Evaluate","Prostrate"],"picked":"Protect","floor":24.0},{"not_picked":["CutThroughFate","Conclude+1","EmptyFist+1"],"picked":"SKIP","floor":28.0},{"not_picked":["SashWhip","Perseverance"],"picked":"Halt","floor":31.0},{"not_picked":["Ragnarok","DevaForm"],"picked":"SpiritShield","floor":33.0},{"not_picked":["Nirvana+1","Weave"],"picked":"Perseverance+1","floor":35.0},{"not_picked":["SignatureMove+1","Evaluate"],"picked":"Protect+1","floor":37.0},{"not_picked":["PathToVictory+1","ClearTheMind"],"picked":"Protect+1","floor":39.0},{"not_picked":["BattleHymn+1","Weave+1"],"picked":"Protect+1","floor":40.0},{"not_picked":["BowlingBash","BattleHymn","WheelKick+1"],"picked":"SKIP","floor":45.0},{"not_picked":["FollowUp","EmptyBody+1"],"picked":"Ragnarok","floor":47.0}],"player_experience":286832,"relics_obtained":[{"floor":7.0,"key":"Tiny Chest"},{"floor":9.0,"key":"Whetstone"},{"floor":26.0,"key":"Bag of Preparation"},{"floor":30.0,"key":"Shuriken"},{"floor":37.0,"key":"Ginger"},{"floor":40.0,"key":"White Beast Statue"},{"floor":42.0,"key":"Damaru"},{"floor":43.0,"key":"Ancient Tea Set"}],"event_choices":[{"damage_healed":0.0,"max_hp_gain":0.0,"max_hp_loss":0.0,"gold_gain":0.0,"event_name":"Accursed Blacksmith","player_choice":"Forge","floor":13.0,"gold_loss":0.0,"damage_taken":0.0,"cards_upgraded":["Evaluate"]},{"damage_healed":69.0,"max_hp_gain":0.0,"max_hp_loss":10.0,"gold_gain":0.0,"event_name":"The Moai Head","player_choice":"Heal","floor":36.0,"gold_loss":0.0,"damage_taken":0.0},{"damage_healed":0.0,"max_hp_gain":0.0,"max_hp_loss":0.0,"gold_gain":0.0,"event_name":"MindBloom","player_choice":"Fight","floor":37.0,"gold_loss":0.0,"damage_taken":0.0},{"cards_removed":["Strike_P"],"damage_healed":0.0,"max_hp_gain":0.0,"max_hp_loss":0.0,"gold_gain":0.0,"event_name":"Falling","player_choice":"Removed Attack","floor":38.0,"gold_loss":0.0,"damage_taken":0.0}],"is_beta":false,"boss_relics":[{"not_picked":["SacredBark","HolyWater"],"picked":"Astrolabe"},{"not_picked":["Snecko Eye","VioletLotus"],"picked":"SlaversCollar"}],"items_purged_floors":[],"is_endless":false,"potions_floor_spawned":[1,2,4,14,16,20,24,33,37,45,47],"killed_by":"3 Darklings","ascension_level":6}}