{"host":"z8uivwf40jrpk7h3","time":1614348670,"event":{"mods":["BaseMod","Minty Spire (QoL Compilation)","StSLib","[IsaacMod]ÒÔÈö¼âËþ"],"gold_per_floor":[109,109,34,34,109,140,140,175,227,237,272,222,246,279,279,420,420,455,121,140,140,140],"floor_reached":21,"language":"ZHS","playtime":371,"items_purged":["Defend_P","Strike_P"],"score":292,"play_id":"aabceba8-6d09-4006-b1a3-5b09f40e8b77","local_time":"20210226221110","is_ascension_mode":true,"campfire_choices":[{"data":"Eruption","floor":7,"key":"SMITH"},{"data":"EpicFetus","floor":15,"key":"SMITH"}],"circlet_count":0,"master_deck":["Strike_P+1","Strike_P+1","Defend_P","Defend_P","Eruption+1","Vigilance","EpicFetus+1","Scrawl","Writhe"],"relics":["PureWater","HushsDoor","NeowsBlessing","Dream Catcher","SteamSale","Nunchaku","Whetstone","Juzu Bracelet","SalivaCoin","Centennial Puzzle","SacredBark","Anchor","Singing Bowl","Medical Kit","TheBible"],"acts_visited":["Exordium","TheCity"],"potions_floor_usage":[],"damage_taken":[{"damage":0.0,"enemies":"2 Louse","floor":1.0,"turns":2.0},{"damage":0,"enemies":"Lagavulin","floor":6,"turns":2},{"damage":0,"enemies":"3 Sentries","floor":8,"turns":2},{"damage":2,"enemies":"Small Slimes","floor":10,"turns":2},{"damage":10,"enemies":"Lagavulin","floor":11,"turns":5},{"damage":0,"enemies":"Gremlin Nob","floor":14,"turns":2},{"damage":26,"enemies":"Hexaghost","floor":16,"turns":6},{"damage":9,"enemies":"Shell Parasite","floor":18,"turns":3},{"damage":0,"enemies":"Chosen","floor":20,"turns":3}],"seed_played":"5434808474525898581","potions_obtained":[{"floor":1.0,"key":"EntropicBrew"},{"floor":10,"key":"Dexterity Potion"},{"floor":14,"key":"Dexterity Potion"}],"is_trial":false,"path_per_floor":["M","?","$","?","?","E","R","E","T","M","E","?","T","E","R","B",null,"M","$","M","?"],"character_chosen":"WATCHER","items_purchased":["Anchor","Singing Bowl","Medical Kit"],"campfire_rested":0,"item_purchase_floors":[19,19,19],"current_hp_per_floor":[72,72,72,72,61,61,61,61,61,59,49,49,49,49,49,23,72,63,63,65,65,65],"gold":140,"neow_bonus":"THREE_ENEMY_KILL","is_daily":false,"chose_seed":false,"campfire_upgraded":2,"win_rate":0.0,"timestamp":1614348670,"path_taken":["M","?","$","?","?","E","R","E","T","M","E","?","?","E","R","BOSS","M","$","M","?"],"items_purchased_type":["Relic","Relic","Relic"],"build_version":"2020-12-22","purchased_purges":2,"victory":false,"max_hp_per_floor":[72,72,72,72,72,72,72,72,72,72,72,72,72,72,72,72,72,72,72,74,74,74],"card_choices":[{"not_picked":[],"picked":"EpicFetus","floor":0.0},{"not_picked":["EmptyBody","BattleHymn","Evaluate"],"picked":"SKIP","floor":1.0},{"not_picked":["EmptyMind","JustLucky","Wireheading"],"picked":"SKIP","floor":6},{"not_picked":["FollowUp","Fasting2","Weave"],"picked":"SKIP","floor":8},{"not_picked":["CutThroughFate","BattleHymn","FlyingSleeves"],"picked":"SKIP","floor":10},{"not_picked":["EmptyFist","Weave","SashWhip"],"picked":"SKIP","floor":11},{"not_picked":["EmptyFist","ClearTheMind","WindmillStrike"],"picked":"SKIP","floor":14},{"not_picked":["Brilliance","Blasphemy"],"picked":"Scrawl","floor":16},{"not_picked":["Crescendo","InnerPeace+1","JustLucky"],"picked":"SKIP","floor":18},{"not_picked":["Evaluate","EmptyFist+1","EmptyBody+1"],"picked":"Singing Bowl","floor":20}],"player_experience":119408,"relics_obtained":[{"floor":6,"key":"Dream Catcher"},{"floor":8,"key":"Nunchaku"},{"floor":9,"key":"Whetstone"},{"floor":11,"key":"Juzu Bracelet"},{"floor":13,"key":"SalivaCoin"},{"floor":14,"key":"Centennial Puzzle"}],"event_choices":[{"damage_healed":0,"gold_gain":0,"player_choice":"Ignored","damage_taken":0,"max_hp_gain":0,"max_hp_loss":0,"event_name":"Liars Game","floor":2,"gold_loss":0},{"cards_removed":["Strike_P"],"damage_healed":0,"gold_gain":0,"player_choice":"Offered Basic","damage_taken":0,"max_hp_gain":0,"max_hp_loss":0,"event_name":"Bonfire Elementals","floor":4,"gold_loss":0},{"damage_healed":0,"gold_gain":75,"player_choice":"Gather Gold","damage_taken":11,"max_hp_gain":0,"max_hp_loss":0,"event_name":"World of Goop","floor":5,"gold_loss":0},{"cards_removed":["Defend_P"],"damage_healed":0,"gold_gain":0,"player_choice":"Card Removal","damage_taken":0,"max_hp_gain":0,"max_hp_loss":0,"event_name":"The Cleric","floor":12,"gold_loss":50},{"damage_healed":0,"gold_gain":0,"player_choice":"Opened","damage_taken":0,"relics_obtained":["TheBible"],"max_hp_gain":0,"max_hp_loss":0,"event_name":"The Mausoleum","floor":21,"gold_loss":0,"cards_obtained":["Writhe"]}],"is_beta":false,"boss_relics":[{"not_picked":["Runic Pyramid","Velvet Choker"],"picked":"SacredBark"},{"not_picked":[]}],"items_purged_floors":[3,19],"is_endless":false,"potions_floor_spawned":[1,10,14,16,20],"ascension_level":1}}