{"host":"68znc2ej2o0mvpv6","time":1614355784,"event":{"mods":["100% Spire Juice","2.2 Compatiblity","AYAYA","AchievementEnabler","Act Like it!","Aspiration","BaseMod","Better Altar","Better Note","Better Third Choice","Bossed Relics","Colored Map","Conspire","Evolution","FutureSeer","Gensokyo","Googly Eyes","GungeonMod","Hallownest","Hermit","HololiveMod","Hubris","Infinite Spire","Jorbs\u0027s Wanderer Trilogy","Mimic Mod","Minty Spire (QoL Compilation)","Morshu Shopkeeper","Morshu Shopkeeper - ENHANCED","Prisma Mod","Puzzle Mod","Rare Cards Sparkle","Reliquary","Replay The Spire","Shop Mod","Spicy Shops","StSLib","The Administrix","The Animator","The Blue Laboratory","The Elementalist","The Poker Player","TheBandit","WarShipGirlsR/????R mod","Yuyuko"],"gold_per_floor":[116,116,116,0,0,35,35,69,101,120,79,92,92,109,109,109,109],"floor_reached":16,"language":"RUS","playtime":2159,"items_purged":[],"score":108,"play_id":"4aedf869-42a7-44c0-962f-479a81c3cf6d","local_time":"20210226180944","is_ascension_mode":false,"campfire_choices":[{"data":"rmod:maingunfire","floor":7,"key":"SMITH"},{"data":"rmod:diamondstrike","floor":13,"key":"SMITH"},{"floor":15,"key":"REST"}],"circlet_count":0,"master_deck":["rmod:intelligenceanalysis","rmod:intelligenceanalysis","rmod:strick","rmod:strick","rmod:defend","rmod:defend","rmod:defend","rmod:defend","rmod:basicallowance","rmod:maingunfire+1","rmod:expeditionaryescort+1","rmod:wife","rmod:selfconfidence","rmod:launchingtorpedo","hubris:NaturalOne","rmod:victimresponsibility","rmod:spoils","rmod:diamondstrike+1","rmod:salvage","rmod:fletcherpendant"],"relics":["rmod:firstchargereward","EVO:Axolotl","hubris:Icosahedron","Hallownest:BankAccountRelic","aspiration:TomeofQuesting","aspiration:AnachronicSnailShell","Dream Catcher","MerchantsRug"],"acts_visited":["Exordium"],"potions_floor_usage":[],"damage_taken":[{"damage":0,"enemies":"Hallownest:monsterHuskGuard","floor":1,"turns":4},{"damage":14,"enemies":"Hallownest:eliteMossKnight","floor":6,"turns":7},{"damage":3,"enemies":"Hallownest:eliteVengeflyKing","floor":8,"turns":4},{"damage":6,"enemies":"Hallownest:2_Tiktiks_and_1_Crawlid","floor":9,"turns":9},{"damage":8,"enemies":"Hallownest:2_Tiktiks_and_1_Crawlid","floor":10,"turns":2},{"damage":0,"enemies":"Hallownest:monsterHuskWarrior","floor":12,"turns":3},{"damage":10,"enemies":"Hallownest:1_Ooma_and_2_Uuma","floor":14,"turns":9},{"damage":25,"enemies":"Hallownest:BossHornet","floor":16,"turns":4}],"seed_played":"7568855026546383469","potions_obtained":[{"floor":6,"key":"blueLaboratory:EnragingPotion"},{"floor":8,"key":"blueLaboratory:PyrophylliteBrew"},{"floor":10,"key":"LiquidMemories"}],"is_trial":false,"path_per_floor":["M","?","?","?","?","E","R","E","MIM","M","$","M","R","M","R","B"],"character_chosen":"PRAEFECT","items_purchased":["MerchantsRug"],"campfire_rested":1,"item_purchase_floors":[11],"current_hp_per_floor":[54,54,54,54,44,30,30,27,21,13,13,13,13,3,25,0,0],"gold":109,"neow_bonus":"THREE_RARE_CARDS","is_daily":false,"chose_seed":false,"campfire_upgraded":2,"win_rate":0.0,"timestamp":1614355784,"path_taken":["M","?","?","?","?","E","R","E","MIM","M","$","M","R","M","R","BOSS"],"items_purchased_type":["Relic"],"build_version":"2020-12-22","purchased_purges":0,"victory":false,"max_hp_per_floor":[75,75,75,75,75,75,75,75,75,75,75,75,75,75,75,75,75],"card_choices":[{"not_picked":["rmod:u235","rmod:saltedfish"],"picked":"rmod:expeditionaryescort","floor":0},{"not_picked":["rmod:luckystar","rmod:capitalist"],"picked":"rmod:wife","floor":1},{"not_picked":["rmod:goodsister","rmod:gendarmerie"],"picked":"rmod:selfconfidence","floor":6},{"not_picked":["rmod:gendarmerie","rmod:aggressivemary"],"picked":"rmod:launchingtorpedo","floor":8},{"not_picked":["rmod:expedition","rmod:rockthrower"],"picked":"rmod:victimresponsibility","floor":9},{"not_picked":["rmod:aviationdawn","rmod:punchline"],"picked":"rmod:spoils","floor":10},{"not_picked":["rmod:aviationdawn","rmod:fuelsupply"],"picked":"rmod:diamondstrike","floor":12},{"not_picked":["rmod:victimresponsibility","rmod:stealaluminum"],"picked":"rmod:salvage","floor":14},{"not_picked":["rmod:smokecover","rmod:sl"],"picked":"rmod:fletcherpendant","floor":15}],"player_experience":118779,"relics_obtained":[{"floor":6,"key":"aspiration:TomeofQuesting"},{"floor":8,"key":"aspiration:AnachronicSnailShell"},{"floor":9,"key":"Dream Catcher"}],"event_choices":[],"is_beta":false,"boss_relics":[],"items_purged_floors":[],"is_endless":false,"potions_floor_spawned":[6,8,10],"killed_by":"Hallownest:BossHornet","ascension_level":0}}