{"host":"lsq35p0sdkx2xifo","time":1614307213,"event":{"mods":["AchievementEnabler","BaseMod","Highlight Path","Minty Spire (QoL Compilation)","StSLib","The Senshi"],"gold_per_floor":[110,185,185,150,169,169,180,197,197,227,241,241,254,254,254],"floor_reached":14,"language":"ENG","playtime":376,"items_purged":[],"score":184,"play_id":"ae696c16-55b0-4b1f-a6b4-05216ccb8d29","local_time":"20210225184013","is_ascension_mode":true,"campfire_choices":[{"data":"Sword Boomerang","floor":6,"key":"SMITH"},{"floor":12,"key":"REST"}],"circlet_count":0,"master_deck":["AscendersBane","Strike_R","Strike_R","Strike_R","Strike_R","Strike_R","Defend_R","Defend_R","Defend_R","Defend_R","Bash","Sword Boomerang+1","Heavy Blade","Feel No Pain","Rampage","Shockwave","Disarm","Disarm"],"relics":["Burning Blood","MealTicket","Molten Egg 2","Lantern"],"acts_visited":["Exordium"],"potions_floor_usage":[10,10,13],"damage_taken":[{"damage":9,"enemies":"Small Slimes","floor":1,"turns":5},{"damage":12,"enemies":"Jaw Worm","floor":5,"turns":3},{"damage":6,"enemies":"Cultist","floor":7,"turns":3},{"damage":16,"enemies":"Blue Slaver","floor":8,"turns":4},{"damage":30,"enemies":"Lagavulin","floor":10,"turns":5},{"damage":18,"enemies":"Red Slaver","floor":11,"turns":4},{"damage":19,"enemies":"Exordium Wildlife","floor":13,"turns":4},{"damage":48,"enemies":"Gremlin Nob","floor":14,"turns":4}],"seed_played":"8749796306796614005","potions_obtained":[{"floor":5,"key":"AttackPotion"},{"floor":8,"key":"CultistPotion"},{"floor":11,"key":"Swift Potion"},{"floor":13,"key":"PowerPotion"}],"is_trial":false,"path_per_floor":["M","?","T","?","M","R","M","M","T","E","M","R","M","E"],"character_chosen":"IRONCLAD","items_purchased":[],"campfire_rested":1,"item_purchase_floors":[],"current_hp_per_floor":[72,61,61,81,75,75,75,65,65,41,29,53,40,0,0],"gold":254,"neow_bonus":"TEN_PERCENT_HP_BONUS","is_daily":false,"chose_seed":false,"campfire_upgraded":1,"win_rate":0.0,"timestamp":1614307213,"path_taken":["M","?","?","?","M","R","M","?","T","E","M","R","M","E"],"items_purchased_type":[],"build_version":"2020-12-22","purchased_purges":0,"victory":false,"max_hp_per_floor":[82,82,82,82,82,82,82,82,82,82,82,82,82,82,82],"card_choices":[{"not_picked":["Clash","Shrug It Off"],"picked":"Sword Boomerang","floor":1},{"not_picked":["Armaments","Entrench"],"picked":"Heavy Blade","floor":5},{"not_picked":["Entrench","Disarm"],"picked":"Feel No Pain","floor":7},{"not_picked":["Pommel Strike","Body Slam"],"picked":"Rampage","floor":8},{"not_picked":["Exhume","Anger+1"],"picked":"Shockwave","floor":10},{"not_picked":["Flex","True Grit"],"picked":"Disarm","floor":11},{"not_picked":["Clash+1","Entrench"],"picked":"Disarm","floor":13}],"player_experience":1441674,"relics_obtained":[{"floor":3,"key":"MealTicket"},{"floor":9,"key":"Molten Egg 2"},{"floor":10,"key":"Lantern"}],"event_choices":[{"damage_healed":0,"gold_gain":75,"player_choice":"Gather Gold","damage_taken":11,"max_hp_gain":0,"max_hp_loss":0,"event_name":"World of Goop","floor":2,"gold_loss":0},{"damage_healed":20,"gold_gain":0,"player_choice":"Healed","damage_taken":0,"max_hp_gain":0,"max_hp_loss":0,"event_name":"The Cleric","floor":4,"gold_loss":35}],"is_beta":false,"boss_relics":[],"items_purged_floors":[],"is_endless":false,"potions_floor_spawned":[5,8,11,13],"killed_by":"Gremlin Nob","ascension_level":20}}