{"host":"b9id4afcchnn1rfb","time":1614303816,"event":{"mods":["Act Like it!","BaseMod","Better Note","Colored Map","Colored Powertips","Hallownest","Hermit","Infinite Spire","Minty Spire (QoL Compilation)","StSLib","SuperFastMode","The Death Knight","The Necromancer"],"gold_per_floor":[129,159,171,183,214,226,265,277,289,301,324,349,392,419,431,544,556,586,862,891,903,915,927,970,995,1059,1089,1101,1146,1171,1183,1195,1207,1207],"floor_reached":33,"language":"ENG","playtime":1028,"items_purged":[],"score":412,"play_id":"91a12154-b522-4470-a6f4-00eeeda5d1e3","local_time":"20210226024336","is_ascension_mode":true,"campfire_choices":[{"data":"Finger_Of_Death","floor":6,"key":"SMITH"},{"floor":8,"key":"REST"},{"data":"Death_March_Dance","floor":15,"key":"SMITH"},{"data":"Bone_Wall","floor":23,"key":"SMITH"},{"floor":28,"key":"REST"},{"floor":32,"key":"REST"}],"circlet_count":0,"master_deck":["Strike_W","Strike_W+1","Defend_W","Defend_W","Defend_W","Defend_W","Negative_Energy_Arrows+1","Bone_Wall+1","Death_March_Dance+1","Finger_Of_Death+1","Life_Drain","Vampiric_Strike","Blood_Wake+1","Hellfire","Grasp_Heart","Bones_to_Steel"],"relics":["Vampire_Amulet","MawBank","infinitespire:Bottled Soul","Matryoshka","Philosopher\u0027s Stone","Omamori","Regal Pillow","infinitespire:PuzzleCube","Bag of Preparation"],"acts_visited":["Exordium","Exordium"],"potions_floor_usage":[14,16,29,33],"damage_taken":[{"damage":7,"enemies":"2 Louse","floor":1,"turns":3},{"damage":11,"enemies":"Jaw Worm","floor":2,"turns":7},{"damage":10,"enemies":"Cultist","floor":5,"turns":5},{"damage":29,"enemies":"3 Sentries","floor":7,"turns":13},{"damage":13,"enemies":"Exordium Wildlife","floor":11,"turns":5},{"damage":0,"enemies":"3 Louse","floor":12,"turns":4},{"damage":17,"enemies":"Gremlin Nob","floor":13,"turns":4},{"damage":3,"enemies":"Large Slime","floor":14,"turns":8},{"damage":102,"enemies":"Hexaghost","floor":16,"turns":11},{"damage":18,"enemies":"Hallownest:Guard_and_Sentry","floor":18,"turns":4},{"damage":15,"enemies":"Hallownest:Flukemon_and_Top","floor":20,"turns":5},{"damage":24,"enemies":"Hallownest:Nosk","floor":24,"turns":9},{"damage":11,"enemies":"Hallownest:Warrior_and_Youth","floor":25,"turns":5},{"damage":25,"enemies":"Hallownest:3_Mistakes","floor":27,"turns":3},{"damage":67,"enemies":"Hallownest:eliteWatcherKnight","floor":29,"turns":15},{"damage":0,"enemies":"Hallownest:monsterShrumalOgre","floor":30,"turns":3},{"damage":75,"enemies":"Hallownest:BossMantisLord","floor":33,"turns":4}],"seed_played":"1891198079241179023","potions_obtained":[{"floor":2,"key":"FairyPotion"},{"floor":11,"key":"Explosive Potion"},{"floor":13,"key":"Explosive Potion"},{"floor":16,"key":"EssenceOfSteel"},{"floor":20,"key":"Energy Potion"},{"floor":27,"key":"GamblersBrew"},{"floor":29,"key":"SpeedPotion"}],"is_trial":false,"path_per_floor":["M","M","?","?","M","R","E","R","T","T","M","M","E","M","R","B",null,"M","?","M","?","?","R","E","M","T","M","R","E","M","$","R","B"],"character_chosen":"NECROMANCER","items_purchased":[],"campfire_rested":3,"item_purchase_floors":[],"current_hp_per_floor":[65,56,75,68,60,60,37,59,59,59,60,66,61,75,75,9,59,55,55,50,50,50,50,43,44,44,27,64,20,28,28,65,0,0],"gold":1207,"neow_bonus":"RANDOM_COMMON_RELIC","is_daily":false,"chose_seed":false,"campfire_upgraded":3,"win_rate":0.0,"timestamp":1614303816,"path_taken":["M","M","?","?","M","R","E","R","T","?","M","?","E","M","R","BOSS","M","?","M","?","?","R","E","M","T","M","R","E","?","?","R","BOSS"],"items_purchased_type":[],"build_version":"2020-12-22","purchased_purges":0,"victory":false,"max_hp_per_floor":[75,75,75,75,75,75,75,75,75,75,75,75,75,75,75,75,75,75,75,75,75,75,75,75,75,75,75,75,75,75,75,75,75,75],"card_choices":[{"not_picked":["Negative_Energy_Shield","Bone_Armor"],"picked":"Death_March_Dance","floor":1},{"not_picked":["Bone_Spikes","Toxic_Smoke_Screen"],"picked":"Finger_Of_Death","floor":2},{"not_picked":["Epidemic","Bone_Spikes","Negative_Energy_Sphere"],"picked":"SKIP","floor":5},{"not_picked":["Bone_Bullets","Blood_Curse"],"picked":"Life_Drain","floor":7},{"not_picked":["Negative_Energy_Sphere","Scare","Consume_Illness"],"picked":"SKIP","floor":11},{"not_picked":["Bone_Armor","Deaths_Shadow"],"picked":"Vampiric_Strike","floor":12},{"not_picked":["Life_Tap","Blood_Curse"],"picked":"Blood_Wake","floor":13},{"not_picked":["Finger_Of_Death","Death_Coil","Bone_Spikes"],"picked":"SKIP","floor":14},{"not_picked":["Consume_Illness+1","Toxic_Smoke_Screen+1","Finger_Of_Death"],"picked":"SKIP","floor":18},{"not_picked":["Death_Coil","Strike_from_Beyond","Life_Tap+1"],"picked":"SKIP","floor":20},{"not_picked":["Blood_Whip","Toxic_Smoke_Screen+1"],"picked":"Hellfire","floor":24},{"not_picked":["Bone_Bullets+1","Negative_Energy_Sphere","Death_Knell+1"],"picked":"SKIP","floor":25},{"not_picked":["Chill_Blood","Shackles_Of_Pain","Pandemic"],"picked":"SKIP","floor":27},{"not_picked":["Toxic_Smoke_Screen","Negative_Energy_Javelin"],"picked":"Grasp_Heart","floor":29},{"not_picked":["Death_Coil","Negative_Energy_Sphere"],"picked":"Bones_to_Steel","floor":30}],"player_experience":505300,"relics_obtained":[{"floor":7,"key":"infinitespire:Bottled Soul"},{"floor":9,"key":"Whetstone"},{"floor":13,"key":"Matryoshka"},{"floor":24,"key":"Omamori"},{"floor":26,"key":"Regal Pillow"},{"floor":26,"key":"infinitespire:PuzzleCube"},{"floor":29,"key":"Bag of Preparation"}],"event_choices":[{"damage_healed":25,"gold_gain":0,"player_choice":"Banana","damage_taken":0,"max_hp_gain":0,"max_hp_loss":0,"event_name":"Big Fish","floor":3,"gold_loss":0},{"cards_removed":["Strike_W"],"damage_healed":0,"gold_gain":0,"player_choice":"Card Removal","damage_taken":7,"max_hp_gain":0,"max_hp_loss":0,"event_name":"Golden Wing","floor":4,"gold_loss":0}],"is_beta":false,"boss_relics":[{"not_picked":["Fusion Hammer","SlaversCollar"],"picked":"Philosopher\u0027s Stone"}],"items_purged_floors":[],"is_endless":false,"potions_floor_spawned":[2,11,13,16,20,27,29],"killed_by":"Hallownest:BossMantisLord","ascension_level":7}}