{"host":"otx0a7iwhpzwo7c0","time":1614343763,"event":{"mods":["2.2 Compatiblity","Act Like it!","Aspiration","BaseMod","Conspire","GifTheSpireLib","Halation","Hermit","Lobotomy","LobotomyExtend","Minty Spire (QoL Compilation)","Replay The Spire","Shop Mod","StSLib"],"gold_per_floor":[112,156,173,173,173,203,203,103,158,43,54,86,11,11,11,133,133,179,179,179,201,126,144,153,189,215,215,253,253,298,298,307,418,418,455,464,25,25,138,138,189,189,189,189,72,160,160,160,169,169],"floor_reached":51,"language":"ENG","playtime":3524,"items_purged":["Binah","Hallucinations"],"score":921,"play_id":"d8685738-6392-44af-ad96-a2b5af8b1d09","local_time":"20210226124923","is_ascension_mode":true,"campfire_choices":[],"circlet_count":0,"master_deck":["SpecialBullet","SpecialBullet","SpecialBullet","SpecialBullet","SpecialBullet","ExtractionCode","SecurityCode","InformationCode","hermit:Defend_Hermit+1","hermit:Strike_Hermit","CENSORED_ego+1","ScreamingWedge","Regret_ego+1","OSAHOGD","RedEyes","VoidDream","Ghostly","Regret_ego","DreamingCurrent","SpiderBud","Adoration","Mimicry","UniverseFragment","Diffraction","Regret_ego+1","Twilight","BloodyDesire+1","Regret_ego+1","TrainingCode","BlackSwan","RedEyes","ControlCode","CherryBlossom","TT2Protocol","ParadiseLost+1","MHz","Logging+1","NakedNest","Justitia","Harmony+1","CherryBlossom+1","TT2Protocol","RecordCode","WhiteNight","WelfareCode"],"relics":["CogitoBucket","RabbitCall","LetterFromLob","Blue Doll","conspire:Dentures","Art of War","Juzu Bracelet","MerchantsRug","CeramicFish","Gaze_r","halation:Prosthetics","BackwardClock","MagicBullet_r","The Courier","Bronze Scales","conspire:DecoderRing","PreservedInsect","Replay:Rubber Ducky","halation:PinkSoulGem","halation:PinkAlligatorPlush","LuminousBracelet","Ring of Panic","ReplayTheSpireMod:Ring of Challenge","FossilizedHelix","Bag of Preparation","halation:Trompette","Ancient Tea Set","halation:EternalFortune","aspiration:SeaSaltIceCream","aspiration:Nostalgia","Burning Blood","DollysMirror","Lizard Tail"],"acts_visited":["Exordium","TheCity","TheBeyond"],"potions_floor_usage":[6,23,33,51],"damage_taken":[{"damage":2,"enemies":"2 Louse","floor":1,"turns":2},{"damage":23,"enemies":"conspire:MimicChest","floor":2,"turns":9},{"damage":4,"enemies":"conspire:RoseBush","floor":3,"turns":4},{"damage":25,"enemies":"Gremlin Nob","floor":6,"turns":5},{"damage":7,"enemies":"Small Slimes","floor":11,"turns":4},{"damage":28,"enemies":"3 Sentries","floor":12,"turns":11},{"damage":10,"enemies":"2 Fungi Beasts","floor":14,"turns":9},{"damage":23,"enemies":"Fading Forest","floor":16,"turns":11},{"damage":52,"enemies":"Spheric Guardian","floor":18,"turns":12},{"damage":21,"enemies":"Spheric Guardian","floor":19,"turns":7},{"damage":36,"enemies":"conspire:FuzzyDice","floor":21,"turns":8},{"damage":30,"enemies":"conspire:SneckoGhost","floor":23,"turns":17},{"damage":69,"enemies":"Gremlin Leader","floor":25,"turns":13},{"damage":24,"enemies":"Shelled Parasite and Fungi","floor":28,"turns":6},{"damage":6,"enemies":"Replay:Snechameleon","floor":30,"turns":5},{"damage":34,"enemies":"Automaton","floor":33,"turns":9},{"damage":77,"enemies":"3 Darklings","floor":35,"turns":11},{"damage":19,"enemies":"Mind Bloom Boss Battle","floor":39,"turns":9},{"damage":23,"enemies":"Giant Head","floor":41,"turns":6},{"damage":14,"enemies":"R_Hoarder","floor":46,"turns":6},{"damage":56,"enemies":"conspire:OrnateMirror","floor":50,"turns":9},{"damage":22,"enemies":"Malkuth","floor":51,"turns":12},{"damage":15,"enemies":"Netzach","floor":51,"turns":10}],"seed_played":"8631033782021484380","potions_obtained":[{"floor":1,"key":"FairyPotion"},{"floor":3,"key":"FearPotion"},{"floor":11,"key":"SpeedPotion"},{"floor":21,"key":"Explosive Potion"},{"floor":28,"key":"Dexterity Potion"},{"floor":30,"key":"Energy Potion"},{"floor":33,"key":"SteroidPotion"}],"is_trial":false,"path_per_floor":["M","?","M","?","?","E","?","?","T","$","M","E","$","M","R","B",null,"M","?","T","M","?","E","R","E","T","R","M","R","E","?","R","B",null,"M","?","$","?","?","R","E","?","T","R","$","E","R","?","R","B",null],"character_chosen":"Angela","items_purchased":["MerchantsRug","FossilizedHelix","Bag of Preparation","DollysMirror"],"campfire_rested":0,"item_purchase_floors":[10,37,37,45],"current_hp_per_floor":[70,55,59,59,47,30,16,16,16,16,20,15,15,17,17,70,35,27,35,35,35,35,35,35,22,22,22,39,39,39,39,39,33,39,58,58,58,58,52,52,20,23,23,23,23,49,49,49,49,49],"gold":169,"neow_bonus":"THREE_RARE_CARDS","is_daily":false,"chose_seed":false,"campfire_upgraded":0,"win_rate":0.0,"timestamp":1614343763,"path_taken":["M","?","M","?","?","E","?","?","T","$","M","E","$","M","R","BOSS","M","?","?","M","?","E","R","E","T","R","M","R","E","?","R","BOSS","M","?","$","?","?","R","E","?","T","R","$","E","R","?","R","BOSS"],"items_purchased_type":["Relic","Relic","Relic","Relic"],"build_version":"2020-12-22","purchased_purges":2,"victory":true,"max_hp_per_floor":[70,70,70,70,70,70,70,70,70,70,70,70,70,70,70,70,35,35,35,35,35,35,35,35,35,35,35,39,39,39,39,39,39,39,58,58,58,58,52,52,42,45,45,45,45,49,49,49,49,49],"card_choices":[{"not_picked":["ParadiseLost","Pinks"],"picked":"CENSORED_ego","floor":0},{"not_picked":["Lantern"],"picked":"ScreamingWedge","floor":1},{"not_picked":["FrostShard"],"picked":"Regret_ego","floor":2},{"not_picked":["WallGazer","CrumblingArmor"],"picked":"HappyTeddy","floor":2},{"not_picked":["NakedNest","Mercenary"],"picked":"OSAHOGD","floor":3},{"not_picked":["RapturousDream"],"picked":"RedEyes","floor":3},{"not_picked":["Penitence","BearPaw"],"picked":"SKIP","floor":3},{"not_picked":["BlackArmy","Scorched"],"picked":"VoidDream","floor":6},{"not_picked":["Dagger Spray","hermit:LoneWolf"],"picked":"SKIP","floor":6},{"not_picked":["Beak"],"picked":"Regret_ego","floor":11},{"not_picked":["FourthMatchFlame","Noise"],"picked":"SKIP","floor":11},{"not_picked":["Wellcheers","FairyFestival"],"picked":"DreamingCurrent","floor":12},{"not_picked":["CUTE","Lantern"],"picked":"SKIP","floor":12},{"not_picked":["Tough","Laetitia_ego"],"picked":"SKIP","floor":12},{"not_picked":["CUTE","Lantern"],"picked":"SKIP","floor":12},{"not_picked":["Tough","Laetitia_ego"],"picked":"SKIP","floor":12},{"not_picked":["SnowQueen","Rudolta"],"picked":"SpiderBud","floor":16},{"not_picked":["GoldRush"],"picked":"Adoration","floor":16},{"not_picked":["Pinks"],"picked":"Mimicry","floor":16},{"not_picked":["MHz","WallGazer"],"picked":"UniverseFragment","floor":18},{"not_picked":["MagicBullet"],"picked":"Diffraction","floor":18},{"not_picked":["Tough+1"],"picked":"Regret_ego","floor":18},{"not_picked":["CherryBlossom"],"picked":"Twilight","floor":21},{"not_picked":["Hypocrisy","FourthMatchFlame"],"picked":"SKIP","floor":21},{"not_picked":["Pleasure+1"],"picked":"BloodyDesire+1","floor":23},{"not_picked":["CUTE"],"picked":"Regret_ego","floor":23},{"not_picked":["DespairKnight","Bloodbath"],"picked":"BlackSwan","floor":25},{"not_picked":["Lantern+1","Soda+1"],"picked":"SKIP","floor":25},{"not_picked":["Tough","Soda"],"picked":"SKIP","floor":25},{"not_picked":["Lantern"],"picked":"RedEyes","floor":28},{"not_picked":["PunishingBird","MeatLantern"],"picked":"Yin","floor":28},{"not_picked":["Tough","Lantern"],"picked":"SKIP","floor":28},{"not_picked":["Penitence"],"picked":"CherryBlossom","floor":30},{"not_picked":["Justitia"],"picked":"ParadiseLost","floor":33},{"not_picked":["Wellcheers","SilentOrchestra"],"picked":"MHz","floor":35},{"not_picked":["Penitence+1"],"picked":"Logging+1","floor":35},{"not_picked":["CUTE","WristCuter"],"picked":"SKIP","floor":35},{"not_picked":["Rudolta","QueenOfHatred"],"picked":"NakedNest","floor":39},{"not_picked":["Horn+1"],"picked":"Justitia","floor":39},{"not_picked":["SoundOfStar","CUTE+1"],"picked":"Harmony+1","floor":41},{"not_picked":["WhitesApple","GreedKing","Scarecrow"],"picked":"Singing Bowl","floor":41},{"not_picked":["Lamp","Adoration"],"picked":"CherryBlossom+1","floor":41},{"not_picked":["BigBird","FairyFestival"],"picked":"WhiteNight","floor":46},{"not_picked":["Galaxy+1","Soda+1","BlackSwan_ego+1"],"picked":"SKIP","floor":46},{"not_picked":["Reverberation+1","RapturousDream+1","Gaze+1"],"picked":"SKIP","floor":46},{"not_picked":["Galaxy+1","Soda+1","BlackSwan_ego+1"],"picked":"SKIP","floor":46},{"not_picked":["Reverberation+1","RapturousDream+1","Gaze+1"],"picked":"SKIP","floor":46}],"player_experience":222085,"relics_obtained":[{"floor":1,"key":"LetterFromLob"},{"floor":2,"key":"Blue Doll"},{"floor":6,"key":"Art of War"},{"floor":9,"key":"Juzu Bracelet"},{"floor":12,"key":"CeramicFish"},{"floor":20,"key":"The Courier"},{"floor":23,"key":"Bronze Scales"},{"floor":25,"key":"conspire:DecoderRing"},{"floor":26,"key":"PreservedInsect"},{"floor":30,"key":"Replay:Rubber Ducky"},{"floor":36,"key":"Ring of Panic"},{"floor":36,"key":"ReplayTheSpireMod:Ring of Challenge"},{"floor":39,"key":"halation:Trompette"},{"floor":41,"key":"Ancient Tea Set"},{"floor":43,"key":"aspiration:SeaSaltIceCream"},{"floor":46,"key":"Lizard Tail"}],"event_choices":[{"damage_healed":0,"gold_gain":0,"player_choice":"Success","damage_taken":12,"relics_obtained":["conspire:Dentures"],"max_hp_gain":0,"max_hp_loss":0,"event_name":"Scrap Ooze","floor":5,"gold_loss":0},{"damage_healed":0,"gold_gain":0,"player_choice":"Entered Light","damage_taken":14,"max_hp_gain":0,"max_hp_loss":0,"event_name":"Shining Light","floor":7,"gold_loss":0,"cards_upgraded":["CENSORED_ego","hermit:Defend_Hermit"]},{"damage_healed":0,"gold_gain":0,"player_choice":"Argue","damage_taken":0,"max_hp_gain":0,"max_hp_loss":0,"event_name":"conspire:LoneGhost","floor":8,"gold_loss":0},{"cards_removed":["Languid"],"damage_healed":0,"gold_gain":0,"player_choice":"Gave Gold","damage_taken":0,"max_hp_gain":0,"max_hp_loss":0,"event_name":"Beggar","floor":22,"gold_loss":75},{"damage_healed":0,"gold_gain":0,"player_choice":"Upgraded","damage_taken":0,"max_hp_gain":0,"max_hp_loss":0,"event_name":"Upgrade Shrine","floor":38,"gold_loss":0,"cards_upgraded":["Regret_ego"]},{"damage_healed":0,"gold_gain":0,"player_choice":"Fight","damage_taken":0,"max_hp_gain":0,"max_hp_loss":0,"event_name":"MindBloom","floor":39,"gold_loss":0},{"damage_healed":0,"gold_gain":0,"player_choice":"0 cards matched","damage_taken":0,"max_hp_gain":0,"max_hp_loss":0,"event_name":"Match and Keep!","floor":48,"gold_loss":0,"cards_obtained":[]}],"is_beta":false,"boss_relics":[{"not_picked":["conspire:SlowCooker","halation:CatFaceCupcake"],"picked":"halation:Prosthetics"},{"not_picked":["halation:MonkeysPaw","conspire:RoyalGoblet"],"picked":"halation:PinkAlligatorPlush"}],"items_purged_floors":[13,37],"is_endless":false,"potions_floor_spawned":[1,3,11,14,21,28,30,33,39],"ascension_level":1}}