{"host":"zmr8u29ebzxwermy","time":1614326892,"event":{"mods":["BaseMod","BetterRewards","Colored Map","DeckTracker","Minty Spire (QoL Compilation)","Quick Restart","Replay The Spire","Shop Mod","StSLib","SuperFastMode","everything is the same but u backflip on backflip"],"gold_per_floor":[115,135,150,166,184,220,242,242,265,265,281,311,311,354,354,440,440,461,478,502,502,502,543,586,623,623,661,691,691,7,7,7,117,117,117,117,183,221],"floor_reached":39,"language":"KOR","playtime":1528,"items_purged":["ReplayTheSpireMod:Splinters","Defend_B","Strike_B","Strike_B","Dualcast"],"score":2679,"play_id":"ba893f83-818a-473a-809c-3bfcf14456ab","local_time":"20210226170812","is_ascension_mode":true,"campfire_choices":[{"data":"1","floor":8.0,"key":"LIFT"},{"data":"Zap","floor":15.0,"key":"SMITH"},{"data":"2","floor":29,"key":"LIFT"},{"data":"3","floor":32,"key":"LIFT"},{"data":"Panic Button","floor":35,"key":"SMITH"}],"circlet_count":0,"master_deck":["AscendersBane","Strike_B+1","Strike_B+1","Defend_B","Defend_B+1","Defend_B+1","Zap+1","Panic Button+1","Streamline+1","Genetic Algorithm+1","Fission+1","Redo+1","Hologram+1","Glacier+1","Capacitor+1","Doom and Gloom+1","BasicCrystalCard+1","Fission+1","Coolheaded+1","Echo Form+1","Barrage+1","ReplayTheSpireMod:Calculation Training+1","Electrodynamics+1","AbeCurse","Coolheaded+1","Chill+1","Force Field+1"],"relics":["Cracked Core","ReplayTheSpireMod:CursedCoin","The Courier","Iron Hammer","Boot","MealTicket","Molten Egg 2","Eternal Feather","Pear","Blue Candle","Replay:Kaleidoscope","Strawberry","StrikeDummy","Bird Faced Urn","Toxic Egg 2","Girya","Happy Flower","Emotion Chip","InkBottle","Lizard Tail","Centennial Puzzle","Replay:Accelerometer","Ancient Tea Set","Replay:Bottled Steam","Whetstone","MerchantsRug","Bag of Preparation","Golden Egg","Runic Capacitor","Vajra","Simple Rune","Replay:Bandana","Singing Bowl","Solar Panel","DollysMirror","Bag of Marbles","ReplayFunnel","Meat on the Bone","ReplayTheSpireMod:TigerMarble","Bronze Scales","Blood Vial","Art of War","Abe\u0027s Treasure","WingedGreaves","Nilry\u0027s Codex","Replay:Bottled Flurry","Anchor","DataDisk","Toy Ornithopter","Raider\u0027s Mask","Frozen Egg 2","Nunchaku","Sozu","Oddly Smooth Stone"],"acts_visited":["Exordium","TheCity","TheBeyond","TheEnding"],"potions_floor_usage":[38],"damage_taken":[{"damage":0.0,"enemies":"Cultist","floor":1.0,"turns":2.0},{"damage":1.0,"enemies":"Small Slimes","floor":2.0,"turns":2.0},{"damage":1.0,"enemies":"Jaw Worm","floor":3.0,"turns":2.0},{"damage":1.0,"enemies":"2 Fungi Beasts","floor":4.0,"turns":1.0},{"damage":1.0,"enemies":"Exordium Wildlife","floor":5.0,"turns":2.0},{"damage":1.0,"enemies":"3 Sentries","floor":6.0,"turns":2.0},{"damage":1.0,"enemies":"Looter","floor":7.0,"turns":1.0},{"damage":1.0,"enemies":"Large Slime","floor":11.0,"turns":1.0},{"damage":1.0,"enemies":"Lagavulin","floor":12.0,"turns":4.0},{"damage":1.0,"enemies":"3 Sentries","floor":14.0,"turns":4.0},{"damage":1.0,"enemies":"The Guardian","floor":16.0,"turns":4.0},{"damage":2.0,"enemies":"Spheric Guardian","floor":18.0,"turns":1.0},{"damage":2.0,"enemies":"Chosen","floor":19.0,"turns":2.0},{"damage":0.0,"enemies":"Snake Plant","floor":20.0,"turns":1.0},{"damage":2.0,"enemies":"Book of Stabbing","floor":23.0,"turns":3.0},{"damage":16.0,"enemies":"Gremlin Leader","floor":24.0,"turns":2.0},{"damage":2.0,"enemies":"Book of Stabbing","floor":25.0,"turns":2.0},{"damage":2,"enemies":"Gremlin Leader","floor":27,"turns":2},{"damage":2,"enemies":"Snecko","floor":28,"turns":2},{"damage":1,"enemies":"Champ","floor":33,"turns":5},{"damage":1,"enemies":"Shield and Spear","floor":37,"turns":3},{"damage":69,"enemies":"The Heart","floor":38,"turns":6}],"seed_played":"-9939371980441130","potions_obtained":[{"floor":4.0,"key":"Swift Potion"},{"floor":5.0,"key":"SteroidPotion"},{"floor":11.0,"key":"Fruit Juice"},{"floor":16.0,"key":"SkillPotion"},{"floor":19.0,"key":"ColorlessPotion"},{"floor":25,"key":"EssenceOfDarkness"}],"is_trial":false,"path_per_floor":["M","M","M","M","M","E","M","R","T","?","M","E","?","E","R","B",null,"M","M","M","?","?","E","E","E","T","E","M","R","$","?","R","B",null,"R","$","E","B",null],"character_chosen":"DEFECT","items_purchased":["ReplayTheSpireMod:CursedCoin","Panic Button","Iron Hammer","Boot","MealTicket","Molten Egg 2","Eternal Feather","Pear","Blue Candle","Replay:Kaleidoscope","Strawberry","StrikeDummy","Bird Faced Urn","Toxic Egg 2","Girya","Happy Flower","Emotion Chip","InkBottle","Lizard Tail","Centennial Puzzle","Replay:Accelerometer","Ancient Tea Set","Replay:Bottled Steam","Whetstone","MerchantsRug","Streamline+1","ReplayTheSpireMod:Calculation Training+1","Genetic Algorithm+1","Fission+1","Bag of Preparation","Golden Egg","Redo+1","Hologram+1","Runic Capacitor","Glacier+1","Capacitor+1","Doom and Gloom+1","BasicCrystalCard+1","Vajra","Simple Rune","Replay:Bandana","Singing Bowl","Solar Panel","DollysMirror","Bag of Marbles","ReplayFunnel","Meat on the Bone","Raider\u0027s Mask","Coolheaded+1","Chill+1","Frozen Egg 2","Nunchaku"],"campfire_rested":0,"item_purchase_floors":[0,0,0,0,0,0,0,0,0,0,0,0,0,0,0,0,0,0,0,0,0,0,0,0,0,0,0,0,0,0,0,0,0,0,0,0,0,0,0,0,0,0,0,0,0,0,0,30,30,30,30,30],"current_hp_per_floor":[85,88,87,90,91,96,98,98,98,80,88,97,97,104,107,109,109,111,113,115,94,94,108,102,108,108,116,122,125,125,125,125,127,127,127,127,127,71],"gold":221,"neow_bonus":"","is_daily":false,"chose_seed":false,"campfire_upgraded":2,"win_rate":0.0,"timestamp":1614326892,"path_taken":["M","M","M","M","M","E","M","R","T","?","M","E","?","E","R","BOSS","M","?","M","?","?","E","E","E","T","E","M","R","$","?","R","BOSS","R","$","E","BOSS"],"items_purchased_type":["Relic","Card","Relic","Relic","Relic","Relic","Relic","Relic","Relic","Relic","Relic","Relic","Relic","Relic","Relic","Relic","Relic","Relic","Relic","Relic","Relic","Relic","Relic","Relic","Relic","Card","Card","Card","Card","Relic","Relic","Card","Card","Relic","Card","Card","Card","Card","Relic","Relic","Relic","Relic","Relic","Relic","Relic","Relic","Relic","Relic","Card","Card","Relic","Relic"],"build_version":"2020-12-22","purchased_purges":5,"victory":true,"max_hp_per_floor":[90,92,92,94,94,96,98,98,98,98,103,105,105,107,107,109,109,111,113,115,115,115,117,119,121,121,123,125,125,125,125,125,127,127,127,127,127,127],"card_choices":[{"not_picked":["Double Energy+1","Stack+1","Streamline+1"],"picked":"Singing Bowl","floor":1.0},{"not_picked":["Loop","Genetic Algorithm+1","Compile Driver+1"],"picked":"Singing Bowl","floor":2.0},{"not_picked":["Ball Lightning+1","Turbo+1"],"picked":"Coolheaded+1","floor":3.0},{"not_picked":["Steam+1","Go for the Eyes+1","Streamline+1"],"picked":"Singing Bowl","floor":4.0},{"not_picked":["Stack+1","Sweeping Beam+1"],"picked":"Echo Form","floor":5.0},{"not_picked":["Rebound+1","Skim+1","Sweeping Beam+1"],"picked":"Singing Bowl","floor":6.0},{"not_picked":["Barrage+1","Rebound+1","Hello World"],"picked":"Singing Bowl","floor":7.0},{"not_picked":["Panic Button+1","ReplayTheSpireMod:System Scan+1"],"picked":"Barrage+1","floor":11.0},{"not_picked":["Steam+1","Time Bomb+1","Gash+1"],"picked":"Singing Bowl","floor":12.0},{"not_picked":["Hello World","Streamline+1","Static Discharge"],"picked":"Singing Bowl","floor":14.0},{"not_picked":["Seek+1","Biased Cognition","Machine Learning"],"picked":"Singing Bowl","floor":16.0},{"not_picked":["Barrage+1","Turbo+1","Compile Driver+1"],"picked":"Singing Bowl","floor":18.0},{"not_picked":["ReplayTheSpireMod:GoodbyeWorld","Stack+1","BootSequence+1"],"picked":"Singing Bowl","floor":19.0},{"not_picked":["Melter+1","Cold Snap+1","Streamline+1"],"picked":"Singing Bowl","floor":20.0},{"not_picked":["ReplayTheSpireMod:Reroute Power+1","Beam Cell+1","Streamline+1"],"picked":"Singing Bowl","floor":23.0},{"not_picked":["Consume+1","FTL+1","Redo+1"],"picked":"Singing Bowl","floor":24.0},{"not_picked":["Hello World","Heatsinks","Streamline+1"],"picked":"Singing Bowl","floor":25},{"not_picked":["Rainbow+1","Glacier+1","Panic Button+1"],"picked":"Singing Bowl","floor":27},{"not_picked":["Hologram+1","Fusion+1","Gash+1"],"picked":"Singing Bowl","floor":28},{"not_picked":["Electrodynamics+1","ReplayTheSpireMod:Omega Cannon+1","All For One+1"],"picked":"Singing Bowl","floor":33},{"not_picked":["ReplayTheSpireMod:GoodbyeWorld+1","ReplayGash+1"],"picked":"Force Field+1","floor":37}],"player_experience":414485,"relics_obtained":[{"floor":6.0,"key":"ReplayTheSpireMod:TigerMarble"},{"floor":9.0,"key":"Bronze Scales"},{"floor":12.0,"key":"Blood Vial"},{"floor":14.0,"key":"Art of War"},{"floor":21.0,"key":"Nilry\u0027s Codex"},{"floor":23.0,"key":"Replay:Bottled Flurry"},{"floor":24.0,"key":"Anchor"},{"floor":26,"key":"DataDisk"},{"floor":27,"key":"Toy Ornithopter"},{"floor":37,"key":"Oddly Smooth Stone"}],"event_choices":[{"damage_healed":0.0,"max_hp_gain":0.0,"max_hp_loss":0.0,"gold_gain":0.0,"event_name":"Scrap Ooze","player_choice":"Success","floor":10.0,"gold_loss":0.0,"damage_taken":18.0,"relics_obtained":["Gambling Chip"]},{"damage_healed":0.0,"max_hp_gain":0.0,"max_hp_loss":0.0,"gold_gain":0.0,"event_name":"Match and Keep!","player_choice":"1 cards matched","floor":13.0,"gold_loss":0.0,"damage_taken":0.0,"cards_obtained":["Electrodynamics"]},{"damage_healed":0.0,"max_hp_gain":0.0,"max_hp_loss":0.0,"gold_gain":0.0,"event_name":"Cursed Tome","player_choice":"Obtained Book","floor":21.0,"gold_loss":0.0,"damage_taken":21.0},{"damage_healed":0.0,"max_hp_gain":0.0,"max_hp_loss":0.0,"gold_gain":0.0,"event_name":"The Mausoleum","player_choice":"Ignored","floor":22.0,"gold_loss":0.0,"damage_taken":0.0}],"is_beta":false,"boss_relics":[{"not_picked":["Coffee Dripper","Astrolabe"],"picked":"Abe\u0027s Treasure"},{"not_picked":["Honey Jar","SlaversCollar"],"picked":"Sozu"}],"items_purged_floors":[0,0,0,0,30],"is_endless":false,"potions_floor_spawned":[4,5,6,11,16,19,23,25,37],"ascension_level":20}}