{"host":"u2zgzag0koeblr9v","time":1614377716,"event":{"mods":["AchievementEnabler","BaseMod","Colored Map","Key Reminder","Minty Spire (QoL Compilation)"],"gold_per_floor":[119,119,194,208,208,208,236,246,317,328,353,371,401,401,401,498,498,509,509,521,533,547,579,358,268,291,318,332,349,375,392,392,491,491,502,502,521,539,552,577,590,590,590],"floor_reached":42,"language":"ENG","playtime":2239,"items_purged":[],"score":745,"play_id":"d2c9c1e6-dcf4-4a34-b90b-d1c7bf5257bc","local_time":"20210226171516","is_ascension_mode":true,"campfire_choices":[{"data":"Pommel Strike","floor":6,"key":"SMITH"},{"data":"Perfected Strike","floor":15,"key":"SMITH"},{"data":"Evolve","floor":32,"key":"SMITH"}],"circlet_count":0,"master_deck":["Strike_R+1","Strike_R+1","Strike_R+1","Strike_R+1","Strike_R+1","Defend_R+1","Defend_R+1","Bash+1","Perfected Strike+1","Pommel Strike+1","Flame Barrier","Battle Trance+1","Evolve+1","Reckless Charge","Perfected Strike","Feed","Perfected Strike","Wild Strike","Perfected Strike","Twin Strike","Fire Breathing","Shrug It Off","Armaments","Ghostly Armor+1","Perfected Strike","Armaments+1","Bloodletting","Decay","Wild Strike+1","Flex+1","Perfected Strike+1"],"relics":["Burning Blood","NeowsBlessing","Akabeko","Paper Frog","Lantern","Odd Mushroom","PreservedInsect","Philosopher\u0027s Stone","Sundial","Nunchaku","keyreminder:keyreminder","Self Forming Clay","Pen Nib","SlaversCollar","Dream Catcher"],"acts_visited":["Exordium","TheCity","TheBeyond"],"potions_floor_usage":[18,27,29,33,38,38],"damage_taken":[{"damage":0,"enemies":"Jaw Worm","floor":1,"turns":1},{"damage":0,"enemies":"2 Louse","floor":4,"turns":1},{"damage":0,"enemies":"3 Sentries","floor":7,"turns":1},{"damage":0,"enemies":"Cultist","floor":8,"turns":2},{"damage":1,"enemies":"Looter","floor":10,"turns":3},{"damage":16,"enemies":"Gremlin Nob","floor":11,"turns":3},{"damage":9,"enemies":"Red Slaver","floor":12,"turns":3},{"damage":12,"enemies":"The Mushroom Lair","floor":13,"turns":4},{"damage":0,"enemies":"Slime Boss","floor":16,"turns":7},{"damage":4,"enemies":"2 Thieves","floor":18,"turns":3},{"damage":4,"enemies":"Shell Parasite","floor":20,"turns":3},{"damage":7,"enemies":"Snake Plant","floor":21,"turns":2},{"damage":7,"enemies":"Centurion and Healer","floor":22,"turns":3},{"damage":30,"enemies":"Slavers","floor":23,"turns":3},{"damage":29,"enemies":"Book of Stabbing","floor":27,"turns":4},{"damage":0,"enemies":"Cultist and Chosen","floor":28,"turns":4},{"damage":7,"enemies":"Shelled Parasite and Fungi","floor":29,"turns":3},{"damage":8,"enemies":"Slavers","floor":30,"turns":6},{"damage":0,"enemies":"Sentry and Sphere","floor":31,"turns":2},{"damage":48,"enemies":"Collector","floor":33,"turns":8},{"damage":0,"enemies":"3 Shapes","floor":35,"turns":5},{"damage":0,"enemies":"Orb Walker","floor":37,"turns":2},{"damage":18,"enemies":"Transient","floor":38,"turns":5},{"damage":2,"enemies":"Jaw Worm Horde","floor":39,"turns":4},{"damage":18,"enemies":"Reptomancer","floor":40,"turns":3},{"damage":43,"enemies":"Writhing Mass","floor":41,"turns":4},{"damage":53,"enemies":"Nemesis","floor":42,"turns":2}],"seed_played":"6625257976798215425","potions_obtained":[{"floor":1,"key":"PowerPotion"},{"floor":8,"key":"BloodPotion"},{"floor":12,"key":"LiquidMemories"},{"floor":16,"key":"SkillPotion"},{"floor":18,"key":"AttackPotion"},{"floor":20,"key":"Block Potion"},{"floor":27,"key":"Fire Potion"},{"floor":30,"key":"Ancient Potion"},{"floor":33,"key":"Swift Potion"},{"floor":37,"key":"AttackPotion"}],"is_trial":false,"path_per_floor":["M","?","?","M","?","R","E","M","T","M","E","M","?","T","R","B",null,"M","?","M","M","M","E","$","?","T","E","M","M","E","M","R","B",null,"M","?","M","M","M","E","M","E"],"character_chosen":"IRONCLAD","items_purchased":["Shrug It Off","Nunchaku","Armaments"],"campfire_rested":0,"item_purchase_floors":[24,24,24],"current_hp_per_floor":[80,64,53,59,59,59,65,71,71,76,66,63,57,57,57,63,80,80,80,83,85,87,66,66,66,66,43,52,51,49,55,55,13,95,95,95,95,83,87,75,38,0,0],"gold":590,"neow_bonus":"THREE_ENEMY_KILL","is_daily":false,"chose_seed":false,"campfire_upgraded":3,"win_rate":0.0,"timestamp":1614377716,"path_taken":["M","?","?","M","?","R","E","M","T","M","E","M","?","?","R","BOSS","M","?","M","M","M","E","$","?","T","E","M","M","E","?","R","BOSS","M","?","M","?","M","E","M","E"],"items_purchased_type":["Card","Relic","Card"],"build_version":"2020-12-22","purchased_purges":0,"victory":false,"max_hp_per_floor":[80,80,80,80,80,80,80,80,80,80,80,80,80,80,80,80,80,80,80,83,86,89,92,92,92,92,92,95,95,95,95,95,95,95,95,95,95,95,95,95,95,95,95],"card_choices":[{"not_picked":["Dual Wield","Clothesline"],"picked":"Perfected Strike","floor":1},{"not_picked":["Sentinel","Flex","Rupture"],"picked":"SKIP","floor":4},{"not_picked":["Rupture","Clothesline"],"picked":"Flame Barrier","floor":7},{"not_picked":["Thunderclap","Flex","Clash"],"picked":"SKIP","floor":8},{"not_picked":["Shrug It Off","Warcry"],"picked":"Battle Trance","floor":10},{"not_picked":["Power Through","Uppercut"],"picked":"Evolve","floor":11},{"not_picked":["Flame Barrier","Ghostly Armor"],"picked":"Reckless Charge","floor":12},{"not_picked":["Clothesline","Body Slam"],"picked":"Perfected Strike","floor":13},{"not_picked":["Immolate","Berserk"],"picked":"Feed","floor":16},{"not_picked":["Wild Strike","Clash"],"picked":"Perfected Strike","floor":18},{"not_picked":["Sever Soul","Uppercut"],"picked":"Wild Strike","floor":20},{"not_picked":["Searing Blow","Sword Boomerang"],"picked":"Perfected Strike","floor":21},{"not_picked":["Heavy Blade","Sentinel"],"picked":"Twin Strike","floor":22},{"not_picked":["Blood for Blood","Havoc"],"picked":"Fire Breathing","floor":23},{"not_picked":["Flex","Fiend Fire"],"picked":"Ghostly Armor+1","floor":27},{"not_picked":["Pummel+1","Sword Boomerang"],"picked":"Perfected Strike","floor":28},{"not_picked":["Dual Wield","Uppercut"],"picked":"Armaments+1","floor":29},{"not_picked":["Fire Breathing","Sword Boomerang"],"picked":"Bloodletting","floor":30},{"not_picked":["Sentinel","Headbutt","Whirlwind+1"],"picked":"SKIP","floor":31},{"not_picked":["Clothesline","Combust+1","Clash"],"picked":"SKIP","floor":35},{"not_picked":["Flex","Reckless Charge+1"],"picked":"Wild Strike+1","floor":37},{"not_picked":["Dark Embrace","Havoc+1","True Grit"],"picked":"SKIP","floor":38},{"not_picked":["Hemokinesis+1","Inflame","Anger+1"],"picked":"SKIP","floor":39},{"not_picked":["Sword Boomerang","Rampage+1"],"picked":"Flex+1","floor":40},{"not_picked":["Sever Soul+1","Sword Boomerang"],"picked":"Perfected Strike+1","floor":41}],"player_experience":386280,"relics_obtained":[{"floor":7,"key":"Akabeko"},{"floor":9,"key":"Paper Frog"},{"floor":11,"key":"Lantern"},{"floor":13,"key":"Odd Mushroom"},{"floor":14,"key":"PreservedInsect"},{"floor":23,"key":"Sundial"},{"floor":27,"key":"Self Forming Clay"},{"floor":30,"key":"Pen Nib"},{"floor":40,"key":"Dream Catcher"}],"event_choices":[{"damage_healed":0,"gold_gain":0,"player_choice":"Entered Light","damage_taken":16,"max_hp_gain":0,"max_hp_loss":0,"event_name":"Shining Light","floor":2,"gold_loss":0,"cards_upgraded":["Strike_R","Bash"]},{"damage_healed":0,"gold_gain":75,"player_choice":"Gather Gold","damage_taken":11,"max_hp_gain":0,"max_hp_loss":0,"event_name":"World of Goop","floor":3,"gold_loss":0},{"damage_healed":0,"gold_gain":0,"cards_transformed":["Defend_R"],"player_choice":"Change","damage_taken":0,"max_hp_gain":0,"max_hp_loss":0,"event_name":"Living Wall","floor":5,"gold_loss":0,"cards_obtained":["Pommel Strike"]},{"damage_healed":0,"gold_gain":0,"player_choice":"Fought Mushrooms","damage_taken":0,"max_hp_gain":0,"max_hp_loss":0,"event_name":"Mushrooms","floor":13,"gold_loss":0},{"damage_healed":0,"gold_gain":0,"player_choice":"Simplicity","damage_taken":0,"max_hp_gain":0,"max_hp_loss":0,"event_name":"Back to Basics","floor":19,"gold_loss":0,"cards_upgraded":["Strike_R","Strike_R","Strike_R","Strike_R","Defend_R","Defend_R","Defend_R"]},{"cards_removed":["Defend_R"],"damage_healed":0,"gold_gain":0,"player_choice":"Upgrade and Remove","damage_taken":0,"max_hp_gain":0,"max_hp_loss":0,"event_name":"Designer","floor":25,"gold_loss":90,"cards_upgraded":["Battle Trance"]},{"damage_healed":0,"gold_gain":0,"player_choice":"Cursed","damage_taken":0,"max_hp_gain":0,"max_hp_loss":0,"event_name":"Wheel of Change","floor":36,"gold_loss":0,"cards_obtained":["Decay"]}],"is_beta":false,"boss_relics":[{"not_picked":["Black Blood","Empty Cage"],"picked":"Philosopher\u0027s Stone"},{"not_picked":["Fusion Hammer","Sozu"],"picked":"SlaversCollar"}],"items_purged_floors":[],"is_endless":false,"potions_floor_spawned":[1,8,12,16,18,20,27,30,33,37],"killed_by":"Nemesis","ascension_level":4}}