{"host":"e1pm3b7xpcm97e5w","time":1614360105,"event":{"mods":["BaseMod","Better Skull","Googly Eyes","Minty Spire (QoL Compilation)","Relic Stats","Shop Mod","Spicy Shops","StSLib"],"gold_per_floor":[112,112,132,147,222,222,253,253,253,253,263,263,273,20,20,94,94,106,118,133,146,157,189,189,214,241,253,66,94,94,194,194,271,271,288,288,306,306,104,130,140,140,140,140,140,185,185,205,205,205],"floor_reached":51,"language":"ENG","playtime":2215,"items_purged":["Strike_B"],"score":1263,"play_id":"f27ce940-14a1-4de3-bc6a-db931ca022be","local_time":"20210226122145","is_ascension_mode":true,"campfire_choices":[{"data":"Zap","floor":6.0,"key":"SMITH"},{"floor":8.0,"key":"REST"},{"data":"Genetic Algorithm","floor":12.0,"key":"SMITH"},{"data":"Redo","floor":15.0,"key":"SMITH"},{"floor":24,"key":"REST"},{"floor":30,"key":"REST"},{"data":"Consume","floor":32,"key":"SMITH"},{"data":"Seek","floor":42,"key":"SMITH"},{"data":"Buffer","floor":44,"key":"SMITH"},{"data":"Storm","floor":47,"key":"SMITH"},{"data":"Loop","floor":49,"key":"SMITH"}],"circlet_count":0,"master_deck":["AscendersBane","Strike_B","Strike_B","Defend_B","Defend_B","Defend_B","Defend_B","Zap+1","Electrodynamics","Glacier","Genetic Algorithm+1","Barrage","Ball Lightning","Hologram","Coolheaded","Redo+1","Seek+1","Consume+1","Redo","Buffer+1","Capacitor","Barrage+1","Tempest+1","Rainbow+1","Amplify+1","Auto Shields+1","Storm+1","Hologram+1","Coolheaded+1","Madness+1","Madness+1","Loop+1"],"relics":["Cracked Core","White Beast Statue","Matryoshka","Thread and Needle","Bronze Scales","Runic Pyramid","Bottled Lightning","Torii","Toxic Egg 2","PreservedInsect","Chemical X","Ornamental Fan","Incense Burner","Kunai","Inserter","Gremlin Horn","Ancient Tea Set","Symbiotic Virus","Happy Flower"],"acts_visited":["Exordium","TheCity","TheBeyond"],"potions_floor_usage":[25,29,31,35,37,41,48],"damage_taken":[{"damage":16.0,"enemies":"Small Slimes","floor":1.0,"turns":3.0},{"damage":1.0,"enemies":"Cultist","floor":3.0,"turns":3.0},{"damage":2.0,"enemies":"2 Louse","floor":4.0,"turns":2.0},{"damage":15.0,"enemies":"Lagavulin","floor":7.0,"turns":10.0},{"damage":5.0,"enemies":"Lots of Slimes","floor":11.0,"turns":2.0},{"damage":8.0,"enemies":"Large Slime","floor":13.0,"turns":5.0},{"damage":20.0,"enemies":"The Guardian","floor":16.0,"turns":12.0},{"damage":3.0,"enemies":"Chosen","floor":18.0,"turns":4.0},{"damage":0.0,"enemies":"Spheric Guardian","floor":19.0,"turns":4.0},{"damage":0.0,"enemies":"Centurion and Healer","floor":20.0,"turns":6.0},{"damage":14.0,"enemies":"Cultist and Chosen","floor":21.0,"turns":5.0},{"damage":16.0,"enemies":"Shelled Parasite and Fungi","floor":22.0,"turns":7.0},{"damage":15.0,"enemies":"Book of Stabbing","floor":23.0,"turns":5.0},{"damage":0,"enemies":"Gremlin Leader","floor":25,"turns":6},{"damage":0,"enemies":"Snake Plant","floor":27,"turns":4},{"damage":22,"enemies":"Slavers","floor":29,"turns":2},{"damage":0,"enemies":"Colosseum Slavers","floor":31,"turns":3},{"damage":0,"enemies":"Colosseum Nobs","floor":31,"turns":2},{"damage":26,"enemies":"Champ","floor":33,"turns":12},{"damage":12,"enemies":"3 Shapes","floor":35,"turns":3},{"damage":25,"enemies":"3 Darklings","floor":37,"turns":2},{"damage":0,"enemies":"Reptomancer","floor":40,"turns":4},{"damage":6,"enemies":"Spire Growth","floor":41,"turns":5},{"damage":0,"enemies":"Writhing Mass","floor":48,"turns":5},{"damage":12,"enemies":"Time Eater","floor":50,"turns":9}],"seed_played":"755041594977823904","potions_obtained":[{"floor":4.0,"key":"Dexterity Potion"},{"floor":11.0,"key":"EssenceOfSteel"},{"floor":16.0,"key":"FocusPotion"},{"floor":18.0,"key":"PotionOfCapacity"},{"floor":21.0,"key":"DistilledChaos"},{"floor":23.0,"key":"Swift Potion"},{"floor":25,"key":"SpeedPotion"},{"floor":27,"key":"DuplicationPotion"},{"floor":29,"key":"GamblersBrew"},{"floor":31,"key":"EssenceOfDarkness"},{"floor":33,"key":"Weak Potion"},{"floor":35,"key":"Swift Potion"},{"floor":37,"key":"Fruit Juice"},{"floor":40,"key":"Weak Potion"},{"floor":41,"key":"BlessingOfTheForge"},{"floor":48,"key":"Fruit Juice"}],"is_trial":false,"path_per_floor":["M","?","M","M","?","R","E","R","T","?","M","R","M","$","R","B",null,"M","M","M","M","M","E","R","E","T","M","$","E","R","?","R","B",null,"M","?","M","?","$","E","M","R","T","R","?","T","R","M","R","B",null],"character_chosen":"DEFECT","items_purchased":["Bronze Scales","Coolheaded","Redo","Tempest+1","Chemical X","Storm","Hologram+1"],"campfire_rested":3,"item_purchase_floors":[14,14,14,28,28,39,39],"current_hp_per_floor":[52,52,51,49,38,38,23,45,45,45,40,40,32,32,32,12,59,56,56,56,42,26,11,33,33,33,33,33,11,33,33,33,7,58,46,46,26,70,70,70,64,64,64,64,55,55,55,60,60,48],"gold":205,"neow_bonus":"ONE_RANDOM_RARE_CARD","is_daily":false,"chose_seed":false,"campfire_upgraded":8,"win_rate":0.0,"timestamp":1614360105,"path_taken":["M","?","M","?","?","R","E","R","T","?","M","R","M","$","R","BOSS","M","M","M","M","M","E","R","E","T","M","$","E","R","?","R","BOSS","M","?","M","?","$","E","M","R","T","R","?","?","R","M","R","BOSS"],"items_purchased_type":["Relic","Card","Card","Card","Relic","Card","Card"],"build_version":"2020-12-22","purchased_purges":1,"victory":true,"max_hp_per_floor":[75,75,75,75,75,75,75,75,75,75,75,75,75,75,75,75,75,75,75,75,75,75,75,75,75,75,75,75,75,75,75,75,75,75,75,75,80,70,70,70,70,70,70,70,70,70,70,75,75,75],"relic_stats":{"Inserter":[14],"Torii":6,"Gremlin Horn":[0,0],"Happy Flower":[4],"counters":[25,125],"Ornamental Fan":[4],"Bronze Scales":[318],"PreservedInsect":139,"Chemical X":[10],"Kunai":[1],"obtain_stats":[{"Inserter":34,"Torii":25,"Gremlin Horn":40,"Happy Flower":46,"Thread and Needle":10,"PreservedInsect":26,"Incense Burner":31,"Ancient Tea Set":43,"White Beast Statue":7,"Matryoshka":9,"Ornamental Fan":29,"Bronze Scales":14,"Bottled Lightning":23,"Chemical X":28,"Kunai":31,"Toxic Egg 2":26,"Cracked Core":0,"Symbiotic Virus":43,"Runic Pyramid":17},{"Inserter":19,"Torii":14,"Gremlin Horn":22,"Happy Flower":23,"Thread and Needle":4,"PreservedInsect":14,"Incense Burner":18,"Ancient Tea Set":23,"White Beast Statue":4,"Matryoshka":4,"Ornamental Fan":16,"Bronze Scales":6,"Bottled Lightning":13,"Chemical X":15,"Kunai":18,"Toxic Egg 2":14,"Cracked Core":0,"Symbiotic Virus":23,"Runic Pyramid":7},{"Inserter":97,"Torii":74,"Gremlin Horn":106,"Happy Flower":111,"Thread and Needle":18,"PreservedInsect":74,"Incense Burner":85,"Ancient Tea Set":111,"White Beast Statue":18,"Matryoshka":18,"Ornamental Fan":80,"Bronze Scales":25,"Bottled Lightning":68,"Chemical X":78,"Kunai":85,"Toxic Egg 2":74,"Cracked Core":0,"Symbiotic Virus":111,"Runic Pyramid":37}]},"card_choices":[{"not_picked":["Steam","Cold Snap"],"picked":"Glacier","floor":1.0},{"not_picked":["Sweeping Beam","Beam Cell"],"picked":"Conserve Battery","floor":3.0},{"not_picked":["Hologram","Turbo"],"picked":"Genetic Algorithm","floor":4.0},{"not_picked":["Sweeping Beam","Skim"],"picked":"Barrage","floor":7.0},{"not_picked":["Undo","Gash"],"picked":"Ball Lightning","floor":11.0},{"not_picked":["Steam","Turbo"],"picked":"Hologram","floor":13.0},{"not_picked":["Rainbow","Amplify"],"picked":"Seek","floor":16.0},{"not_picked":["Hello World","Sunder","Steam"],"picked":"SKIP","floor":18.0},{"not_picked":["Fusion","Streamline","Hologram"],"picked":"SKIP","floor":19.0},{"not_picked":["Steam","Redo"],"picked":"Consume","floor":20.0},{"not_picked":["Glacier","Ball Lightning"],"picked":"Redo","floor":21.0},{"not_picked":["Leap","Rip and Tear"],"picked":"Buffer","floor":22.0},{"not_picked":["Beam Cell","Consume","Gash"],"picked":"SKIP","floor":23.0},{"not_picked":["Stack","Static Discharge+1"],"picked":"Capacitor","floor":25},{"not_picked":["Rebound","Melter"],"picked":"Barrage+1","floor":27},{"not_picked":["Steam Power+1","Go for the Eyes"],"picked":"Rainbow+1","floor":29},{"not_picked":["Buffer","Thunder Strike"],"picked":"Amplify+1","floor":33},{"not_picked":["Skim+1","Streamline","Hello World"],"picked":"SKIP","floor":35},{"not_picked":["Turbo+1","Doom and Gloom"],"picked":"Auto Shields+1","floor":37},{"not_picked":["Ball Lightning","Cold Snap+1","Go for the Eyes"],"picked":"SKIP","floor":40},{"not_picked":["Rebound+1","FTL"],"picked":"Coolheaded+1","floor":41},{"not_picked":["Static Discharge","White Noise+1"],"picked":"Loop","floor":48}],"player_experience":726536,"relics_obtained":[{"floor":7.0,"key":"White Beast Statue"},{"floor":9.0,"key":"Matryoshka"},{"floor":23.0,"key":"Bottled Lightning"},{"floor":25,"key":"Torii"},{"floor":26,"key":"Toxic Egg 2"},{"floor":26,"key":"PreservedInsect"},{"floor":29,"key":"Ornamental Fan"},{"floor":31,"key":"Incense Burner"},{"floor":31,"key":"Kunai"},{"floor":40,"key":"Gremlin Horn"},{"floor":43,"key":"Ancient Tea Set"},{"floor":43,"key":"Symbiotic Virus"},{"floor":46,"key":"Happy Flower"}],"event_choices":[{"cards_removed":["Strike_B"],"damage_healed":0.0,"max_hp_gain":0.0,"max_hp_loss":0.0,"gold_gain":0.0,"event_name":"Purifier","player_choice":"Purged","floor":2.0,"gold_loss":0.0,"damage_taken":0.0},{"damage_healed":0.0,"max_hp_gain":0.0,"max_hp_loss":0.0,"gold_gain":75.0,"event_name":"World of Goop","player_choice":"Gather Gold","floor":5.0,"gold_loss":0.0,"damage_taken":11.0},{"cards_removed":["Conserve Battery"],"damage_healed":0.0,"max_hp_gain":0.0,"max_hp_loss":0.0,"gold_gain":0.0,"event_name":"WeMeetAgain","player_choice":"Gave Card","floor":10.0,"gold_loss":0.0,"damage_taken":0.0,"relics_obtained":["Thread and Needle"]},{"damage_healed":0,"gold_gain":0,"player_choice":"Fight","damage_taken":0,"max_hp_gain":0,"max_hp_loss":0,"event_name":"Colosseum","floor":31,"gold_loss":0},{"damage_healed":0,"gold_gain":0,"player_choice":"Fought Nobs","damage_taken":0,"max_hp_gain":0,"max_hp_loss":0,"event_name":"Colosseum","floor":31,"gold_loss":0},{"cards_removed":["Dualcast"],"damage_healed":0,"gold_gain":0,"player_choice":"Removed Skill","damage_taken":0,"max_hp_gain":0,"max_hp_loss":0,"event_name":"Falling","floor":36,"gold_loss":0},{"damage_healed":70,"gold_gain":0,"player_choice":"Heal","damage_taken":0,"max_hp_gain":0,"max_hp_loss":10,"event_name":"The Moai Head","floor":38,"gold_loss":0},{"damage_healed":0,"gold_gain":0,"player_choice":"Embrace Madness","damage_taken":9,"max_hp_gain":0,"max_hp_loss":0,"event_name":"Winding Halls","floor":45,"gold_loss":0,"cards_obtained":["Madness","Madness"]}],"is_beta":false,"boss_relics":[{"not_picked":["Pandora\u0027s Box","Fusion Hammer"],"picked":"Runic Pyramid"},{"not_picked":["Busted Crown","Black Star"],"picked":"Inserter"}],"items_purged_floors":[39],"is_endless":false,"potions_floor_spawned":[4,11,13,16,18,19,20,21,22,23,25,27,29,31,31,33,35,37,40,41,48],"ascension_level":13}}