{"host":"z37g2hkgkh2zjyzk","time":1614358227,"event":{"mods":["2.2 Compatiblity","AchievementEnabler","BaseMod","Bestiary","Colored Map","Colored Powertips","Curses Come First","Highlight Path","Keyboard Shortcuts","Minty Spire (QoL Compilation)","Relic Stats","StSLib","SuperFastMode"],"gold_per_floor":[114,126,138,149,74,74,103,103,103,158,172,172,172,185,185,286,286,301,334,334,334,347,347,380,380,405,405,305,322,7,17,17,114,114,126,348,359,376,453,453,480,490,544,173,208,43,57,73,73,73,73],"floor_reached":50,"language":"ENG","playtime":3673,"items_purged":["Strike_B","Strike_B","Strike_B"],"score":846,"play_id":"e0429cb4-a6b6-44ac-abdd-f55e6320c73c","local_time":"20210226175027","is_ascension_mode":true,"campfire_choices":[{"data":"Barrage","floor":6.0,"key":"SMITH"},{"floor":8.0,"key":"REST"},{"floor":13.0,"key":"REST"},{"data":"Double Energy","floor":15.0,"key":"SMITH"},{"floor":23.0,"key":"REST"},{"data":"Static Discharge","floor":25.0,"key":"SMITH"},{"data":"Loop","floor":27.0,"key":"SMITH"},{"data":"Seek","floor":32.0,"key":"SMITH"},{"floor":40,"key":"REST"},{"floor":49,"key":"RECALL"}],"circlet_count":0,"master_deck":["AscendersBane","Strike_B","Defend_B","Defend_B","Defend_B","Defend_B","Zap","Dualcast","Multi-Cast","Rebound","Barrage+1","Static Discharge+1","Ball Lightning","Double Energy+1","Sweeping Beam","Seek+1","Loop+1","Auto Shields","Hologram+1","Capacitor","Capacitor","Reboot","Steam+1","BootSequence+1","Electrodynamics","Coolheaded","Turbo+1","FTL+1","Darkness","Dark Shackles"],"relics":["FrozenCore","Letter Opener","Symbiotic Virus","Mummified Hand","Red Mask","Bag of Preparation","DataDisk","MealTicket","Bottled Lightning","Sozu","Mercury Hourglass","Incense Burner","Cables","Bottled Tornado"],"acts_visited":["Exordium","TheCity","TheBeyond"],"potions_floor_usage":[33],"damage_taken":[{"damage":1.0,"enemies":"Cultist","floor":1.0,"turns":4.0},{"damage":12.0,"enemies":"Jaw Worm","floor":2.0,"turns":2.0},{"damage":1.0,"enemies":"2 Louse","floor":3.0,"turns":2.0},{"damage":0.0,"enemies":"Large Slime","floor":4.0,"turns":5.0},{"damage":35.0,"enemies":"3 Sentries","floor":7.0,"turns":6.0},{"damage":24.0,"enemies":"Lagavulin Event","floor":10.0,"turns":4.0},{"damage":1.0,"enemies":"Looter","floor":11.0,"turns":2.0},{"damage":8.0,"enemies":"3 Louse","floor":14.0,"turns":2.0},{"damage":7.0,"enemies":"Hexaghost","floor":16.0,"turns":7.0},{"damage":5.0,"enemies":"Chosen","floor":18.0,"turns":4.0},{"damage":5.0,"enemies":"Masked Bandits","floor":19.0,"turns":2.0},{"damage":0.0,"enemies":"3 Byrds","floor":22.0,"turns":3.0},{"damage":21.0,"enemies":"Gremlin Leader","floor":24.0,"turns":4.0},{"damage":7.0,"enemies":"Snake Plant","floor":29.0,"turns":3.0},{"damage":8.0,"enemies":"3 Cultists","floor":31.0,"turns":4.0},{"damage":36,"enemies":"Automaton","floor":33,"turns":8},{"damage":0,"enemies":"Orb Walker","floor":35,"turns":2},{"damage":17,"enemies":"3 Darklings","floor":37,"turns":5},{"damage":0,"enemies":"4 Shapes","floor":38,"turns":6},{"damage":20,"enemies":"Nemesis","floor":41,"turns":5},{"damage":0,"enemies":"Writhing Mass","floor":42,"turns":3},{"damage":4,"enemies":"Giant Head","floor":45,"turns":6},{"damage":12,"enemies":"Maw","floor":47,"turns":4},{"damage":0,"enemies":"Sphere and 2 Shapes","floor":48,"turns":2},{"damage":79,"enemies":"Donu and Deca","floor":50,"turns":8}],"seed_played":"-310397513865147926","potions_obtained":[{"floor":2.0,"key":"Dexterity Potion"},{"floor":7.0,"key":"SkillPotion"},{"floor":10.0,"key":"ColorlessPotion"},{"floor":11.0,"key":"SkillPotion"},{"floor":18.0,"key":"ColorlessPotion"},{"floor":19.0,"key":"SteroidPotion"},{"floor":29.0,"key":"PowerPotion"}],"is_trial":false,"path_per_floor":["M","M","M","M","$","R","E","R","T","?","M","?","R","M","R","B",null,"M","?","?","?","M","R","E","R","T","R","$","M","$","M","R","B",null,"M","?","M","M","T","R","E","M","T","$","E","$","M","M","R","B"],"character_chosen":"DEFECT","items_purchased":["Capacitor","Bottled Lightning","Cables","Darkness","Dark Shackles"],"campfire_rested":4,"item_purchase_floors":[30,30,44,46,46],"current_hp_per_floor":[67,55,54,54,54,54,19,41,41,17,16,16,38,30,30,23,62,57,52,52,38,38,62,41,41,41,41,56,49,64,56,56,20,65,65,65,48,48,48,72,52,52,52,67,63,78,66,66,66,0,0],"gold":73,"neow_bonus":"ONE_RANDOM_RARE_CARD","is_daily":false,"chose_seed":false,"campfire_upgraded":5,"win_rate":0.0,"timestamp":1614358227,"path_taken":["M","M","M","M","$","R","E","R","T","?","M","?","R","M","R","BOSS","M","?","?","?","M","R","E","R","T","R","$","M","$","M","R","BOSS","M","?","M","M","?","R","E","M","T","$","E","?","M","?","R","BOSS"],"items_purchased_type":["Card","Relic","Relic","Card","Card"],"build_version":"2020-12-22","purchased_purges":3,"victory":false,"max_hp_per_floor":[75,75,75,75,75,75,75,75,75,75,75,75,75,75,75,75,75,75,75,75,80,80,80,80,80,80,80,80,80,80,80,80,80,80,80,80,80,80,80,80,80,80,80,80,80,80,80,80,80,80,80],"relic_stats":{"Sozu":3,"counters":[25,103],"Mummified Hand":[41],"MealTicket":60,"Bag of Preparation":[28],"Letter Opener":[197],"obtain_stats":[{"Bag of Preparation":20,"Incense Burner":41,"Letter Opener":7,"Bottled Tornado":45,"FrozenCore":17,"Mercury Hourglass":39,"Cables":44,"Sozu":34,"DataDisk":24,"Mummified Hand":10,"MealTicket":26,"Red Mask":19,"Bottled Lightning":30,"Cracked Core":0,"Symbiotic Virus":9},{"Bag of Preparation":11,"Incense Burner":20,"Letter Opener":5,"Bottled Tornado":22,"FrozenCore":9,"Mercury Hourglass":19,"Cables":21,"Sozu":16,"DataDisk":13,"Mummified Hand":6,"MealTicket":13,"Red Mask":11,"Bottled Lightning":14,"Cracked Core":0,"Symbiotic Virus":5},{"Bag of Preparation":40,"Incense Burner":80,"Letter Opener":19,"Bottled Tornado":89,"FrozenCore":34,"Mercury Hourglass":75,"Cables":83,"Sozu":62,"DataDisk":47,"Mummified Hand":23,"MealTicket":47,"Red Mask":40,"Bottled Lightning":50,"Cracked Core":0,"Symbiotic Virus":19}],"FrozenCore":[46],"Mercury Hourglass":[89],"Cables":[20,0,0,20,0]},"card_choices":[{"not_picked":["Leap","Hologram"],"picked":"Rebound","floor":1.0},{"not_picked":["Steam","Tempest","Recycle"],"picked":"SKIP","floor":2.0},{"not_picked":["Gash","Chaos"],"picked":"Barrage","floor":3.0},{"not_picked":["Go for the Eyes","Stack"],"picked":"Static Discharge","floor":4.0},{"not_picked":["Conserve Battery","Creative AI"],"picked":"Ball Lightning","floor":7.0},{"not_picked":["Stack","Hologram"],"picked":"Double Energy","floor":10.0},{"not_picked":["Turbo","Undo"],"picked":"Sweeping Beam","floor":11.0},{"not_picked":["Chill","Beam Cell","Turbo"],"picked":"SKIP","floor":14.0},{"not_picked":["Reboot","Buffer"],"picked":"Seek","floor":16.0},{"not_picked":["Rebound","Hello World"],"picked":"Loop","floor":18.0},{"not_picked":["Compile Driver","Gash+1"],"picked":"Auto Shields","floor":19.0},{"not_picked":["Beam Cell","Reprogram","Loop"],"picked":"SKIP","floor":22.0},{"not_picked":["Streamline","Go for the Eyes","Chill"],"picked":"SKIP","floor":24.0},{"not_picked":["Recycle","Aggregate"],"picked":"Hologram+1","floor":29.0},{"not_picked":["Coolheaded+1","Stack"],"picked":"Capacitor","floor":31.0},{"not_picked":["Amplify","Thunder Strike"],"picked":"Reboot","floor":33},{"not_picked":["Go for the Eyes","Hologram"],"picked":"Steam+1","floor":35},{"not_picked":["Streamline+1","Blizzard"],"picked":"BootSequence+1","floor":37},{"not_picked":["BootSequence","Hello World+1"],"picked":"Electrodynamics","floor":38},{"not_picked":["Skim","Streamline"],"picked":"Coolheaded","floor":41},{"not_picked":["Hello World+1","Recycle"],"picked":"Turbo+1","floor":42},{"not_picked":["Heatsinks","Fission"],"picked":"FTL+1","floor":45},{"not_picked":["Auto Shields","Sweeping Beam","Cold Snap+1"],"picked":"SKIP","floor":47},{"not_picked":["Beam Cell","Doom and Gloom+1","Streamline"],"picked":"SKIP","floor":48}],"player_experience":303844,"relics_obtained":[{"floor":7.0,"key":"Letter Opener"},{"floor":9.0,"key":"Symbiotic Virus"},{"floor":10.0,"key":"Mummified Hand"},{"floor":19.0,"key":"Red Mask"},{"floor":24.0,"key":"DataDisk"},{"floor":26.0,"key":"MealTicket"},{"floor":39,"key":"Mercury Hourglass"},{"floor":41,"key":"Incense Burner"},{"floor":45,"key":"Bottled Tornado"}],"event_choices":[{"damage_healed":0.0,"max_hp_gain":0.0,"max_hp_loss":0.0,"gold_gain":0.0,"event_name":"Dead Adventurer","player_choice":"Searched \u00272\u0027 times","floor":10.0,"gold_loss":0.0,"damage_taken":0.0},{"damage_healed":0.0,"max_hp_gain":0.0,"max_hp_loss":0.0,"gold_gain":0.0,"event_name":"Liars Game","player_choice":"Ignored","floor":12.0,"gold_loss":0.0,"damage_taken":0.0},{"damage_healed":0.0,"max_hp_gain":0.0,"max_hp_loss":0.0,"gold_gain":0.0,"event_name":"Masked Bandits","player_choice":"Fought Bandits","floor":19.0,"gold_loss":0.0,"damage_taken":0.0},{"damage_healed":0.0,"max_hp_gain":0.0,"max_hp_loss":0.0,"gold_gain":0.0,"event_name":"The Mausoleum","player_choice":"Opened","floor":20.0,"gold_loss":0.0,"damage_taken":0.0,"relics_obtained":["Bag of Preparation"]},{"damage_healed":0.0,"max_hp_gain":5.0,"max_hp_loss":0.0,"gold_gain":0.0,"event_name":"Forgotten Altar","player_choice":"Shed Blood","floor":21.0,"gold_loss":0.0,"damage_taken":19.0},{"damage_healed":0,"gold_gain":222,"player_choice":"Wore Mask","damage_taken":0,"max_hp_gain":0,"max_hp_loss":0,"event_name":"Tomb of Lord Red Mask","floor":36,"gold_loss":0}],"is_beta":false,"boss_relics":[{"not_picked":["Fusion Hammer","Inserter"],"picked":"FrozenCore"},{"not_picked":["Snecko Eye","Coffee Dripper"],"picked":"Sozu"}],"items_purged_floors":[5,28,44],"is_endless":false,"potions_floor_spawned":[2,7,10,11,18,19,29,42,45,48],"killed_by":"Donu and Deca","ascension_level":10}}