{"host":"lktusdb9orijgc6z","time":1614382998,"event":{"mods":["BaseMod","Bestiary","Colored Map","Colored Powertips","Filter the Spire","Minty Spire (QoL Compilation)","Permanent Neow","Quick Restart","Relic Stats","StSLib","everything is the same but u backflip on backflip","slay the spire mod where everything is the same but ironclad has a cowboy hat"],"gold_per_floor":[109,7,23,43,43,78,78,89,139,159,124,124,150,170,170,247,247,267,7,20,20,68,80,92,92],"floor_reached":24,"language":"ENG","playtime":875,"items_purged":[],"score":412,"play_id":"d530fb72-d566-4593-b8cb-dad2ed9cb942","local_time":"20210227004318","is_ascension_mode":true,"campfire_choices":[{"data":"Blade Dance","floor":7.0,"key":"SMITH"},{"data":"Blade Dance","floor":12.0,"key":"SMITH"},{"data":"Accuracy","floor":15,"key":"SMITH"},{"data":"Apotheosis","floor":23,"key":"SMITH"}],"circlet_count":0,"master_deck":["AscendersBane","Strike_G","Strike_G","Strike_G","Strike_G","Strike_G","Defend_G","Defend_G","Survivor","Neutralize","Blur+1","Infinite Blades+1","Prepared+1","Blade Dance+1","Discovery","Underhanded Strike","Underhanded Strike","Blade Dance+1","Accuracy+1","Dodge and Roll","Acrobatics","Doppelganger","Malaise","Apotheosis+1","Cloak And Dagger","Underhanded Strike","Decay"],"relics":["Astrolabe","Eternal Feather","Tiny Chest","Pen Nib","Runic Pyramid","MawBank"],"acts_visited":["Exordium","TheCity"],"potions_floor_usage":[14],"damage_taken":[{"damage":0.0,"enemies":"Cultist","floor":1.0,"turns":4.0},{"damage":5.0,"enemies":"Small Slimes","floor":3.0,"turns":4.0},{"damage":0.0,"enemies":"2 Louse","floor":4.0,"turns":2.0},{"damage":24.0,"enemies":"Gremlin Nob","floor":6.0,"turns":5.0},{"damage":6.0,"enemies":"Exordium Wildlife","floor":8.0,"turns":3.0},{"damage":12.0,"enemies":"Large Slime","floor":10.0,"turns":5.0},{"damage":11.0,"enemies":"Lagavulin","floor":13.0,"turns":5.0},{"damage":13,"enemies":"Exordium Thugs","floor":14,"turns":3},{"damage":13,"enemies":"The Guardian","floor":16,"turns":9},{"damage":20,"enemies":"Spheric Guardian","floor":18,"turns":5},{"damage":35,"enemies":"3 Byrds","floor":20,"turns":5},{"damage":21,"enemies":"Slavers","floor":24,"turns":2}],"seed_played":"-4739717675448317887","potions_obtained":[{"floor":1.0,"key":"Weak Potion"},{"floor":4.0,"key":"Ancient Potion"},{"floor":8.0,"key":"CunningPotion"},{"floor":13.0,"key":"SteroidPotion"}],"is_trial":false,"path_per_floor":["M","$","M","M","$","E","R","M","T","M","?","R","E","M","R","B",null,"M","$","M","?","T","R","E"],"character_chosen":"THE_SILENT","items_purchased":["Discovery","Apotheosis","Cloak And Dagger"],"campfire_rested":0,"item_purchase_floors":[2,19,19],"current_hp_per_floor":[59,59,54,54,54,30,39,33,33,21,37,49,38,25,37,24,56,36,36,1,1,1,16,0,0],"gold":92,"neow_bonus":"BOSS_RELIC","is_daily":false,"chose_seed":false,"campfire_upgraded":4,"win_rate":0.0,"timestamp":1614382998,"path_taken":["M","?","M","M","$","E","R","M","T","?","?","R","E","M","R","BOSS","M","$","M","?","?","R","E"],"items_purchased_type":["Card","Card","Card"],"build_version":"2020-12-22","purchased_purges":0,"victory":false,"max_hp_per_floor":[66,66,66,66,66,66,66,66,66,66,66,66,66,66,66,66,66,66,66,66,66,66,66,66,66],"relic_stats":{"counters":[12,52],"Astrolabe":["Blur","Infinite Blades","Prepared"],"Eternal Feather":48,"Tiny Chest":1,"Pen Nib":[7],"MawBank":24,"obtain_stats":[{"Astrolabe":0,"Eternal Feather":6,"Tiny Chest":9,"Pen Nib":13,"MawBank":22,"Ring of the Snake":0,"Runic Pyramid":17},{"Astrolabe":0,"Eternal Feather":4,"Tiny Chest":5,"Pen Nib":7,"MawBank":11,"Ring of the Snake":0,"Runic Pyramid":9},{"Astrolabe":0,"Eternal Feather":15,"Tiny Chest":18,"Pen Nib":28,"MawBank":50,"Ring of the Snake":0,"Runic Pyramid":40}]},"card_choices":[{"not_picked":["Caltrops","Quick Slash"],"picked":"Blade Dance","floor":1.0},{"not_picked":["Dagger Throw","Dodge and Roll"],"picked":"Underhanded Strike","floor":3.0},{"not_picked":["Deadly Poison","Bane"],"picked":"Underhanded Strike","floor":4.0},{"not_picked":["Skewer","Catalyst"],"picked":"Blade Dance","floor":6.0},{"not_picked":["Deflect","Backflip"],"picked":"Accuracy","floor":8.0},{"not_picked":["Dagger Spray","Escape Plan"],"picked":"Dodge and Roll","floor":10.0},{"not_picked":["Slice","Caltrops"],"picked":"Acrobatics","floor":13.0},{"not_picked":["Quick Slash","Outmaneuver"],"picked":"Doppelganger","floor":14},{"not_picked":["Venomology","Corpse Explosion"],"picked":"Malaise","floor":16},{"not_picked":["Underhanded Strike","Outmaneuver","Deadly Poison"],"picked":"SKIP","floor":18},{"not_picked":["Dagger Spray","Infinite Blades"],"picked":"Underhanded Strike","floor":20}],"player_experience":824174,"relics_obtained":[{"floor":6.0,"key":"Eternal Feather"},{"floor":9.0,"key":"Tiny Chest"},{"floor":13.0,"key":"Pen Nib"},{"floor":22,"key":"MawBank"}],"event_choices":[{"damage_healed":16.0,"max_hp_gain":0.0,"max_hp_loss":0.0,"gold_gain":0.0,"event_name":"The Cleric","player_choice":"Healed","floor":11.0,"gold_loss":35.0,"damage_taken":0.0},{"damage_healed":0,"gold_gain":0,"player_choice":"Smashed Altar","damage_taken":0,"max_hp_gain":0,"max_hp_loss":0,"event_name":"Forgotten Altar","floor":21,"gold_loss":0,"cards_obtained":["Decay"]}],"is_beta":false,"boss_relics":[{"not_picked":["Velvet Choker","Sozu"],"picked":"Runic Pyramid"}],"items_purged_floors":[],"is_endless":false,"potions_floor_spawned":[1,4,8,13],"killed_by":"Slavers","ascension_level":20}}