{"host":"lxu17chzujqn8whl","time":1614377323,"event":{"mods":["BaseMod","Minty Spire (QoL Compilation)","Relic Stats","StSLib"],"gold_per_floor":[112,37,37,2,19,46,46,46,126,126,126,140,174,184,184,289,289,306,322,333,345,362,392,392,422,422,450,450,89,4,15,15,15,15],"floor_reached":33,"language":"ENG","playtime":1118,"items_purged":["Strike_R"],"score":345,"play_id":"16eb18c6-d238-48e8-a194-4a22943b33e7","local_time":"20210226140843","is_ascension_mode":false,"campfire_choices":[{"data":"Cleave","floor":15,"key":"SMITH"},{"floor":24,"key":"REST"},{"data":"Feed","floor":32,"key":"SMITH"}],"circlet_count":0,"master_deck":["Defend_R","Defend_R","Defend_R","Defend_R","Bash+1","Disarm","Shockwave+1","Uppercut","Cleave+1","Iron Wave","Feed+1","True Grit+1","Clothesline","Shrug It Off+1","Hemokinesis","Bite","Bite","Bite","Bite","Bite","Bandage Up+1","Bloodletting+1"],"relics":["Burning Blood","NeowsBlessing","Gambling Chip","Smiling Mask","Gremlin Horn","Dream Catcher","Toxic Egg 2","Busted Crown","Ancient Tea Set","Mummified Hand","Paper Frog","Red Mask","Bag of Marbles","Unceasing Top"],"acts_visited":["Exordium","TheCity"],"potions_floor_usage":[18,19,22,23,33,33],"damage_taken":[{"damage":0,"enemies":"Jaw Worm","floor":1,"turns":1},{"damage":0,"enemies":"2 Louse","floor":5,"turns":1},{"damage":0,"enemies":"Gremlin Nob","floor":6,"turns":1},{"damage":3,"enemies":"Small Slimes","floor":12,"turns":3},{"damage":22,"enemies":"3 Sentries","floor":13,"turns":7},{"damage":0,"enemies":"Exordium Wildlife","floor":14,"turns":3},{"damage":52,"enemies":"Slime Boss","floor":16,"turns":9},{"damage":5,"enemies":"Chosen","floor":18,"turns":4},{"damage":9,"enemies":"3 Byrds","floor":19,"turns":7},{"damage":25,"enemies":"Centurion and Healer","floor":20,"turns":6},{"damage":10,"enemies":"3 Cultists","floor":21,"turns":6},{"damage":7,"enemies":"Cultist and Chosen","floor":22,"turns":6},{"damage":16,"enemies":"Book of Stabbing","floor":23,"turns":7},{"damage":23,"enemies":"Gremlin Leader","floor":25,"turns":7},{"damage":5,"enemies":"Masked Bandits","floor":27,"turns":3},{"damage":8,"enemies":"Snecko","floor":31,"turns":4},{"damage":72,"enemies":"Champ","floor":33,"turns":9}],"seed_played":"4091248822399498750","potions_obtained":[{"floor":1,"key":"Weak Potion"},{"floor":14,"key":"Energy Potion"},{"floor":16,"key":"AttackPotion"},{"floor":18,"key":"SmokeBomb"},{"floor":21,"key":"SneckoOil"}],"is_trial":false,"path_per_floor":["M","$","?","?","M","E","?","?","T","T","?","M","E","M","R","B",null,"M","M","M","M","M","E","R","E","T","?","?","$","?","M","R","B"],"character_chosen":"IRONCLAD","items_purchased":["Bag of Marbles","Bandage Up+1","Bloodletting+1","SkillPotion","Explosive Potion"],"campfire_rested":1,"item_purchase_floors":[29,29,29,29,29],"current_hp_per_floor":[80,80,64,80,80,80,80,80,80,80,85,85,69,75,75,29,85,88,88,72,71,73,63,93,76,76,77,69,69,69,69,69,15,15],"gold":15,"neow_bonus":"THREE_ENEMY_KILL","is_daily":false,"chose_seed":false,"campfire_upgraded":2,"win_rate":0.0,"timestamp":1614377323,"path_taken":["M","$","?","?","M","E","?","?","T","?","?","M","E","M","R","BOSS","M","M","M","M","M","E","R","E","T","?","?","$","?","M","R","BOSS"],"items_purchased_type":["Relic","Card","Card","Potion","Potion"],"build_version":"2020-12-22","purchased_purges":1,"victory":false,"max_hp_per_floor":[80,80,80,80,80,80,80,80,80,80,85,85,85,85,85,85,85,88,91,94,97,100,100,100,100,100,100,69,69,69,69,69,69,69],"relic_stats":{"Dream Catcher":1,"Busted Crown":20,"Gremlin Horn":[19,19],"counters":[17,84],"Mummified Hand":[0],"Gambling Chip":[31],"Smiling Mask":0,"obtain_stats":[{"NeowsBlessing":0,"Gremlin Horn":9,"Smiling Mask":7,"Ancient Tea Set":23,"Burning Blood":0,"Dream Catcher":10,"Busted Crown":17,"Mummified Hand":25,"Gambling Chip":6,"Red Mask":27,"Bag of Marbles":29,"Toxic Egg 2":13,"Unceasing Top":30,"Paper Frog":26},{"NeowsBlessing":0,"Gremlin Horn":3,"Smiling Mask":3,"Ancient Tea Set":13,"Burning Blood":0,"Dream Catcher":3,"Busted Crown":7,"Mummified Hand":14,"Gambling Chip":3,"Red Mask":15,"Bag of Marbles":15,"Toxic Egg 2":5,"Unceasing Top":15,"Paper Frog":14},{"NeowsBlessing":0,"Gremlin Horn":3,"Smiling Mask":3,"Ancient Tea Set":61,"Burning Blood":0,"Dream Catcher":3,"Busted Crown":25,"Mummified Hand":68,"Gambling Chip":3,"Red Mask":71,"Bag of Marbles":71,"Toxic Egg 2":13,"Unceasing Top":71,"Paper Frog":68}],"Burning Blood":72,"Unceasing Top":[5]},"card_choices":[{"not_picked":["Body Slam","Inflame"],"picked":"Disarm","floor":1},{"not_picked":["Warcry","Anger"],"picked":"Shockwave","floor":5},{"not_picked":["Sword Boomerang","Clash","Havoc"],"picked":"SKIP","floor":6},{"not_picked":["Flex","Second Wind"],"picked":"Uppercut","floor":12},{"not_picked":["Clothesline","Blood for Blood"],"picked":"Cleave","floor":13},{"not_picked":["Dark Embrace","Body Slam"],"picked":"Iron Wave","floor":14},{"not_picked":["Barricade","Limit Break+1"],"picked":"Feed","floor":16},{"not_picked":[],"picked":"True Grit+1","floor":18},{"not_picked":[],"picked":"Clothesline","floor":19},{"not_picked":["Twin Strike+1"],"picked":"SKIP","floor":20},{"not_picked":[],"picked":"Shrug It Off+1","floor":21},{"not_picked":["Perfected Strike+1"],"picked":"SKIP","floor":22},{"not_picked":["Headbutt"],"picked":"SKIP","floor":23},{"not_picked":[],"picked":"Hemokinesis","floor":25},{"not_picked":["Flex+1"],"picked":"SKIP","floor":31}],"player_experience":742561,"relics_obtained":[{"floor":6,"key":"Gambling Chip"},{"floor":9,"key":"Gremlin Horn"},{"floor":10,"key":"Dream Catcher"},{"floor":13,"key":"Toxic Egg 2"},{"floor":23,"key":"Ancient Tea Set"},{"floor":25,"key":"Mummified Hand"},{"floor":26,"key":"Paper Frog"},{"floor":27,"key":"Red Mask"}],"event_choices":[{"damage_healed":0,"gold_gain":0,"player_choice":"Entered Light","damage_taken":16,"max_hp_gain":0,"max_hp_loss":0,"event_name":"Shining Light","floor":3,"gold_loss":0,"cards_upgraded":["Strike_R","Bash"]},{"damage_healed":20,"gold_gain":0,"player_choice":"Healed","damage_taken":0,"max_hp_gain":0,"max_hp_loss":0,"event_name":"The Cleric","floor":4,"gold_loss":35},{"damage_healed":0,"gold_gain":0,"player_choice":"Searched \u00271\u0027 times","damage_taken":0,"relics_obtained":["Smiling Mask"],"max_hp_gain":0,"max_hp_loss":0,"event_name":"Dead Adventurer","floor":7,"gold_loss":0},{"damage_healed":0,"gold_gain":0,"player_choice":"Grow","damage_taken":0,"max_hp_gain":0,"max_hp_loss":0,"event_name":"Living Wall","floor":8,"gold_loss":0,"cards_upgraded":["Shockwave"]},{"damage_healed":0,"gold_gain":0,"player_choice":"Donut","damage_taken":0,"max_hp_gain":5,"max_hp_loss":0,"event_name":"Big Fish","floor":11,"gold_loss":0},{"damage_healed":0,"gold_gain":0,"player_choice":"Fought Bandits","damage_taken":0,"max_hp_gain":0,"max_hp_loss":0,"event_name":"Masked Bandits","floor":27,"gold_loss":0},{"damage_healed":0,"gold_gain":0,"player_choice":"Became a vampire","damage_taken":0,"max_hp_gain":0,"max_hp_loss":31,"event_name":"Vampires","floor":28,"gold_loss":0,"cards_obtained":["Bite","Bite","Bite","Bite","Bite"]},{"damage_healed":0,"gold_gain":0,"player_choice":"Obtained Relic","damage_taken":0,"relics_obtained":["Unceasing Top"],"max_hp_gain":0,"max_hp_loss":0,"event_name":"Addict","floor":30,"gold_loss":85}],"is_beta":false,"boss_relics":[{"not_picked":["Runic Dome","Black Blood"],"picked":"Busted Crown"}],"items_purged_floors":[2],"is_endless":false,"potions_floor_spawned":[1,14,16,18,21],"killed_by":"Champ","ascension_level":0}}