{"host":"Garrett","time":1614300423,"event":{"mods":["AchievementEnabler","BaseMod","Hubris","Minty Spire (QoL Compilation)","Permanent Neow","Replay The Spire","StSLib","The Disciple","The Mystic"],"gold_per_floor":[368,368,378,79,91,91,91,91,91,103,103,121,134,146,146,241,241,251,251,267,267,294,326,326],"floor_reached":23,"language":"ENG","playtime":863,"items_purged":["Defend_R"],"score":253,"play_id":"1537fb02-9c21-44e8-b4af-b3cd5f464bcd","local_time":"20210225184703","is_ascension_mode":false,"campfire_choices":[{"data":"Flex","floor":6,"key":"SMITH"},{"data":"Spot Weakness","floor":8,"key":"SMITH"},{"data":"Thunderclap","floor":11,"key":"SMITH"},{"data":"Clash","floor":15,"key":"SMITH"}],"circlet_count":0,"master_deck":["Strike_R","Strike_R","Strike_R","Strike_R","Strike_R","Defend_R","Defend_R","Defend_R","Bash","Strike_R+1","Flex+1","Spot Weakness+1","Thunderclap+1","Clash+1","Berserk","Iron Wave","ReplayTheSpireMod:Muscle Training","J.A.X.","hubris:CleavingFinish+1","Feed"],"relics":["Burning Blood","Akabeko"],"acts_visited":["Exordium","TheCity"],"potions_floor_usage":[22,22],"damage_taken":[{"damage":9,"enemies":"2 Louse","floor":1,"turns":3},{"damage":1,"enemies":"Cultist","floor":3,"turns":3},{"damage":12,"enemies":"Small Slimes","floor":5,"turns":4},{"damage":8,"enemies":"2 Fungi Beasts","floor":10,"turns":3},{"damage":6,"enemies":"Exordium Wildlife","floor":12,"turns":3},{"damage":13,"enemies":"Red Slaver","floor":13,"turns":2},{"damage":12,"enemies":"Blue Slaver","floor":14,"turns":2},{"damage":0,"enemies":"Slime Boss","floor":16,"turns":6},{"damage":27,"enemies":"Spheric Guardian","floor":18,"turns":4},{"damage":14,"enemies":"3 Byrds","floor":20,"turns":5},{"damage":33,"enemies":"Masked Bandits","floor":22,"turns":4},{"damage":25,"enemies":"Gremlin Leader","floor":23,"turns":5}],"seed_played":"4304820802031777863","potions_obtained":[{"floor":10,"key":"LifebloodPotion"},{"floor":16,"key":"LiquidMemories"},{"floor":22,"key":"Elixir"}],"is_trial":false,"path_per_floor":["M","?","M","$","M","R","?","R","T","M","R","M","M","M","R","B",null,"M","?","M","?","?","E"],"character_chosen":"IRONCLAD","items_purchased":["Spot Weakness","Reaper"],"campfire_rested":0,"item_purchase_floors":[4,4],"current_hp_per_floor":[53,53,58,58,52,52,90,90,90,88,88,88,81,75,75,81,90,69,69,61,61,34,15,15],"gold":326,"neow_bonus":"TWO_FIFTY_GOLD","is_daily":false,"chose_seed":false,"campfire_upgraded":4,"win_rate":0.0,"timestamp":1614300423,"path_taken":["M","?","M","$","?","R","?","R","T","?","R","?","M","M","R","BOSS","M","?","M","?","?","E"],"items_purchased_type":["Card","Card"],"build_version":"2020-12-18","purchased_purges":1,"victory":false,"max_hp_per_floor":[80,80,80,80,80,80,90,90,90,90,90,90,90,90,90,90,90,90,90,90,90,90,90,90],"card_choices":[{"not_picked":["Heavy Blade","Run Through"],"picked":"Massacre","floor":1},{"not_picked":["Clothesline","Wild Strike"],"picked":"Flex","floor":3},{"not_picked":["Perfected Strike","Dropkick","Juggernaut"],"picked":"SKIP","floor":5},{"not_picked":["Combust","Pommel Strike"],"picked":"Thunderclap","floor":10},{"not_picked":["Clothesline","Fire Breathing","Shockwave"],"picked":"SKIP","floor":12},{"not_picked":["ReplayTheSpireMod:Strike From Hell","Replay:Undeath\u0027s Touch"],"picked":"Clash","floor":13},{"not_picked":["Ghostly Armor","ReplayTheSpireMod:Corrosion Curse","ReplayTheSpireMod:LeadingStrike"],"picked":"SKIP","floor":14},{"not_picked":["Double Tap","Fiend Fire"],"picked":"Berserk","floor":16},{"not_picked":["ReplayTheSpireMod:Strike From Hell+1","Run Through+1"],"picked":"Iron Wave","floor":18},{"not_picked":["hubris:SharpeningStone","Shrug It Off"],"picked":"ReplayTheSpireMod:Muscle Training","floor":20},{"not_picked":["Twin Strike+1","Dark Embrace"],"picked":"hubris:CleavingFinish+1","floor":22},{"not_picked":["Thunderclap","Wild Strike"],"picked":"Feed","floor":23}],"player_experience":817021,"relics_obtained":[{"floor":23,"key":"Akabeko"}],"event_choices":[{"cards_removed":["Massacre"],"damage_healed":0,"gold_gain":0,"player_choice":"Took Card","damage_taken":0,"max_hp_gain":0,"max_hp_loss":0,"event_name":"NoteForYourself","floor":2,"gold_loss":0,"cards_obtained":["Strike_R"]},{"cards_removed":["Reaper"],"damage_healed":28,"gold_gain":0,"player_choice":"Offered Rare","damage_taken":0,"max_hp_gain":10,"max_hp_loss":0,"event_name":"Bonfire Elementals","floor":7,"gold_loss":0},{"damage_healed":0,"gold_gain":0,"player_choice":"Ignored","damage_taken":0,"max_hp_gain":0,"max_hp_loss":0,"event_name":"The Mausoleum","floor":19,"gold_loss":0},{"damage_healed":0,"gold_gain":0,"player_choice":"Obtain J.A.X.","damage_taken":0,"max_hp_gain":0,"max_hp_loss":0,"event_name":"Drug Dealer","floor":21,"gold_loss":0,"cards_obtained":["J.A.X."]},{"damage_healed":0,"gold_gain":0,"player_choice":"Fought Bandits","damage_taken":0,"max_hp_gain":0,"max_hp_loss":0,"event_name":"Masked Bandits","floor":22,"gold_loss":0}],"is_beta":true,"boss_relics":[{"not_picked":["Tiny House","Painkiller Herb","Sozu"]}],"items_purged_floors":[4],"is_endless":false,"potions_floor_spawned":[10,16,22],"killed_by":"Gremlin Leader","ascension_level":0}}