{"host":"99tfb11iqiu41jyj","time":1614338597,"event":{"mods":["2.2 Compatiblity","AchievementEnabler","BaseMod","Colored Powertips","Downfall","Infinite Spire","Minty Spire (QoL Compilation)","Quick Restart","Replay The Spire","StSLib"],"gold_per_floor":[117,123,33,49,57,21,51,68,95,95,123,123,157,176,176,281,281,294,304,304,304,304,333,333,359,359,410,410,410,410,448,448,569,569,604,6,33,68,94,94,174,174,174,218,288,288,322,322,322,334,334,334],"floor_reached":50,"language":"ENG","playtime":4230,"items_purged":[],"score":696,"play_id":"656eca32-a745-4c98-818d-9d5da13b08b5","local_time":"20210226112317","is_ascension_mode":false,"campfire_choices":[{"data":"sneckomod:DiceBoulder","floor":10,"key":"SMITH"},{"floor":24,"key":"REST"},{"floor":28,"key":"REST"},{"floor":40,"key":"REST"},{"floor":42,"key":"REST"}],"circlet_count":0,"master_deck":["sneckomod:Strike","sneckomod:Strike","sneckomod:Strike","sneckomod:Defend","sneckomod:Defend+1","sneckomod:Defend","sneckomod:TailWhip","sneckomod:SnekBite","sneckomod:Unknown","sneckomod:Unknown","sneckomod:DiceCrush+1","sneckomod:MasterEye+1","sneckomod:SnakeSap","sneckomod:DiceBoulder+3","sneckomod:QuickMove","sneckomod:UnknownUncommonPower+1","sneckomod:QuickMove","sneckomod:UnknownX","sneckomod:DiceCrush","sneckomod:CheapStock","sneckomod:TrashToTreasure","sneckomod:Unknown3Cost","sneckomod:IronFang","sneckomod:UnknownRarePower","CommonCold","Zap","sneckomod:MorePower","Impatience","infinitespire:SevenWalls","sneckomod:Unknown0Cost+1","sneckomod:WideSting","sneckomod:UnknownBlock+1","sneckomod:DiceBlock","sneckomod:UnknownUncommonAttack+1","sneckomod:SnekBeam","sneckomod:UnknownRarePower+1","sneckomod:Restock","sneckomod:UnknownBoss+1","sneckomod:QuickMove+1","infinitespire:Oblivion","sneckomod:UnknownVulnerable","sneckomod:Unknown0Cost+1","sneckomod:Cheat","sneckomod:UnknownStrike+1","Blind","sneckomod:DiceCrush","sneckomod:UnknownX+1","sneckomod:UnknownClassINFINITE_BLACK+1","sneckomod:WideSting+1","sneckomod:UnknownClassTHE_BRONZE_AUTOMATON+1","ReplayTheSpireMod:Splinters","sneckomod:ImprovisedGuard+1","sneckomod:UnknownCommonSkill+1"],"relics":["sneckomod:SneckoSoul","Guide Book","MealTicket","Replay:Mystery Machine","Omamori","infinitespire:FocusingShard","sneckomod:LoadedDie","Potion Belt","infinitespire:Beetle Shell","Replay:Rubber Ducky","Pantograph","ReplayTheSpireMod:Ring of Collecting","Ring of Panic","ReplayTheSpireMod:SealedPack","MutagenicStrength","Enchiridion","infinitespire:Satchel","Girya","Replay:Bandana","ReplayTheSpireMod:Ring of Challenge","PreservedInsect","Toolbox","Ring of Searing","InkBottle","Oddly Smooth Stone","Black Star","Calipers","HandDrill","Ring of Hypnosis","Ornamental Fan","Toxic Egg 2","infinitespire:Broken Mirror","Bag of Preparation","Strange Spoon"],"acts_visited":["Exordium","TheCity","TheBeyond"],"potions_floor_usage":[16,23,50],"damage_taken":[{"damage":1,"enemies":"Cultist","floor":1,"turns":3},{"damage":6,"enemies":"Jaw Worm","floor":4,"turns":4},{"damage":2,"enemies":"Gremlin Nob","floor":7,"turns":3},{"damage":0,"enemies":"2 Louse","floor":8,"turns":2},{"damage":37,"enemies":"3 Sentries","floor":11,"turns":8},{"damage":10,"enemies":"Gremlin Nob","floor":13,"turns":3},{"damage":6,"enemies":"Exordium Wildlife","floor":14,"turns":5},{"damage":37,"enemies":"The Guardian","floor":16,"turns":8},{"damage":3,"enemies":"Shell Parasite","floor":18,"turns":7},{"damage":0,"enemies":"Spheric Guardian","floor":19,"turns":4},{"damage":22,"enemies":"Gremlin Leader","floor":23,"turns":6},{"damage":8,"enemies":"Nightmare","floor":25,"turns":7},{"damage":15,"enemies":"3 Cultists","floor":27,"turns":5},{"damage":15,"enemies":"Gremlin Leader","floor":31,"turns":5},{"damage":26,"enemies":"Automaton","floor":33,"turns":7},{"damage":9,"enemies":"3 Shapes","floor":35,"turns":1},{"damage":0,"enemies":"Orb Walker","floor":37,"turns":1},{"damage":20,"enemies":"Transient","floor":38,"turns":5},{"damage":28,"enemies":"Writhing Mass","floor":39,"turns":3},{"damage":26,"enemies":"4 Shapes","floor":41,"turns":3},{"damage":38,"enemies":"Nightmare","floor":44,"turns":6},{"damage":5,"enemies":"Transient","floor":47,"turns":5},{"damage":96,"enemies":"Donu and Deca","floor":50,"turns":6}],"seed_played":"-4034417733595974423","potions_obtained":[{"floor":1,"key":"DuplicationPotion"},{"floor":7,"key":"Strength Potion"},{"floor":11,"key":"FearPotion"},{"floor":13,"key":"sneckomod:CheatPotion"},{"floor":16,"key":"Energy Potion"},{"floor":19,"key":"Energy Potion"},{"floor":25,"key":"SteroidPotion"}],"is_trial":false,"path_per_floor":["M","$","$","M","$","?","E","M","T","R","E","?","E","M","R","B",null,"M","M","?","?","?","E","R","NM","T","M","R","AVR","T","E","R","B",null,"M","$","M","M","M","R","M","R","T","NM","?","?","M","AVR","R","B"],"character_chosen":"THE_SNECKO","items_purchased":["sneckomod:MasterEye","Guide Book","MealTicket","sneckomod:SnakeSap","Replay:Mystery Machine","sneckomod:DiceBoulder","sneckomod:QuickMove","sneckomod:QuickMove","Omamori","infinitespire:FocusingShard","sneckomod:UnknownX","Calipers","HandDrill","Blind","sneckomod:DiceCrush"],"campfire_rested":4,"item_purchase_floors":[2,2,2,2,2,3,3,5,5,5,5,36,36,36,36],"current_hp_per_floor":[89,89,90,84,90,90,88,88,88,88,51,51,41,35,35,23,90,87,87,87,71,71,49,76,68,68,53,80,80,80,65,90,64,90,81,90,90,70,42,69,43,70,70,32,32,32,42,42,69,0,0,0],"gold":334,"neow_bonus":"RANDOM_EVENT","is_daily":false,"chose_seed":false,"campfire_upgraded":1,"win_rate":0.0,"timestamp":1614338597,"path_taken":["M","?","$","?","?","?","E","M","T","R","E","?","E","M","R","BOSS","M","M","?","?","?","E","R","NM","T","M","R","AVR","?","E","R","BOSS","M","?","M","?","M","R","M","R","T","NM","?","?","?","AVR","R","BOSS"],"items_purchased_type":["Card","Relic","Relic","Card","Relic","Card","Card","Card","Relic","Relic","Card","Relic","Relic","Card","Card"],"build_version":"2020-12-22","purchased_purges":0,"victory":false,"max_hp_per_floor":[90,90,90,90,90,90,90,90,90,90,90,90,90,90,90,90,90,90,90,90,90,90,90,90,90,90,90,90,90,90,90,90,90,90,90,90,90,90,90,90,90,90,90,90,90,90,90,90,90,90,90,90],"card_choices":[{"not_picked":["sneckomod:ImprovisedAttack","sneckomod:Unknown2Cost"],"picked":"sneckomod:DiceCrush","floor":1},{"not_picked":["sneckomod:RainOfDice","sneckomod:UnknownUncommonAttack"],"picked":"sneckomod:UnknownUncommonPower","floor":4},{"not_picked":["sneckomod:QuickBite","sneckomod:IronFang"],"picked":"sneckomod:DiceCrush","floor":7},{"not_picked":["sneckomod:DiceCrush","sneckomod:QuickBite"],"picked":"sneckomod:CheapStock","floor":8},{"not_picked":["sneckomod:Nope","sneckomod:UnknownRareSkill"],"picked":"sneckomod:TrashToTreasure","floor":11},{"not_picked":["sneckomod:UnknownExhaust","sneckomod:UnknownUncommonSkill"],"picked":"sneckomod:Unknown3Cost","floor":13},{"not_picked":["sneckomod:SnakeSap","sneckomod:QuickBite"],"picked":"sneckomod:IronFang","floor":14},{"not_picked":["sneckomod:SoulExchange","sneckomod:UnknownRareSkill"],"picked":"sneckomod:UnknownRarePower","floor":16},{"not_picked":["bronze:Goto","Eruption"],"picked":"Zap","floor":17},{"not_picked":["sneckomod:SerpentMind","sneckomod:SoulExchange"],"picked":"sneckomod:MorePower","floor":17},{"not_picked":["Blind","Discovery"],"picked":"Impatience","floor":17},{"not_picked":["Replay:Fractal Strike","infinitespire:Execution"],"picked":"infinitespire:SevenWalls","floor":17},{"not_picked":["sneckomod:UnknownCommonSkill+1","sneckomod:UnknownBlock+1"],"picked":"sneckomod:Unknown0Cost+1","floor":18},{"not_picked":["sneckomod:UnknownCommonSkill","sneckomod:DiceBlock"],"picked":"sneckomod:WideSting","floor":18},{"not_picked":["sneckomod:UnknownUncommonPower+1","sneckomod:Unknown1Cost+1"],"picked":"sneckomod:UnknownBlock+1","floor":19},{"not_picked":["sneckomod:SoulRoll+1","sneckomod:UnknownClassINFINITE_BLACK"],"picked":"sneckomod:DiceBlock","floor":19},{"not_picked":["sneckomod:UnknownCommonSkill+1","sneckomod:UnknownUncommonSkill+1"],"picked":"sneckomod:UnknownUncommonAttack+1","floor":23},{"not_picked":["sneckomod:DiceBlock+1","sneckomod:Cheat"],"picked":"sneckomod:SnekBeam","floor":23},{"not_picked":["sneckomod:UnknownDraw+1","sneckomod:UnknownCommonAttack+1"],"picked":"sneckomod:UnknownRarePower+1","floor":25},{"not_picked":["sneckomod:Unknown1Cost","sneckomod:UnknownCommonSkill"],"picked":"sneckomod:Restock","floor":25},{"not_picked":["sneckomod:Unknown1Cost+1","sneckomod:UnknownDraw+1"],"picked":"sneckomod:UnknownBoss+1","floor":27},{"not_picked":["sneckomod:Nope+1","sneckomod:DangerNoodle"],"picked":"sneckomod:QuickMove+1","floor":27},{"not_picked":["sneckomod:CheapStock","sneckomod:UnknownClassTHE_BRONZE_AUTOMATON"],"picked":"sneckomod:UnknownVulnerable","floor":31},{"not_picked":["sneckomod:UnknownUncommonSkill+1","sneckomod:UnknownUncommonAttack+1"],"picked":"sneckomod:Unknown0Cost+1","floor":33},{"not_picked":["sneckomod:SoulExchange","sneckomod:Restock"],"picked":"sneckomod:Cheat","floor":33},{"not_picked":["sneckomod:UnknownCommonAttack+1","sneckomod:TrashToTreasure"],"picked":"sneckomod:UnknownStrike+1","floor":35},{"not_picked":["sneckomod:WideSting","sneckomod:ImprovisedAttack","sneckomod:Nope"],"picked":"SKIP","floor":37},{"not_picked":["sneckomod:UnknownCommonSkill+1","sneckomod:Unknown3Cost+1"],"picked":"sneckomod:UnknownX+1","floor":38},{"not_picked":["sneckomod:UnknownExhaust","sneckomod:UnknownClassTHE_BRONZE_AUTOMATON"],"picked":"sneckomod:UnknownClassINFINITE_BLACK+1","floor":38},{"not_picked":["sneckomod:MasterEye","sneckomod:QuickBite","sneckomod:UnknownCommonSkill"],"picked":"SKIP","floor":39},{"not_picked":["sneckomod:SoulRoll+1","sneckomod:TrashToTreasure"],"picked":"sneckomod:WideSting+1","floor":41},{"not_picked":["sneckomod:Unknown1Cost+1","sneckomod:UnknownStrike+1"],"picked":"sneckomod:UnknownClassTHE_BRONZE_AUTOMATON+1","floor":44},{"not_picked":["sneckomod:SnekBeam+1","sneckomod:DiceBoulder"],"picked":"sneckomod:ImprovisedGuard+1","floor":45},{"not_picked":["sneckomod:Unknown3Cost+1","sneckomod:SnekBeam+1"],"picked":"sneckomod:UnknownCommonSkill+1","floor":47}],"player_experience":45315,"relics_obtained":[{"floor":7,"key":"sneckomod:LoadedDie"},{"floor":9,"key":"Potion Belt"},{"floor":11,"key":"infinitespire:Beetle Shell"},{"floor":13,"key":"Pantograph"},{"floor":15,"key":"ReplayTheSpireMod:Ring of Collecting"},{"floor":15,"key":"Ring of Panic"},{"floor":21,"key":"Enchiridion"},{"floor":23,"key":"Girya"},{"floor":25,"key":"Replay:Bandana"},{"floor":26,"key":"ReplayTheSpireMod:Ring of Challenge"},{"floor":26,"key":"PreservedInsect"},{"floor":30,"key":"Ring of Searing"},{"floor":30,"key":"InkBottle"},{"floor":31,"key":"Oddly Smooth Stone"},{"floor":43,"key":"Ring of Hypnosis"},{"floor":43,"key":"Ornamental Fan"},{"floor":44,"key":"Toxic Egg 2"},{"floor":44,"key":"infinitespire:Broken Mirror"},{"floor":45,"key":"Bag of Preparation"}],"event_choices":[{"damage_healed":0,"gold_gain":0,"player_choice":"Left Gold","damage_taken":0,"max_hp_gain":0,"max_hp_loss":0,"event_name":"World of Goop","floor":6,"gold_loss":36},{"damage_healed":0,"gold_gain":0,"player_choice":"Inject Mutagens","damage_taken":0,"relics_obtained":["MutagenicStrength"],"max_hp_gain":0,"max_hp_loss":0,"event_name":"Drug Dealer","floor":20,"gold_loss":0},{"damage_healed":0,"gold_gain":0,"player_choice":"Obtained Book","damage_taken":16,"max_hp_gain":0,"max_hp_loss":0,"event_name":"Cursed Tome","floor":21,"gold_loss":0},{"damage_healed":0,"gold_gain":0,"player_choice":"Opened","damage_taken":0,"relics_obtained":["infinitespire:Satchel"],"max_hp_gain":0,"max_hp_loss":0,"event_name":"The Mausoleum","floor":22,"gold_loss":0},{"damage_healed":0,"gold_gain":0,"player_choice":"Upgraded","damage_taken":0,"max_hp_gain":0,"max_hp_loss":0,"event_name":"Upgrade Shrine","floor":46,"gold_loss":0,"cards_upgraded":["sneckomod:DiceBoulder"]}],"is_beta":false,"boss_relics":[{"not_picked":["Empty Cage","Replay:Drink Me"],"picked":"ReplayTheSpireMod:SealedPack"},{"not_picked":["Cursed Key","ChewingGum"],"picked":"Black Star"}],"items_purged_floors":[],"is_endless":true,"potions_floor_spawned":[1,7,11,13,16,19,25,31,39,41,47],"killed_by":"Donu and Deca","ascension_level":0}}