{"host":"bp6b47iftb3mluh0","time":1614335599,"event":{"mods":["100% Spire Juice","Act Like it!","Alarm Clock","Aspiration","Astrologer","BaseMod","Bestiary","Better Third Choice","Better Vampires","Challenge The Spire","Colored Powertips","Conspire","Curses Come First","Dota2Spire","Downfall","Friendly Minions","Gensokyo","Hallownest","Hermit","Kiyohime£®«Âºß£©","Library of Ruina","Library of Ruina Extra","Lobotomy","LobotomyExtend","Marisa£®ÏF”Í°°ƒß¿Ì…≥£©","Marked Mod","Minty Spire (QoL Compilation)","Quick Restart","Rare Cards Sparkle","Red Circlet Mod","Relic Filter Mod","Relic Stats","Remilia£®¿Ÿ√◊¿Ú—«£©","Replay The Spire","Reworked Bosses","Ryuuou¡˙Õı","Shop Mod","Spicy Shops","StSLib","The Bug Knight","The Invoker Mod","Uncapped","Waifu the Spire","Youmu£®ªÍ∆«—˝√Œ£©","°æ“≈ŒÔø®≈∆°øREMEMod","≤–¡Ù÷ÆŒÔ"],"gold_per_floor":[115,115,135,135,135,174,174],"floor_reached":6,"language":"ZHS","playtime":318,"items_purged":[],"score":69,"play_id":"26b06df2-3384-404d-a653-7588da5ea666","local_time":"20210226183319","is_ascension_mode":false,"campfire_choices":[],"circlet_count":0,"master_deck":["Dodge","LightDefense","LightAttack","LightAttack","LightAttack","LightDefense","LightDefense","LightDefense","ChargeAndCover","FocusedStrikes","TimeForALittleTest","FervidEmotions","WillOfThePrescript+1","LeRegole"],"relics":["PageOfLibrarian","REME_ComplimentaryCards","aspiration:Nostalgia","Replay:M_StaffOfTheSnake","LetterFromLob","Golden Idol","Oddly Smooth Stone"],"acts_visited":["Exordium"],"potions_floor_usage":[6],"damage_taken":[{"damage":0.0,"enemies":"2 Louse","floor":1.0,"turns":3.0},{"damage":0.0,"enemies":"Small Slimes","floor":3.0,"turns":3.0},{"damage":20,"enemies":"Gremlin Nob","floor":6,"turns":7}],"seed_played":"1532629785996094561","potions_obtained":[{"floor":1.0,"key":"Energy Potion"},{"floor":6,"key":"LifebloodPotion"}],"is_trial":false,"path_per_floor":["M","?","M","?","?","E"],"character_chosen":"Librarian","items_purchased":[],"campfire_rested":0,"item_purchase_floors":[],"current_hp_per_floor":[60,58,58,58,58,38,38],"gold":174,"neow_bonus":"NOSTALGIA","is_daily":false,"chose_seed":false,"campfire_upgraded":0,"win_rate":0.0,"timestamp":1614335599,"path_taken":["M","?","M","?","?","E"],"items_purchased_type":[],"build_version":"2020-12-22","purchased_purges":0,"victory":false,"max_hp_per_floor":[62,58,59,59,59,79,79],"relic_stats":{"counters":[3,13],"Golden Idol":12,"obtain_stats":[{"PageOfLibrarian":0,"Replay:M_StaffOfTheSnake":0,"aspiration:Nostalgia":0,"Golden Idol":2,"Oddly Smooth Stone":6,"LetterFromLob":1,"REME_ComplimentaryCards":0},{"PageOfLibrarian":0,"Replay:M_StaffOfTheSnake":0,"aspiration:Nostalgia":0,"Golden Idol":1,"Oddly Smooth Stone":3,"LetterFromLob":1,"REME_ComplimentaryCards":0},{"PageOfLibrarian":0,"Replay:M_StaffOfTheSnake":0,"aspiration:Nostalgia":0,"Golden Idol":3,"Oddly Smooth Stone":13,"LetterFromLob":3,"REME_ComplimentaryCards":0}]},"card_choices":[{"not_picked":["WaitUp","BackAttack","ClassAndRespect","AbsorbImpact","Crescendo","TraceOfFumes","EnergyCycle","CleanUp"],"picked":"FervidEmotions","floor":1.0},{"not_picked":["DarkCloud","GrazeTheGrass","TrimTheIngredients","Faith","Rampage_lor","TendonChords","YoureTooSlow","WildCard"],"picked":"WillOfThePrescript","floor":3.0},{"not_picked":["EnergyStrike","Clone","CutThroughFate","HandleRequest","Disposal","VenomousFangs","ForTheFamily","MultiHit"],"picked":"LeRegole","floor":6}],"player_experience":225052,"relics_obtained":[{"floor":1.0,"key":"LetterFromLob"},{"floor":6,"key":"Oddly Smooth Stone"}],"event_choices":[{"damage_healed":0.0,"max_hp_gain":0.0,"max_hp_loss":4.0,"gold_gain":0.0,"event_name":"Golden Idol","player_choice":"Lose Max HP","floor":2.0,"gold_loss":0.0,"damage_taken":0.0,"relics_obtained":["Golden Idol"]},{"damage_healed":0.0,"max_hp_gain":0.0,"max_hp_loss":0.0,"gold_gain":0.0,"event_name":"Living Wall","player_choice":"Grow","floor":4.0,"gold_loss":0.0,"damage_taken":0.0,"cards_upgraded":["WillOfThePrescript"]}],"is_beta":false,"boss_relics":[],"items_purged_floors":[],"is_endless":false,"potions_floor_spawned":[1,6],"killed_by":"Gremlin Nob","ascension_level":0}}