{"host":"dtipo12tscmg0mau","time":1614377528,"event":{"mods":["AchievementEnabler","BaseMod","Colored Map","Colored Powertips","Minty Spire (QoL Compilation)","Quick Restart","Random Character Button","StSLib","SuperFastMode"],"gold_per_floor":[117,131,148,164,183,216,216,245,323,339,339,351,371,371,371,466,466,476,206,218,218,218,218,228,256,280,295,295,324,11,11,11,11,11],"floor_reached":33,"language":"ENG","playtime":1157,"items_purged":["Strike_R"],"score":383,"play_id":"833ae121-3db4-4d31-a410-c12e01122d4b","local_time":"20210226171208","is_ascension_mode":true,"campfire_choices":[{"floor":7,"key":"REST"},{"data":"Pommel Strike","floor":11,"key":"SMITH"},{"floor":15,"key":"REST"},{"data":"Infernal Blade","floor":23,"key":"SMITH"},{"floor":28,"key":"REST"},{"floor":32,"key":"REST"}],"circlet_count":0,"master_deck":["Strike_R","Strike_R","Strike_R","Defend_R","Defend_R","Defend_R","Defend_R","Bash","Hemokinesis","Pommel Strike+1","Rampage","Anger","Anger","Carnage","Shrug It Off","Carnage","Rampage","Infernal Blade+1","Flex","Feed","Cleave+1","Inflame","Battle Trance","Infernal Blade+1","Heavy Blade","Writhe","Shrug It Off","Armaments+1","Feed","Pain","Flex+1","Berserk","Infernal Blade+1","Disarm+1"],"relics":["Burning Blood","Champion Belt","Kunai","Self Forming Clay","Cursed Key","FossilizedHelix","Dream Catcher","Potion Belt","Toxic Egg 2","Happy Flower"],"acts_visited":["Exordium","TheCity"],"potions_floor_usage":[16,16,25,25,31,33],"damage_taken":[{"damage":3,"enemies":"2 Louse","floor":1,"turns":2},{"damage":2,"enemies":"Small Slimes","floor":2,"turns":2},{"damage":9,"enemies":"Jaw Worm","floor":3,"turns":3},{"damage":13,"enemies":"Looter","floor":4,"turns":2},{"damage":16,"enemies":"3 Louse","floor":5,"turns":3},{"damage":42,"enemies":"3 Sentries","floor":6,"turns":7},{"damage":24,"enemies":"Lagavulin","floor":8,"turns":5},{"damage":9,"enemies":"Red Slaver","floor":10,"turns":3},{"damage":10,"enemies":"Blue Slaver","floor":12,"turns":2},{"damage":0,"enemies":"Large Slime","floor":13,"turns":2},{"damage":42,"enemies":"The Guardian","floor":16,"turns":9},{"damage":4,"enemies":"Spheric Guardian","floor":18,"turns":3},{"damage":18,"enemies":"3 Byrds","floor":20,"turns":4},{"damage":2,"enemies":"Centurion and Healer","floor":24,"turns":3},{"damage":54,"enemies":"Gremlin Leader","floor":25,"turns":7},{"damage":4,"enemies":"Chosen and Byrds","floor":27,"turns":4},{"damage":40,"enemies":"Slavers","floor":29,"turns":5},{"damage":7,"enemies":"Book of Stabbing","floor":31,"turns":3},{"damage":64,"enemies":"Champ","floor":33,"turns":8}],"seed_played":"2856868075474729042","potions_obtained":[{"floor":3,"key":"Swift Potion"},{"floor":8,"key":"SpeedPotion"},{"floor":10,"key":"HeartOfIron"},{"floor":16,"key":"PowerPotion"},{"floor":18,"key":"Swift Potion"},{"floor":20,"key":"SmokeBomb"}],"is_trial":false,"path_per_floor":["M","M","M","M","M","E","R","E","T","M","R","M","M","?","R","B",null,"M","$","M","?","?","R","M","E","T","M","R","E","$","E","R","B"],"character_chosen":"IRONCLAD","items_purchased":["Inflame","Battle Trance","Infernal Blade","Happy Flower","Infernal Blade+1","CultistPotion"],"campfire_rested":4,"item_purchase_floors":[19,19,19,30,30,30],"current_hp_per_floor":[80,80,77,70,60,24,48,30,30,27,27,23,29,29,53,17,80,80,80,71,71,71,71,75,27,27,32,57,23,23,22,47,0,0],"gold":11,"neow_bonus":"TRANSFORM_CARD","is_daily":false,"chose_seed":false,"campfire_upgraded":2,"win_rate":0.0,"timestamp":1614377528,"path_taken":["M","M","M","M","M","E","R","E","T","M","R","M","M","?","R","BOSS","M","$","M","?","?","R","M","E","T","M","R","E","$","E","R","BOSS"],"items_purchased_type":["Card","Card","Card","Relic","Card","Potion"],"build_version":"2020-12-22","purchased_purges":1,"victory":false,"max_hp_per_floor":[80,80,80,80,80,80,80,80,80,80,80,80,80,80,80,80,80,80,80,83,83,83,83,83,83,83,86,86,86,86,86,86,86,86],"card_choices":[{"not_picked":["Rage","Body Slam"],"picked":"Pommel Strike","floor":1},{"not_picked":["Heavy Blade","Metallicize"],"picked":"Rampage","floor":2},{"not_picked":["Bloodletting","Metallicize"],"picked":"Anger","floor":3},{"not_picked":["Body Slam","Thunderclap"],"picked":"Anger","floor":4},{"not_picked":["Rage","Wild Strike"],"picked":"Carnage","floor":5},{"not_picked":["Searing Blow","Clothesline"],"picked":"Shrug It Off","floor":6},{"not_picked":["Anger","Thunderclap"],"picked":"Carnage","floor":8},{"not_picked":["Heavy Blade","Clash"],"picked":"Rampage","floor":10},{"not_picked":["Uppercut","Thunderclap"],"picked":"Infernal Blade","floor":12},{"not_picked":["Dropkick","Dark Embrace"],"picked":"Flex","floor":13},{"not_picked":["Berserk","Brutality"],"picked":"Feed","floor":16},{"not_picked":["Pommel Strike+1","Clothesline+1"],"picked":"Cleave+1","floor":18},{"not_picked":["Power Through","Iron Wave+1"],"picked":"Heavy Blade","floor":20},{"not_picked":["Anger","Wild Strike"],"picked":"Armaments+1","floor":24},{"not_picked":["Clash+1","Heavy Blade"],"picked":"Feed","floor":25},{"not_picked":["Body Slam","Havoc"],"picked":"Flex+1","floor":27},{"not_picked":["Warcry","Hemokinesis"],"picked":"Berserk","floor":28},{"not_picked":["Clothesline+1","Burning Pact+1","Armaments+1"],"picked":"SKIP","floor":29},{"not_picked":["Searing Blow","True Grit+1"],"picked":"Disarm+1","floor":32}],"player_experience":182511,"relics_obtained":[{"floor":6,"key":"Champion Belt"},{"floor":8,"key":"Kunai"},{"floor":9,"key":"Self Forming Clay"},{"floor":25,"key":"Dream Catcher"},{"floor":26,"key":"Potion Belt"},{"floor":29,"key":"Toxic Egg 2"}],"event_choices":[{"damage_healed":0,"gold_gain":0,"player_choice":"Grow","damage_taken":0,"max_hp_gain":0,"max_hp_loss":0,"event_name":"Living Wall","floor":14,"gold_loss":0,"cards_upgraded":["Infernal Blade"]},{"damage_healed":0,"gold_gain":0,"player_choice":"Opened","damage_taken":0,"relics_obtained":["FossilizedHelix"],"max_hp_gain":0,"max_hp_loss":0,"event_name":"The Mausoleum","floor":21,"gold_loss":0,"cards_obtained":["Writhe"]},{"damage_healed":0,"gold_gain":0,"player_choice":"Read","damage_taken":0,"max_hp_gain":0,"max_hp_loss":0,"event_name":"The Library","floor":22,"gold_loss":0,"cards_obtained":["Shrug It Off"]}],"is_beta":false,"boss_relics":[{"not_picked":["Coffee Dripper","Philosopher\u0027s Stone"],"picked":"Cursed Key"}],"items_purged_floors":[19],"is_endless":false,"potions_floor_spawned":[3,8,10,16,18,20,31],"killed_by":"Champ","ascension_level":4}}