{"host":"ibckqdmmf9y74ymf","time":1614363875,"event":{"mods":["2.2 Compatiblity","Ascension Unlocker","BaseMod","Colored Map","Curses Come First","Highlight Path","Minty Spire (QoL Compilation)","Quick Restart","Rare Cards Sparkle","Relic Stats","StSLib"],"gold_per_floor":[114,114,126,141,151,177,177,196,196,196,233,78,118,141,141,221,221,242,271,271,271,271,296,319,37,60,69,98,98,137,62,62,62,62],"floor_reached":33,"language":"ENG","playtime":1064,"items_purged":["Strike_P"],"score":660,"play_id":"36a95d99-0149-49ca-b767-4ff4e247e022","local_time":"20210226192435","is_ascension_mode":true,"campfire_choices":[{"data":"SashWhip","floor":7.0,"key":"SMITH"},{"data":"BowlingBash","floor":10.0,"key":"SMITH"},{"data":"Conclude","floor":15.0,"key":"SMITH"},{"data":"SpiritShield","floor":29,"key":"SMITH"},{"data":"Meditate","floor":32,"key":"SMITH"}],"circlet_count":0,"master_deck":["AscendersBane","Strike_P+1","Strike_P+1","Defend_P+1","Defend_P+1","Defend_P+1","Defend_P+1","Eruption","Vigilance","FlurryOfBlows","BowlingBash+1","SashWhip+1","EmptyFist","TalkToTheHand","Meditate+1","Tantrum","SpiritShield+1","Conclude+1","Omniscience","Protect","ReachHeaven","SandsOfTime+1","RitualDagger","TalkToTheHand","Wallop"],"relics":["PureWater","NeowsBlessing","CeramicFish","Sundial","Du-Vu Doll","Coffee Dripper","Centennial Puzzle","Shuriken","Boot","Art of War"],"acts_visited":["Exordium","TheCity"],"potions_floor_usage":[24,24,24,30],"damage_taken":[{"damage":0.0,"enemies":"Small Slimes","floor":1.0,"turns":1.0},{"damage":0.0,"enemies":"2 Louse","floor":3.0,"turns":1.0},{"damage":0.0,"enemies":"Cultist","floor":4.0,"turns":1.0},{"damage":0.0,"enemies":"2 Fungi Beasts","floor":5.0,"turns":1.0},{"damage":12.0,"enemies":"Gremlin Nob","floor":6.0,"turns":3.0},{"damage":3.0,"enemies":"Blue Slaver","floor":8.0,"turns":4.0},{"damage":7.0,"enemies":"Lagavulin","floor":11.0,"turns":6.0},{"damage":0.0,"enemies":"3 Sentries","floor":13.0,"turns":4.0},{"damage":5.0,"enemies":"Red Slaver","floor":14.0,"turns":2.0},{"damage":31.0,"enemies":"Slime Boss","floor":16.0,"turns":5.0},{"damage":1.0,"enemies":"3 Byrds","floor":18.0,"turns":3.0},{"damage":6.0,"enemies":"Shell Parasite","floor":19.0,"turns":4.0},{"damage":6.0,"enemies":"Gremlin Leader","floor":23.0,"turns":6.0},{"damage":0,"enemies":"Shelled Parasite and Fungi","floor":24,"turns":1},{"damage":1,"enemies":"Centurion and Healer","floor":28,"turns":2},{"damage":6,"enemies":"Book of Stabbing","floor":30,"turns":3},{"damage":38,"enemies":"Automaton","floor":33,"turns":6}],"seed_played":"8450699209860133459","potions_obtained":[{"floor":5.0,"key":"FearPotion"},{"floor":6.0,"key":"Regen Potion"},{"floor":8.0,"key":"DistilledChaos"},{"floor":11.0,"key":"Ambrosia"},{"floor":18.0,"key":"AttackPotion"},{"floor":23.0,"key":"EntropicBrew"},{"floor":24,"key":"Weak Potion"},{"floor":30,"key":"LiquidBronze"}],"is_trial":false,"path_per_floor":["M","?","M","M","M","E","R","M","T","R","E","$","E","M","R","B",null,"M","M","?","?","?","E","M","$","T","?","M","R","E","?","R","B"],"character_chosen":"WATCHER","items_purchased":["Tantrum","Shuriken"],"campfire_rested":0,"item_purchase_floors":[12,25],"current_hp_per_floor":[61,66,66,66,66,54,54,51,51,51,44,44,44,39,39,8,57,56,50,50,50,50,44,44,44,44,38,37,37,31,31,31,0,0],"gold":62,"neow_bonus":"THREE_ENEMY_KILL","is_daily":false,"chose_seed":false,"campfire_upgraded":5,"win_rate":0.0,"timestamp":1614363875,"path_taken":["M","?","M","M","M","E","R","M","T","R","E","$","E","M","R","BOSS","M","M","?","?","?","E","M","$","T","?","M","R","E","?","R","BOSS"],"items_purchased_type":["Card","Relic"],"build_version":"2020-12-22","purchased_purges":1,"victory":false,"max_hp_per_floor":[68,73,73,73,73,73,73,73,73,73,73,73,73,73,73,73,73,73,73,73,73,73,73,73,73,73,73,73,73,73,73,73,73,73],"relic_stats":{"Centennial Puzzle":[6],"counters":[17,53],"Sundial":[2],"Shuriken":[7],"CeramicFish":108,"Art of War":[0],"Boot":[7],"obtain_stats":[{"Du-Vu Doll":13,"Centennial Puzzle":23,"NeowsBlessing":0,"Sundial":11,"Shuriken":25,"CeramicFish":6,"Coffee Dripper":17,"Art of War":30,"PureWater":0,"Boot":26},{"Du-Vu Doll":8,"Centennial Puzzle":13,"NeowsBlessing":0,"Sundial":7,"Shuriken":14,"CeramicFish":5,"Coffee Dripper":10,"Art of War":16,"PureWater":0,"Boot":14},{"Du-Vu Doll":21,"Centennial Puzzle":41,"NeowsBlessing":0,"Sundial":17,"Shuriken":42,"CeramicFish":7,"Coffee Dripper":28,"Art of War":47,"PureWater":0,"Boot":42}]},"card_choices":[{"not_picked":["ThirdEye","WreathOfFlame"],"picked":"FlurryOfBlows","floor":1.0},{"not_picked":["Wireheading","Consecrate"],"picked":"BowlingBash","floor":3.0},{"not_picked":["Judgement","CutThroughFate"],"picked":"SashWhip","floor":4.0},{"not_picked":["ThirdEye","PathToVictory"],"picked":"EmptyFist","floor":5.0},{"not_picked":["SignatureMove","SashWhip","Collect"],"picked":"SKIP","floor":6.0},{"not_picked":["Study","Weave"],"picked":"TalkToTheHand","floor":8.0},{"not_picked":["Consecrate","EmptyFist"],"picked":"Meditate","floor":11.0},{"not_picked":["CarveReality","Protect"],"picked":"SpiritShield","floor":13.0},{"not_picked":["Weave","Consecrate"],"picked":"Conclude","floor":14.0},{"not_picked":["MasterReality","ConjureBlade"],"picked":"Omniscience","floor":16.0},{"not_picked":["EmptyBody","FlyingSleeves"],"picked":"Protect","floor":18.0},{"not_picked":["Wireheading","JustLucky+1"],"picked":"ReachHeaven","floor":19.0},{"not_picked":["Prostrate","Worship","FollowUp"],"picked":"SKIP","floor":23.0},{"not_picked":["Evaluate","FollowUp"],"picked":"SandsOfTime+1","floor":24},{"not_picked":["CarveReality","WreathOfFlame"],"picked":"TalkToTheHand","floor":28},{"not_picked":["FlurryOfBlows","Halt+1"],"picked":"Wallop","floor":30}],"player_experience":573615,"relics_obtained":[{"floor":6.0,"key":"CeramicFish"},{"floor":11.0,"key":"Sundial"},{"floor":13.0,"key":"Du-Vu Doll"},{"floor":23.0,"key":"Centennial Puzzle"},{"floor":26,"key":"Boot"},{"floor":30,"key":"Art of War"}],"event_choices":[{"damage_healed":0.0,"max_hp_gain":5.0,"max_hp_loss":0.0,"gold_gain":0.0,"event_name":"Big Fish","player_choice":"Donut","floor":2.0,"gold_loss":0.0,"damage_taken":0.0},{"damage_healed":0.0,"max_hp_gain":0.0,"max_hp_loss":0.0,"gold_gain":0.0,"event_name":"Ghosts","player_choice":"Ignored","floor":20.0,"gold_loss":0.0,"damage_taken":0.0},{"damage_healed":0.0,"max_hp_gain":0.0,"max_hp_loss":0.0,"gold_gain":0.0,"event_name":"Back to Basics","player_choice":"Simplicity","floor":21.0,"gold_loss":0.0,"damage_taken":0.0,"cards_upgraded":["Strike_P","Strike_P","Strike_P","Defend_P","Defend_P","Defend_P","Defend_P"]},{"damage_healed":0.0,"max_hp_gain":0.0,"max_hp_loss":0.0,"gold_gain":0.0,"event_name":"The Mausoleum","player_choice":"Ignored","floor":22.0,"gold_loss":0.0,"damage_taken":0.0},{"damage_healed":0,"gold_gain":0,"player_choice":"Joined the Cult","damage_taken":6,"max_hp_gain":0,"max_hp_loss":0,"event_name":"Nest","floor":27,"gold_loss":0,"cards_obtained":["RitualDagger"]},{"cards_removed":["Strike_P"],"damage_healed":0,"gold_gain":0,"player_choice":"Gave Gold","damage_taken":0,"max_hp_gain":0,"max_hp_loss":0,"event_name":"Beggar","floor":31,"gold_loss":75}],"is_beta":false,"boss_relics":[{"not_picked":["Tiny House","SlaversCollar"],"picked":"Coffee Dripper"}],"items_purged_floors":[12],"is_endless":false,"potions_floor_spawned":[5,6,8,11,16,18,19,23,24,30],"killed_by":"Automaton","ascension_level":20}}