{"host":"tod","time":1614347931,"event":{"mods":["ATMod(∞¢Ë™Mod)","AchievementEnabler","Act Like it!","BaseMod","CapriCore","Energized Spire","Highlight Path","Lobotomy","Marisa£®ÏF”Í°°ƒß¿Ì…≥£©","Minty Spire (QoL Compilation)","Quick Restart","Reimu£®≤©¿ˆ¡È√Œ£©","Relic Filter Mod","Relic Stats","Remilia£®¿Ÿ√◊¿Ú—«£©","Replay The Spire","Shop Mod","StSLib","The Cursed","The Immortal","Yakumo Yukari mod","Youmu£®ªÍ∆«—˝√Œ£©"],"gold_per_floor":[117,134,146,221,233,233,264,264,264,277,277,202,202,219,219,323,323,335,354,279,299,199,230,230,230,304,179,198,228,228,242,242,344,344,354,371,71,81,101,101,111,144,144,178,23,23,23,73,73,73,73],"floor_reached":52,"language":"ZHS","playtime":2779,"items_purged":["Strike_P","Defend_P","Defend_P"],"score":840,"play_id":"9cba88f6-67c1-4e5d-8a26-84cf7bebc11a","local_time":"20210226215851","is_ascension_mode":true,"campfire_choices":[{"data":"AT_ChampionKick","floor":6.0,"key":"SMITH"},{"floor":13.0,"key":"REST"},{"data":"Crescendo","floor":15.0,"key":"SMITH"},{"data":"AT_EmpoweredMortalDraw","floor":24.0,"key":"SMITH"},{"data":"Eruption","floor":32,"key":"SMITH"},{"data":"Ragnarok","floor":40,"key":"SMITH"},{"data":"DevaForm","floor":47,"key":"SMITH"},{"data":"FlyingSleeves","floor":49,"key":"SMITH"}],"circlet_count":0,"master_deck":["Strike_P","Strike_P+1","Strike_P","Defend_P","Eruption+1","Vigilance","NB:ReiMu+1","AT_ChampionKick+1","FollowUp+1","Replay:LoomingThreat+1","DeceiveReality+1","Crescendo+1","Judgement+1","AT_EmpoweredMortalDraw+1","Evaluate+1","Ragnarok+1","Wallop+1","FlyingSleeves+1","DevaForm+1","Pot Of Greed+1","Pot Of Greed+1","Ragnarok+1"],"relics":["PureWater","AT_ATBox","WingedGreaves","Whetstone","AT_SilvercatRing","AT_MortalBlade","Mango","Replay:Bottled Steam","Toxic Egg 2","Singing Bowl","Blue Candle","AT_TrinityForce","AT_LudenTempest","FossilizedHelix","AT_GuinsooRageblade","Grinning Jar","DollysMirror","Pocketwatch"],"acts_visited":["Exordium","TheCity","TheBeyond"],"potions_floor_usage":[33,33,50,50,50],"damage_taken":[{"damage":0.0,"enemies":"2 Louse","floor":1.0,"turns":3.0},{"damage":11.0,"enemies":"Jaw Worm","floor":2.0,"turns":5.0},{"damage":2.0,"enemies":"Small Slimes","floor":3.0,"turns":3.0},{"damage":12.0,"enemies":"3 Louse","floor":5.0,"turns":4.0},{"damage":15.0,"enemies":"Gremlin Nob","floor":7.0,"turns":4.0},{"damage":6.0,"enemies":"Large Slime","floor":10.0,"turns":5.0},{"damage":5.0,"enemies":"Looter","floor":14.0,"turns":3.0},{"damage":37.0,"enemies":"Fading Forest","floor":16.0,"turns":11.0},{"damage":7.0,"enemies":"Shell Parasite","floor":18.0,"turns":3.0},{"damage":1.0,"enemies":"Chosen","floor":19.0,"turns":3.0},{"damage":0.0,"enemies":"Snecko","floor":21.0,"turns":3.0},{"damage":0.0,"enemies":"Gremlin Leader","floor":23.0,"turns":3.0},{"damage":0,"enemies":"Snake Plant","floor":28,"turns":2},{"damage":19,"enemies":"Book of Stabbing","floor":29,"turns":5},{"damage":0,"enemies":"Cultist and Chosen","floor":31,"turns":2},{"damage":17,"enemies":"Collector","floor":33,"turns":5},{"damage":0,"enemies":"3 Darklings","floor":35,"turns":1},{"damage":0,"enemies":"Orb Walker","floor":36,"turns":1},{"damage":0,"enemies":"Jaw Worm Horde","floor":38,"turns":2},{"damage":0,"enemies":"Sphere and 2 Shapes","floor":39,"turns":2},{"damage":0,"enemies":"Spire Growth","floor":41,"turns":2},{"damage":9,"enemies":"Reptomancer","floor":42,"turns":3},{"damage":0,"enemies":"Giant Head","floor":44,"turns":5},{"damage":0,"enemies":"Mind Bloom Boss Battle","floor":48,"turns":3},{"damage":63,"enemies":"Awakened One","floor":50,"turns":6}],"seed_played":"-4561745831476457087","potions_obtained":[{"floor":2.0,"key":"PowerPotion"},{"floor":3.0,"key":"EntropicBrew"},{"floor":7.0,"key":"AttackPotion"},{"floor":16.0,"key":"PowerPotion"},{"floor":23.0,"key":"Energy Potion"},{"floor":29,"key":"DuplicationPotion"},{"floor":33,"key":"Energy Potion"},{"floor":35,"key":"Fire Potion"},{"floor":42,"key":"PowerPotion"}],"is_trial":false,"path_per_floor":["M","M","M","?","M","R","E","?","T","M","?","$","R","M","R","B",null,"M","M","?","M","$","E","R","?","T","$","M","E","T","M","R","B",null,"M","M","$","M","M","R","M","E","T","E","$","?","R","?","R","B",null,null],"character_chosen":"WATCHER","items_purchased":["AT_LudenTempest","DollysMirror"],"campfire_rested":1,"item_purchase_floors":[37,45],"current_hp_per_floor":[72,61,59,48,36,36,21,21,21,15,39,39,60,55,55,28,72,65,64,64,64,64,78,78,78,78,78,78,61,61,61,61,44,88,88,90,90,90,92,92,94,85,85,87,87,89,89,91,91,28,28],"gold":73,"neow_bonus":"ONE_RARE_RELIC","is_daily":false,"chose_seed":false,"campfire_upgraded":7,"win_rate":0.0,"timestamp":1614347931,"path_taken":["M","M","M","?","M","R","E","?","T","M","?","$","R","M","R","BOSS","M","M","?","M","$","E","R","?","T","$","M","E","?","M","R","BOSS","M","M","$","M","M","R","M","E","T","E","$","?","R","?","R","BOSS"],"items_purchased_type":["Relic","Relic"],"build_version":"2020-12-18","purchased_purges":3,"victory":true,"max_hp_per_floor":[72,72,72,72,72,72,72,72,72,72,72,72,72,72,72,72,72,72,72,72,72,72,86,86,86,86,86,86,88,88,88,88,88,88,88,90,90,90,92,92,94,94,94,96,96,98,98,100,100,100,100],"relic_stats":{"Singing Bowl":14,"counters":[25,89],"Blue Candle":[0],"Whetstone":["FollowUp","Strike_P"],"obtain_stats":[{"AT_ATBox":0,"Singing Bowl":29,"Blue Candle":30,"AT_MortalBlade":17,"Mango":23,"Whetstone":7,"AT_SilvercatRing":9,"AT_LudenTempest":37,"DollysMirror":45,"AT_TrinityForce":34,"WingedGreaves":0,"PureWater":0,"Toxic Egg 2":26,"Grinning Jar":44,"AT_GuinsooRageblade":43,"FossilizedHelix":42,"Replay:Bottled Steam":25,"Pocketwatch":48},{"AT_ATBox":0,"Singing Bowl":14,"Blue Candle":14,"AT_MortalBlade":8,"Mango":12,"Whetstone":5,"AT_SilvercatRing":5,"AT_LudenTempest":18,"DollysMirror":23,"AT_TrinityForce":16,"WingedGreaves":0,"PureWater":0,"Toxic Egg 2":12,"Grinning Jar":23,"AT_GuinsooRageblade":22,"FossilizedHelix":22,"Replay:Bottled Steam":12,"Pocketwatch":24},{"AT_ATBox":0,"Singing Bowl":57,"Blue Candle":57,"AT_MortalBlade":38,"Mango":50,"Whetstone":19,"AT_SilvercatRing":19,"AT_LudenTempest":66,"DollysMirror":80,"AT_TrinityForce":64,"WingedGreaves":0,"PureWater":0,"Toxic Egg 2":50,"Grinning Jar":80,"AT_GuinsooRageblade":75,"FossilizedHelix":75,"Replay:Bottled Steam":50,"Pocketwatch":83}],"Pocketwatch":[3]},"card_choices":[{"not_picked":["ThirdEye","Replay:AtTheReady","InnerPeace"],"picked":"SKIP","floor":1.0},{"not_picked":["Crescendo","ClearTheMind"],"picked":"FollowUp","floor":2.0},{"not_picked":["EmptyBody","Nirvana"],"picked":"Replay:LoomingThreat","floor":3.0},{"not_picked":["Halt","CrushJoints","Replay:ManipulateFuture"],"picked":"SKIP","floor":5.0},{"not_picked":["ForeignInfluence","Consecrate"],"picked":"DeceiveReality","floor":7.0},{"not_picked":["CrushJoints","Prostrate","ClearTheMind"],"picked":"SKIP","floor":10.0},{"not_picked":["ThirdEye","WindmillStrike"],"picked":"Crescendo","floor":14.0},{"not_picked":["Wish","ConjureBlade"],"picked":"Judgement","floor":16.0},{"not_picked":["Prostrate","ThirdEye","Replay:AtTheReady"],"picked":"SKIP","floor":18.0},{"not_picked":["ThirdEye","ClearTheMind","SashWhip"],"picked":"SKIP","floor":19.0},{"not_picked":["Replay:AtTheReady","ClearTheMind","Conclude"],"picked":"SKIP","floor":21.0},{"not_picked":["AT_RealColorLess","AT_SoftenMuscles","ClearTheMind"],"picked":"SKIP","floor":23.0},{"not_picked":["AT_RealFormLess+1","DeceiveReality+1","ThirdEye+1"],"picked":"SKIP","floor":28},{"not_picked":["AT_SoftenMuscles+1","FlurryOfBlows","ClearTheMind+1"],"picked":"Singing Bowl","floor":29},{"not_picked":["SashWhip","Crescendo+1"],"picked":"Evaluate+1","floor":31},{"not_picked":["Wish+1","Brilliance"],"picked":"Ragnarok","floor":33},{"not_picked":["Protect+1","LikeWater+1"],"picked":"Wallop+1","floor":35},{"not_picked":["EmptyFist+1","EmptyMind+1","ClearTheMind+1"],"picked":"Singing Bowl","floor":36},{"not_picked":["CrushJoints+1","Swivel+1"],"picked":"FlyingSleeves","floor":38},{"not_picked":["Replay:ManipulateFuture+1","FollowUp","Evaluate+1"],"picked":"Singing Bowl","floor":39},{"not_picked":["BowlingBash+1","FlurryOfBlows+1","EmptyFist+1"],"picked":"Singing Bowl","floor":41},{"not_picked":["EmptyFist","Replay:ManipulateFuture+1"],"picked":"DevaForm","floor":42},{"not_picked":["Replay:Vibes+1","Replay:DivineShield+1","AT_SoftenMuscles+1"],"picked":"Singing Bowl","floor":44},{"not_picked":["Replay:Sssssssssshield+1","Swift Strike","AT_PowerWithin"],"picked":"Singing Bowl","floor":46},{"not_picked":["Sanctity+1","Meditate+1","PathToVictory+1"],"picked":"Singing Bowl","floor":48}],"player_experience":441682,"relics_obtained":[{"floor":7.0,"key":"Whetstone"},{"floor":9.0,"key":"AT_SilvercatRing"},{"floor":23.0,"key":"Mango"},{"floor":26.0,"key":"Toxic Egg 2"},{"floor":29,"key":"Singing Bowl"},{"floor":30,"key":"Blue Candle"},{"floor":42,"key":"FossilizedHelix"},{"floor":43,"key":"AT_GuinsooRageblade"},{"floor":44,"key":"Grinning Jar"},{"floor":48,"key":"Pocketwatch"}],"event_choices":[{"damage_healed":0.0,"max_hp_gain":0.0,"max_hp_loss":0.0,"gold_gain":75.0,"event_name":"World of Goop","player_choice":"Gather Gold","floor":4.0,"gold_loss":0.0,"damage_taken":11.0},{"damage_healed":24.0,"max_hp_gain":0.0,"max_hp_loss":0.0,"gold_gain":0.0,"event_name":"Big Fish","player_choice":"Banana","floor":11.0,"gold_loss":0.0,"damage_taken":0.0},{"cards_removed":["SlashOfPresentWorld"],"damage_healed":0.0,"max_hp_gain":0.0,"max_hp_loss":0.0,"gold_gain":0.0,"event_name":"Beggar","player_choice":"Gave Gold","floor":20.0,"gold_loss":75.0,"damage_taken":0.0},{"damage_healed":0.0,"max_hp_gain":0.0,"max_hp_loss":0.0,"gold_gain":0.0,"event_name":"The Mausoleum","player_choice":"Opened","floor":25.0,"gold_loss":0.0,"damage_taken":0.0,"relics_obtained":["Replay:Bottled Steam"]},{"damage_healed":0,"gold_gain":0,"player_choice":"Memory 1","damage_taken":0,"max_hp_gain":0,"max_hp_loss":0,"event_name":"SensoryStone","floor":46,"gold_loss":0},{"damage_healed":0,"gold_gain":0,"player_choice":"Fight","damage_taken":0,"max_hp_gain":0,"max_hp_loss":0,"event_name":"MindBloom","floor":48,"gold_loss":0}],"is_beta":true,"boss_relics":[{"not_picked":["Black Star","VioletLotus"],"picked":"AT_MortalBlade"},{"not_picked":["Painkiller Herb","Kintsugi"],"picked":"AT_TrinityForce"}],"items_purged_floors":[12,22,27],"is_endless":false,"potions_floor_spawned":[2,3,7,16,19,23,29,33,35,38,39,42],"ascension_level":1}}