{"host":"i5ye7l6e2ntxqiu9","time":1614321478,"event":{"mods":["BaseMod","Downfall","Hermit","Marisa£®ÏF”Í°°ƒß¿Ì…≥£©","Minty Spire (QoL Compilation)","Replay The Spire","StSLib","The Bug Knight","The Cursed","The Hierophant","The Servant 0.9.4"],"gold_per_floor":[119,136,136,86,161,186,186,211,211,18,18,31,57,88,88,184,184,197,197,197,211,221,221,232,232,232,22,35,55,55,72,72,169,169,183,183,183],"floor_reached":36,"language":"ZHS","playtime":1752,"items_purged":[],"score":472,"play_id":"ae47f06c-3322-41ce-b3ff-5bc7dfcf223c","local_time":"20210226143758","is_ascension_mode":false,"campfire_choices":[{"floor":7,"key":"RECALL"},{"floor":15,"key":"REST"},{"floor":23,"key":"REST"},{"data":"RitualDagger","floor":25,"key":"SMITH"},{"data":"SpecialFormula","floor":32,"key":"SMITH"}],"circlet_count":0,"master_deck":["KidneyShot","Exchange","Starlight","Starlight","Reset","Midas Touch","ShatteredReality","SpecialFormula+1","Alleviate","GearUp","FlawlessForm","ForgedInTime","FanOfKnives","DualDimension","Contraction","SurpressingFire","Initiator","DoubleEdge+1","RitualDagger+1","Overencumbered","Potential+1","Shuttle","Rearm","Sabotage+1","SilverBlades+1","Potential","RitualDagger+1","Unruled+1","KillingDoll","CurseOfTheBell","Pot Of Greed","Pot Of Greed","Pot Of Greed","MoonPhase"],"relics":["Uniform","NeowsBlessing","Replay:Mystery Machine","Juzu Bracelet","TungstenRod","Odd Mushroom","HollowMod:LifeEnderRelic","Pandora\u0027s Box","ReplayTheSpireMod:Ring of Addiction","Ring of Panic","Chameleon Ring","Toy Ornithopter","Happy Flower","Blue Doll","Replay:Grab Bag","Fusion Hammer","Philosopher\u0027s Stone","Calling Bell","Grinning Jar","Quantum Egg","Turnip"],"acts_visited":["Exordium","TheCity","TheBeyond"],"potions_floor_usage":[13,28,29,33,36,36],"damage_taken":[{"damage":0,"enemies":"Small Slimes","floor":1,"turns":1},{"damage":0,"enemies":"Jaw Worm","floor":2,"turns":1},{"damage":0,"enemies":"Gremlin Nob","floor":6,"turns":1},{"damage":0,"enemies":"2 Louse","floor":12,"turns":2},{"damage":8,"enemies":"The Mushroom Lair","floor":13,"turns":2},{"damage":14,"enemies":"Replay:BlueRogue","floor":14,"turns":6},{"damage":18,"enemies":"Slime Boss","floor":16,"turns":9},{"damage":14,"enemies":"Spheric Guardian","floor":18,"turns":6},{"damage":10,"enemies":"2 Thieves","floor":21,"turns":3},{"damage":0,"enemies":"Snake Plant","floor":22,"turns":2},{"damage":0,"enemies":"Snecko","floor":24,"turns":5},{"damage":2,"enemies":"Cultist and Chosen","floor":28,"turns":5},{"damage":0,"enemies":"Chosen and Byrds","floor":29,"turns":6},{"damage":11,"enemies":"Shelled Parasite and Fungi","floor":31,"turns":4},{"damage":0,"enemies":"Champ","floor":33,"turns":11},{"damage":14,"enemies":"3 Darklings","floor":35,"turns":3},{"damage":64,"enemies":"Orin","floor":36,"turns":6}],"seed_played":"8539665101383768903","potions_obtained":[{"floor":2,"key":"PowerPotion"},{"floor":6,"key":"Adrenaline Potion"},{"floor":14,"key":"SpeedPotion"},{"floor":18,"key":"Fire Potion"},{"floor":20,"key":"Doom Potion"},{"floor":33,"key":"Fire Potion"},{"floor":35,"key":"Fire Potion"}],"is_trial":false,"path_per_floor":["M","M","?","?","?","E","R","T","T","$","?","M","?","E","R","B",null,"M","?","?","M","M","R","M","R","T","$","M","M","?","M","R","B",null,"M","?"],"character_chosen":"THE_SERVANT","items_purchased":["Midas Touch","ShatteredReality","Blue Doll","Sabotage+1"],"campfire_rested":2,"item_purchase_floors":[10,10,27,27],"current_hp_per_floor":[65,65,52,52,41,41,41,41,41,41,41,41,38,29,48,35,65,51,46,46,36,36,55,60,60,60,60,59,61,61,50,50,59,59,45,0,0],"gold":183,"neow_bonus":"THREE_ENEMY_KILL","is_daily":false,"chose_seed":false,"campfire_upgraded":2,"win_rate":0.0,"timestamp":1614321478,"path_taken":["M","M","?","?","?","E","R","?","T","?","?","M","?","E","R","BOSS","M","?","?","M","M","R","M","R","T","$","M","M","?","M","R","BOSS","M","?"],"items_purchased_type":["Card","Card","Relic","Card"],"build_version":"2020-12-22","purchased_purges":0,"victory":false,"max_hp_per_floor":[65,65,65,65,65,65,65,65,65,65,65,65,65,65,65,65,65,65,65,65,65,65,65,63,63,63,61,61,61,61,61,61,59,59,59,59,59],"card_choices":[{"not_picked":["ShiftingGears","Revamp"],"picked":"Starlight","floor":1},{"not_picked":["Revamp","WasteNot"],"picked":"Starlight","floor":2},{"not_picked":["Starlight","Replace"],"picked":"Reset","floor":6},{"not_picked":["Comet","ShiftingGears"],"picked":"SpecialFormula","floor":12},{"not_picked":["FastForward","TimeWarp"],"picked":"Alleviate","floor":13},{"not_picked":["Unruled","ShatteredReality"],"picked":"GearUp","floor":14},{"not_picked":["MurderousAura","SoulSculpture"],"picked":"FlawlessForm","floor":16},{"not_picked":["Defy","Hightail"],"picked":"DoubleEdge+1","floor":18},{"not_picked":["Hightail","Comet"],"picked":"Potential+1","floor":21},{"not_picked":["FastForward","Replace"],"picked":"Shuttle","floor":22},{"not_picked":["Revamp+1","Rewind"],"picked":"Rearm","floor":24},{"not_picked":["Potential+1","Rearm"],"picked":"SilverBlades+1","floor":28},{"not_picked":["LightFlow","TimeWarp+1"],"picked":"Potential","floor":29},{"not_picked":["Rearm","Advance"],"picked":"Unruled+1","floor":31},{"not_picked":["SoulSculpture","ForgedInTime"],"picked":"KillingDoll","floor":33},{"not_picked":["BottledTime","ShatteredReality+1"],"picked":"MoonPhase","floor":35}],"player_experience":78332,"relics_obtained":[{"floor":6,"key":"Replay:Mystery Machine"},{"floor":8,"key":"Juzu Bracelet"},{"floor":9,"key":"TungstenRod"},{"floor":13,"key":"Odd Mushroom"},{"floor":14,"key":"HollowMod:LifeEnderRelic"},{"floor":20,"key":"ReplayTheSpireMod:Ring of Addiction"},{"floor":20,"key":"Ring of Panic"},{"floor":20,"key":"Chameleon Ring"},{"floor":20,"key":"Toy Ornithopter"},{"floor":26,"key":"Happy Flower"},{"floor":34,"key":"Grinning Jar"},{"floor":34,"key":"Quantum Egg"},{"floor":34,"key":"Turnip"}],"event_choices":[{"damage_healed":0,"gold_gain":0,"player_choice":"Entered Light","damage_taken":13,"max_hp_gain":0,"max_hp_loss":0,"event_name":"Shining Light","floor":3,"gold_loss":0,"cards_upgraded":["Defend_S","Strike_S"]},{"cards_removed":["Defend_S"],"damage_healed":0,"gold_gain":0,"player_choice":"Card Removal","damage_taken":0,"max_hp_gain":0,"max_hp_loss":0,"event_name":"The Cleric","floor":4,"gold_loss":50},{"damage_healed":0,"gold_gain":75,"player_choice":"Gather Gold","damage_taken":11,"max_hp_gain":0,"max_hp_loss":0,"event_name":"World of Goop","floor":5,"gold_loss":0},{"cards_removed":["Defend_S"],"damage_healed":0,"gold_gain":0,"player_choice":"Offered Basic","damage_taken":0,"max_hp_gain":0,"max_hp_loss":0,"event_name":"Bonfire Elementals","floor":11,"gold_loss":0},{"damage_healed":0,"gold_gain":0,"player_choice":"Fought Mushrooms","damage_taken":0,"max_hp_gain":0,"max_hp_loss":0,"event_name":"Mushrooms","floor":13,"gold_loss":0},{"damage_healed":0,"gold_gain":0,"player_choice":"Joined the Cult","damage_taken":6,"max_hp_gain":0,"max_hp_loss":0,"event_name":"Nest","floor":19,"gold_loss":0,"cards_obtained":["RitualDagger"]},{"damage_healed":0,"gold_gain":0,"player_choice":"Copied","damage_taken":0,"max_hp_gain":0,"max_hp_loss":0,"event_name":"Duplicator","floor":30,"gold_loss":0,"cards_obtained":["RitualDagger"]},{"damage_healed":0,"gold_gain":0,"player_choice":"Fight","damage_taken":0,"max_hp_gain":0,"max_hp_loss":0,"event_name":"OrinTheCat","floor":36,"gold_loss":0}],"is_beta":false,"boss_relics":[{"not_picked":["Replay:Wanted Poster","Ring of Chaos"],"picked":"Pandora\u0027s Box"},{"not_picked":["Cursed Key","Replay:Ancient Bell"],"picked":"Replay:Grab Bag"},{"not_picked":["ChewingGum","SlaversCollar"],"picked":"Fusion Hammer"},{"not_picked":["Velvet Choker","Runic Dome"],"picked":"Philosopher\u0027s Stone"},{"not_picked":["Snecko Eye","Kintsugi"],"picked":"Calling Bell"}],"items_purged_floors":[],"is_endless":false,"potions_floor_spawned":[2,6,14,18,21,22,33,35],"killed_by":"Orin","ascension_level":0}}