{"host":"rx7s6jei8pd20pqs","time":1614320724,"event":{"mods":["BaseMod","Googly Eyes","Minty Spire (QoL Compilation)","StSLib"],"gold_per_floor":[115,115,140,153,44,84,84,84,84,107,146,146,180,205,205,335,335,358,377,390,490,515,515,540,563,586,586,604,432,447,447,447,566,566,587,587,347,347,347],"floor_reached":38,"language":"ENG","playtime":3714,"items_purged":["Regret","Bash","Clothesline"],"score":448,"play_id":"1a0d8372-f1c9-4e2f-b262-253b86cb9d3d","local_time":"20210225222524","is_ascension_mode":false,"campfire_choices":[{"floor":7,"key":"REST"},{"floor":12,"key":"REST"},{"floor":15,"key":"REST"},{"floor":23,"key":"REST"},{"floor":27,"key":"REST"},{"floor":32,"key":"REST"}],"circlet_count":0,"master_deck":["Strike_R","Strike_R","Strike_R","Strike_R","Strike_R","Defend_R","Defend_R","Defend_R","Defend_R","Headbutt","Flex","Inflame","Spot Weakness","Heavy Blade","Cleave","Flex","Armaments","Limit Break","Armaments","Twin Strike","Flex","Demon Form","Perfected Strike","Heavy Blade+1","Impervious","Power Through","Limit Break","Shrug It Off+1","Flex","Bludgeon"],"relics":["Burning Blood","Ginger","Golden Idol","Torii","Unceasing Top","Potion Belt","Centennial Puzzle","Fusion Hammer","Nunchaku","Sozu"],"acts_visited":["Exordium","TheCity","TheBeyond"],"potions_floor_usage":[16,19,19,28,33,33,33],"damage_taken":[{"damage":11,"enemies":"Small Slimes","floor":1,"turns":3},{"damage":4,"enemies":"Jaw Worm","floor":3,"turns":3},{"damage":3,"enemies":"Cultist","floor":4,"turns":3},{"damage":28,"enemies":"Gremlin Nob","floor":6,"turns":5},{"damage":11,"enemies":"Blue Slaver","floor":10,"turns":4},{"damage":31,"enemies":"Lagavulin","floor":11,"turns":5},{"damage":23,"enemies":"Gremlin Nob","floor":13,"turns":4},{"damage":10,"enemies":"Gremlin Gang","floor":14,"turns":2},{"damage":28,"enemies":"Hexaghost","floor":16,"turns":9},{"damage":8,"enemies":"Chosen","floor":18,"turns":4},{"damage":12,"enemies":"2 Thieves","floor":19,"turns":4},{"damage":9,"enemies":"Chosen and Byrds","floor":20,"turns":4},{"damage":23,"enemies":"Snake Plant","floor":22,"turns":4},{"damage":17,"enemies":"Centurion and Healer","floor":24,"turns":3},{"damage":39,"enemies":"Shelled Parasite and Fungi","floor":25,"turns":5},{"damage":21,"enemies":"Snake Plant","floor":28,"turns":3},{"damage":3,"enemies":"Cultist and Chosen","floor":30,"turns":4},{"damage":16,"enemies":"Automaton","floor":33,"turns":4},{"damage":10,"enemies":"Orb Walker","floor":35,"turns":2},{"damage":72,"enemies":"3 Darklings","floor":38,"turns":4}],"seed_played":"-3016652333130296627","potions_obtained":[{"floor":3,"key":"Regen Potion"},{"floor":4,"key":"Explosive Potion"},{"floor":6,"key":"GamblersBrew"},{"floor":11,"key":"SkillPotion"},{"floor":14,"key":"Regen Potion"},{"floor":24,"key":"PowerPotion"},{"floor":25,"key":"LiquidMemories"},{"floor":28,"key":"LiquidMemories"},{"floor":30,"key":"PowerPotion"},{"floor":33,"key":"LiquidMemories"}],"is_trial":false,"path_per_floor":["M","?","M","M","$","E","R","?","T","M","E","R","E","M","R","B",null,"M","M","M","?","M","R","M","M","T","R","M","$","M","?","R","B",null,"M","?","$","M"],"character_chosen":"IRONCLAD","items_purchased":["Inflame","Impervious","Flex","Bludgeon"],"campfire_rested":6,"item_purchase_floors":[5,29,37,37],"current_hp_per_floor":[75,74,74,74,74,52,74,74,74,69,44,66,49,45,67,59,74,72,66,63,63,46,68,57,24,24,46,40,40,43,67,74,64,74,70,70,70,0,0],"gold":347,"neow_bonus":"ONE_RARE_RELIC","is_daily":false,"chose_seed":false,"campfire_upgraded":0,"win_rate":0.0,"timestamp":1614320724,"path_taken":["M","?","M","M","$","E","R","?","T","M","E","R","E","M","R","BOSS","M","M","?","?","M","R","M","M","T","R","?","$","M","?","R","BOSS","M","?","$","M"],"items_purchased_type":["Card","Card","Card","Card"],"build_version":"2020-12-22","purchased_purges":3,"victory":false,"max_hp_per_floor":[80,74,74,74,74,74,74,74,74,74,74,74,74,74,74,74,74,74,74,74,74,74,74,74,74,74,74,74,74,74,74,74,74,74,74,74,74,74,74],"card_choices":[{"not_picked":["Thunderclap","Heavy Blade"],"picked":"Headbutt","floor":1},{"not_picked":["Combust","Sever Soul"],"picked":"Clothesline","floor":3},{"not_picked":["Thunderclap","Iron Wave"],"picked":"Flex","floor":4},{"not_picked":["Dropkick","Juggernaut"],"picked":"Spot Weakness","floor":6},{"not_picked":["Anger","Cleave"],"picked":"Heavy Blade","floor":10},{"not_picked":["Thunderclap","Anger"],"picked":"Cleave","floor":11},{"not_picked":["Wild Strike","Fire Breathing"],"picked":"Flex","floor":13},{"not_picked":["Clash","Entrench"],"picked":"Armaments","floor":14},{"not_picked":["Juggernaut","Immolate"],"picked":"Limit Break","floor":16},{"not_picked":["Whirlwind","Burning Pact"],"picked":"Armaments","floor":18},{"not_picked":["Battle Trance","Armaments"],"picked":"Twin Strike","floor":19},{"not_picked":["Battle Trance","Pommel Strike"],"picked":"Flex","floor":20},{"not_picked":["Reckless Charge","Iron Wave","Shockwave+1"],"picked":"SKIP","floor":22},{"not_picked":["Entrench+1","Twin Strike+1"],"picked":"Demon Form","floor":24},{"not_picked":["Wild Strike","Searing Blow+1"],"picked":"Perfected Strike","floor":25},{"not_picked":["Anger","Sword Boomerang"],"picked":"Heavy Blade+1","floor":28},{"not_picked":["Pommel Strike","Blood for Blood"],"picked":"Power Through","floor":30},{"not_picked":["Berserk","Double Tap"],"picked":"Limit Break","floor":33},{"not_picked":["Cleave","Burning Pact"],"picked":"Shrug It Off+1","floor":35}],"player_experience":92536,"relics_obtained":[{"floor":6,"key":"Torii"},{"floor":9,"key":"Unceasing Top"},{"floor":11,"key":"Potion Belt"},{"floor":13,"key":"Centennial Puzzle"},{"floor":26,"key":"Nunchaku"}],"event_choices":[{"damage_healed":0,"gold_gain":0,"player_choice":"Lose Max HP","damage_taken":0,"relics_obtained":["Golden Idol"],"max_hp_gain":0,"max_hp_loss":6,"event_name":"Golden Idol","floor":2,"gold_loss":0},{"damage_healed":0,"gold_gain":0,"player_choice":"Bought 0 Potions","damage_taken":0,"max_hp_gain":0,"max_hp_loss":0,"event_name":"The Woman in Blue","floor":8,"gold_loss":0},{"damage_healed":0,"gold_gain":100,"player_choice":"Pray","damage_taken":0,"max_hp_gain":0,"max_hp_loss":0,"event_name":"Golden Shrine","floor":21,"gold_loss":0},{"damage_healed":24,"gold_gain":0,"player_choice":"Heal","damage_taken":0,"max_hp_gain":0,"max_hp_loss":0,"event_name":"The Library","floor":31,"gold_loss":0},{"damage_healed":0,"gold_gain":0,"player_choice":"Ignored","damage_taken":0,"max_hp_gain":0,"max_hp_loss":0,"event_name":"Mysterious Sphere","floor":36,"gold_loss":0}],"is_beta":false,"boss_relics":[{"not_picked":["Ectoplasm","Black Star"],"picked":"Fusion Hammer"},{"not_picked":["Coffee Dripper","Runic Cube"],"picked":"Sozu"}],"items_purged_floors":[5,29,37],"is_endless":false,"potions_floor_spawned":[3,4,6,11,14,24,25,28,30,33,35],"killed_by":"3 Darklings","ascension_level":0}}