{"host":"sqt6c5vt7d1y5xtt","time":1614305490,"event":{"mods":["AchievementEnabler","BaseMod","Block Reminder","Lobotomy","Minty Spire (QoL Compilation)","Quick Restart"],"gold_per_floor":[119,119,119,135,135,162,162,181,181,144,144,144,144],"floor_reached":12,"language":"KOR","playtime":437,"items_purged":[],"score":76,"play_id":"604cfc4b-2ffd-45b6-88ab-f7f934566bc2","local_time":"20210225231130","is_ascension_mode":false,"campfire_choices":[{"data":"LikeWater","floor":7,"key":"SMITH"},{"data":"Nirvana","floor":11,"key":"SMITH"}],"circlet_count":0,"master_deck":["Strike_P","Strike_P","Strike_P","Strike_P","Defend_P","Defend_P","Defend_P","Defend_P","Vigilance","PunishingBird","FollowUp","Wireheading","Laetitia","LikeWater+1","ThirdEye","Scorched","WindmillStrike","Nirvana+1"],"relics":["PureWater","CogitoBucket","Vajra","Ornamental Fan"],"acts_visited":["Exordium"],"potions_floor_usage":[],"damage_taken":[{"damage":1,"enemies":"Jaw Worm","floor":1,"turns":3},{"damage":4,"enemies":"2 Louse","floor":4,"turns":4},{"damage":56,"enemies":"Lagavulin","floor":6,"turns":12},{"damage":3,"enemies":"Cultist","floor":8,"turns":5},{"damage":20,"enemies":"3 Sentries","floor":12,"turns":3}],"seed_played":"3202075122850474129","potions_obtained":[{"floor":4,"key":"EssenceOfSteel"}],"is_trial":false,"path_per_floor":["M","?","?","M","$","E","R","M","T","$","R","E"],"character_chosen":"WATCHER","items_purchased":["Nirvana"],"campfire_rested":0,"item_purchase_floors":[10],"current_hp_per_floor":[71,71,71,67,67,23,23,20,20,20,20,0,0],"gold":144,"neow_bonus":"","is_daily":false,"chose_seed":false,"campfire_upgraded":2,"win_rate":0.0,"timestamp":1614305490,"path_taken":["M","?","?","M","$","E","R","M","T","$","R","E"],"items_purchased_type":["Card"],"build_version":"2020-12-22","purchased_purges":0,"victory":false,"max_hp_per_floor":[72,72,72,72,72,72,72,72,72,72,72,72,72],"card_choices":[{"not_picked":["OSAHOGD","MHz"],"picked":"PunishingBird","floor":1},{"not_picked":["Evaluate","Protect"],"picked":"FollowUp","floor":1},{"not_picked":["CherryBlossoms","Bloodbath"],"picked":"Laetitia","floor":4},{"not_picked":["BowlingBash","Evaluate"],"picked":"LikeWater","floor":4},{"not_picked":["PathToVictory","Crescendo"],"picked":"ThirdEye","floor":6},{"not_picked":["MeatLantern","OldLady"],"picked":"Scorched","floor":8},{"not_picked":["Prostrate","FearNoEvil"],"picked":"WindmillStrike","floor":8}],"player_experience":161701,"relics_obtained":[{"floor":6,"key":"Vajra"},{"floor":9,"key":"Ornamental Fan"}],"event_choices":[{"damage_healed":0,"gold_gain":0,"player_choice":"Ignored","damage_taken":0,"max_hp_gain":0,"max_hp_loss":0,"event_name":"Liars Game","floor":2,"gold_loss":0},{"damage_healed":0,"gold_gain":0,"cards_transformed":["Eruption"],"player_choice":"Change","damage_taken":0,"max_hp_gain":0,"max_hp_loss":0,"event_name":"Living Wall","floor":3,"gold_loss":0,"cards_obtained":["Wireheading"]}],"is_beta":false,"boss_relics":[],"items_purged_floors":[],"is_endless":false,"potions_floor_spawned":[4],"killed_by":"3 Sentries","ascension_level":0}}