{"host":"xo57gvsl7e0wfzti","time":1614339058,"event":{"mods":["BaseMod","Minty Spire (QoL Compilation)"],"gold_per_floor":[114,127,127,187,24,57,57,78,78,78,78,78,97,135,135,135,135],"floor_reached":16,"language":"ENG","playtime":203,"items_purged":["Strike_R"],"score":246,"play_id":"33f9e1c8-4053-45c6-889d-c78a1139c18c","local_time":"20210226033058","is_ascension_mode":true,"campfire_choices":[{"data":"Bash","floor":7,"key":"SMITH"},{"data":"Whirlwind","floor":10,"key":"SMITH"},{"data":"Hemokinesis","floor":12,"key":"SMITH"},{"data":"Rupture","floor":15,"key":"SMITH"}],"circlet_count":0,"master_deck":["AscendersBane","Strike_R","Strike_R","Strike_R","Strike_R","Defend_R","Defend_R","Defend_R","Defend_R","Bash+1","Wild Strike","Hemokinesis+1","Whirlwind+1","Twin Strike","Sword Boomerang","Perfected Strike","Rupture+1"],"relics":["Burning Blood","NeowsBlessing","Golden Idol","Question Card","Lantern","SsserpentHead","Gremlin Horn"],"acts_visited":["Exordium"],"potions_floor_usage":[14,16],"damage_taken":[{"damage":0,"enemies":"Small Slimes","floor":1,"turns":1},{"damage":0,"enemies":"2 Louse","floor":2,"turns":1},{"damage":0,"enemies":"Gremlin Nob","floor":6,"turns":1},{"damage":0,"enemies":"Cultist","floor":8,"turns":2},{"damage":0,"enemies":"3 Louse","floor":13,"turns":1},{"damage":19,"enemies":"Lagavulin","floor":14,"turns":4},{"damage":52,"enemies":"The Guardian","floor":16,"turns":8}],"seed_played":"-6457859844328056910","potions_obtained":[{"floor":6,"key":"Weak Potion"},{"floor":8,"key":"Regen Potion"},{"floor":14,"key":"Swift Potion"}],"is_trial":false,"path_per_floor":["M","M","?","?","$","E","R","M","T","R","?","R","M","E","R","B"],"character_chosen":"IRONCLAD","items_purchased":["Whirlwind"],"campfire_rested":0,"item_purchase_floors":[5],"current_hp_per_floor":[74,75,68,68,68,68,68,68,68,68,68,68,68,55,55,3,3],"gold":135,"neow_bonus":"THREE_ENEMY_KILL","is_daily":false,"chose_seed":false,"campfire_upgraded":4,"win_rate":0.0,"timestamp":1614339058,"path_taken":["M","M","?","?","$","E","R","M","T","R","?","R","M","E","R","BOSS"],"items_purchased_type":["Card"],"build_version":"2020-12-22","purchased_purges":1,"victory":false,"max_hp_per_floor":[75,75,68,68,68,68,68,68,68,68,68,68,68,68,68,68,68],"card_choices":[{"not_picked":["Power Through","Flame Barrier"],"picked":"Wild Strike","floor":1},{"not_picked":["Feel No Pain","True Grit"],"picked":"Hemokinesis","floor":2},{"not_picked":["Intimidate","True Grit"],"picked":"Twin Strike","floor":6},{"not_picked":["Dual Wield","Warcry","Thunderclap"],"picked":"Sword Boomerang","floor":8},{"not_picked":["Battle Trance","Armaments","Warcry"],"picked":"Perfected Strike","floor":13},{"not_picked":["Havoc","Iron Wave","Bloodletting"],"picked":"Rupture","floor":14}],"player_experience":750036,"relics_obtained":[{"floor":6,"key":"Question Card"},{"floor":9,"key":"Lantern"},{"floor":14,"key":"Gremlin Horn"}],"event_choices":[{"damage_healed":0,"gold_gain":0,"player_choice":"Lose Max HP","damage_taken":0,"relics_obtained":["Golden Idol"],"max_hp_gain":0,"max_hp_loss":7,"event_name":"Golden Idol","floor":3,"gold_loss":0},{"damage_healed":0,"gold_gain":60,"player_choice":"Gained Gold","damage_taken":0,"max_hp_gain":0,"max_hp_loss":0,"event_name":"Golden Wing","floor":4,"gold_loss":0},{"damage_healed":0,"gold_gain":0,"player_choice":"Trade","damage_taken":0,"relics_obtained":["SsserpentHead"],"max_hp_gain":0,"max_hp_loss":0,"event_name":"FaceTrader","floor":11,"gold_loss":0}],"is_beta":false,"boss_relics":[],"items_purged_floors":[5],"is_endless":false,"potions_floor_spawned":[6,8,14],"killed_by":"The Guardian","ascension_level":17}}