{"host":"5tir6155jnoxijqh","time":1614341471,"event":{"mods":["Act Like it!","Arknights","BaseMod","Downfall","Hermit","Library of Ruina","Library of Ruina Extra","Minty Spire (QoL Compilation)","MostiFishMod","Shop Mod","Spicy Shops","StSLib","WarShipGirlsR/’ΩΩ¢…Ÿ≈ÆR mod"],"gold_per_floor":[111,101,101,26,42,75,90,90,114,114,114,133,208,208,208,306,306,320,330,355,369,369,400,400,429,456,456,48,59,77,17,17,116,116,126,126,126,146,146,171,171,223,269,285,316,316,341,358,358,361,362,362,362,8,37,38],"floor_reached":57,"language":"ZHS","playtime":2920,"items_purged":["LightDefense","LightDefense","ChargeAndCover+1"],"score":2567,"play_id":"04c3bfb1-0fd4-4088-a9fd-db20e86c1006","local_time":"20210226201111","is_ascension_mode":true,"campfire_choices":[{"data":"TrashDisposal","floor":8.0,"key":"SMITH"},{"data":"UndertakePrescript","floor":15.0,"key":"SMITH"},{"floor":24.0,"key":"RECALL"},{"data":"LightDefense","floor":27.0,"key":"PURGE"},{"data":"LightDefense","floor":32.0,"key":"PURGE"},{"data":"Dodge+1","floor":49,"key":"PURGE"},{"data":"Marionette+1","floor":53,"key":"PURGE"}],"circlet_count":0,"master_deck":["AscendersBane","FocusedStrikes+1","BlowItUp+1","TendonChords+1","Juggling+1","TrashDisposal+1","Quickness+1","UndertakePrescript+1","SilentNight+1","MostiFishMod:Neptune+1","MostiFishMod:TheEndOfMoonlight+1","MostiFishMod:SparklingWater+1","MostiFishMod:FantasySummer+1","MostiFishMod:NightSea+1","LawAndOrder+1","WillOfThePrescript+1","IronWall+1","UnavoidableGaze+1","SenseQuarry+1","Deflect_lor+1","Parry2+1","LeRegole+1","ChargeUp+1","Rewind+1","QuickAttack+1","Forethought","MostiFishMod:KingOfFree","Flash of Steel","Commandeering","WaitUp+1"],"relics":["PageOfLibrarian","DaveBox","ChiXiaoBlade","SynthV:TestCard","Potion Belt","MoonlightInvasionPlan","Omamori","PageOfSpiderBud","Akabeko","Peace Pipe","Toy Ornithopter","Civilization","Whetstone","TheAbacus","RhineSuit","Mark of the Bloom","Bag of Marbles","War Paint","Happy Flower","Mango","Centennial Puzzle","Toolbox","PageOfBloodbath","Pen Nib"],"acts_visited":["Exordium","TheCity","TheBeyond","TheEnding"],"potions_floor_usage":[33,38,45,51,51],"damage_taken":[{"damage":3.0,"enemies":"2 Louse","floor":1.0,"turns":3.0},{"damage":2.0,"enemies":"ats:Genji","floor":5.0,"turns":2.0},{"damage":20.0,"enemies":"3 Sentries","floor":6.0,"turns":8.0},{"damage":13.0,"enemies":"Cultist","floor":7.0,"turns":5.0},{"damage":5.0,"enemies":"Gremlin Nob","floor":10.0,"turns":3.0},{"damage":15.0,"enemies":"Exordium Thugs","floor":12.0,"turns":6.0},{"damage":41.0,"enemies":"Hexaghost","floor":16.0,"turns":6.0},{"damage":11.0,"enemies":"Shell Parasite","floor":18.0,"turns":2.0},{"damage":13.0,"enemies":"2 Thieves","floor":19.0,"turns":2.0},{"damage":0.0,"enemies":"Cultist and Chosen","floor":21.0,"turns":3.0},{"damage":6.0,"enemies":"Book of Stabbing","floor":23.0,"turns":3.0},{"damage":0.0,"enemies":"Gremlin Leader","floor":25.0,"turns":3.0},{"damage":5.0,"enemies":"Centurion and Healer","floor":29.0,"turns":3.0},{"damage":0.0,"enemies":"Snake Plant","floor":30.0,"turns":1.0},{"damage":15,"enemies":"KingOfGreed","floor":33,"turns":7},{"damage":4,"enemies":"3 Shapes","floor":35,"turns":2},{"damage":0,"enemies":"3 Darklings","floor":38,"turns":2},{"damage":0,"enemies":"Nemesis","floor":40,"turns":1},{"damage":0,"enemies":"Writhing Mass","floor":44,"turns":1},{"damage":0,"enemies":"Reptomancer","floor":45,"turns":2},{"damage":0,"enemies":"Nemesis","floor":47,"turns":1},{"damage":0,"enemies":"Spire Growth","floor":48,"turns":1},{"damage":0,"enemies":"Awakened One","floor":50,"turns":3},{"damage":0,"enemies":"Awakened One","floor":51,"turns":3},{"damage":0,"enemies":"Shield and Spear","floor":55,"turns":1},{"damage":6,"enemies":"The Heart","floor":56,"turns":3}],"seed_played":"9012587038316567297","potions_obtained":[{"floor":1.0,"key":"Explosive Potion"},{"floor":5.0,"key":"BlessingOfTheForge"},{"floor":12.0,"key":"champ:CounterPotion"},{"floor":18.0,"key":"Explosive Potion"},{"floor":23.0,"key":"EntropicBrew"},{"floor":25.0,"key":"FearPotion"},{"floor":40,"key":"champ:CounterPotion"},{"floor":47,"key":"Swift Potion"},{"floor":48,"key":"Fire Potion"},{"floor":55,"key":"BlessingOfTheForge"}],"is_trial":false,"path_per_floor":["M","?","?","$","M","E","M","R","T","E","?","M","?","?","R","B",null,"M","M","T","M","T","E","R","E","T","R","$","M","M","$","R","B",null,"M","?","?","M","?","E","?","T","T","M","E","?","E","M","R","B",null,null,"R","$","E","B",null],"character_chosen":"Librarian","items_purchased":["Civilization","Whetstone","TheAbacus","Toolbox","PageOfBloodbath"],"campfire_rested":0,"item_purchase_floors":[28,28,31,54,54],"current_hp_per_floor":[36,36,29,29,30,16,13,13,13,12,34,25,14,94,94,70,88,83,73,73,75,75,79,79,92,92,92,92,94,99,99,99,104,104,105,105,105,105,105,105,105,105,105,105,105,95,95,95,95,95,95,95,95,95,95,89],"gold":38,"neow_bonus":"TRANSFORM_TWO_CARDS","is_daily":false,"chose_seed":false,"campfire_upgraded":2,"win_rate":0.0,"timestamp":1614341471,"path_taken":["M","?","?","?","M","E","M","R","T","E","?","?","?","?","R","BOSS","M","?","?","M","?","E","R","E","T","R","$","M","?","$","R","BOSS","M","?","?","M","?","E","?","?","T","?","E","?","E","M","R","BOSS","R","$","E","BOSS"],"items_purchased_type":["Relic","Relic","Relic","Relic","Relic"],"build_version":"2020-12-22","purchased_purges":3,"victory":true,"max_hp_per_floor":[71,71,71,71,68,68,68,68,68,68,68,84,84,94,94,94,94,94,94,94,94,94,94,94,94,94,94,94,96,99,99,99,104,104,109,109,109,114,108,113,113,113,113,118,137,137,142,147,147,152,157,157,157,157,162,167],"card_choices":[{"not_picked":["GrazeTheGrass","SharpNails","SmokingPipe","FierceCharge","Pound","NonstopAssault","FlashingStrike","EndlessBattle"],"picked":"TendonChords","floor":1.0},{"not_picked":[],"picked":"Juggling","floor":2.0},{"not_picked":[],"picked":"GoinFirst","floor":2.0},{"not_picked":["FlyingSword","SnakesPrey","Crush","IngredientHunt","Riposte","Parry2","Multislash","DesperateStruggle","GreatSerpentsImpact","Gigigig"],"picked":"BattleCommand","floor":5.0},{"not_picked":["Quickness","InnerArdor","StrikeDown","BiXi","Rewind","PinpointShot","HiddenBlade","Parry","SharpSwipe","EnergyCycle"],"picked":"TrashDisposal","floor":6.0},{"not_picked":["GuardingStance","Laceration","UncannyStrike","Reload","FormingStorm","Mutilate","AsThePrescriptOrders","IdentifyWeakpoint","ForcefulGesture","BlindFaith"],"picked":"Quickness","floor":7.0},{"not_picked":["FleetEdge","Thrust","Creak","ScatteringSlash","UnavoidableGaze","EnergyCycle","MultiHit","DesperateStruggle","ForTheFamily","Lock"],"picked":"UndertakePrescript","floor":12.0},{"not_picked":["DaringDecision","FormingStorm","Disposal","GoinFirst"],"picked":"SilentNight","floor":16.0},{"not_picked":["HandleRequest","DeepDrag","ShockingBlow","Fence","StrongStrike","Overpower+1","Diversion","FierceCharge","TendonChords","SuppressingShot"],"picked":"LawAndOrder+1","floor":18.0},{"not_picked":["FierceCharge","Rampage_lor","EnergyStrike","Thrust","ClassAndRespect+1","HighKick+1","SuppressingShot","QuickAttack","Guardian_lor","GrazeTheGrass"],"picked":"WillOfThePrescript+1","floor":19.0},{"not_picked":["Execute_lor","SturdyDefense+1","SharpSwipe","Outburst","Quickness","Multislash","HighKick","FleetFootsteps","DestructiveImpact+1","SinglePointStab"],"picked":"IronWall","floor":21.0},{"not_picked":["UpbeatPerformance","CoordinatedAssault","Gamble+1","ClassAndRespect","SuanNi","JiaoTu+1","MindPrepared","TheArtOfRapidSteps+1","DevastatingThrash","PreemptiveStrike"],"picked":"UnavoidableGaze+1","floor":23.0},{"not_picked":["YoureTooSlow","SerpentineBarrier","SharpSwipe","RepressedFlesh","Parry+1","Diversion","Outburst","ClassAndRespect+1","Standoff+1","StructuralAnalysis"],"picked":"SenseQuarry","floor":25.0},{"not_picked":["CumulusWall","SuppressingShot","FleetFootsteps","StrikeDown","PinpointShot+1","Quickness","WildCard","DarkCloud","SerpentSwordTechnique+1","DesperateStruggle"],"picked":"Deflect_lor","floor":29.0},{"not_picked":["DefenseOrder","ExtremeEdge","RhinoRam","FierceOnslaught+1","ForcefulGesture","DarkCloud","NightInTheBackstreets","TraceOfFumes","Outburst","InkOver"],"picked":"Parry2","floor":30.0},{"not_picked":["CrackOfDawn","Transpierce","GoinFirst","CleanUp"],"picked":"LeRegole","floor":33},{"not_picked":["DefenseOrder+1","TimeForALittleTest+1","EnergyCycle","EndlessBattle","DestructiveImpact+1","YourShield","ViolentFlame+1","FlashingStrike","Faith","Wallop_lor"],"picked":"ChargeUp","floor":35},{"not_picked":["StrikeDown","StartinOutLightly","GuidanceOfTheGears+1","Concentration+1","SetFire+1","ConcentratedFire","DefenseOrder+1","IdentifyWeakpoint","GaleKick","OpportunitySpotted","Tailoring"],"picked":"SKIP","floor":38},{"not_picked":["DimensionalRift+1","ChiWen+1","DeepDrag","YoureTooSlow","CoordinatedAssault","EnergyShield+1","SunsetBlade","Faith+1","FeatherShield+1","BizarreAttack"],"picked":"Rewind+1","floor":40},{"not_picked":["Leap_lor+1","AsThePrescriptOrders","Diversion+1","ViolentFlame+1","LeRegole","BlindFaith","MultiBlock","SnakesPrey+1","TendonChords","Quickness"],"picked":"QuickAttack+1","floor":44},{"not_picked":["EndlessBattle+1","PinpointShot+1","BackAttack+1","VenomousFangs","AsThePrescriptOrders+1","Eject+1","Leap_lor","HiddenBlade+1","QuickAttack+1","SnakesPrey+1"],"picked":"Marionette+1","floor":45},{"not_picked":["MostiFishMod:BrokenBlackCloak","Enlightenment","Panacea","PanicButton","MostiFishMod:Awakening","MostiFishMod:SupremeArchaeology","MostiFishMod:MusicBox","Chrysalis","MostiFishMod:Kaleido","MostiFishMod:OneDayCity"],"picked":"Forethought","floor":46},{"not_picked":["Chrysalis","Bandage Up","Transmutation","Finesse","The Bomb","Discovery","MostiFishMod:PerfectForm","Deep Breath","Good Instincts","Enlightenment"],"picked":"MostiFishMod:KingOfFree","floor":46},{"not_picked":["Deep Breath","Discovery","PanicButton","Trip","Panacea","Jack Of All Trades","MostiFishMod:StoryBook","Madness","Mind Blast","MostiFishMod:ElfcollectionBox"],"picked":"Flash of Steel","floor":46},{"not_picked":["Ripple","EnergyCycle+1","Creak","Riposte+1","CumulusWall+1","CleanUp","Unlock1+1","TimeForALittleTest+1","Tttonst","ScatteringSlash"],"picked":"Commandeering","floor":47},{"not_picked":["RhinoRam+1","Unlock1+1","BizarreAttack","SerpentineBarrier+1","Juggling","GuidanceOfTheGears+1","FleetFootsteps","BattleCommand+1","Punishment","Multislash+1"],"picked":"WaitUp+1","floor":48},{"not_picked":["CircusKnives","HighKick+1","DesperateStruggle","SparkingSpear+1","Gamble","TraceOfFumes","Fence+1","FieryDragonSlash","BlindFaith+1","ViolentFlame","Marionette"],"picked":"SKIP","floor":55}],"player_experience":424798,"relics_obtained":[{"floor":1.0,"key":"SynthV:TestCard"},{"floor":6.0,"key":"Potion Belt"},{"floor":20.0,"key":"Omamori"},{"floor":22.0,"key":"PageOfSpiderBud"},{"floor":23.0,"key":"Akabeko"},{"floor":25.0,"key":"Peace Pipe"},{"floor":26.0,"key":"Toy Ornithopter"},{"floor":40,"key":"Bag of Marbles"},{"floor":42,"key":"War Paint"},{"floor":43,"key":"Happy Flower"},{"floor":45,"key":"Mango"},{"floor":47,"key":"Centennial Puzzle"},{"floor":55,"key":"Pen Nib"}],"event_choices":[{"cards_removed":["LightAttack"],"damage_healed":0.0,"max_hp_gain":0.0,"max_hp_loss":0.0,"gold_gain":0.0,"event_name":"Golden Wing","player_choice":"Card Removal","floor":3.0,"gold_loss":0.0,"damage_taken":7.0},{"damage_healed":22.0,"max_hp_gain":0.0,"max_hp_loss":0.0,"gold_gain":0.0,"event_name":"Big Fish","player_choice":"Banana","floor":11.0,"gold_loss":0.0,"damage_taken":0.0},{"damage_healed":0.0,"max_hp_gain":0.0,"max_hp_loss":0.0,"gold_gain":75.0,"event_name":"World of Goop","player_choice":"Gather Gold","floor":13.0,"gold_loss":0.0,"damage_taken":11.0},{"cards_removed":["GoinFirst"],"damage_healed":70.0,"max_hp_gain":10.0,"max_hp_loss":0.0,"gold_gain":0.0,"event_name":"Bonfire Elementals","player_choice":"Offered Rare","floor":14.0,"gold_loss":0.0,"damage_taken":0.0},{"damage_healed":0,"gold_gain":0,"player_choice":"Upgrade","damage_taken":0,"relics_obtained":["Mark of the Bloom"],"max_hp_gain":0,"max_hp_loss":0,"event_name":"MindBloom","floor":36,"gold_loss":0,"cards_upgraded":["Dodge","ChargeAndCover","FocusedStrikes","BlowItUp","TendonChords","Juggling","BattleCommand","Quickness","MostiFishMod:Neptune","MostiFishMod:SparklingWater","MostiFishMod:FantasySummer","MostiFishMod:NightSea","IronWall","SenseQuarry","Deflect_lor","Parry2","LeRegole","ChargeUp"]},{"cards_removed":["BattleCommand"],"damage_healed":0,"gold_gain":0,"player_choice":"Removed Skill","damage_taken":0,"max_hp_gain":0,"max_hp_loss":0,"event_name":"Falling","floor":37,"gold_loss":0},{"damage_healed":0,"gold_gain":0,"player_choice":"Max HP","damage_taken":0,"max_hp_gain":0,"max_hp_loss":6,"event_name":"Winding Halls","floor":39,"gold_loss":0},{"damage_healed":0,"gold_gain":0,"player_choice":"Ignored","damage_taken":0,"max_hp_gain":0,"max_hp_loss":0,"event_name":"Tomb of Lord Red Mask","floor":41,"gold_loss":0},{"damage_healed":0,"gold_gain":0,"player_choice":"Memory 3","damage_taken":10,"max_hp_gain":0,"max_hp_loss":0,"event_name":"SensoryStone","floor":46,"gold_loss":0}],"is_beta":false,"boss_relics":[{"not_picked":["HereWithMe","PatriotShield"],"picked":"MoonlightInvasionPlan"},{"not_picked":["PageOfBlackSwan","Coffee Dripper"],"picked":"RhineSuit"}],"items_purged_floors":[4,28,54],"is_endless":false,"potions_floor_spawned":[1,5,12,18,23,25,40,47,48,55],"ascension_level":10}}