{"host":"21o28mgl9u9ntir2","time":1614357347,"event":{"mods":["BaseMod","BetterRewards","Colored Powertips","Minty Spire (QoL Compilation)","Quick Restart","Remove Card Discount Mod","SOS（斯巴达之子）","Spicy Shops","StSLib","SuperFastMode","[IsaacMod]以撒尖塔","【遗物卡牌】REMEMod","残留之物"],"gold_per_floor":[112,128,141,28,28,28,28,28,28,47,63,97,97,120,120,219,219,219],"floor_reached":17,"language":"ZHS","playtime":467,"items_purged":[],"score":475,"play_id":"4211acc2-43c1-4ef9-879a-12a9f9c84be9","local_time":"20210227003547","is_ascension_mode":true,"campfire_choices":[{"floor":6.0,"key":"REST"},{"floor":13.0,"key":"REST"},{"data":"PlaceholderMod:PoisonAbsorb","floor":15,"key":"SMITH"}],"circlet_count":0,"master_deck":["AscendersBane","PlaceholderMod:BaseStrike","PlaceholderMod:BaseStrike+1","PlaceholderMod:BaseStrike","PlaceholderMod:BaseStrike","PlaceholderMod:BaseStrike","PlaceholderMod:BaseDefend","PlaceholderMod:BaseDefend","PlaceholderMod:BaseDefend","PlaceholderMod:BaseDefend","PlaceholderMod:BaseDefend+1","PlaceholderMod:Crystal","PlaceholderMod:PoisonWhip","PlaceholderMod:PoisonAbsorb+1","PlaceholderMod:HardStinger"],"relics":["PlaceholderMod:Tancle","HushsDoor","REME_ComplimentaryCards","BelialBook","TheBible","Omamori","GuppysTail","Mango","Sling","Frozen Egg 2","PillsDrop","PlaceholderMod:SoulofChaos","Membership Card","Mercury Hourglass","Bronze Scales","Habit","HowToJump","Golden Idol","StoneCalendar","HornCleat","Philosopher\u0027s Stone"],"acts_visited":["Exordium","TheCity"],"potions_floor_usage":[14],"damage_taken":[{"damage":0.0,"enemies":"Cultist","floor":1.0,"turns":3.0},{"damage":2.0,"enemies":"Jaw Worm","floor":2.0,"turns":3.0},{"damage":7.0,"enemies":"Small Slimes","floor":3.0,"turns":3.0},{"damage":7.0,"enemies":"Exordium Wildlife","floor":10.0,"turns":3.0},{"damage":1.0,"enemies":"3 Louse","floor":11.0,"turns":2.0},{"damage":5.0,"enemies":"3 Sentries","floor":12.0,"turns":5.0},{"damage":9,"enemies":"Large Slime","floor":14,"turns":4},{"damage":9,"enemies":"Slime Boss","floor":16,"turns":6}],"seed_played":"2510057009603381038","potions_obtained":[{"floor":10.0,"key":"SteroidPotion"},{"floor":12.0,"key":"FairyPotion"}],"is_trial":false,"path_per_floor":["M","M","M","?","?","R","?","$","T","M","M","E","R","M","R","B",null],"character_chosen":"THE_PLACEHOLDER","items_purchased":["TheBible","Omamori","GuppysTail","Mango","PlaceholderMod:PoisonAbsorb","Sling","Frozen Egg 2","PillsDrop","PlaceholderMod:SoulofChaos","Membership Card","Mercury Hourglass","Bronze Scales","Habit"],"campfire_rested":2,"item_purchase_floors":[0,0,0,0,0,0,0,0,0,0,0,0,0],"current_hp_per_floor":[36,37,33,36,8,38,41,41,41,34,33,28,55,52,52,43,84,84],"gold":219,"neow_bonus":"","is_daily":false,"chose_seed":false,"campfire_upgraded":1,"win_rate":0.0,"timestamp":1614357347,"path_taken":["M","?","?","?","?","R","?","$","T","M","M","E","R","?","R","BOSS"],"items_purchased_type":["Relic","Relic","Relic","Relic","Card","Relic","Relic","Relic","Relic","Relic","Relic","Relic","Relic"],"build_version":"2020-12-22","purchased_purges":0,"victory":false,"max_hp_per_floor":[91,94,97,100,103,103,96,96,96,91,91,91,91,97,97,97,97,97],"card_choices":[{"not_picked":["PlaceholderMod:SeverePoisonStrike","PlaceholderMod:Turn","PlaceholderMod:PoisonBlast+1"],"picked":"SKIP","floor":1.0},{"not_picked":["PlaceholderMod:DissolvingSpikes","PlaceholderMod:PericyclicReaction","PlaceholderMod:Sweep"],"picked":"SKIP","floor":2.0},{"not_picked":["PlaceholderMod:ContinueSpray","PlaceholderMod:Hyperplasia","PlaceholderMod:PoisonExcitation"],"picked":"SKIP","floor":3.0},{"not_picked":["PlaceholderMod:AttackAsDefend","PlaceholderMod:SeverePoisonStrike","PlaceholderMod:FastReaction"],"picked":"SKIP","floor":10.0},{"not_picked":["PlaceholderMod:ConsolidateHit","PlaceholderMod:Polyp","PlaceholderMod:SprayAttack"],"picked":"SKIP","floor":11.0},{"not_picked":["PlaceholderMod:Polyp","PlaceholderMod:StressReaction","PlaceholderMod:HighConcentration+1"],"picked":"SKIP","floor":12.0},{"not_picked":["PlaceholderMod:EnergyAbsorb","PlaceholderMod:OHStrongAttack"],"picked":"PlaceholderMod:HardStinger","floor":14}],"player_experience":776924,"relics_obtained":[{"floor":9.0,"key":"StoneCalendar"},{"floor":12.0,"key":"HornCleat"}],"event_choices":[{"damage_healed":0.0,"max_hp_gain":0.0,"max_hp_loss":0.0,"gold_gain":0.0,"event_name":"WeMeetAgain","player_choice":"Paid Gold","floor":4.0,"gold_loss":113.0,"damage_taken":0.0,"relics_obtained":["HowToJump"]},{"damage_healed":0.0,"max_hp_gain":0.0,"max_hp_loss":0.0,"gold_gain":0.0,"event_name":"Shining Light","player_choice":"Entered Light","floor":5.0,"gold_loss":0.0,"damage_taken":31.0,"cards_upgraded":["PlaceholderMod:BaseDefend","PlaceholderMod:BaseStrike"]},{"damage_healed":0.0,"max_hp_gain":0.0,"max_hp_loss":10.0,"gold_gain":0.0,"event_name":"Golden Idol","player_choice":"Lose Max HP","floor":7.0,"gold_loss":0.0,"damage_taken":0.0,"relics_obtained":["Golden Idol"]}],"is_beta":false,"boss_relics":[{"not_picked":["REME_ChargedStone","SlaversCollar"],"picked":"Philosopher\u0027s Stone"},{"not_picked":[]}],"items_purged_floors":[],"is_endless":false,"potions_floor_spawned":[10,12],"ascension_level":15}}