{"host":"t75twhtg6c476ygg","time":1614350399,"event":{"mods":["AchievementEnabler","BaseMod","Colored Powertips","Minty Spire (QoL Compilation)","Quick Restart","Relic Stats","StSLib","SuperFastMode"],"gold_per_floor":[114,161,176,176,191,221,221,251,301,331,331,331,331,369,369,494,494,513,539,558,8,27,65,65,103,128,128,147,166,204,204,204,329,329,348,348,570,195,214,214,252,271,296,296,352,389,427,446,446,446,446,446,46,84,84],"floor_reached":56,"language":"ENG","playtime":2199,"items_purged":["Gash"],"score":1996,"play_id":"9bca7b4e-95d8-4904-8069-6e7b2fa778b7","local_time":"20210226143959","daily_mods":["Chimera","Time Dilation","Elite Swarm"],"is_ascension_mode":false,"campfire_choices":[{"data":"Gash","floor":7.0,"key":"SMITH"},{"data":"Loop","floor":12.0,"key":"SMITH"},{"data":"1","floor":15.0,"key":"LIFT"},{"data":"2","floor":24.0,"key":"LIFT"},{"data":"3","floor":27.0,"key":"LIFT"},{"data":"Genetic Algorithm","floor":32.0,"key":"SMITH"},{"data":"Panache","floor":40.0,"key":"SMITH"},{"data":"Buffer","floor":44.0,"key":"SMITH"},{"floor":49,"key":"REST"},{"floor":52,"key":"REST"}],"circlet_count":0,"master_deck":["Gash+1","Loop+1","Buffer+1","Genetic Algorithm+1","Panache+1","Panache+1","Panache+1","Panache+1","Panache+1"],"relics":["Cracked Core","Unceasing Top","Mango","TungstenRod","Lee\u0027s Waffle","Bag of Preparation","Happy Flower","Potion Belt","Bag of Marbles","Golden Idol","Girya","Gambling Chip","Calling Bell","Akabeko","Question Card","CaptainsWheel","Red Mask","Lizard Tail","Ornamental Fan","Prayer Wheel","Lantern","Blood Vial","Eternal Feather","Torii","SlaversCollar","Strawberry","MealTicket","Dream Catcher","CeramicFish","Nunchaku","Molten Egg 2","Shuriken","ClockworkSouvenir","Blue Candle","Medical Kit","Ginger"],"acts_visited":["Exordium","TheCity","TheBeyond","TheEnding"],"potions_floor_usage":[55,55,55,55],"damage_taken":[{"damage":0.0,"enemies":"2 Louse","floor":1.0,"turns":4.0},{"damage":4.0,"enemies":"Small Slimes","floor":3.0,"turns":3.0},{"damage":0.0,"enemies":"Jaw Worm","floor":5.0,"turns":1.0},{"damage":0.0,"enemies":"Gremlin Nob","floor":6.0,"turns":1.0},{"damage":0.0,"enemies":"3 Sentries","floor":8.0,"turns":1.0},{"damage":0.0,"enemies":"Gremlin Nob","floor":10.0,"turns":1.0},{"damage":0.0,"enemies":"3 Sentries","floor":14.0,"turns":1.0},{"damage":0.0,"enemies":"The Guardian","floor":16.0,"turns":1.0},{"damage":0.0,"enemies":"Spheric Guardian","floor":18.0,"turns":1.0},{"damage":0.0,"enemies":"Masked Bandits","floor":19.0,"turns":1.0},{"damage":0.0,"enemies":"Shell Parasite","floor":20.0,"turns":1.0},{"damage":0.0,"enemies":"Cultist and Chosen","floor":22.0,"turns":1.0},{"damage":0.0,"enemies":"Book of Stabbing","floor":23.0,"turns":1.0},{"damage":0.0,"enemies":"Slavers","floor":25.0,"turns":1.0},{"damage":0.0,"enemies":"Snecko","floor":28.0,"turns":1.0},{"damage":0.0,"enemies":"Shelled Parasite and Fungi","floor":29.0,"turns":1.0},{"damage":0.0,"enemies":"Book of Stabbing","floor":30.0,"turns":1.0},{"damage":0.0,"enemies":"Automaton","floor":33.0,"turns":1.0},{"damage":0.0,"enemies":"3 Darklings","floor":35.0,"turns":1.0},{"damage":0.0,"enemies":"3 Shapes","floor":39.0,"turns":1.0},{"damage":0.0,"enemies":"Reptomancer","floor":41.0,"turns":1.0},{"damage":0.0,"enemies":"Writhing Mass","floor":42.0,"turns":1.0},{"damage":0.0,"enemies":"Giant Head","floor":45.0,"turns":4.0},{"damage":0,"enemies":"Transient","floor":46,"turns":1},{"damage":0,"enemies":"Reptomancer","floor":47,"turns":1},{"damage":0,"enemies":"Maw","floor":48,"turns":1},{"damage":0,"enemies":"Donu and Deca","floor":50,"turns":1},{"damage":0,"enemies":"Shield and Spear","floor":54,"turns":1},{"damage":0,"enemies":"The Heart","floor":55,"turns":3}],"seed_played":"4728103701414758894","potions_obtained":[{"floor":6.0,"key":"AttackPotion"},{"floor":8.0,"key":"Fire Potion"},{"floor":10.0,"key":"Fruit Juice"},{"floor":16.0,"key":"CultistPotion"},{"floor":20.0,"key":"ColorlessPotion"},{"floor":29.0,"key":"Block Potion"},{"floor":35.0,"key":"Weak Potion"},{"floor":39.0,"key":"Energy Potion"}],"is_trial":false,"path_per_floor":["M","$","M","?","M","E","R","E","T","E","?","R","?","E","R","B",null,"M","?","M","$","M","E","R","E","T","R","M","M","E","?","R","B",null,"M","?","?","$","M","R","E","M","T","R","E","M","E","M","R","B",null,"R","$","E","B",null],"character_chosen":"DEFECT","items_purchased":["Gash","Mango","TungstenRod","Lee\u0027s Waffle","Loop","Consume","Lizard Tail","Ornamental Fan","Strawberry","MealTicket","Shuriken","ClockworkSouvenir"],"campfire_rested":2,"item_purchase_floors":[2,2,2,2,2,2,21,21,38,38,53,53],"current_hp_per_floor":[75,96,92,92,92,92,92,92,92,92,69,69,74,74,74,74,101,101,101,101,101,101,101,101,101,101,101,101,101,101,101,101,106,106,106,106,106,113,113,113,113,113,113,113,113,113,113,113,113,113,113,113,113,113,113],"gold":84,"neow_bonus":"","is_daily":true,"chose_seed":false,"campfire_upgraded":5,"win_rate":0.0,"timestamp":1614350399,"path_taken":["M","$","M","?","M","E","R","E","T","E","?","R","?","E","R","BOSS","M","?","M","$","M","E","R","E","T","R","M","M","E","?","R","BOSS","M","?","?","$","M","R","E","M","T","R","E","M","E","M","R","BOSS","R","$","E","BOSS"],"items_purchased_type":["Card","Relic","Relic","Relic","Card","Card","Relic","Relic","Relic","Relic","Relic","Relic"],"build_version":"2020-12-22","purchased_purges":1,"victory":true,"max_hp_per_floor":[75,96,96,96,96,96,96,96,96,96,96,96,101,101,101,101,101,101,101,101,101,101,101,101,101,101,101,101,101,101,101,101,106,106,106,106,106,113,113,113,113,113,113,113,113,113,113,113,113,113,113,113,113,113,113],"relic_stats":{"Lee\u0027s Waffle":7,"Happy Flower":[9],"Torii":0,"counters":[29,39],"Golden Idol":209,"CeramicFish":36,"Blue Candle":[0],"Eternal Feather":0,"Bag of Preparation":[14],"Ginger":[2],"Question Card":29,"Medical Kit":[4],"Blood Vial":0,"Lizard Tail":0,"Dream Catcher":2,"Nunchaku":[5],"Ornamental Fan":[180],"Shuriken":[7],"Gambling Chip":[0],"Prayer Wheel":7,"MealTicket":0,"obtain_stats":[{"Lantern":25,"Torii":33,"CeramicFish":43,"Mango":2,"Bag of Preparation":6,"Ginger":54,"ClockworkSouvenir":53,"Blood Vial":26,"Lizard Tail":21,"Dream Catcher":41,"Nunchaku":45,"Gambling Chip":14,"Strawberry":38,"Prayer Wheel":23,"MealTicket":38,"Red Mask":19,"Cracked Core":0,"Potion Belt":9,"Girya":12,"Lee\u0027s Waffle":2,"Happy Flower":8,"Golden Idol":11,"Blue Candle":53,"Eternal Feather":30,"Question Card":17,"Medical Kit":53,"Akabeko":17,"Calling Bell":17,"SlaversCollar":34,"CaptainsWheel":17,"Ornamental Fan":21,"Shuriken":53,"Molten Egg 2":47,"Bag of Marbles":10,"Unceasing Top":2,"TungstenRod":2},{"Lantern":14,"Torii":18,"CeramicFish":22,"Mango":1,"Bag of Preparation":4,"Ginger":28,"ClockworkSouvenir":27,"Blood Vial":14,"Lizard Tail":11,"Dream Catcher":21,"Nunchaku":23,"Gambling Chip":7,"Strawberry":19,"Prayer Wheel":13,"MealTicket":19,"Red Mask":10,"Cracked Core":0,"Potion Belt":5,"Girya":6,"Lee\u0027s Waffle":1,"Happy Flower":5,"Golden Idol":6,"Blue Candle":27,"Eternal Feather":17,"Question Card":8,"Medical Kit":27,"Akabeko":8,"Calling Bell":8,"SlaversCollar":18,"CaptainsWheel":8,"Ornamental Fan":11,"Shuriken":27,"Molten Egg 2":25,"Bag of Marbles":6,"Unceasing Top":1,"TungstenRod":1},{"Lantern":19,"Torii":23,"CeramicFish":27,"Mango":4,"Bag of Preparation":9,"Ginger":36,"ClockworkSouvenir":35,"Blood Vial":19,"Lizard Tail":16,"Dream Catcher":26,"Nunchaku":31,"Gambling Chip":12,"Strawberry":24,"Prayer Wheel":18,"MealTicket":24,"Red Mask":15,"Cracked Core":0,"Potion Belt":10,"Girya":11,"Lee\u0027s Waffle":4,"Happy Flower":10,"Golden Idol":11,"Blue Candle":35,"Eternal Feather":22,"Question Card":13,"Medical Kit":35,"Akabeko":13,"Calling Bell":13,"SlaversCollar":23,"CaptainsWheel":13,"Ornamental Fan":16,"Shuriken":35,"Molten Egg 2":33,"Bag of Marbles":11,"Unceasing Top":4,"TungstenRod":4}],"Unceasing Top":[203],"TungstenRod":11},"card_choices":[{"not_picked":["Go for the Eyes","Skim"],"picked":"Hologram","floor":1.0},{"not_picked":["Scrape","Consume","Redo"],"picked":"SKIP","floor":3.0},{"not_picked":["Coolheaded","Undo","Fusion"],"picked":"SKIP","floor":5.0},{"not_picked":["Machine Learning","Hyperbeam","Reboot"],"picked":"SKIP","floor":6.0},{"not_picked":["Amplify","All For One","Biased Cognition"],"picked":"SKIP","floor":8.0},{"not_picked":["Seek","Biased Cognition","Meteor Strike"],"picked":"SKIP","floor":10.0},{"not_picked":["Multi-Cast","Echo Form","All For One"],"picked":"SKIP","floor":14.0},{"not_picked":["Seek","Multi-Cast"],"picked":"Buffer","floor":16.0},{"not_picked":["Melter","Cold Snap","Heatsinks","Fusion"],"picked":"SKIP","floor":18.0},{"not_picked":["Stack+1","Steam","Scrape"],"picked":"Beam Cell","floor":20.0},{"not_picked":["Compile Driver","Heatsinks","Steam","Hyperbeam"],"picked":"SKIP","floor":22.0},{"not_picked":["Seek","Machine Learning","Thunder Strike","Creative AI"],"picked":"SKIP","floor":23.0},{"not_picked":["Reboot","Buffer","Machine Learning","Amplify"],"picked":"SKIP","floor":25.0},{"not_picked":["Hologram","Redo","Skim","Leap"],"picked":"SKIP","floor":28.0},{"not_picked":["Steam","Fusion","Gash","Consume+1"],"picked":"SKIP","floor":28.0},{"not_picked":["Turbo","Go for the Eyes","Leap"],"picked":"Genetic Algorithm","floor":29.0},{"not_picked":["Buffer","Turbo","Ball Lightning"],"picked":"Gash","floor":29.0},{"not_picked":["Hyperbeam","Seek","Creative AI","Echo Form"],"picked":"SKIP","floor":30.0},{"not_picked":["Beam Cell+1","Go for the Eyes","Steam+1","Hello World+1"],"picked":"SKIP","floor":35.0},{"not_picked":["Streamline","Chaos","Coolheaded","Cold Snap"],"picked":"SKIP","floor":35.0},{"not_picked":["Blind","Jack Of All Trades","Mind Blast"],"picked":"Panache","floor":36.0},{"not_picked":["Stack+1","Compile Driver","Streamline","Fusion"],"picked":"SKIP","floor":39.0},{"not_picked":["Ball Lightning","Rebound+1","Consume","Beam Cell"],"picked":"SKIP","floor":39.0},{"not_picked":["Meteor Strike","Echo Form","Rainbow","Amplify"],"picked":"SKIP","floor":41.0},{"not_picked":["Barrage+1","Stack","Hologram+1","Coolheaded+1"],"picked":"SKIP","floor":42.0},{"not_picked":["Streamline","Compile Driver","Beam Cell+1","Chill+1"],"picked":"SKIP","floor":42.0},{"not_picked":["Multi-Cast","Echo Form","Fission","All For One"],"picked":"SKIP","floor":45.0},{"not_picked":["Go for the Eyes+1","Self Repair","Gash+1","Ball Lightning"],"picked":"SKIP","floor":46},{"not_picked":["Hello World+1","Go for the Eyes","Sweeping Beam+1","Compile Driver"],"picked":"SKIP","floor":46},{"not_picked":["Biased Cognition","Fission","Reboot","Core Surge+1"],"picked":"SKIP","floor":47},{"not_picked":["Gash+1","Melter+1","Sweeping Beam+1","Beam Cell+1"],"picked":"SKIP","floor":48},{"not_picked":["Coolheaded","Steam+1","Undo+1","Skim+1"],"picked":"SKIP","floor":48},{"not_picked":["Creative AI","Thunder Strike+1","Rainbow","Core Surge+1"],"picked":"SKIP","floor":54}],"player_experience":480557,"relics_obtained":[{"floor":6.0,"key":"Bag of Preparation"},{"floor":8.0,"key":"Happy Flower"},{"floor":9.0,"key":"Potion Belt"},{"floor":10.0,"key":"Bag of Marbles"},{"floor":14.0,"key":"Gambling Chip"},{"floor":17.0,"key":"Akabeko"},{"floor":17.0,"key":"Question Card"},{"floor":17.0,"key":"CaptainsWheel"},{"floor":19.0,"key":"Red Mask"},{"floor":23.0,"key":"Prayer Wheel"},{"floor":25.0,"key":"Lantern"},{"floor":26.0,"key":"Blood Vial"},{"floor":30.0,"key":"Eternal Feather"},{"floor":41.0,"key":"Dream Catcher"},{"floor":43.0,"key":"CeramicFish"},{"floor":45.0,"key":"Nunchaku"},{"floor":47,"key":"Molten Egg 2"},{"floor":54,"key":"Ginger"}],"event_choices":[{"cards_removed":["Consume"],"damage_healed":0.0,"max_hp_gain":0.0,"max_hp_loss":0.0,"gold_gain":0.0,"event_name":"Living Wall","player_choice":"Forget","floor":4.0,"gold_loss":0.0,"damage_taken":0.0},{"damage_healed":0.0,"max_hp_gain":0.0,"max_hp_loss":0.0,"gold_gain":0.0,"event_name":"Golden Idol","player_choice":"Take Damage","floor":11.0,"gold_loss":0.0,"damage_taken":24.0,"relics_obtained":["Golden Idol"]},{"damage_healed":0.0,"max_hp_gain":5.0,"max_hp_loss":0.0,"gold_gain":0.0,"event_name":"Big Fish","player_choice":"Donut","floor":13.0,"gold_loss":0.0,"damage_taken":0.0},{"damage_healed":0.0,"max_hp_gain":0.0,"max_hp_loss":0.0,"gold_gain":0.0,"event_name":"Masked Bandits","player_choice":"Fought Bandits","floor":19.0,"gold_loss":0.0,"damage_taken":0.0},{"cards_removed":["Beam Cell"],"damage_healed":0.0,"max_hp_gain":0.0,"max_hp_loss":0.0,"gold_gain":0.0,"event_name":"Back to Basics","player_choice":"Elegance","floor":31.0,"gold_loss":0.0,"damage_taken":0.0},{"damage_healed":0.0,"max_hp_gain":0.0,"max_hp_loss":0.0,"gold_gain":0.0,"event_name":"SensoryStone","player_choice":"Memory 1","floor":36.0,"gold_loss":0.0,"damage_taken":0.0},{"damage_healed":0.0,"max_hp_gain":0.0,"max_hp_loss":0.0,"gold_gain":222.0,"event_name":"Tomb of Lord Red Mask","player_choice":"Wore Mask","floor":37.0,"gold_loss":0.0,"damage_taken":0.0}],"is_beta":false,"boss_relics":[{"not_picked":["Runic Dome","Coffee Dripper"],"picked":"Calling Bell"},{"not_picked":["Runic Pyramid","Nuclear Battery"],"picked":"SlaversCollar"}],"items_purged_floors":[38],"is_endless":false,"potions_floor_spawned":[6,8,10,16,20,23,29,30,35,39,45,47,54],"ascension_level":0}}