{"host":"ovivighfa421z0zp","time":1614342989,"event":{"mods":["BaseMod","Colored Map","DeckTracker","Keyboard Shortcuts","Marisa£¨Ùöéë¡¡Øª×âÞÞ£©","Minty Spire (QoL Compilation)","Permanent Neow","Quick Restart","StSLib","SuperFastMode","Td1madao Mod","The Poker Player","The Servant 0.9.4"],"gold_per_floor":[118,132,132,143,143,143,193,234,259,259,275,350,350,387,387,507,507,521,521,521,292,292,292],"floor_reached":22,"language":"KOR","playtime":1496,"items_purged":[],"score":209,"play_id":"859275d9-ee43-4759-9877-1801cf3459eb","local_time":"20210226213629","is_ascension_mode":false,"campfire_choices":[{"data":"NonDirectionalLaser","floor":6.0,"key":"SMITH"},{"floor":15.0,"key":"REST"}],"circlet_count":0,"master_deck":["Strike_MRS","Strike_MRS","Strike_MRS+1","Strike_MRS","Defend_MRS+1","Defend_MRS","Defend_MRS","Defend_MRS","MasterSpark","UpSweep","PropBag+1","NonDirectionalLaser+1","WitchOfGreed+1","FairyDestructionRay","WitchLeyline","MagicAbsorber","GrandCross","CasketOfStar+1","DarkMatter","PulseMagic","SporeBomb"],"relics":["MiniHakkero","NeowsBlessing","Happy Flower","Bronze Scales","Pocketwatch","Runic Pyramid","Toy Ornithopter"],"acts_visited":[],"potions_floor_usage":[],"damage_taken":[{"damage":0.0,"enemies":"Small Slimes","floor":1.0,"turns":1.0},{"damage":0.0,"enemies":"Cultist","floor":2.0,"turns":1.0},{"damage":0.0,"enemies":"Jaw Worm","floor":4.0,"turns":1.0},{"damage":18.0,"enemies":"3 Sentries","floor":7.0,"turns":5.0},{"damage":10.0,"enemies":"Blue Slaver","floor":8.0,"turns":3.0},{"damage":2.0,"enemies":"2 Fungi Beasts","floor":11.0,"turns":2.0},{"damage":0.0,"enemies":"Large Slime","floor":14.0,"turns":3.0},{"damage":28.0,"enemies":"The Guardian","floor":16.0,"turns":11.0},{"damage":5.0,"enemies":"3 Byrds","floor":18.0,"turns":3.0},{"damage":0,"enemies":"Shell Parasite","floor":22,"turns":1}],"seed_played":"7919453562786477060","potions_obtained":[{"floor":1.0,"key":"Fire Potion"},{"floor":4.0,"key":"Fire Potion"},{"floor":7.0,"key":"ShroomBrew"},{"floor":8.0,"key":"Ancient Potion"},{"floor":8.0,"key":"Dexterity Potion"},{"floor":14.0,"key":"Fire Potion"},{"floor":14.0,"key":"GamblersBrew"},{"floor":16.0,"key":"Poison Potion"},{"floor":16.0,"key":"FairyPotion"}],"is_trial":false,"path_per_floor":["M","M","?","M","?","R","E","M","T","?","M","?","T","M","R","B",null,"M","?","?","$","M"],"character_chosen":"MARISA","items_purchased":["SporeBomb","Toy Ornithopter"],"campfire_rested":1,"item_purchase_floors":[21,21],"current_hp_per_floor":[75,75,75,75,75,75,57,47,47,32,30,19,19,19,41,13,75,70,70,70,70,70,70],"gold":292,"neow_bonus":"THREE_ENEMY_KILL","is_daily":false,"chose_seed":false,"campfire_upgraded":1,"win_rate":0.0,"timestamp":1614342989,"path_taken":["M","M","?","?","?","R","E","M","T","?","M","?","?","M","R","BOSS","M","?","?","$","?"],"items_purchased_type":["Card","Relic"],"build_version":"2020-12-22","purchased_purges":0,"victory":false,"max_hp_per_floor":[75,75,75,75,75,75,75,75,75,75,75,75,75,75,75,75,75,75,75,75,75,75,75],"card_choices":[{"not_picked":["EnergyFlow","6A"],"picked":"PropBag","floor":1.0},{"not_picked":["SporeBomb","UnstableBomb"],"picked":"NonDirectionalLaser","floor":2.0},{"not_picked":["MilkyWay","NonDirectionalLaser"],"picked":"WitchOfGreed","floor":4.0},{"not_picked":["ShootingEcho","MilkyWay"],"picked":"FairyDestructionRay","floor":7.0},{"not_picked":["UnstableBomb","StarlightTyphoon"],"picked":"WitchLeyline","floor":8.0},{"not_picked":["OneTimeOff","Orbital"],"picked":"MagicAbsorber","floor":11.0},{"not_picked":["UnstableBomb","AsteroidBelt"],"picked":"GrandCross","floor":14.0},{"not_picked":["TreasureHunter","SatelliteIllusion"],"picked":"CasketOfStar","floor":16.0},{"not_picked":["AsteroidBelt","6A"],"picked":"DarkMatter","floor":18.0}],"player_experience":765372,"relics_obtained":[{"floor":7.0,"key":"Happy Flower"},{"floor":9.0,"key":"Bronze Scales"},{"floor":13.0,"key":"Pocketwatch"}],"event_choices":[{"damage_healed":0.0,"max_hp_gain":0.0,"max_hp_loss":0.0,"gold_gain":0.0,"event_name":"Upgrade Shrine","player_choice":"Upgraded","floor":3.0,"gold_loss":0.0,"damage_taken":0.0,"cards_upgraded":["PropBag"]},{"damage_healed":0.0,"max_hp_gain":0.0,"max_hp_loss":0.0,"gold_gain":0.0,"event_name":"Living Wall","player_choice":"Grow","floor":5.0,"gold_loss":0.0,"damage_taken":0.0,"cards_upgraded":["WitchOfGreed"]},{"damage_healed":0.0,"max_hp_gain":0.0,"max_hp_loss":0.0,"gold_gain":0.0,"event_name":"Shining Light","player_choice":"Entered Light","floor":10.0,"gold_loss":0.0,"damage_taken":15.0,"cards_upgraded":["Strike_MRS","Defend_MRS"]},{"damage_healed":0.0,"max_hp_gain":0.0,"max_hp_loss":0.0,"gold_gain":75.0,"event_name":"World of Goop","player_choice":"Gather Gold","floor":12.0,"gold_loss":0.0,"damage_taken":11.0},{"damage_healed":0.0,"max_hp_gain":0.0,"max_hp_loss":0.0,"gold_gain":0.0,"event_name":"The Library","player_choice":"Read","floor":19.0,"gold_loss":0.0,"damage_taken":0.0,"cards_obtained":["PulseMagic"]},{"damage_healed":0.0,"max_hp_gain":0.0,"max_hp_loss":0.0,"gold_gain":0.0,"event_name":"Upgrade Shrine","player_choice":"Upgraded","floor":20.0,"gold_loss":0.0,"damage_taken":0.0,"cards_upgraded":["CasketOfStar"]}],"is_beta":false,"boss_relics":[{"not_picked":["Snecko Eye","Orrery"],"picked":"Runic Pyramid"}],"items_purged_floors":[],"is_endless":false,"potions_floor_spawned":[1,4,8,14,16],"killed_by":"Shell Parasite","ascension_level":0}}