{"host":"ee5exjejqz6r5zx9","time":1614360240,"event":{"mods":["ATMod(°¢èªMod)","Act Like it!","BaseMod","Card Forge","Colored Powertips","Custom Start","Gensokyo","HololiveMod","Library of Ruina","Library of Ruina Extra","Minty Spire (QoL Compilation)","MostiFishMod","Quick Restart","Rare Cards Sparkle","Relic Filter Mod","Remove Card Discount Mod","Replay The Spire","RumiaBox-Â¶Ã×æ«µÄÉñÃØºÐ×Ó","Shop Mod","StSLib","TestMod","¡¾¹¦ÄÜMod¡¿»ìãçÖ®»·ÐÞ¸´²¹¶¡","¡¾ÒÅÎï¿¨ÅÆ¡¿REMEMod"],"gold_per_floor":[3333,3333,2893,2905,2917,2917,2945,2875,2875,2875,2910,2910,2910,2922,2922,3024,3024,3044,3044,3055,3065,3075,3110,3110,3110,3179,3179,3192,3217,3232,3261,3261,3391,3391,3431,3528,3569,3685,3376,3425,3494,3494,3564,3564,3564,3412,3500,2692,2692,2756,2795],"floor_reached":52,"language":"ZHS","playtime":1278,"items_purged":["Clumsy","Leap_lor","Multislash","QuickSuppression"],"score":963,"play_id":"1a7527b0-f30d-413c-b746-2faaf338e869","local_time":"20210227012400","is_ascension_mode":true,"campfire_choices":[{"data":"BiXi","floor":6.0,"key":"SMITH"},{"data":"DegradedPillar","floor":12.0,"key":"SMITH"},{"floor":15.0,"key":"DIG"},{"data":"FrontalAssault","floor":24.0,"key":"SMITH"},{"data":"SnakeSlit","floor":27.0,"key":"SMITH"},{"data":"GrazeTheGrass","floor":32.0,"key":"SMITH"},{"data":"UnforgettableMelody","floor":42.0,"key":"SMITH"},{"data":"TheWillOfTheCity","floor":45,"key":"SMITH"},{"data":"DegradedChain","floor":49,"key":"SMITH"}],"circlet_count":0,"master_deck":["DegradedFairy","DegradedFairy+1","DegradedFairy","DegradedChain+1","DegradedLock","DegradedPillar","DegradedPillar+1","DegradedShockwave+1","Tantrum","AT_LightSaberMaster+1","Unlock1","BiXi+1","SnakeSlit+1","TheWillOfTheCity+1","FrontalAssault+1","UnforgettableMelody+1","GrazeTheGrass+1","IronWall+1","BiAn+1","GrazeTheGrass","ForTheFamily+1"],"relics":["PageOfLibrarian","testmod-TestBox","REME_ComplimentaryCards","DaveBox","AT_ATBox","testmod-SaigiyounoYou","Civilization","SynthV:TestCard","Gensokyo:NagashiBinaDoll","PageOfFairyFestival","Orrery","Chameleon Ring","MagicDraw1","ReplayTheSpireMod:Lightbulb","MostiFishMod:Haymaker","Coffee Dripper","Pen Nib","PageOfMercenary","AT_MibuBalloonWealth","testmod-DeterminationOfClimber","OrangePellets","TheAbacus","AT_DeathDance","Replay:Baseball","MetatronsCube"],"acts_visited":["Gensokyo:Gensokyo","Gensokyo:Gensokyoer","Gensokyo:Gensokyoest"],"potions_floor_usage":[],"damage_taken":[{"damage":0.0,"enemies":"Gensokyo:3_Fairies","floor":1.0,"turns":3.0},{"damage":5.0,"enemies":"Gensokyo:Python","floor":4.0,"turns":1.0},{"damage":5.0,"enemies":"Gensokyo:2_Kodama","floor":5.0,"turns":1.0},{"damage":5.0,"enemies":"Gensokyo:Cirno","floor":7.0,"turns":5.0},{"damage":5.0,"enemies":"Gensokyo:Aya","floor":11.0,"turns":1.0},{"damage":5.0,"enemies":"Gensokyo:Gryphon_and_Rabbit","floor":14.0,"turns":1.0},{"damage":5.0,"enemies":"Gensokyo:Kokoro","floor":16.0,"turns":2.0},{"damage":5.0,"enemies":"Gensokyo:2_Gloops","floor":18.0,"turns":1.0},{"damage":5.0,"enemies":"Gensokyo:CosmicMonolith","floor":20.0,"turns":1.0},{"damage":5.0,"enemies":"Gensokyo:Wraith","floor":21.0,"turns":2.0},{"damage":5.0,"enemies":"Gensokyo:Monolith_and_Dog","floor":22.0,"turns":1.0},{"damage":5.0,"enemies":"Gensokyo:Tenshi","floor":23.0,"turns":1.0},{"damage":5.0,"enemies":"Gensokyo:Chomper_and_Gloop","floor":28.0,"turns":1.0},{"damage":5.0,"enemies":"Gensokyo:Koishi","floor":29.0,"turns":1.0},{"damage":5.0,"enemies":"Gensokyo:Slime_Group","floor":30.0,"turns":1.0},{"damage":5.0,"enemies":"Gensokyo:Tenshi","floor":31.0,"turns":1.0},{"damage":5.0,"enemies":"Gensokyo:Eiki","floor":33.0,"turns":1.0},{"damage":5.0,"enemies":"Gensokyo:AncientGuardian","floor":35.0,"turns":1.0},{"damage":5.0,"enemies":"Gensokyo:3_Boulders","floor":36.0,"turns":1.0},{"damage":5.0,"enemies":"Gensokyo:SeedOfUnknown","floor":37.0,"turns":1.0},{"damage":5.0,"enemies":"Gensokyo:4_Bats","floor":38.0,"turns":1.0},{"damage":5.0,"enemies":"Gensokyo:Rafflesia","floor":40.0,"turns":1.0},{"damage":5.0,"enemies":"Gensokyo:Dusk_and_Dawn","floor":41.0,"turns":1.0},{"damage":5,"enemies":"Gensokyo:3_Boulders","floor":47,"turns":1},{"damage":5,"enemies":"Gensokyo:Shinki","floor":50,"turns":3},{"damage":5,"enemies":"Gensokyo:Shinki","floor":51,"turns":1}],"seed_played":"-4713396119900735749","potions_obtained":[{"floor":4.0,"key":"DuplicationPotion"},{"floor":5.0,"key":"PowerPotion"},{"floor":7.0,"key":"Fire Potion"},{"floor":14.0,"key":"Adrenaline Potion"},{"floor":21.0,"key":"Weak Potion"},{"floor":47,"key":"Elixir"}],"is_trial":false,"path_per_floor":["M","?","$","M","M","R","E","?","T","?","E","R","?","M","R","B",null,"M","?","M","M","M","E","R","?","T","R","M","E","M","E","R","B",null,"M","M","M","M","COS","M","M","R","T","?","R","$","M","$","R","B",null,null],"character_chosen":"Librarian","items_purchased":["PageOfFairyFestival","Orrery","Replay:Baseball","MetatronsCube"],"campfire_rested":0,"item_purchase_floors":[3,3,46,48],"current_hp_per_floor":[69,69,69,70,73,73,94,94,94,94,99,99,99,106,106,111,111,116,116,120,126,131,136,136,136,136,136,141,146,151,156,156,161,161,166,171,176,181,181,186,191,191,191,191,191,191,196,196,196,201,206],"gold":2795,"neow_bonus":"UPGRADE_CARD","is_daily":false,"chose_seed":false,"campfire_upgraded":8,"win_rate":0.0,"timestamp":1614360240,"path_taken":["M","?","$","M","M","R","E","?","T","?","E","R","?","M","R","BOSS","M","?","M","?","M","E","R","?","T","R","M","E","?","E","R","BOSS","M","M","M","M","COS","M","M","R","T","?","R","$","?","?","R","BOSS"],"items_purchased_type":["Relic","Relic","Relic","Relic"],"build_version":"2020-12-22","purchased_purges":4,"victory":true,"max_hp_per_floor":[90,90,90,91,94,94,97,97,97,97,101,101,101,106,106,111,111,116,116,121,126,131,136,136,136,136,136,141,146,151,156,156,161,161,166,171,176,181,181,186,191,191,191,191,191,191,196,196,196,201,206],"card_choices":[{"not_picked":["Parry","WildCard","Standoff","FleetEdge","SuppressingShot","IdentifyWeakpoint","UnavoidableGaze","BackAttack"],"picked":"QuickSuppression","floor":1.0},{"not_picked":["BackAttack","Struggle","QuickSuppression","WillOfThePrescript","Pound","ToOvercomeCrisis","IronWall","EnergyShield","Parry2","Faith"],"picked":"Leap_lor","floor":3.0},{"not_picked":["EnergyShield","EndlessBattle","MultiHit","DarkCloud","DestructiveImpact","QuickSuppression","OminousPower","EnergyCycle","SuppressingShot","SerpentSwordTechnique"],"picked":"Unlock1","floor":3.0},{"not_picked":["HeavyPeaks","ViolentFlame","YoureTooSlow","Tailoring","DistortedBlade","AbsorbImpact","YouOnlyLiveOnce","QuickSuppression","SpearedSweep","Marionette"],"picked":"BiXi","floor":3.0},{"not_picked":["Rewind","HardRehearsal","FierceCharge","Mutilate","HandleRequest","Concentration","FocusFire","OminousPower","FlamingDragonFist","StrongStrike","EnergyCycle"],"picked":"SKIP","floor":4.0},{"not_picked":["InnerArdor","HandleRequest","LossOfSenses","YouOnlyLiveOnce","Unlock1","GreatSerpentsImpact","FleetEdge","GuardingStance","BackAttack","QuickAttack","BalefulBrand"],"picked":"SKIP","floor":5.0},{"not_picked":["GuidanceOfTheGears","BulkyImpact","DefenseOrder","IllEndYou","Juggling","Outburst","UndertakePrescript","DestructiveImpact","Pound","NightInTheBackstreets","SerpentSwordTechnique"],"picked":"SKIP","floor":7.0},{"not_picked":["SweepTheBackstreets","Overcharge","StrikeDown","CleanUp","SturdyDefense","HiddenBlade","Pound","ChopItOff","SunsetBlade","Unlock1","EnergyStrike"],"picked":"SKIP","floor":11.0},{"not_picked":["SweepTheBackstreets","BackAttack","HandleRequest","EnergyStrike","BlindFaith","SinglePointStab","Endure","ShrineToMusic","BackstreetsDash","GaleKick"],"picked":"Multislash","floor":13.0},{"not_picked":["GaleKick","Tttonst","Collision","TheWillOfTheCity","Faith","MindPrepared","BlowItUp","DarkCloud","DefenseOrder","FlashingStrike","SinglePointStab"],"picked":"SKIP","floor":14.0},{"not_picked":["Overcharge","Eliminate","UpbeatPerformance","TheWillOfTheCity+1","BulkyImpact","HiddenBlade+1","SnakesPrey","Slice_lor","SunsetBlade","StartinOutLightly+1","BackAttack+1"],"picked":"SKIP","floor":18.0},{"not_picked":["Ripple","UpbeatPerformance+1","TendonChords","DesperateStruggle","GuidanceOfTheGears","QuickAttack","VioletBlade","Faith","HiddenBlade+1","SpearedSweep"],"picked":"TheWillOfTheCity","floor":20.0},{"not_picked":["SpearedSweep","SturdyDefense+1","FervidEmotions+1","GuardingStance","SilentNight","HiddenBlade+1","StrikeDown+1","SharpSwipe+1","Pound","BindingChains"],"picked":"FrontalAssault","floor":21.0},{"not_picked":["LawAndOrder+1","CookingPrep","Parry","Brawl","CrackOfDawn","CoordinatedAssault","ViolentFlame","PreparedMind+1","AsThePrescriptOrders+1","Quickness","SmokingPipe+1"],"picked":"SKIP","floor":22.0},{"not_picked":["FlashOfSunup+1","Lock","DarkCloud+1","LossOfSenses","InkOver","FleetFootsteps","SummaryJudgment","Diversion","StrikeDown+1","HiddenBlade"],"picked":"UnforgettableMelody","floor":23.0},{"not_picked":["SerpentSwordTechnique+1","EndlessBattle","BurningFlash+1","FrontalAssault","HighSpeedStabbing","Slice_lor+1","SnakesPrey","Fence","BiteOff","Rewind","MultiBlock+1"],"picked":"SKIP","floor":28.0},{"not_picked":["Cruelty","CoordinatedAssault","Execute_lor","OpportunitySpotted","Deflect_lor","YouOnlyLiveOnce+1","GrazeTheGrass","NonstopAssault+1","BlowItUp+1","SmokingPipe","HeavyPeaks+1"],"picked":"SKIP","floor":29.0},{"not_picked":["Cruelty","CoordinatedAssault","Execute_lor","OpportunitySpotted","Deflect_lor","YouOnlyLiveOnce+1","NonstopAssault+1","BlowItUp+1","SmokingPipe","HeavyPeaks+1"],"picked":"GrazeTheGrass","floor":29.0},{"not_picked":["BattleCommand","IronWall","Pound+1","Outburst+1","UpbeatPerformance","GuardingStance","FleetEdge","TheWillOfTheCity","UnavoidableGaze","WillBeTasty","Rampage_lor"],"picked":"SKIP","floor":30.0},{"not_picked":["Laceration","AssaultOrder","ProselytesBlade","SpearedSweep+1","DirtyBlow+1","BalefulBrand","Clone","TheRedNotes","BlindFaith","Gamble+1","BlazingStrike"],"picked":"SKIP","floor":31.0},{"not_picked":["Fence+1","DefenseOrder+1","ViolentFlame+1","BindingChains+1","BlindFaith+1","Pound","StructuralAnalysis","NightInTheBackstreets+1","Quickness+1","StrongStrike"],"picked":"IronWall+1","floor":35.0},{"not_picked":["AsThePrescriptOrders","FlamingDragonFist","YoureAHindrance+1","SunsetBlade","Parry2","Zzzzzap","DarkCloud+1","Unlock1","SilentMist","GoinFirst"],"picked":"BiAn+1","floor":36.0},{"not_picked":["QuickSuppression","Reload+1","HighKick+1","HiddenBlade","Standoff","SnakesPrey+1","EnergyShield+1","Punishment","BindingChains+1","FleetEdge+1","CoordinatedAssault"],"picked":"SKIP","floor":37.0},{"not_picked":["Leap_lor","BulkyImpact","ForcefulGesture","PinpointShot+1","Unlock1","FlowOfTheSword","StructuralAnalysis+1","SummaryJudgment","WaitUp","Pound+1"],"picked":"GrazeTheGrass","floor":38.0},{"not_picked":["Leap_lor+1","PreemptiveStrike","GaleKick","Unlock1+1","ClassAndRespect","Commandeering","Outburst","SerpentSwordTechnique+1","DimensionalRift","BlindFaith+1"],"picked":"ForTheFamily+1","floor":40.0},{"not_picked":["ClassAndRespect+1","SpearedSweep+1","SuppressingShot+1","Outburst","ButterflySlash+1","UndertakePrescript+1","EndlessBattle+1","EnergyStrike+1","Quickness","GuidanceOfTheGears+1","SavageMode"],"picked":"SKIP","floor":41.0},{"not_picked":["DesperateStruggle+1","Leap_lor+1","FieryWaltz","OpportunitySpotted+1","InkOver","CoordinatedAssault","SenseQuarry","PreemptiveStrike+1","FierceCharge","Quickness+1","SpearedSweep+1"],"picked":"SKIP","floor":47}],"player_experience":473350,"relics_obtained":[{"floor":1.0,"key":"SynthV:TestCard"},{"floor":7.0,"key":"Chameleon Ring"},{"floor":9.0,"key":"MagicDraw1"},{"floor":11.0,"key":"ReplayTheSpireMod:Lightbulb"},{"floor":15.0,"key":"MostiFishMod:Haymaker"},{"floor":23.0,"key":"Pen Nib"},{"floor":29.0,"key":"PageOfMercenary"},{"floor":31.0,"key":"AT_MibuBalloonWealth"},{"floor":43.0,"key":"AT_DeathDance"}],"event_choices":[],"is_beta":false,"boss_relics":[{"not_picked":["EasyGame_NEW","Transparent"],"picked":"Coffee Dripper"},{"not_picked":["Sozu","OneHitWonderSystem"],"picked":"testmod-DeterminationOfClimber"}],"items_purged_floors":[3,46,46,46],"is_endless":false,"potions_floor_spawned":[4,5,7,14,21,23,31,33,40,47],"ascension_level":2}}