{"host":"sqt6c5vt7d1y5xtt","time":1614304807,"event":{"mods":["AchievementEnabler","BaseMod","Block Reminder","Lobotomy","Minty Spire (QoL Compilation)","Quick Restart"],"gold_per_floor":[116,126,76,76,96,96,96,96,96,96,107,73,73,85,85,184,184,225,225,236,236,236],"floor_reached":21,"language":"KOR","playtime":779,"items_purged":[],"score":169,"play_id":"887809ba-ebc9-4890-8654-c894132aa58d","local_time":"20210225230007","is_ascension_mode":false,"campfire_choices":[{"data":"PathToVictory","floor":6,"key":"SMITH"},{"floor":8,"key":"REST"},{"data":"Vigilance","floor":10,"key":"SMITH"},{"data":"EmptyMind","floor":13,"key":"SMITH"},{"data":"Defend_P","floor":15,"key":"SMITH"}],"circlet_count":0,"master_deck":["Strike_P","Strike_P","Strike_P","Strike_P","Defend_P","Defend_P","Defend_P","Defend_P+1","Vigilance+1","ShyLook","PathToVictory+1","Bloodbath","PathToVictory+1","Murderer","MHz","Conclude","EmptyMind+1","OSAHOGD","Wellcheers","Wish","LittleHelper","PathToVictory","FollowUp","PunishingBird","FollowUp"],"relics":["PureWater","CogitoBucket","Anchor","Coffee Dripper","TreeSap"],"acts_visited":["Exordium","TheCity"],"potions_floor_usage":[16],"damage_taken":[{"damage":0,"enemies":"2 Louse","floor":1,"turns":4},{"damage":0,"enemies":"Jaw Worm","floor":2,"turns":3},{"damage":1,"enemies":"Cultist","floor":5,"turns":3},{"damage":0,"enemies":"Red Slaver","floor":11,"turns":3},{"damage":17,"enemies":"Gremlin Gang","floor":14,"turns":4},{"damage":46,"enemies":"Hexaghost","floor":16,"turns":10},{"damage":0,"enemies":"3 Byrds","floor":18,"turns":5},{"damage":45,"enemies":"Spheric Guardian","floor":20,"turns":6},{"damage":87,"enemies":"Snecko","floor":21,"turns":2}],"seed_played":"-1158017328701102435","potions_obtained":[{"floor":1,"key":"Weak Potion"},{"floor":2,"key":"DuplicationPotion"},{"floor":7,"key":"EntropicBrew"},{"floor":7,"key":"AttackPotion"},{"floor":18,"key":"Explosive Potion"}],"is_trial":false,"path_per_floor":["M","M","?","?","M","R","?","R","T","R","M","$","R","M","R","B",null,"M","?","M","M"],"character_chosen":"WATCHER","items_purchased":["EmptyMind"],"campfire_rested":1,"item_purchase_floors":[12],"current_hp_per_floor":[72,72,72,72,71,71,71,72,72,72,72,72,72,57,57,13,72,72,72,27,0,0],"gold":236,"neow_bonus":"","is_daily":false,"chose_seed":false,"campfire_upgraded":4,"win_rate":0.0,"timestamp":1614304807,"path_taken":["M","M","?","?","M","R","?","R","T","R","?","?","R","?","R","BOSS","M","?","M","M"],"items_purchased_type":["Card"],"build_version":"2020-12-22","purchased_purges":0,"victory":false,"max_hp_per_floor":[72,72,72,72,72,72,72,72,72,72,72,72,72,72,72,72,72,72,72,72,72,72],"card_choices":[{"not_picked":["MHz","OldLady"],"picked":"ShyLook","floor":1},{"not_picked":["FlurryOfBlows","ThirdEye"],"picked":"PathToVictory","floor":1},{"not_picked":["Porccubus","CrumblingArmor"],"picked":"Bloodbath","floor":2},{"not_picked":["FollowUp","ConjureBlade"],"picked":"PathToVictory","floor":2},{"not_picked":["LittlePrince","MHz"],"picked":"Murderer","floor":5},{"not_picked":["Prostrate","CrushJoints","FlurryOfBlows"],"picked":"SKIP","floor":5},{"not_picked":["SpiderBud","VoidDream"],"picked":"MHz","floor":11},{"not_picked":["FearNoEvil","Evaluate"],"picked":"Conclude","floor":11},{"not_picked":["VoidDream","FieryBird"],"picked":"OSAHOGD","floor":14},{"not_picked":["SashWhip","Halt","Worship"],"picked":"SKIP","floor":14},{"not_picked":["QueenBee","OldLady"],"picked":"Wellcheers","floor":16},{"not_picked":["Vault","Scrawl"],"picked":"Wish","floor":16},{"not_picked":["BeautyBeast","Woodsman"],"picked":"LittleHelper","floor":18},{"not_picked":["ThirdEye+1","Indignation"],"picked":"PathToVictory","floor":18},{"not_picked":["SnowQueen","HeroicMonk"],"picked":"PunishingBird","floor":20},{"not_picked":["BowlingBash+1","JustLucky"],"picked":"FollowUp","floor":20}],"player_experience":161701,"relics_obtained":[{"floor":9,"key":"Anchor"}],"event_choices":[{"cards_removed":["Eruption"],"damage_healed":0,"gold_gain":0,"player_choice":"Card Removal","damage_taken":0,"max_hp_gain":0,"max_hp_loss":0,"event_name":"The Cleric","floor":3,"gold_loss":50},{"damage_healed":0,"gold_gain":0,"player_choice":"Grow","damage_taken":0,"max_hp_gain":0,"max_hp_loss":0,"event_name":"Living Wall","floor":4,"gold_loss":0,"cards_upgraded":["PathToVictory"]},{"damage_healed":0,"gold_gain":0,"player_choice":"Got Potions","damage_taken":0,"max_hp_gain":0,"max_hp_loss":0,"event_name":"Lab","floor":7,"gold_loss":0},{"damage_healed":0,"gold_gain":0,"player_choice":"Read","damage_taken":0,"max_hp_gain":0,"max_hp_loss":0,"event_name":"The Library","floor":19,"gold_loss":0,"cards_obtained":["FollowUp"]}],"is_beta":false,"boss_relics":[{"not_picked":["Tiny House","VioletLotus"],"picked":"Coffee Dripper"}],"items_purged_floors":[],"is_endless":false,"potions_floor_spawned":[1,2,14,18,20],"killed_by":"Snecko","ascension_level":0}}