{"host":"tr0r177cvmpvg89h","time":1614355268,"event":{"mods":["BaseMod","Colored Map","DeckTracker","Minty Spire (QoL Compilation)","StSLib","SuperFastMode"],"gold_per_floor":[117,128,141,160,160,160,195,195,222,222,71,126,126,143,143,240,240,255,169,188,201,219,219,237,237,237,237,152,186,136,136,136],"floor_reached":31,"language":"KOR","playtime":1819,"items_purged":["Strike_B","Undo","Rip and Tear"],"score":255,"play_id":"8befd43b-df9d-47cb-84cd-f5f980bc9bef","local_time":"20210227010108","is_ascension_mode":false,"campfire_choices":[{"floor":6,"key":"REST"},{"data":"White Noise","floor":8,"key":"SMITH"},{"floor":10,"key":"REST"},{"floor":13,"key":"REST"},{"data":"Streamline","floor":15,"key":"SMITH"},{"data":"Consume","floor":23,"key":"SMITH"},{"floor":25,"key":"REST"},{"data":"Defragment","floor":27,"key":"SMITH"}],"circlet_count":0,"master_deck":["Zap","Dualcast","Blind","Leap","White Noise+1","Consume+1","Compile Driver","Gash","Streamline+1","Genetic Algorithm","Self Repair","Thunder Strike","Core Surge","Tempest","Conserve Battery","Melter","Gash","Genetic Algorithm","Ball Lightning","Defragment+1","Capacitor+1","Sunder+1"],"relics":["Cracked Core","Dream Catcher","Oddly Smooth Stone","Pen Nib","Smiling Mask","Pandora\u0027s Box","Mercury Hourglass","Regal Pillow","Meat on the Bone"],"acts_visited":["Exordium","TheCity"],"potions_floor_usage":[7,7,16,24,31],"damage_taken":[{"damage":1,"enemies":"Cultist","floor":1,"turns":3},{"damage":0,"enemies":"2 Louse","floor":2,"turns":2},{"damage":2,"enemies":"Jaw Worm","floor":3,"turns":3},{"damage":0,"enemies":"Blue Slaver","floor":4,"turns":4},{"damage":17,"enemies":"Lagavulin","floor":7,"turns":7},{"damage":12,"enemies":"Lagavulin Event","floor":12,"turns":5},{"damage":5,"enemies":"Red Slaver","floor":14,"turns":3},{"damage":38,"enemies":"Hexaghost","floor":16,"turns":10},{"damage":14,"enemies":"2 Thieves","floor":18,"turns":4},{"damage":12,"enemies":"Chosen","floor":20,"turns":5},{"damage":14,"enemies":"Centurion and Healer","floor":21,"turns":6},{"damage":7,"enemies":"Cultist and Chosen","floor":22,"turns":6},{"damage":43,"enemies":"3 Cultists","floor":24,"turns":6},{"damage":28,"enemies":"Gremlin Leader","floor":29,"turns":7},{"damage":21,"enemies":"Snake Plant","floor":31,"turns":2}],"seed_played":"-7228452291856052142","potions_obtained":[{"floor":2,"key":"LiquidBronze"},{"floor":3,"key":"Weak Potion"},{"floor":12,"key":"AttackPotion"},{"floor":14,"key":"FearPotion"},{"floor":18,"key":"Dexterity Potion"},{"floor":24,"key":"SmokeBomb"}],"is_trial":false,"path_per_floor":["M","M","M","M","?","R","E","R","T","R","$","?","R","M","R","B",null,"M","$","M","M","M","R","M","R","T","R","?","E","$","M"],"character_chosen":"DEFECT","items_purchased":["Genetic Algorithm","Defragment"],"campfire_rested":4,"item_purchase_floors":[11,19],"current_hp_per_floor":[74,74,72,72,47,69,52,52,52,74,74,62,75,70,70,39,75,68,68,63,56,56,56,20,42,42,42,42,21,21,0,0],"gold":136,"neow_bonus":"RANDOM_COLORLESS","is_daily":false,"chose_seed":false,"campfire_upgraded":4,"win_rate":0.0,"timestamp":1614355268,"path_taken":["M","M","?","M","?","R","E","R","T","R","$","?","R","M","R","BOSS","M","$","M","M","M","R","M","R","T","R","?","E","$","M"],"items_purchased_type":["Card","Card"],"build_version":"2020-12-22","purchased_purges":3,"victory":false,"max_hp_per_floor":[75,75,75,75,75,75,75,75,75,75,75,75,75,75,75,75,75,75,75,75,75,75,75,75,75,75,75,75,75,75,75,75],"card_choices":[{"not_picked":["Discovery","Dramatic Entrance"],"picked":"Blind","floor":0},{"not_picked":["Stack","Doom and Gloom"],"picked":"Leap","floor":1},{"not_picked":["Barrage","Turbo"],"picked":"White Noise","floor":2},{"not_picked":["Go for the Eyes","Creative AI"],"picked":"Consume","floor":3},{"not_picked":["Skim","Sweeping Beam"],"picked":"Compile Driver","floor":4},{"not_picked":["Coolheaded","Leap"],"picked":"Rip and Tear","floor":6},{"not_picked":["Heatsinks","Skim"],"picked":"Gash","floor":7},{"not_picked":["Blizzard","Gash"],"picked":"Streamline","floor":10},{"not_picked":["Genetic Algorithm","Barrage"],"picked":"Self Repair","floor":13},{"not_picked":["Gash","Self Repair","Hologram"],"picked":"SKIP","floor":14},{"not_picked":["Machine Learning","Meteor Strike"],"picked":"Thunder Strike","floor":16},{"not_picked":["Defragment+1","Barrage"],"picked":"Ball Lightning","floor":18},{"not_picked":["Conserve Battery+1","Glacier","Streamline"],"picked":"SKIP","floor":20},{"not_picked":["Redo","Turbo"],"picked":"Capacitor+1","floor":21},{"not_picked":["Sweeping Beam","Capacitor+1","Gash"],"picked":"SKIP","floor":22},{"not_picked":["Fusion","Compile Driver","Stack"],"picked":"SKIP","floor":24},{"not_picked":["Go for the Eyes+1","Amplify"],"picked":"Sunder+1","floor":29}],"player_experience":147849,"relics_obtained":[{"floor":7,"key":"Oddly Smooth Stone"},{"floor":9,"key":"Pen Nib"},{"floor":12,"key":"Smiling Mask"},{"floor":26,"key":"Mercury Hourglass"},{"floor":29,"key":"Meat on the Bone"}],"event_choices":[{"damage_healed":0,"gold_gain":0,"player_choice":"Success","damage_taken":25,"relics_obtained":["Dream Catcher"],"max_hp_gain":0,"max_hp_loss":0,"event_name":"Scrap Ooze","floor":5,"gold_loss":0},{"damage_healed":0,"gold_gain":0,"player_choice":"Searched \u00271\u0027 times","damage_taken":0,"max_hp_gain":0,"max_hp_loss":0,"event_name":"Dead Adventurer","floor":12,"gold_loss":0},{"damage_healed":0,"gold_gain":0,"player_choice":"Obtained Relic","damage_taken":0,"relics_obtained":["Regal Pillow"],"max_hp_gain":0,"max_hp_loss":0,"event_name":"Addict","floor":28,"gold_loss":85}],"is_beta":false,"boss_relics":[{"not_picked":["Runic Pyramid","FrozenCore"],"picked":"Pandora\u0027s Box"}],"items_purged_floors":[11,19,30],"is_endless":false,"potions_floor_spawned":[2,3,12,14,18,24],"killed_by":"Snake Plant","ascension_level":0}}