{"host":"onfdonezo2qmaex3","time":1614371535,"event":{"mods":["2.2 Compatiblity","AchievementEnabler","Act Like it!","Aspiration","Bard","BaseMod","Colored Powertips","Downfall","Elementarium","Friendly Minions","Gensokyo","Hallownest","Hermit","Highlight Path","Jorbs\u0027s Wanderer Trilogy","Marisa????????","Marked Mod","Menagerie","Minty Spire (QoL Compilation)","Pale of the Ancients","Permanent Neow","Quick Restart","Reliquary","Ruina","Shop Mod","StSLib","The Bug Knight","The Disciple","The Hayseed","The Hierophant","The Marked","The Runesmith"],"gold_per_floor":[109,127,352,352,124,124,124,155,226,260,15,15,15,15,15,118,118,134,134,134,151,72,72,72],"floor_reached":23,"language":"ENG","playtime":1049,"items_purged":["Shame","hermit:Strike_Hermit"],"score":265,"play_id":"1b39505c-5457-4e41-ba36-e98a9cad6103","local_time":"20210226213215","is_ascension_mode":true,"campfire_choices":[{"data":"hermit:EternalForm","floor":6,"key":"SMITH"},{"data":"Menagerie:MirarisWake","floor":12,"key":"SMITH"},{"data":"Menagerie:Tinker","floor":15,"key":"SMITH"}],"circlet_count":0,"master_deck":["hermit:Strike_Hermit","hermit:Strike_Hermit","hermit:Defend_Hermit","hermit:Defend_Hermit","hermit:Defend_Hermit","hermit:Defend_Hermit","hermit:Snapshot","hermit:Covet","Pain","hermit:EternalForm+1","hermit:ShadowCloak+1","hermit:Grudge","Doubt","Menagerie:MirarisWake+1","Menagerie:LightningBolt","Menagerie:Tinker+1","hermit:FlashPowder+1","hermit:DeadOrAlive+1","hermit:Determination+1","hermit:Dissolve"],"relics":["hermit:Momento","Kunai","reliquary:OuijaBoard","sneckomod:BlankCard","reliquary:RoseTintedGlasses","Black Star"],"acts_visited":["Menagerie:Menagerie","ruina:Briah"],"potions_floor_usage":[1,16],"damage_taken":[{"damage":0,"enemies":"Menagerie:2_RABBITS","floor":1,"turns":3},{"damage":13,"enemies":"Menagerie:MonstrousExperiment","floor":2,"turns":3},{"damage":28,"enemies":"Menagerie:VoidReaper","floor":8,"turns":7},{"damage":16,"enemies":"Menagerie:Hydra","floor":10,"turns":4},{"damage":0,"enemies":"Menagerie:Chimera","floor":16,"turns":10},{"damage":9,"enemies":"ruina:2_Scarecrows","floor":18,"turns":5},{"damage":13,"enemies":"ruina:Nosferatu","floor":21,"turns":6},{"damage":23,"enemies":"ruina:ServantOfWrath","floor":23,"turns":3}],"seed_played":"-2258342182962847556","potions_obtained":[{"floor":1,"key":"Fruit Juice"},{"floor":10,"key":"EssenceOfSteel"}],"is_trial":false,"path_per_floor":["M","M","?","?","$","R","?","E","T","E","$","R","?","T","R","B",null,"M","?","?","M","$","E"],"character_chosen":"HERMIT","items_purchased":["hermit:ShadowCloak","hermit:Grudge","sneckomod:BlankCard","hermit:Dissolve"],"campfire_rested":0,"item_purchase_floors":[5,5,11,22],"current_hp_per_floor":[80,67,67,67,67,67,67,39,39,23,23,23,23,23,23,23,72,63,33,33,20,20,0,0],"gold":72,"neow_bonus":"THREE_RARE_CARDS","is_daily":false,"chose_seed":false,"campfire_upgraded":3,"win_rate":0.0,"timestamp":1614371535,"path_taken":["M","M","?","?","$","R","?","E","T","E","$","R","?","?","R","BOSS","M","?","?","M","$","E"],"items_purchased_type":["Card","Card","Relic","Card"],"build_version":"2020-12-22","purchased_purges":2,"victory":false,"max_hp_per_floor":[80,80,80,80,80,80,72,72,72,72,72,72,72,72,72,72,72,72,72,72,72,72,72,72],"card_choices":[{"not_picked":["hermit:HeroicBravado","hermit:HighNoon"],"picked":"hermit:EternalForm","floor":0},{"not_picked":["hermit:ItchyTrigger","hermit:Feint","hermit:Dive"],"picked":"SKIP","floor":1},{"not_picked":["hermit:Feint","hermit:EyeOfTheStorm","hermit:Ricochet"],"picked":"SKIP","floor":2},{"not_picked":["Menagerie:CrumblingSanctuary","Menagerie:Languish"],"picked":"Menagerie:MirarisWake","floor":7},{"not_picked":["Menagerie:Languish","Menagerie:SuddenReclamation"],"picked":"Menagerie:LightningBolt","floor":7},{"not_picked":["Menagerie:Dismember","Menagerie:QuirionDryad"],"picked":"Menagerie:Tinker","floor":7},{"not_picked":["hermit:Roulette","hermit:LowProfile","hermit:TrackingShot"],"picked":"SKIP","floor":8},{"not_picked":["hermit:TakeCover","hermit:TakeAim"],"picked":"hermit:FlashPowder","floor":10},{"not_picked":["hermit:OverwhelmingPower","hermit:Gambit"],"picked":"hermit:DeadOrAlive","floor":16},{"not_picked":["hermit:ItchyTrigger","hermit:Manifest"],"picked":"hermit:Determination+1","floor":18},{"not_picked":["hermit:BodyArmor","hermit:HighCaliber+1","hermit:Cheat+1"],"picked":"SKIP","floor":21}],"player_experience":256379,"relics_obtained":[{"floor":8,"key":"Kunai"},{"floor":10,"key":"reliquary:OuijaBoard"},{"floor":14,"key":"reliquary:RoseTintedGlasses"}],"event_choices":[{"damage_healed":0,"gold_gain":225,"player_choice":"Raid","damage_taken":0,"max_hp_gain":0,"max_hp_loss":0,"event_name":"Menagerie:SpiderNest","floor":3,"gold_loss":0,"cards_obtained":["Shame"]},{"damage_healed":0,"gold_gain":0,"player_choice":"Ignored","damage_taken":0,"max_hp_gain":0,"max_hp_loss":0,"event_name":"Menagerie:CorruptingLight","floor":4,"gold_loss":0},{"damage_healed":0,"gold_gain":0,"player_choice":"Read","damage_taken":0,"max_hp_gain":0,"max_hp_loss":8,"event_name":"Menagerie:OvergrownLibrary","floor":7,"gold_loss":0,"cards_obtained":["Doubt"]},{"cards_removed":["hermit:Strike_Hermit"],"damage_healed":0,"gold_gain":0,"player_choice":"Snake","damage_taken":0,"max_hp_gain":0,"max_hp_loss":0,"event_name":"Menagerie:ThreeAnimals","floor":13,"gold_loss":0}],"is_beta":false,"boss_relics":[{"not_picked":["reliquary:KinkedSpring","aspiration:RunicSpoon"],"picked":"Black Star"}],"items_purged_floors":[5,11],"is_endless":false,"potions_floor_spawned":[1,10],"killed_by":"ruina:ServantOfWrath","ascension_level":2}}