{"host":"7hek758ba7rrttw2","time":1614360868,"event":{"mods":["BaseMod","Minty Spire (QoL Compilation)","Weighted Paths"],"gold_per_floor":[111,13,13,13,13,42,42,77,159,200,200,223,244,287,287,418,418,436,456,472,397,397,440,440,471,471,506,98,123,143,159,159,282,282,298,298,317,341,341,341,380,380,380,380,399,399,299,324,324,324,324,324,17,55,55],"floor_reached":56,"language":"ENG","playtime":3691,"items_purged":["Strike_P","Defend_P","Defend_P"],"score":1556,"play_id":"bb0592e3-3c71-4ad8-a92f-fb47a58649a8","local_time":"20210226183428","is_ascension_mode":true,"campfire_choices":[{"data":"Eruption","floor":11.0,"key":"SMITH"},{"data":"WindmillStrike","floor":15.0,"key":"SMITH"},{"data":"MasterReality","floor":24.0,"key":"SMITH"},{"data":"Adaptation","floor":32.0,"key":"SMITH"},{"floor":40.0,"key":"RECALL"},{"data":"Adaptation","floor":42.0,"key":"SMITH"},{"data":"Perseverance","floor":44.0,"key":"SMITH"},{"data":"Evaluate","floor":49.0,"key":"SMITH"},{"data":"LikeWater","floor":52.0,"key":"SMITH"}],"circlet_count":0,"master_deck":["Defend_P+1","Eruption+1","Vigilance+1","BattleHymn","BattleHymn","EmptyBody","Protect","Perseverance+1","Indignation","WindmillStrike+1","Adaptation+1","Establishment","ClearTheMind+1","EmptyMind+1","MasterReality+1","Crescendo","DevaForm","Evaluate+1","Adaptation+1","LikeWater+1","Protect+1","Study+1","MentalFortress+1"],"relics":["PureWater","NeowsBlessing","Bag of Preparation","Golden Idol","PreservedInsect","Pantograph","Ginger","HornCleat","VioletLotus","Ornamental Fan","Blood Vial","Mummified Hand","Akabeko","TeardropLocket","Busted Crown","Frozen Egg 2","ClockworkSouvenir","Art of War"],"acts_visited":["Exordium","TheCity","TheBeyond","TheEnding"],"potions_floor_usage":[55],"damage_taken":[{"damage":0.0,"enemies":"2 Louse","floor":1.0,"turns":1.0},{"damage":0.0,"enemies":"Lagavulin","floor":6.0,"turns":1.0},{"damage":0.0,"enemies":"Gremlin Nob","floor":8.0,"turns":1.0},{"damage":2.0,"enemies":"3 Sentries","floor":10.0,"turns":5.0},{"damage":4.0,"enemies":"Jaw Worm","floor":12.0,"turns":2.0},{"damage":1.0,"enemies":"Small Slimes","floor":13.0,"turns":3.0},{"damage":0.0,"enemies":"Gremlin Nob","floor":14.0,"turns":2.0},{"damage":23.0,"enemies":"Hexaghost","floor":16.0,"turns":7.0},{"damage":3.0,"enemies":"3 Byrds","floor":18.0,"turns":3.0},{"damage":0.0,"enemies":"Spheric Guardian","floor":19.0,"turns":3.0},{"damage":6.0,"enemies":"Shelled Parasite and Fungi","floor":20.0,"turns":4.0},{"damage":14.0,"enemies":"Slavers","floor":23.0,"turns":5.0},{"damage":6.0,"enemies":"Gremlin Leader","floor":25.0,"turns":6.0},{"damage":13.0,"enemies":"Slavers","floor":27.0,"turns":4.0},{"damage":0.0,"enemies":"Snake Plant","floor":29.0,"turns":4.0},{"damage":0.0,"enemies":"Cultist and Chosen","floor":30.0,"turns":4.0},{"damage":1.0,"enemies":"Chosen and Byrds","floor":31.0,"turns":5.0},{"damage":0.0,"enemies":"Automaton","floor":33.0,"turns":6.0},{"damage":0.0,"enemies":"Orb Walker","floor":35.0,"turns":4.0},{"damage":0.0,"enemies":"3 Shapes","floor":37.0,"turns":5.0},{"damage":0.0,"enemies":"Spire Growth","floor":38.0,"turns":4.0},{"damage":0.0,"enemies":"Giant Head","floor":41.0,"turns":6.0},{"damage":0.0,"enemies":"Writhing Mass","floor":45.0,"turns":4.0},{"damage":0.0,"enemies":"4 Shapes","floor":48.0,"turns":4.0},{"damage":30.0,"enemies":"Donu and Deca","floor":50.0,"turns":8.0},{"damage":6.0,"enemies":"Shield and Spear","floor":54.0,"turns":5.0},{"damage":32,"enemies":"The Heart","floor":55,"turns":8}],"seed_played":"456541564262916253","potions_obtained":[{"floor":1.0,"key":"DistilledChaos"},{"floor":8.0,"key":"AttackPotion"},{"floor":12.0,"key":"Explosive Potion"},{"floor":16.0,"key":"EssenceOfSteel"},{"floor":19.0,"key":"LiquidBronze"},{"floor":20.0,"key":"LiquidMemories"},{"floor":23.0,"key":"PowerPotion"},{"floor":31.0,"key":"Energy Potion"},{"floor":33.0,"key":"ColorlessPotion"},{"floor":41.0,"key":"Strength Potion"},{"floor":45.0,"key":"SkillPotion"}],"is_trial":false,"path_per_floor":["M","$","?","?","?","E","?","E","T","E","R","M","M","E","R","B",null,"M","M","M","?","?","E","R","E","T","E","$","M","M","M","R","B",null,"M","?","M","M","?","R","E","R","T","R","M","?","$","M","R","B",null,"R","$","E","B",null],"character_chosen":"WATCHER","items_purchased":["BattleHymn","EmptyBody","TeardropLocket","Evaluate","Adaptation","ClockworkSouvenir","MentalFortress+1"],"campfire_rested":0,"item_purchase_floors":[2,2,28,28,28,53,53],"current_hp_per_floor":[72,72,58,58,51,51,33,33,33,31,31,27,26,26,26,28,72,69,69,63,63,63,49,49,43,43,32,32,34,36,37,37,64,72,72,72,72,72,72,72,72,72,72,72,72,72,72,72,72,42,72,72,72,66,40],"gold":55,"neow_bonus":"THREE_ENEMY_KILL","is_daily":false,"chose_seed":false,"campfire_upgraded":8,"win_rate":0.0,"timestamp":1614360868,"path_taken":["M","$","?","?","?","E","?","E","T","E","R","M","M","E","R","BOSS","M","M","M","?","?","E","R","E","T","E","$","M","?","M","R","BOSS","M","?","M","M","?","R","E","R","T","R","?","?","$","?","R","BOSS","R","$","E","BOSS"],"items_purchased_type":["Card","Card","Relic","Card","Card","Relic","Card"],"build_version":"2020-12-22","purchased_purges":3,"victory":true,"max_hp_per_floor":[72,72,72,72,72,72,72,72,72,72,72,72,72,72,72,72,72,72,72,72,72,72,72,72,72,72,72,72,72,72,72,72,72,72,72,72,72,72,72,72,72,72,72,72,72,72,72,72,72,72,72,72,72,72,72],"card_choices":[{"not_picked":["JustLucky","FlurryOfBlows"],"picked":"BattleHymn","floor":1.0},{"not_picked":["ThirdEye","Prostrate"],"picked":"Protect","floor":6.0},{"not_picked":["Meditate","WheelKick"],"picked":"Perseverance","floor":8.0},{"not_picked":["ClearTheMind","Adaptation"],"picked":"Indignation","floor":10.0},{"not_picked":["FlurryOfBlows","FlyingSleeves","SashWhip"],"picked":"SKIP","floor":12.0},{"not_picked":["Pray","ReachHeaven"],"picked":"WindmillStrike","floor":13.0},{"not_picked":["JustLucky","Ragnarok"],"picked":"Adaptation","floor":14.0},{"not_picked":["ConjureBlade","Omniscience"],"picked":"Establishment","floor":16.0},{"not_picked":["Meditate+1","Swivel"],"picked":"ClearTheMind+1","floor":18.0},{"not_picked":["PathToVictory","Consecrate"],"picked":"EmptyMind+1","floor":19.0},{"not_picked":["FearNoEvil+1","SignatureMove","JustLucky+1"],"picked":"SKIP","floor":20.0},{"not_picked":["Wireheading+1","Perseverance"],"picked":"Crescendo","floor":23.0},{"not_picked":["WindmillStrike","Meditate+1","BowlingBash"],"picked":"SKIP","floor":25.0},{"not_picked":["FlyingSleeves+1","Perseverance+1"],"picked":"DevaForm","floor":27.0},{"not_picked":["FlyingSleeves","ThirdEye","PathToVictory"],"picked":"SKIP","floor":29.0},{"not_picked":["BowlingBash","SashWhip"],"picked":"LikeWater","floor":30.0},{"not_picked":["Wireheading","Tantrum+1","Swivel"],"picked":"SKIP","floor":31.0},{"not_picked":["ThirdEye"],"picked":"SKIP","floor":35.0},{"not_picked":[],"picked":"Protect+1","floor":37.0},{"not_picked":["BowlingBash"],"picked":"SKIP","floor":38.0},{"not_picked":["CrushJoints"],"picked":"SKIP","floor":41.0},{"not_picked":[],"picked":"Study+1","floor":45.0},{"not_picked":["EmptyBody"],"picked":"SKIP","floor":48.0},{"not_picked":["Protect+1"],"picked":"SKIP","floor":54.0}],"player_experience":384201,"relics_obtained":[{"floor":6.0,"key":"Bag of Preparation"},{"floor":8.0,"key":"PreservedInsect"},{"floor":9.0,"key":"Pantograph"},{"floor":10.0,"key":"Ginger"},{"floor":14.0,"key":"HornCleat"},{"floor":23.0,"key":"Ornamental Fan"},{"floor":25.0,"key":"Blood Vial"},{"floor":26.0,"key":"Mummified Hand"},{"floor":27.0,"key":"Akabeko"},{"floor":41.0,"key":"Frozen Egg 2"},{"floor":54.0,"key":"Art of War"}],"event_choices":[{"damage_healed":0.0,"max_hp_gain":0.0,"max_hp_loss":0.0,"gold_gain":0.0,"event_name":"Shining Light","player_choice":"Entered Light","floor":3.0,"gold_loss":0.0,"damage_taken":14.0,"cards_upgraded":["Defend_P","Vigilance"]},{"damage_healed":0.0,"max_hp_gain":0.0,"max_hp_loss":0.0,"gold_gain":0.0,"event_name":"Liars Game","player_choice":"Ignored","floor":4.0,"gold_loss":0.0,"damage_taken":0.0},{"cards_removed":["Strike_P"],"damage_healed":0.0,"max_hp_gain":0.0,"max_hp_loss":0.0,"gold_gain":0.0,"event_name":"Golden Wing","player_choice":"Card Removal","floor":5.0,"gold_loss":0.0,"damage_taken":7.0},{"damage_healed":0.0,"max_hp_gain":0.0,"max_hp_loss":0.0,"gold_gain":0.0,"event_name":"Golden Idol","player_choice":"Take Damage","floor":7.0,"gold_loss":0.0,"damage_taken":18.0,"relics_obtained":["Golden Idol"]},{"cards_removed":["Strike_P"],"damage_healed":0.0,"max_hp_gain":0.0,"max_hp_loss":0.0,"gold_gain":0.0,"event_name":"Beggar","player_choice":"Gave Gold","floor":21.0,"gold_loss":75.0,"damage_taken":0.0},{"damage_healed":0.0,"max_hp_gain":0.0,"max_hp_loss":0.0,"gold_gain":0.0,"event_name":"The Library","player_choice":"Read","floor":22.0,"gold_loss":0.0,"damage_taken":0.0,"cards_obtained":["MasterReality"]},{"cards_removed":["Defend_P"],"damage_healed":0.0,"max_hp_gain":0.0,"max_hp_loss":0.0,"gold_gain":0.0,"event_name":"Falling","player_choice":"Removed Skill","floor":36.0,"gold_loss":0.0,"damage_taken":0.0},{"damage_healed":0.0,"max_hp_gain":0.0,"max_hp_loss":0.0,"gold_gain":0.0,"event_name":"The Woman in Blue","player_choice":"Bought 0 Potions","floor":39.0,"gold_loss":0.0,"damage_taken":0.0},{"cards_removed":["Strike_P"],"damage_healed":0.0,"max_hp_gain":0.0,"max_hp_loss":0.0,"gold_gain":0.0,"event_name":"Bonfire Elementals","player_choice":"Offered Basic","floor":46.0,"gold_loss":0.0,"damage_taken":0.0}],"is_beta":false,"boss_relics":[{"not_picked":["Snecko Eye","HolyWater"],"picked":"VioletLotus"},{"not_picked":["Coffee Dripper","Tiny House"],"picked":"Busted Crown"}],"items_purged_floors":[28,47,53],"is_endless":false,"potions_floor_spawned":[1,8,12,16,19,20,23,31,33,41,45,48],"ascension_level":4}}