{"host":"d3bsw5ou8fswq5qc","time":1614362083,"event":{"mods":["Aspiration","BaseMod","Colored Map","Conspire","Downfall","GifTheSpireLib","Googly Eyes","Minty Spire (QoL Compilation)","Replay The Spire","StSLib","Stuff the Spire","The Jungle"],"gold_per_floor":[115,115,115,115,129,159,159,159,185,197,197,222,232,232,232,330,330,298,309,309,41,60,60,82,82,82],"floor_reached":25,"language":"FRA","playtime":1290,"items_purged":["Strike_R"],"score":313,"play_id":"3f1e12cb-ba94-45a1-9460-591c6f4248a3","local_time":"20210226185443","is_ascension_mode":true,"campfire_choices":[{"data":"Bash","floor":8,"key":"SMITH"},{"data":"Evolve","floor":11,"key":"SMITH"},{"data":"Armaments","floor":15,"key":"SMITH"},{"floor":23,"key":"REST"}],"circlet_count":0,"master_deck":["Strike_R","Strike_R","Strike_R","Strike_R","Defend_R","Defend_R","Defend_R","Bash+1","Shrug It Off","Evolve+1","Dropkick","Berserk","Armaments+1","Demon Form","Rage","StuffTheSpire:Slingshot","Heavy Blade","Inflame+1","Double Tap"],"relics":["Burning Blood","NeowsBlessing","StuffTheSpire:MayFlowers","Pen Nib","MealTicket","StuffTheSpire:GrapeVine","bronze:MakeshiftBattery","aspiration:RitualStick","Bag of Marbles"],"acts_visited":["Exordium","TheCity"],"potions_floor_usage":[13,16,25,25],"damage_taken":[{"damage":0,"enemies":"2 Louse","floor":1,"turns":1},{"damage":0,"enemies":"Small Slimes","floor":5,"turns":1},{"damage":0,"enemies":"Gremlin Nob","floor":6,"turns":1},{"damage":6,"enemies":"Cultist","floor":10,"turns":3},{"damage":42,"enemies":"Replay:BlueRogue","floor":12,"turns":5},{"damage":5,"enemies":"3 Louse","floor":13,"turns":4},{"damage":46,"enemies":"Hexaghost","floor":16,"turns":10},{"damage":45,"enemies":"2 Thieves","floor":18,"turns":5},{"damage":0,"enemies":"Chosen","floor":19,"turns":4},{"damage":32,"enemies":"Centurion and Healer","floor":22,"turns":4},{"damage":14,"enemies":"Chosen and Byrds","floor":24,"turns":6},{"damage":59,"enemies":"Gremlin Leader","floor":25,"turns":4}],"seed_played":"5996078843731845278","potions_obtained":[{"floor":12,"key":"Energy Potion"},{"floor":13,"key":"Elixir"},{"floor":18,"key":"EssenceOfSteel"},{"floor":19,"key":"Elixir"},{"floor":22,"key":"Fire Potion"},{"floor":24,"key":"BloodPotion"}],"is_trial":false,"path_per_floor":["M","$","?","?","M","E","?","R","T","M","R","E","M","?","R","B",null,"M","M","?","$","M","R","M","E"],"character_chosen":"IRONCLAD","items_purchased":["Bag of Marbles","Heavy Blade"],"campfire_rested":1,"item_purchase_floors":[21,21],"current_hp_per_floor":[80,80,55,55,61,67,80,80,80,80,80,44,45,45,45,11,80,44,50,34,49,23,47,42,0,0],"gold":82,"neow_bonus":"THREE_ENEMY_KILL","is_daily":false,"chose_seed":false,"campfire_upgraded":3,"win_rate":0.0,"timestamp":1614362083,"path_taken":["M","$","?","?","?","E","?","R","T","?","R","E","M","?","R","BOSS","M","M","?","$","M","R","M","E"],"items_purchased_type":["Relic","Card"],"build_version":"2020-12-22","purchased_purges":1,"victory":false,"max_hp_per_floor":[80,80,80,80,80,80,80,80,80,80,80,80,80,80,80,80,80,80,80,80,80,80,80,80,80,80],"card_choices":[{"not_picked":["Anger","Blood for Blood"],"picked":"Shrug It Off","floor":1},{"not_picked":["StuffTheSpire:RockThrow","Warcry"],"picked":"Evolve","floor":5},{"not_picked":["Warcry","Havoc"],"picked":"Dropkick","floor":6},{"not_picked":["Clash","Warcry","Heavy Blade"],"picked":"SKIP","floor":10},{"not_picked":["Perfected Strike","ReplayTheSpireMod:Stacked"],"picked":"Berserk","floor":12},{"not_picked":["Carnage","Hemokinesis"],"picked":"Armaments","floor":13},{"not_picked":["conspire:HitWhereItHurts","Impervious"],"picked":"Demon Form","floor":16},{"not_picked":["Sever Soul","Anger"],"picked":"Rage","floor":18},{"not_picked":["Carnage","ReplayReversal"],"picked":"StuffTheSpire:Slingshot","floor":19},{"not_picked":["StuffTheSpire:Slingshot+1","ReplayTheSpireMod:Strike From Hell"],"picked":"Inflame+1","floor":22},{"not_picked":["Wild Strike","Clothesline"],"picked":"Double Tap","floor":24}],"player_experience":320741,"relics_obtained":[{"floor":6,"key":"Pen Nib"},{"floor":9,"key":"MealTicket"},{"floor":12,"key":"StuffTheSpire:GrapeVine"}],"event_choices":[{"damage_healed":0,"gold_gain":0,"player_choice":"Success","damage_taken":25,"relics_obtained":["StuffTheSpire:MayFlowers"],"max_hp_gain":0,"max_hp_loss":0,"event_name":"Scrap Ooze","floor":3,"gold_loss":0},{"cards_removed":["Defend_R"],"damage_healed":0,"gold_gain":0,"player_choice":"Purged","damage_taken":0,"max_hp_gain":0,"max_hp_loss":0,"event_name":"Purifier","floor":4,"gold_loss":0},{"damage_healed":13,"gold_gain":0,"player_choice":"Full Heal","damage_taken":0,"max_hp_gain":0,"max_hp_loss":0,"event_name":"Wheel of Change","floor":7,"gold_loss":0},{"damage_healed":0,"gold_gain":0,"player_choice":"Ignored","damage_taken":0,"max_hp_gain":0,"max_hp_loss":0,"event_name":"Shining Light","floor":14,"gold_loss":0}],"is_beta":false,"boss_relics":[{"not_picked":["Mark of Pain","Replay:Wanted Poster"],"picked":"bronze:MakeshiftBattery"}],"items_purged_floors":[21],"is_endless":false,"potions_floor_spawned":[12,13,18,19,22,24],"killed_by":"Gremlin Leader","ascension_level":4}}