{"host":"36t3qd3wjvajtu1z","time":1614305653,"event":{"mods":["2.2 Compatiblity","AchievementEnabler","BaseMod","Bestiary","Block Reminder","Colored Powertips","Curses Come First","Filter the Spire","Highlight Path","Minty Spire (QoL Compilation)","Permanent Neow","Quick Restart","Random Character Button","Rare Cards Sparkle","Relic Stats","Slay-I","StSLib"],"gold_per_floor":[114,132,147,64,139,172,172,183,210,210,12,45,45,65,65,136,136,147,9,19,35,50,50,50],"floor_reached":23,"language":"ENG","playtime":1035,"items_purged":["Strike_B"],"score":386,"play_id":"06ed38c5-6c15-4317-854d-4a5f05fdcd7b","local_time":"20210225181413","is_ascension_mode":true,"campfire_choices":[{"data":"Zap","floor":7.0,"key":"SMITH"},{"floor":10.0,"key":"REST"},{"floor":13.0,"key":"REST"},{"data":"Static Discharge","floor":15.0,"key":"SMITH"}],"circlet_count":0,"master_deck":["AscendersBane","Strike_B","Strike_B","Strike_B","Defend_B","Defend_B","Defend_B","Defend_B","Zap+1","Dualcast","Multi-Cast","Compile Driver","Undo","Go for the Eyes","Leap","Static Discharge+1","Self Repair","Beam Cell","Lockon","Seek","Coolheaded","Storm","Aggregate"],"relics":["Cracked Core","Centennial Puzzle","Happy Flower","Medical Kit","Smiling Mask","Runic Pyramid"],"acts_visited":["Exordium","TheCity"],"potions_floor_usage":[16,21,23],"damage_taken":[{"damage":0.0,"enemies":"Small Slimes","floor":1.0,"turns":3.0},{"damage":7.0,"enemies":"Jaw Worm","floor":2.0,"turns":3.0},{"damage":1.0,"enemies":"Cultist","floor":3.0,"turns":3.0},{"damage":26.0,"enemies":"3 Sentries","floor":6.0,"turns":6.0},{"damage":0.0,"enemies":"Red Slaver","floor":8.0,"turns":3.0},{"damage":35.0,"enemies":"Gremlin Nob","floor":12.0,"turns":5.0},{"damage":9.0,"enemies":"Blue Slaver","floor":14.0,"turns":3.0},{"damage":28,"enemies":"Slime Boss","floor":16,"turns":8},{"damage":17,"enemies":"2 Thieves","floor":18,"turns":4},{"damage":26,"enemies":"Chosen","floor":20,"turns":5},{"damage":6,"enemies":"Centurion and Healer","floor":21,"turns":8},{"damage":27,"enemies":"Snecko","floor":22,"turns":5},{"damage":0,"enemies":"Slavers","floor":23,"turns":1}],"seed_played":"3165573803523327650","potions_obtained":[{"floor":2.0,"key":"AttackPotion"},{"floor":3.0,"key":"Weak Potion"},{"floor":6.0,"key":"Block Potion"},{"floor":12.0,"key":"SteroidPotion"},{"floor":18,"key":"EssenceOfSteel"},{"floor":21,"key":"DuplicationPotion"}],"is_trial":false,"path_per_floor":["M","M","M","$","?","E","R","M","T","R","$","E","R","M","R","B",null,"M","$","M","M","M","E"],"character_chosen":"DEFECT","items_purchased":["Go for the Eyes","Leap","Medical Kit","Beam Cell","Storm"],"campfire_rested":2,"item_purchase_floors":[4,4,11,11,19],"current_hp_per_floor":[64,57,56,56,45,19,19,19,19,40,40,12,33,31,31,10,56,46,46,27,28,1,1,1],"gold":50,"neow_bonus":"ONE_RANDOM_RARE_CARD","is_daily":false,"chose_seed":false,"campfire_upgraded":2,"win_rate":0.0,"timestamp":1614305653,"path_taken":["M","M","M","$","?","E","R","M","T","R","?","E","R","M","R","BOSS","M","?","M","M","?","E"],"items_purchased_type":["Card","Card","Relic","Card","Card"],"build_version":"2020-12-22","purchased_purges":1,"victory":false,"max_hp_per_floor":[71,71,71,71,71,71,71,71,71,71,71,71,71,71,71,71,71,71,71,71,71,71,71,71],"relic_stats":{"Centennial Puzzle":[21],"Happy Flower":[13],"counters":[13,57],"Medical Kit":[0],"Smiling Mask":25,"obtain_stats":[{"Centennial Puzzle":6,"Happy Flower":9,"Cracked Core":0,"Medical Kit":11,"Smiling Mask":12,"Runic Pyramid":17},{"Centennial Puzzle":4,"Happy Flower":5,"Cracked Core":0,"Medical Kit":5,"Smiling Mask":6,"Runic Pyramid":8},{"Centennial Puzzle":15,"Happy Flower":18,"Cracked Core":0,"Medical Kit":18,"Smiling Mask":23,"Runic Pyramid":34}]},"card_choices":[{"not_picked":["Conserve Battery","Capacitor"],"picked":"Compile Driver","floor":1.0},{"not_picked":["Leap","Redo"],"picked":"Undo","floor":2.0},{"not_picked":["Chill","Steam","Hologram"],"picked":"SKIP","floor":3.0},{"not_picked":["Undo","Genetic Algorithm"],"picked":"Static Discharge","floor":6.0},{"not_picked":["Sweeping Beam","Redo"],"picked":"Self Repair","floor":8.0},{"not_picked":["Barrage","Compile Driver"],"picked":"Lockon","floor":12.0},{"not_picked":["Blizzard","Barrage","Go for the Eyes"],"picked":"SKIP","floor":14.0},{"not_picked":["Meteor Strike","Reboot"],"picked":"Seek","floor":16},{"not_picked":["Redo","Compile Driver"],"picked":"Coolheaded","floor":18},{"not_picked":["Blizzard","Gash"],"picked":"Aggregate","floor":20},{"not_picked":["Steam","Compile Driver","Blizzard"],"picked":"SKIP","floor":21},{"not_picked":["Static Discharge","Reprogram+1","Hello World"],"picked":"SKIP","floor":22}],"player_experience":577926,"relics_obtained":[{"floor":6.0,"key":"Centennial Puzzle"},{"floor":9.0,"key":"Happy Flower"},{"floor":12.0,"key":"Smiling Mask"}],"event_choices":[{"damage_healed":0.0,"max_hp_gain":0.0,"max_hp_loss":0.0,"gold_gain":75.0,"event_name":"World of Goop","player_choice":"Gather Gold","floor":5.0,"gold_loss":0.0,"damage_taken":11.0}],"is_beta":false,"boss_relics":[{"not_picked":["SlaversCollar","FrozenCore"],"picked":"Runic Pyramid"}],"items_purged_floors":[19],"is_endless":false,"potions_floor_spawned":[2,3,6,8,12,18,21],"killed_by":"Slavers","ascension_level":18}}