{"host":"5jdby9iqu3ct6557","time":1614310778,"event":{"mods":["BaseMod","DeckTracker","Highlight Path","Minty Spire (QoL Compilation)","Relic Stats","StSLib","ojb\u0027s Info Mod"],"gold_per_floor":[119,119,119,132,150,185,185,229,229,104,119,119,157,12,12,97,97,112,112,127,152,195,195,195,195],"floor_reached":24,"language":"ENG","playtime":2326,"items_purged":["Strike_R"],"score":428,"play_id":"00fa9405-09a0-4dbe-8862-141aa2bacbe7","local_time":"20210225223938","is_ascension_mode":true,"campfire_choices":[{"floor":7.0,"key":"REST"},{"floor":12.0,"key":"REST"},{"data":"Bloodletting","floor":15.0,"key":"SMITH"},{"floor":23,"key":"REST"}],"circlet_count":0,"master_deck":["AscendersBane","Strike_R","Strike_R","Strike_R","Strike_R","Defend_R","Defend_R","Defend_R","Defend_R","Bash","The Bomb","Clothesline","True Grit","Bludgeon","Rage","Havoc","Feel No Pain","Bloodletting+1","Shockwave","Second Wind","Rupture","Exhume","Disarm","Headbutt"],"relics":["Burning Blood","CeramicFish","Mercury Hourglass","Pen Nib","Orrery","Juzu Bracelet","Velvet Choker","Red Mask"],"acts_visited":["TheCity"],"potions_floor_usage":[21,21,22],"damage_taken":[{"damage":22.0,"enemies":"Small Slimes","floor":1.0,"turns":5.0},{"damage":16.0,"enemies":"Jaw Worm","floor":4.0,"turns":5.0},{"damage":2.0,"enemies":"2 Louse","floor":5.0,"turns":5.0},{"damage":18.0,"enemies":"Lagavulin","floor":6.0,"turns":7.0},{"damage":32.0,"enemies":"Gremlin Nob","floor":8.0,"turns":4.0},{"damage":8.0,"enemies":"Blue Slaver","floor":11.0,"turns":5.0},{"damage":11.0,"enemies":"Lagavulin","floor":13.0,"turns":5.0},{"damage":29.0,"enemies":"Slime Boss","floor":16.0,"turns":11.0},{"damage":4,"enemies":"Chosen","floor":18,"turns":3},{"damage":0,"enemies":"Spheric Guardian","floor":20,"turns":3},{"damage":27,"enemies":"Cultist and Chosen","floor":21,"turns":8},{"damage":45,"enemies":"Masked Bandits","floor":22,"turns":4},{"damage":38,"enemies":"Slavers","floor":24,"turns":4}],"seed_played":"2199128691438853367","potions_obtained":[{"floor":1.0,"key":"LiquidMemories"},{"floor":4.0,"key":"ElixirPotion"},{"floor":6.0,"key":"EssenceOfSteel"},{"floor":13.0,"key":"Block Potion"},{"floor":20,"key":"Regen Potion"},{"floor":21,"key":"SkillPotion"}],"is_trial":false,"path_per_floor":["M","?","?","M","M","E","R","E","T","$","M","R","E","$","R","B",null,"M","?","M","M","?","R","E"],"character_chosen":"IRONCLAD","items_purchased":["Orrery","Rupture"],"campfire_rested":3,"item_purchase_floors":[10,14],"current_hp_per_floor":[52,52,41,31,35,23,43,17,17,17,15,35,30,30,30,7,53,55,55,61,55,16,36,0,0],"gold":195,"neow_bonus":"RANDOM_COLORLESS_2","is_daily":false,"chose_seed":false,"campfire_upgraded":1,"win_rate":0.0,"timestamp":1614310778,"path_taken":["M","?","?","M","M","E","R","E","T","$","M","R","E","?","R","BOSS","M","?","M","M","?","R","E"],"items_purchased_type":["Relic","Card"],"build_version":"2020-12-22","purchased_purges":1,"victory":false,"max_hp_per_floor":[68,68,68,68,68,68,68,68,68,68,68,68,68,68,68,68,68,68,68,68,68,68,68,68,68],"relic_stats":{"counters":[13,68],"CeramicFish":99,"Pen Nib":[4],"Juzu Bracelet":0,"obtain_stats":[{"CeramicFish":6,"Orrery":10,"Velvet Choker":17,"Pen Nib":9,"Juzu Bracelet":13,"Red Mask":22,"Burning Blood":0,"Mercury Hourglass":8},{"CeramicFish":4,"Orrery":5,"Velvet Choker":8,"Pen Nib":5,"Juzu Bracelet":7,"Red Mask":12,"Burning Blood":0,"Mercury Hourglass":5},{"CeramicFish":22,"Orrery":26,"Velvet Choker":46,"Pen Nib":26,"Juzu Bracelet":36,"Red Mask":64,"Burning Blood":0,"Mercury Hourglass":26}],"Burning Blood":72,"Mercury Hourglass":[172]},"card_choices":[{"not_picked":["Chrysalis","Mayhem"],"picked":"The Bomb","floor":0.0},{"not_picked":["Warcry","Blood for Blood"],"picked":"Clothesline","floor":1.0},{"not_picked":["Fire Breathing","Flame Barrier"],"picked":"True Grit","floor":4.0},{"not_picked":["Warcry","Carnage"],"picked":"Bludgeon","floor":6.0},{"not_picked":["Pommel Strike","Carnage"],"picked":"Rage","floor":8.0},{"not_picked":["Twin Strike","Inflame"],"picked":"Havoc","floor":10.0},{"not_picked":["Seeing Red","Reckless Charge"],"picked":"Feel No Pain","floor":10.0},{"not_picked":["Second Wind","Uppercut"],"picked":"Bloodletting","floor":10.0},{"not_picked":["Cleave","Burning Pact"],"picked":"Shockwave","floor":10.0},{"not_picked":["Uppercut","Metallicize"],"picked":"Second Wind","floor":13.0},{"not_picked":["Demon Form","Berserk"],"picked":"Exhume","floor":16.0},{"not_picked":["Rupture","Cleave"],"picked":"Disarm","floor":21},{"not_picked":["Inflame","Uppercut"],"picked":"Headbutt","floor":22}],"player_experience":2823378,"relics_obtained":[{"floor":6.0,"key":"CeramicFish"},{"floor":8.0,"key":"Mercury Hourglass"},{"floor":9.0,"key":"Pen Nib"},{"floor":13.0,"key":"Juzu Bracelet"},{"floor":22,"key":"Red Mask"}],"event_choices":[{"damage_healed":0.0,"max_hp_gain":0.0,"max_hp_loss":0.0,"gold_gain":0.0,"event_name":"Liars Game","player_choice":"Ignored","floor":2.0,"gold_loss":0.0,"damage_taken":0.0},{"damage_healed":0.0,"max_hp_gain":0.0,"max_hp_loss":0.0,"gold_gain":0.0,"event_name":"Scrap Ooze","player_choice":"Fled","floor":3.0,"gold_loss":0.0,"damage_taken":11.0},{"damage_healed":0,"gold_gain":0,"player_choice":"Ignored","damage_taken":0,"max_hp_gain":0,"max_hp_loss":0,"event_name":"The Mausoleum","floor":19,"gold_loss":0},{"damage_healed":0,"gold_gain":0,"player_choice":"Fought Bandits","damage_taken":0,"max_hp_gain":0,"max_hp_loss":0,"event_name":"Masked Bandits","floor":22,"gold_loss":0}],"is_beta":false,"boss_relics":[{"not_picked":["Mark of Pain","Ectoplasm"],"picked":"Velvet Choker"}],"items_purged_floors":[14],"is_endless":false,"potions_floor_spawned":[1,4,6,13,20,21],"killed_by":"Slavers","ascension_level":20}}