{"host":"qrfkyfrpo74atslb","time":1614323390,"event":{"mods":["AchievementEnabler","Aspiration","Astrologer","Bartender","BaseMod","Beaked The Cultist","Better Note","Better Third Choice","BetterRewards","CapriCore","Colored Map","Colored Powertips","Conspire","DeckTracker","Downfall","Duelist Mod","GungeonMod","Halation","Hermit","Hero for Fun","Hubris","Koishi","LagranYue(???·?)","Mad Scientist","Marisa????????","Minty Spire (QoL Compilation)","Prisma Mod","Rare Cards Sparkle","Reimu??????","Remilia??????","Replay The Spire","Spicy Shops","StSLib","The Administrix","The Alterego","The Bladedancer","The Construct","The Cursed","The Disciple","The Gatherer","The Hierophant","The Immortal","The Mystic","The Necromancer","The Runesmith","The Senshi","The Servant 0.9.4","The Wild Card","TheSwordswoman","WarShipGirlsR/????R mod","Yakumo Yukari mod","Yuyuko"],"gold_per_floor":[118,144,178,28,31,31,0,0,0,0,46,46,67,67,67,50,50,108,108,105,65,79,279,312,312,363,363,363,55,83,45,75,77,77,212,212,232,232,16,99,163,163,214,214,214,262,262,212,212],"floor_reached":48,"language":"ENG","playtime":2325,"items_purged":["conspire:Blindness"],"score":603,"play_id":"e8014fd0-4e5c-4801-853d-9b9b1a0eef05","local_time":"20210226200950","is_ascension_mode":false,"campfire_choices":[{"floor":6,"key":"REST"},{"floor":8,"key":"REST"},{"data":"hierophant:Punish","floor":12,"key":"SMITH"},{"data":"hierophant:Chorus","floor":14,"key":"SMITH"},{"data":"hierophant:Doubloon","floor":17,"key":"SMITH"},{"data":"hierophant:OrnateBuckler+1","floor":25,"key":"SMITH"},{"floor":27,"key":"REST"},{"data":"hierophant:Charity","floor":34,"key":"SMITH"},{"floor":42,"key":"REST"},{"data":"hierophant:Charity","floor":44,"key":"SMITH"},{"floor":47,"key":"REST"}],"circlet_count":0,"master_deck":["hierophant:Strike_Hierophant","hierophant:Strike_Hierophant","hierophant:Strike_Hierophant","hierophant:Strike_Hierophant","hierophant:Punish+1","hierophant:Defend_Hierophant","hierophant:Defend_Hierophant","hierophant:Defend_Hierophant","hierophant:Defend_Hierophant","hierophant:ChurchCoffers","hierophant:CursedGold","hierophant:Doubloon+1","hierophant:SolarFlare","hierophant:Smite","hierophant:MorningPrayer","hierophant:ThreeLashes","hierophant:Chorus+1","hierophant:Patience","hierophant:Zeal","hierophant:Doubloon","hierophant:Generosity","hierophant:Smite","hierophant:Doubloon","hierophant:Refuge","hierophant:OrnateBuckler+2","hierophant:PassingBell+1","Overencumbered","hierophant:TollTheBells","hierophant:Endure","hierophant:Charity+1","hierophant:Doubloon","hierophant:Smite+1","hierophant:SecretStash","hierophant:WrathOfGod","hierophant:FaithHealing+1","hierophant:Charity+1","hierophant:Doubloon","hierophant:Doubloon","hierophant:Charity","hierophant:Glossolalia+1","hierophant:Encroach+1","Clumsy","downfall:Icky"],"relics":["hierophant:PropheticMaskRelic","LagranYue:RandomDrawCardRelic","conspire:InfiniteJournal","halation:Sosunser","Mango","conspire:BottledYoYo","conspire:TreasureMap","Bottled Flame","downfall:ExtraCursedKey","Protect_Vest","bronze:MakeshiftBattery","ReplayTheSpireMod:Ninjato","PreservedInsect","halation:Jellyphish","conspire:RoyalGoblet","Strawberry","halation:NonexistentMirror","aspiration:Headhunter","DemoMod:BlueGuonStone","ScarletDevilRocket"],"acts_visited":["Exordium","TheCity","TheBeyond"],"potions_floor_usage":[18,18,26,35,43],"damage_taken":[{"damage":8,"enemies":"2 Louse","floor":1,"turns":3},{"damage":16,"enemies":"Jaw Worm","floor":2,"turns":5},{"damage":6,"enemies":"conspire:MimicChest","floor":3,"turns":4},{"damage":2,"enemies":"Small Slimes","floor":5,"turns":2},{"damage":0,"enemies":"2 Fungi Beasts","floor":13,"turns":2},{"damage":20,"enemies":"3 Sentries","floor":16,"turns":4},{"damage":40,"enemies":"The Guardian","floor":18,"turns":11},{"damage":0,"enemies":"Chosen","floor":20,"turns":4},{"damage":10,"enemies":"Shell Parasite","floor":22,"turns":4},{"damage":9,"enemies":"Snake Plant","floor":24,"turns":3},{"damage":24,"enemies":"Gremlin Leader","floor":26,"turns":6},{"damage":0,"enemies":"Snecko","floor":30,"turns":2},{"damage":7,"enemies":"Centurion and Healer","floor":32,"turns":5},{"damage":0,"enemies":"Shelled Parasite and Fungi","floor":33,"turns":4},{"damage":56,"enemies":"Collector","floor":35,"turns":8},{"damage":15,"enemies":"Orb Walker","floor":37,"turns":3},{"damage":18,"enemies":"3 Darklings","floor":40,"turns":1},{"damage":13,"enemies":"Jaw Worm Horde","floor":41,"turns":3},{"damage":25,"enemies":"R_Hoarder","floor":43,"turns":5},{"damage":18,"enemies":"Spire Growth","floor":46,"turns":6},{"damage":133,"enemies":"Giant Head","floor":48,"turns":9}],"seed_played":"8527135886704855171","potions_obtained":[{"floor":5,"key":"Block Potion"},{"floor":18,"key":"Fruit Juice"},{"floor":21,"key":"AttackPotion"},{"floor":21,"key":"PanachePotion"},{"floor":21,"key":"FairyPotion"},{"floor":26,"key":"LifebloodPotion"},{"floor":32,"key":"DistilledChaos"},{"floor":37,"key":"sneckomod:MuddlingPotion"},{"floor":43,"key":"Guardian:BlockOnCardUsePotion"}],"is_trial":false,"path_per_floor":["M","M","?","$","M","R","?","R","PTL","PTL","T","R","M","R","?","E","R","B",null,"M","?","M","?","M","R","E","R","T","$","M","$","M","M","R","B",null,"M","?","$","M","M","R","E","R","T","M","R","E"],"character_chosen":"HIEROPHANT","items_purchased":["hierophant:CursedGold","halation:Sosunser","hierophant:SolarFlare","conspire:TreasureMap","halation:Jellyphish","hierophant:TollTheBells","hierophant:Charity","halation:NonexistentMirror","hierophant:Charity"],"campfire_rested":5,"item_purchase_floors":[0,0,0,4,29,29,31,39,39],"current_hp_per_floor":[46,30,24,24,22,48,48,74,74,74,74,74,74,74,74,54,54,19,94,94,94,84,84,75,75,52,80,80,80,80,80,73,73,73,21,94,86,96,96,78,65,95,70,70,70,52,82,0,0],"gold":212,"neow_bonus":"","is_daily":false,"chose_seed":false,"campfire_upgraded":6,"win_rate":0.0,"timestamp":1614323390,"path_taken":["M","M","?","$","M","R","?","R","PTL","PTL","T","R","M","R","?","E","R","BOSS","M","?","M","?","M","R","E","R","T","$","?","$","M","M","R","BOSS","M","?","?","M","?","R","E","R","T","M","R","E"],"items_purchased_type":["Card","Relic","Card","Relic","Relic","Card","Card","Relic","Card"],"build_version":"2020-12-22","purchased_purges":1,"victory":false,"max_hp_per_floor":[89,89,89,89,89,89,89,89,89,89,89,89,89,89,89,89,89,94,94,94,94,94,94,94,94,94,94,94,94,94,94,94,94,94,94,94,101,101,101,101,101,101,101,101,101,101,101,101,101],"card_choices":[{"not_picked":["hierophant:Encroach","hierophant:ThreeLashes"],"picked":"hierophant:Smite","floor":1},{"not_picked":["hierophant:SealAway","hierophant:DisplayOfPower"],"picked":"hierophant:MorningPrayer","floor":2},{"not_picked":["hierophant:FlamingChariot","hierophant:Bribe"],"picked":"hierophant:ThreeLashes","floor":3},{"not_picked":["hierophant:SealAway","hierophant:MorningPrayer"],"picked":"hierophant:Chorus","floor":5},{"not_picked":["hierophant:AuricBeam","hierophant:HammerAndAnvil"],"picked":"hierophant:Patience","floor":13},{"not_picked":["hierophant:Encroach","hierophant:OrnateJavelin"],"picked":"hierophant:Zeal","floor":16},{"not_picked":["hierophant:Determination","hierophant:Levitation"],"picked":"hierophant:Generosity","floor":18},{"not_picked":["hierophant:Purify","hierophant:Patience"],"picked":"hierophant:Smite","floor":20},{"not_picked":["hierophant:Blessing","hierophant:OrnateJavelin+1"],"picked":"hierophant:Refuge","floor":22},{"not_picked":["hierophant:Chorus","hierophant:FaithHealing+1"],"picked":"hierophant:OrnateBuckler+1","floor":24},{"not_picked":["hierophant:CursedGold+1","hierophant:RepressedViolence"],"picked":"hierophant:PassingBell+1","floor":26},{"not_picked":["hierophant:LocustPlague","hierophant:MorningPrayer+1"],"picked":"hierophant:Endure","floor":30},{"not_picked":["hierophant:PassingBell","hierophant:Shelter"],"picked":"hierophant:Smite+1","floor":32},{"not_picked":["hierophant:RepressedViolence+1","hierophant:HammerAndAnvil"],"picked":"hierophant:SecretStash","floor":33},{"not_picked":["Demon Form","hierophant:DeathKnell"],"picked":"hierophant:WrathOfGod","floor":35},{"not_picked":["hierophant:FlamingChariot+1","hierophant:Encroach+1"],"picked":"hierophant:FaithHealing+1","floor":37},{"not_picked":["hierophant:HammerAndAnvil+1","hierophant:PassingBell+1"],"picked":"hierophant:Glossolalia+1","floor":40},{"not_picked":["hierophant:Prophecy+1","hierophant:SecretStash"],"picked":"hierophant:Encroach+1","floor":41},{"not_picked":["hierophant:Shelter","hierophant:PassingBell+1","hierophant:Alms+1"],"picked":"SKIP","floor":43},{"not_picked":["hierophant:Sermon+1","hierophant:Rebuild+1","hierophant:PassingBell+1"],"picked":"SKIP","floor":46}],"player_experience":155295,"relics_obtained":[{"floor":3,"key":"conspire:BottledYoYo"},{"floor":11,"key":"Bottled Flame"},{"floor":16,"key":"Protect_Vest"},{"floor":26,"key":"ReplayTheSpireMod:Ninjato"},{"floor":28,"key":"PreservedInsect"},{"floor":43,"key":"aspiration:Headhunter"},{"floor":45,"key":"DemoMod:BlueGuonStone"}],"event_choices":[{"damage_healed":0,"gold_gain":0,"player_choice":"Left","damage_taken":0,"max_hp_gain":0,"max_hp_loss":0,"event_name":"betterThird:BetterGoop","floor":7,"gold_loss":31},{"damage_healed":0,"gold_gain":0,"player_choice":"Bought 3 Potions","damage_taken":0,"max_hp_gain":0,"max_hp_loss":0,"event_name":"The Woman in Blue","floor":21,"gold_loss":0},{"damage_healed":0,"gold_gain":250,"player_choice":"Bet on Owner","damage_taken":0,"max_hp_gain":0,"max_hp_loss":0,"event_name":"The Joust","floor":23,"gold_loss":50}],"is_beta":false,"boss_relics":[{"not_picked":["conspire:RunicOctahedron","Runesmith:UraniumAnvil"],"picked":"bronze:MakeshiftBattery"},{"not_picked":["aspiration:PoetsPen_weak","Painkiller Herb"],"picked":"conspire:RoyalGoblet"}],"items_purged_floors":[29],"is_endless":false,"potions_floor_spawned":[5,18,22,24,26,32,33,37,43,46],"killed_by":"Giant Head","ascension_level":0}}