{"host":"yp3213dt42p7qr93","time":1614306186,"event":{"mods":["AchievementEnabler","BaseMod","Minty Spire (QoL Compilation)","Relic Stats"],"gold_per_floor":[116,116,127,141,161,191,44,54,54,69,144,144,158,185,185,285,285,295,295,295,306,321,321,356,356,356,371,402,431,469,501,513,621,633,661,687,699,4,23,50,50,69,69,69,89,116,78,131,131,131,131],"floor_reached":50,"language":"ENG","playtime":8072,"items_purged":["Bite"],"score":833,"play_id":"0326397d-65ba-4d5a-9d7b-767c97e04e60","local_time":"20210225212306","is_ascension_mode":true,"campfire_choices":[{"floor":12.0,"key":"REST"},{"data":"Wraith Form v2","floor":15.0,"key":"SMITH"},{"data":"After Image","floor":23.0,"key":"SMITH"},{"data":"Footwork","floor":25.0,"key":"SMITH"},{"data":"Bullet Time","floor":32.0,"key":"SMITH"},{"data":"Catalyst","floor":44.0,"key":"SMITH"},{"floor":49.0,"key":"RECALL"}],"circlet_count":0,"master_deck":["Defend_G","Defend_G","Defend_G+1","Defend_G","Defend_G","Survivor","Neutralize","Blade Dance","Bouncing Flask","Well Laid Plans","Catalyst+1","Bane","After Image+1","Dash","Footwork+1","Wraith Form v2+1","Bullet Time+1","Infinite Blades","Bite","Bite","Bite","Bite","Crippling Poison","Deadly Poison+1","Dodge and Roll+1","Leg Sweep+1","Blade Dance","Noxious Fumes+1","Tools of the Trade","Cloak And Dagger+1","Terror+1","Calculated Gamble","Crippling Poison+1","PiercingWail","Bane+1","Cloak And Dagger+1","Accuracy","Outmaneuver+1"],"relics":["Ring of the Snake","Toy Ornithopter","Tingsha","Question Card","SlaversCollar","Enchiridion","Thread and Needle","Dream Catcher","MawBank","War Paint","Sozu","Matryoshka","StoneCalendar","Ancient Tea Set","Omamori","Unceasing Top","Torii"],"acts_visited":["Exordium","TheCity","TheBeyond"],"potions_floor_usage":[50,50],"damage_taken":[{"damage":1.0,"enemies":"Jaw Worm","floor":1.0,"turns":7.0},{"damage":0.0,"enemies":"Cultist","floor":3.0,"turns":4.0},{"damage":0.0,"enemies":"2 Louse","floor":4.0,"turns":2.0},{"damage":6.0,"enemies":"Blue Slaver","floor":5.0,"turns":5.0},{"damage":2.0,"enemies":"Gremlin Nob","floor":6.0,"turns":3.0},{"damage":9.0,"enemies":"3 Louse","floor":8.0,"turns":3.0},{"damage":12.0,"enemies":"Large Slime","floor":10.0,"turns":6.0},{"damage":0.0,"enemies":"Red Slaver","floor":13.0,"turns":4.0},{"damage":22.0,"enemies":"3 Sentries","floor":14.0,"turns":9.0},{"damage":4.0,"enemies":"Hexaghost","floor":16.0,"turns":8.0},{"damage":2.0,"enemies":"Chosen","floor":18.0,"turns":6.0},{"damage":11.0,"enemies":"Shell Parasite","floor":21.0,"turns":6.0},{"damage":18.0,"enemies":"Centurion and Healer","floor":22.0,"turns":8.0},{"damage":16.0,"enemies":"Book of Stabbing","floor":24.0,"turns":6.0},{"damage":10.0,"enemies":"Snecko","floor":27.0,"turns":5.0},{"damage":33.0,"enemies":"Gremlin Leader","floor":28.0,"turns":7.0},{"damage":0.0,"enemies":"3 Cultists","floor":29.0,"turns":6.0},{"damage":0.0,"enemies":"Slavers","floor":30.0,"turns":5.0},{"damage":15.0,"enemies":"Chosen and Byrds","floor":31.0,"turns":9.0},{"damage":13.0,"enemies":"Automaton","floor":33.0,"turns":10.0},{"damage":4.0,"enemies":"3 Shapes","floor":35.0,"turns":6.0},{"damage":2.0,"enemies":"Orb Walker","floor":36.0,"turns":3.0},{"damage":17.0,"enemies":"Jaw Worm Horde","floor":39.0,"turns":5.0},{"damage":1.0,"enemies":"Giant Head","floor":40.0,"turns":8.0},{"damage":0.0,"enemies":"Spire Growth","floor":42.0,"turns":6.0},{"damage":0.0,"enemies":"3 Darklings","floor":45.0,"turns":6.0},{"damage":4.0,"enemies":"Reptomancer","floor":46.0,"turns":7.0},{"damage":49.0,"enemies":"2 Orb Walkers","floor":48.0,"turns":6.0},{"damage":41,"enemies":"Awakened One","floor":50,"turns":11}],"seed_played":"-8660238542358581924","potions_obtained":[{"floor":3.0,"key":"EntropicBrew"},{"floor":4.0,"key":"ColorlessPotion"},{"floor":6.0,"key":"EntropicBrew"},{"floor":16.0,"key":"SteroidPotion"},{"floor":22.0,"key":"SteroidPotion"},{"floor":27.0,"key":"Strength Potion"},{"floor":29.0,"key":"SneckoOil"},{"floor":30.0,"key":"FearPotion"},{"floor":31.0,"key":"Explosive Potion"},{"floor":33.0,"key":"SteroidPotion"}],"is_trial":false,"path_per_floor":["M","?","M","M","M","E","$","M","T","M","?","R","M","E","R","B",null,"M","?","?","M","M","R","E","R","T","M","E","M","E","M","R","B",null,"M","M","?","$","M","E","?","M","T","R","M","E","$","?","R","B"],"character_chosen":"THE_SILENT","items_purchased":["After Image","Matryoshka","StoneCalendar","Calculated Gamble","Accuracy"],"campfire_rested":1,"item_purchase_floors":[7,38,38,38,47],"current_hp_per_floor":[62,62,62,62,56,54,54,45,45,33,22,47,47,30,30,46,75,73,58,42,39,33,33,35,35,35,37,28,34,49,40,40,45,55,58,56,56,56,39,48,48,56,56,56,58,58,58,15,15,0,0],"gold":131,"neow_bonus":"TWENTY_PERCENT_HP_BONUS","is_daily":false,"chose_seed":false,"campfire_upgraded":5,"win_rate":0.0,"timestamp":1614306186,"path_taken":["M","?","M","M","M","E","?","M","T","M","?","R","M","E","R","BOSS","M","?","?","M","M","R","E","R","T","M","E","M","E","M","R","BOSS","M","M","?","$","M","E","?","M","T","R","M","E","$","?","R","BOSS"],"items_purchased_type":["Card","Relic","Relic","Card","Card"],"build_version":"2020-12-22","purchased_purges":1,"victory":false,"max_hp_per_floor":[84,84,84,84,84,84,84,84,84,84,84,84,84,84,84,84,84,84,58,58,58,58,58,58,58,58,58,58,58,58,58,58,58,58,58,58,58,58,58,58,58,58,58,58,58,58,58,58,58,58,58],"relic_stats":{"Torii":5,"counters":[29,177],"Tingsha":[161],"StoneCalendar":[92],"War Paint":["Defend_G","Deadly Poison"],"Question Card":21,"MawBank":120,"Sozu":3,"Dream Catcher":0,"obtain_stats":[{"Torii":48,"Enchiridion":20,"Tingsha":9,"Thread and Needle":24,"StoneCalendar":38,"Omamori":43,"War Paint":30,"Question Card":14,"MawBank":28,"Ancient Tea Set":40,"Sozu":34,"SlaversCollar":17,"Dream Catcher":26,"Matryoshka":38,"Toy Ornithopter":6,"Unceasing Top":46,"Ring of the Snake":0},{"Torii":28,"Enchiridion":11,"Tingsha":6,"Thread and Needle":14,"StoneCalendar":22,"Omamori":25,"War Paint":18,"Question Card":9,"MawBank":16,"Ancient Tea Set":24,"Sozu":20,"SlaversCollar":10,"Dream Catcher":14,"Matryoshka":22,"Toy Ornithopter":5,"Unceasing Top":27,"Ring of the Snake":0},{"Torii":166,"Enchiridion":57,"Tingsha":24,"Thread and Needle":77,"StoneCalendar":128,"Omamori":147,"War Paint":100,"Question Card":43,"MawBank":89,"Ancient Tea Set":141,"Sozu":119,"SlaversCollar":51,"Dream Catcher":77,"Matryoshka":128,"Toy Ornithopter":21,"Unceasing Top":160,"Ring of the Snake":0}],"Toy Ornithopter":55,"Unceasing Top":[10],"Ring of the Snake":[58]},"card_choices":[{"not_picked":["Deadly Poison","Slice"],"picked":"Blade Dance","floor":1.0},{"not_picked":["Acrobatics","Flying Knee"],"picked":"Bouncing Flask","floor":3.0},{"not_picked":["Deflect","Riddle With Holes"],"picked":"Well Laid Plans","floor":4.0},{"not_picked":["Backflip","Underhanded Strike"],"picked":"Catalyst","floor":5.0},{"not_picked":["Accuracy","Dagger Spray"],"picked":"Bane","floor":6.0},{"not_picked":["Acrobatics","Distraction","Deflect"],"picked":"SKIP","floor":8.0},{"not_picked":["Blade Dance","Terror"],"picked":"Dash","floor":10.0},{"not_picked":["Terror","Deflect"],"picked":"Footwork","floor":13.0},{"not_picked":["Bane","Eviscerate"],"picked":"Wraith Form v2","floor":14.0},{"not_picked":["Venomology","Envenom","Adrenaline"],"picked":"Bullet Time","floor":16.0},{"not_picked":["Dagger Throw","Expertise+1","Blur+1"],"picked":"Infinite Blades","floor":18.0},{"not_picked":["Concentrate","Finisher","Outmaneuver+1"],"picked":"Crippling Poison","floor":21.0},{"not_picked":["Setup","Flying Knee","Acrobatics"],"picked":"Deadly Poison","floor":22.0},{"not_picked":["Eviscerate","Prepared","Acrobatics"],"picked":"Dagger Spray+1","floor":24.0},{"not_picked":["Underhanded Strike","Quick Slash+1","Deadly Poison"],"picked":"Dodge and Roll+1","floor":27.0},{"not_picked":["Bouncing Flask+1","Slice","Cloak And Dagger"],"picked":"Leg Sweep+1","floor":28.0},{"not_picked":["Poisoned Stab","Underhanded Strike","Deadly Poison"],"picked":"Blade Dance","floor":29.0},{"not_picked":["Setup","Grand Finale","Dagger Spray+1","Masterful Stab"],"picked":"SKIP","floor":30.0},{"not_picked":["Flechettes","Backstab","Bane+1"],"picked":"Noxious Fumes+1","floor":31.0},{"not_picked":["Bullet Time","Glass Knife","Envenom"],"picked":"Tools of the Trade","floor":33.0},{"not_picked":["Underhanded Strike+1","Deflect","Accuracy+1"],"picked":"Cloak And Dagger+1","floor":35.0},{"not_picked":["Bane","Quick Slash+1","Acrobatics+1"],"picked":"Terror+1","floor":36.0},{"not_picked":["Underhanded Strike","Dagger Throw","Acrobatics+1"],"picked":"Crippling Poison+1","floor":39.0},{"not_picked":["Infinite Blades","Die Die Die","Bouncing Flask"],"picked":"PiercingWail","floor":40.0},{"not_picked":["Endless Agony","Quick Slash","Blur","Bane"],"picked":"SKIP","floor":42.0},{"not_picked":["Prepared+1","Slice","Reflex+1"],"picked":"Bane+1","floor":45.0},{"not_picked":["Flying Knee","Predator","Outmaneuver"],"picked":"Cloak And Dagger+1","floor":46.0},{"not_picked":["Backstab","Escape Plan","Terror"],"picked":"Outmaneuver+1","floor":48.0}],"player_experience":129331,"relics_obtained":[{"floor":6.0,"key":"Toy Ornithopter"},{"floor":9.0,"key":"Tingsha"},{"floor":14.0,"key":"Question Card"},{"floor":20.0,"key":"Enchiridion"},{"floor":24.0,"key":"Thread and Needle"},{"floor":26.0,"key":"Dream Catcher"},{"floor":28.0,"key":"MawBank"},{"floor":30.0,"key":"War Paint"},{"floor":40.0,"key":"Ancient Tea Set"},{"floor":43.0,"key":"Omamori"},{"floor":46.0,"key":"Unceasing Top"},{"floor":48.0,"key":"Torii"}],"event_choices":[{"cards_removed":["Strike_G"],"damage_healed":0.0,"max_hp_gain":0.0,"max_hp_loss":0.0,"gold_gain":0.0,"event_name":"Bonfire Elementals","player_choice":"Offered Basic","floor":2.0,"gold_loss":0.0,"damage_taken":0.0},{"damage_healed":0.0,"max_hp_gain":0.0,"max_hp_loss":0.0,"gold_gain":75.0,"event_name":"World of Goop","player_choice":"Gather Gold","floor":11.0,"gold_loss":0.0,"damage_taken":11.0},{"damage_healed":0.0,"max_hp_gain":0.0,"max_hp_loss":26.0,"gold_gain":0.0,"event_name":"Vampires","player_choice":"Became a vampire","floor":19.0,"gold_loss":0.0,"damage_taken":0.0,"cards_obtained":["Bite","Bite","Bite","Bite","Bite"]},{"damage_healed":0.0,"max_hp_gain":0.0,"max_hp_loss":0.0,"gold_gain":0.0,"event_name":"Cursed Tome","player_choice":"Obtained Book","floor":20.0,"gold_loss":0.0,"damage_taken":16.0},{"cards_removed":["Dagger Spray"],"damage_healed":0.0,"max_hp_gain":0.0,"max_hp_loss":0.0,"gold_gain":0.0,"event_name":"Falling","player_choice":"Removed Attack","floor":37.0,"gold_loss":0.0,"damage_taken":0.0},{"damage_healed":0.0,"max_hp_gain":0.0,"max_hp_loss":0.0,"gold_gain":0.0,"event_name":"SensoryStone","player_choice":"Memory 1","floor":41.0,"gold_loss":0.0,"damage_taken":0.0},{"damage_healed":0.0,"max_hp_gain":0.0,"max_hp_loss":0.0,"gold_gain":0.0,"event_name":"Mysterious Sphere","player_choice":"Fight","floor":48.0,"gold_loss":0.0,"damage_taken":0.0}],"is_beta":false,"boss_relics":[{"not_picked":["Busted Crown","Ectoplasm"],"picked":"SlaversCollar"},{"not_picked":["Calling Bell","Velvet Choker"],"picked":"Sozu"}],"items_purged_floors":[38],"is_endless":false,"potions_floor_spawned":[3,4,6,8,16,22,27,29,30,31,33,35,42,45,46],"killed_by":"Awakened One","ascension_level":5}}