{"host":"6xghz2lkudss8si6","time":1614310544,"event":{"mods":["AchievementEnabler","BaseMod","Colored Map","DeckTracker","Minty Spire (QoL Compilation)","Quick Restart","StSLib","SuperFastMode"],"gold_per_floor":[113,129,129,145,165,165,200,218,218,218,248,266,293,309,309,405,405,425,340,340,357,369,369,397,322,345,356,204,223,223,223,223,322,322,333,333,333,383,143,143,170,180,180,180,180,208,208,2,2,2],"floor_reached":51,"language":"KOR","playtime":2476,"items_purged":["Decay","Shame","Pain"],"score":1152,"play_id":"183207e2-0f4e-48ed-8c05-dab8a5c77885","local_time":"20210226123544","is_ascension_mode":true,"campfire_choices":[{"data":"Sunder","floor":6,"key":"SMITH"},{"data":"Ball Lightning","floor":10,"key":"SMITH"},{"data":"Hologram","floor":15,"key":"SMITH"},{"data":"Coolheaded","floor":23,"key":"SMITH"},{"data":"Recycle","floor":30,"key":"SMITH"},{"floor":32,"key":"REST"},{"data":"Glacier","floor":40,"key":"SMITH"},{"data":"Dualcast","floor":44,"key":"SMITH"},{"data":"Barrage","floor":47,"key":"SMITH"},{"floor":49,"key":"REST"}],"circlet_count":0,"master_deck":["Strike_B","Strike_B","Strike_B","Defend_B","Defend_B","Defend_B","Defend_B","Zap","Dualcast+1","Rebound","Coolheaded+1","Sunder+1","Self Repair","Chill","Ball Lightning+1","Barrage+1","Seek","Hologram+1","Defragment+1","Ball Lightning","Biased Cognition+1","Leap","Recycle+1","Buffer+1","Coolheaded","Cold Snap","Machine Learning+1","Purity","Glacier+1","BootSequence+1","Writhe","Leap+1","Flash of Steel","Undo+1"],"relics":["Cursed Key","Darkstone Periapt","Lantern","Centennial Puzzle","Frozen Egg 2","Inserter","Shuriken","Dream Catcher","Regal Pillow","Philosopher\u0027s Stone","CaptainsWheel","Kunai","Blood Vial","Symbiotic Virus","Akabeko"],"acts_visited":["Exordium","TheCity","TheBeyond"],"potions_floor_usage":[11,13,13,16,22,24,33,38,50,50,50],"damage_taken":[{"damage":0,"enemies":"Small Slimes","floor":1,"turns":4},{"damage":1,"enemies":"Cultist","floor":2,"turns":4},{"damage":2,"enemies":"Jaw Worm","floor":4,"turns":3},{"damage":0,"enemies":"2 Fungi Beasts","floor":5,"turns":2},{"damage":25,"enemies":"Gremlin Nob","floor":7,"turns":5},{"damage":0,"enemies":"Exordium Thugs","floor":8,"turns":3},{"damage":10,"enemies":"Lagavulin","floor":11,"turns":5},{"damage":7,"enemies":"Red Slaver","floor":12,"turns":2},{"damage":10,"enemies":"3 Sentries","floor":13,"turns":4},{"damage":5,"enemies":"Blue Slaver","floor":14,"turns":2},{"damage":18,"enemies":"The Guardian","floor":16,"turns":12},{"damage":17,"enemies":"2 Thieves","floor":18,"turns":3},{"damage":9,"enemies":"Chosen","floor":21,"turns":4},{"damage":3,"enemies":"Snecko","floor":22,"turns":6},{"damage":33,"enemies":"Slavers","floor":24,"turns":5},{"damage":9,"enemies":"Snake Plant","floor":27,"turns":6},{"damage":0,"enemies":"Centurion and Healer","floor":29,"turns":4},{"damage":0,"enemies":"Collector","floor":33,"turns":11},{"damage":2,"enemies":"Orb Walker","floor":35,"turns":4},{"damage":42,"enemies":"Mind Bloom Boss Battle","floor":38,"turns":6},{"damage":7,"enemies":"Reptomancer","floor":41,"turns":7},{"damage":0,"enemies":"3 Darklings","floor":42,"turns":7},{"damage":12,"enemies":"Giant Head","floor":46,"turns":9},{"damage":28,"enemies":"Donu and Deca","floor":50,"turns":11}],"seed_played":"96692002388101840","potions_obtained":[{"floor":2,"key":"Weak Potion"},{"floor":7,"key":"Energy Potion"},{"floor":8,"key":"Explosive Potion"},{"floor":11,"key":"SkillPotion"},{"floor":13,"key":"AttackPotion"},{"floor":18,"key":"Ancient Potion"},{"floor":20,"key":"SkillPotion"},{"floor":20,"key":"Block Potion"},{"floor":22,"key":"Dexterity Potion"},{"floor":38,"key":"BlessingOfTheForge"},{"floor":41,"key":"CultistPotion"}],"is_trial":false,"path_per_floor":["M","M","?","M","M","R","E","M","T","R","E","M","E","M","R","B",null,"M","?","?","M","M","R","E","$","T","M","$","M","R","?","R","B",null,"M","?","?","?","$","R","E","M","T","R","?","E","R","$","R","B",null],"character_chosen":"DEFECT","items_purchased":["Block Potion","Kunai","Flash of Steel"],"campfire_rested":2,"item_purchase_floors":[28,39,48],"current_hp_per_floor":[68,67,67,65,65,65,47,54,60,60,57,57,54,56,56,45,72,62,62,62,60,64,64,38,38,44,42,42,42,42,42,83,87,87,85,85,85,50,50,50,50,59,65,65,94,91,91,91,99,78],"gold":2,"neow_bonus":"BOSS_RELIC","is_daily":false,"chose_seed":false,"campfire_upgraded":8,"win_rate":0.0,"timestamp":1614310544,"path_taken":["M","M","?","?","M","R","E","M","T","R","E","?","E","M","R","BOSS","M","?","?","M","?","R","E","?","T","M","$","M","R","?","R","BOSS","M","?","?","?","$","R","E","M","T","R","?","E","R","?","R","BOSS"],"items_purchased_type":["Potion","Relic","Card"],"build_version":"2020-12-22","purchased_purges":3,"victory":true,"max_hp_per_floor":[75,75,75,75,75,75,75,75,81,81,81,81,81,81,81,81,81,81,81,81,81,81,81,81,81,87,87,87,87,87,87,87,87,87,87,87,87,87,87,87,87,87,93,93,99,99,99,99,99,99],"card_choices":[{"not_picked":["Static Discharge","Stack"],"picked":"Rebound","floor":1},{"not_picked":["Loop","Rip and Tear"],"picked":"Coolheaded","floor":2},{"not_picked":["Coolheaded","Beam Cell"],"picked":"Self Repair","floor":4},{"not_picked":["Barrage","Fusion"],"picked":"Chill","floor":5},{"not_picked":["Heatsinks","Hologram"],"picked":"Ball Lightning","floor":7},{"not_picked":["Loop","Hologram"],"picked":"Barrage","floor":8},{"not_picked":["Streamline","Sweeping Beam"],"picked":"Seek","floor":11},{"not_picked":["Sweeping Beam","Streamline"],"picked":"Hologram","floor":12},{"not_picked":["Cold Snap","Compile Driver"],"picked":"Defragment+1","floor":13},{"not_picked":["Gash","Streamline"],"picked":"Ball Lightning","floor":14},{"not_picked":["Reboot","Multi-Cast"],"picked":"Biased Cognition+1","floor":16},{"not_picked":["Gash","Streamline","Force Field+1"],"picked":"SKIP","floor":18},{"not_picked":["Genetic Algorithm","Ball Lightning","Hello World+1"],"picked":"SKIP","floor":21},{"not_picked":["Rip and Tear","Redo"],"picked":"Leap","floor":22},{"not_picked":["Leap","Compile Driver"],"picked":"Recycle","floor":24},{"not_picked":["Reprogram","Redo"],"picked":"Buffer+1","floor":27},{"not_picked":["Melter","Storm+1"],"picked":"Coolheaded","floor":29},{"not_picked":["Ball Lightning","Go for the Eyes"],"picked":"Cold Snap","floor":32},{"not_picked":["Reboot","Creative AI+1"],"picked":"Machine Learning+1","floor":33},{"not_picked":["Cold Snap","Rebound+1","Leap"],"picked":"SKIP","floor":35},{"not_picked":["Trip","Jack Of All Trades"],"picked":"Purity","floor":36},{"not_picked":["Cold Snap","Hologram"],"picked":"Glacier","floor":38},{"not_picked":["Reprogram+1","Turbo"],"picked":"BootSequence+1","floor":41},{"not_picked":["Doom and Gloom","Beam Cell","Sweeping Beam+1"],"picked":"SKIP","floor":42},{"not_picked":["Stack+1","Steam Power+1"],"picked":"Leap+1","floor":46},{"not_picked":["Sweeping Beam","Compile Driver+1"],"picked":"Undo+1","floor":49}],"player_experience":266229,"relics_obtained":[{"floor":7,"key":"Darkstone Periapt"},{"floor":9,"key":"Lantern"},{"floor":11,"key":"Centennial Puzzle"},{"floor":13,"key":"Frozen Egg 2"},{"floor":24,"key":"Dream Catcher"},{"floor":26,"key":"Regal Pillow"},{"floor":38,"key":"CaptainsWheel"},{"floor":41,"key":"Blood Vial"},{"floor":43,"key":"Symbiotic Virus"},{"floor":46,"key":"Akabeko"}],"event_choices":[{"damage_healed":0,"gold_gain":0,"cards_transformed":["Strike_B"],"player_choice":"Transformed","damage_taken":0,"max_hp_gain":0,"max_hp_loss":0,"event_name":"Transmorgrifier","floor":3,"gold_loss":0,"cards_obtained":["Sunder"]},{"damage_healed":0,"gold_gain":0,"player_choice":"Obtained Relic","damage_taken":0,"relics_obtained":["Shuriken"],"max_hp_gain":0,"max_hp_loss":0,"event_name":"Addict","floor":19,"gold_loss":85},{"damage_healed":0,"gold_gain":0,"player_choice":"Got Potions","damage_taken":0,"max_hp_gain":0,"max_hp_loss":0,"event_name":"Lab","floor":20,"gold_loss":0},{"damage_healed":0,"gold_gain":0,"player_choice":"Ignored","damage_taken":0,"max_hp_gain":0,"max_hp_loss":0,"event_name":"Vampires","floor":31,"gold_loss":0},{"damage_healed":0,"gold_gain":0,"player_choice":"Memory 1","damage_taken":0,"max_hp_gain":0,"max_hp_loss":0,"event_name":"SensoryStone","floor":36,"gold_loss":0},{"damage_healed":0,"gold_gain":0,"player_choice":"Ignored","damage_taken":0,"max_hp_gain":0,"max_hp_loss":0,"event_name":"Mysterious Sphere","floor":37,"gold_loss":0},{"damage_healed":0,"gold_gain":0,"player_choice":"Fight","damage_taken":0,"max_hp_gain":0,"max_hp_loss":0,"event_name":"MindBloom","floor":38,"gold_loss":0},{"damage_healed":23,"gold_gain":0,"player_choice":"Writhe","damage_taken":0,"max_hp_gain":0,"max_hp_loss":0,"event_name":"Winding Halls","floor":45,"gold_loss":0,"cards_obtained":["Writhe"]}],"is_beta":false,"boss_relics":[{"not_picked":["Black Star","Runic Dome"],"picked":"Inserter"},{"not_picked":["Sozu","Empty Cage"],"picked":"Philosopher\u0027s Stone"}],"items_purged_floors":[25,28,48],"is_endless":false,"potions_floor_spawned":[2,7,8,11,13,18,22,38,41,42],"ascension_level":9}}