{"host":"x05n69rv5q9mps34","time":1614381270,"event":{"mods":["AchievementEnabler","BaseMod","Colored Map","Minty Spire (QoL Compilation)","SuperFastMode"],"gold_per_floor":[112,158,158,177,137,137,147,167,167,184,184,199,149,201,201,298,298,312,322,341,341,341,341],"floor_reached":22,"language":"ENG","playtime":675,"items_purged":[],"score":178,"play_id":"60a91773-152a-4daa-92c9-0b94244212a7","local_time":"20210226201430","is_ascension_mode":false,"campfire_choices":[{"data":"Redo","floor":6,"key":"SMITH"},{"data":"Redo","floor":11,"key":"SMITH"},{"data":"Loop","floor":15,"key":"SMITH"}],"circlet_count":0,"master_deck":["Strike_B","Strike_B","Strike_B","Defend_B","Defend_B","Defend_B","Defend_B","Zap","Dualcast","Reboot","Melter","Redo+1","Sunder","Redo+1","Loop+1","Electrodynamics","Seek","Cold Snap","Barrage"],"relics":["Cracked Core"],"acts_visited":["Exordium","TheCity"],"potions_floor_usage":[16,19,19],"damage_taken":[{"damage":1,"enemies":"Cultist","floor":1,"turns":3},{"damage":2,"enemies":"Small Slimes","floor":4,"turns":4},{"damage":0,"enemies":"2 Louse","floor":7,"turns":2},{"damage":6,"enemies":"Red Slaver","floor":8,"turns":3},{"damage":7,"enemies":"Looter","floor":10,"turns":4},{"damage":3,"enemies":"3 Louse","floor":12,"turns":2},{"damage":26,"enemies":"The Guardian","floor":16,"turns":9},{"damage":0,"enemies":"Spheric Guardian","floor":18,"turns":3},{"damage":18,"enemies":"3 Byrds","floor":19,"turns":3},{"damage":52,"enemies":"Cultist and Chosen","floor":20,"turns":8},{"damage":0,"enemies":"Masked Bandits","floor":22,"turns":1}],"seed_played":"-1088576579173975470","potions_obtained":[{"floor":5,"key":"SkillPotion"},{"floor":5,"key":"SpeedPotion"},{"floor":5,"key":"SmokeBomb"},{"floor":7,"key":"PowerPotion"}],"is_trial":false,"path_per_floor":["M","T","?","M","?","R","M","M","T","M","R","M","?","?","R","B",null,"M","M","M","?","?"],"character_chosen":"DEFECT","items_purchased":[],"campfire_rested":0,"item_purchase_floors":[],"current_hp_per_floor":[74,74,74,72,72,72,72,66,66,59,59,56,56,56,56,30,75,75,57,5,5,5,5],"gold":341,"neow_bonus":"ONE_RANDOM_RARE_CARD","is_daily":false,"chose_seed":false,"campfire_upgraded":3,"win_rate":0.0,"timestamp":1614381270,"path_taken":["M","?","?","M","?","R","M","M","T","M","R","?","?","?","R","BOSS","M","M","M","?","?"],"items_purchased_type":[],"build_version":"2020-12-22","purchased_purges":0,"victory":false,"max_hp_per_floor":[75,75,75,75,75,75,75,75,75,75,75,75,75,75,75,75,75,75,75,75,75,75,75],"card_choices":[{"not_picked":["Hologram","Redo"],"picked":"Melter","floor":1},{"not_picked":["Leap","Rebound"],"picked":"Redo","floor":4},{"not_picked":["Steam","Rebound"],"picked":"Sunder","floor":7},{"not_picked":["Gash","Sunder"],"picked":"Redo","floor":8},{"not_picked":["Double Energy","Turbo"],"picked":"Loop","floor":10},{"not_picked":["Stack","Darkness"],"picked":"Electrodynamics","floor":12},{"not_picked":["Meteor Strike","Echo Form"],"picked":"Seek","floor":16},{"not_picked":["Steam","White Noise"],"picked":"Cold Snap","floor":18},{"not_picked":["Streamline+1","Compile Driver"],"picked":"Barrage","floor":19},{"not_picked":["Darkness","Rebound","Steam+1"],"picked":"SKIP","floor":20}],"player_experience":1038700,"relics_obtained":[],"event_choices":[{"damage_healed":0,"gold_gain":0,"player_choice":"Ignored","damage_taken":0,"max_hp_gain":0,"max_hp_loss":0,"event_name":"Golden Idol","floor":3,"gold_loss":0},{"damage_healed":0,"gold_gain":0,"player_choice":"Bought 3 Potions","damage_taken":0,"max_hp_gain":0,"max_hp_loss":0,"event_name":"The Woman in Blue","floor":5,"gold_loss":0},{"cards_removed":["Strike_B"],"damage_healed":0,"gold_gain":0,"player_choice":"Card Removal","damage_taken":0,"max_hp_gain":0,"max_hp_loss":0,"event_name":"The Cleric","floor":13,"gold_loss":50},{"damage_healed":0,"gold_gain":52,"player_choice":"Gained Gold","damage_taken":0,"max_hp_gain":0,"max_hp_loss":0,"event_name":"Golden Wing","floor":14,"gold_loss":0},{"damage_healed":0,"gold_gain":0,"player_choice":"Ignored","damage_taken":0,"max_hp_gain":0,"max_hp_loss":0,"event_name":"Vampires","floor":21,"gold_loss":0},{"damage_healed":0,"gold_gain":0,"player_choice":"Fought Bandits","damage_taken":0,"max_hp_gain":0,"max_hp_loss":0,"event_name":"Masked Bandits","floor":22,"gold_loss":0}],"is_beta":false,"boss_relics":[{"not_picked":["Calling Bell","Pandora\u0027s Box","Coffee Dripper"]}],"items_purged_floors":[],"is_endless":false,"potions_floor_spawned":[7],"killed_by":"Masked Bandits","ascension_level":0}}