{"host":"3asmp5aovk69ekg9","time":1614315403,"event":{"mods":["100% Spire Juice","BaseMod","BetterRewards","Colored Map","Colored Powertips","Dark Map","Hermit","Koishi","Magitek Elite","Minty Spire (QoL Compilation)","Permanent Neow","Prisma Mod","Remove Card Discount Mod","Shade Mod","StSLib","The Alterego","The Cursed","The Death Knight","The Fake Hero","The IronCluck","The Marked","The Senshi","The Wild Card"],"gold_per_floor":[136,180,180,217,20,20,97,97,124,124,207,272,339,408,408,558,558,627,627,687,754,257,337,337,421,445,524,155,221,221,221,221,375,375,392,392,392,392,454,454,532,532,604,604,604,604,681,745,745,795,795,795,32,108,158],"floor_reached":56,"language":"ENG","playtime":8279,"items_purged":["PrismaMod:MiyuCommonAttack","PrismaMod:MiyuCommonDefend","PrismaMod:MiyuCheapChannelAttack","PrismaMod:MiyuCommonAttack","PrismaMod:MiyuCommonAttack","PrismaMod:MiyuCommonAttack","PrismaMod:MiyuCommonAttack","PrismaMod:MiyuUncommonDexBuff","PrismaMod:MiyuCommonDefend","Trip","PrismaMod:MiyuCheapEvoke","PrismaMod:MiyuMaid","PrismaMod:MiyuCheapStrBuff","PrismaMod:MiyuDefenseAbsorbMinor"],"score":2040,"play_id":"3e03810a-a396-478e-bba1-b6764b3ac098","local_time":"20210225205643","is_ascension_mode":true,"campfire_choices":[{"data":"PrismaMod:MiyuEvokeBuffStr","floor":6.0,"key":"SMITH"},{"data":"PrismaMod:MiyuAttackChannelAttack","floor":10.0,"key":"SMITH"},{"data":"PrismaMod:MiyuCheapDefend2","floor":15.0,"key":"SMITH"},{"data":"PrismaMod:MiyuUncommonDexBuff","floor":30,"key":"SMITH"},{"data":"PrismaMod:MiyuUncommonDexBuff","floor":32,"key":"SMITH"},{"data":"Panacea","floor":40,"key":"SMITH"},{"floor":42,"key":"RECALL"},{"data":"Madness","floor":44,"key":"SMITH"},{"data":"Panache","floor":49,"key":"SMITH"},{"data":"PrismaMod:MiyuCarnivalAttack","floor":52,"key":"SMITH"}],"circlet_count":0,"master_deck":["PrismaMod:MiyuCommonDefend","PrismaMod:MiyuCommonDefend","PrismaMod:MiyuCommonDefend","PrismaMod:MiyuEvokeBuffStr+1","PrismaMod:MiyuCarnivalAttack+1","PrismaMod:MiyuUncommonDexBuff+1","Good Instincts","PrismaMod:MiyuAttackChannelAttack+1","PrismaMod:MiyuAttackChannelVul","PrismaMod:MiyuUberAttack+1","PrismaMod:MiyuCheapAttack1+1","PrismaMod:MiyuCheapAttack2+1","PrismaMod:MiyuCheapAttack2+1","PrismaMod:MiyuCheapDefend1","PrismaMod:MiyuCheapDefend2+1","PrismaMod:MiyuOrbIncreasePerm+1","PrismaMod:MiyuCarnivalDefend","PrismaMod:MiyuUncommonDexBuff+1","PrismaMod:MiyuUncommonDexBuff+1","Finesse","Flash of Steel+1","PrismaMod:MiyuUncommonDexBuff+1","Panache+1","PrismaMod:MiyuUberAttack+1","PrismaMod:MiyuDefendChannelDefend","PrismaMod:MiyuUncommonDexBuff+1","Madness","Panacea+1","Sadistic Nature","PrismaMod:MiyuUncommonDefend","PrismaMod:MiyuEvokeCheapAttack+1","PrismaMod:MiyuCarnivalAttack+1","PrismaMod:MiyuCheapPlate","PrismaMod:MiyuOrbIncreasePerm","PrismaMod:MiyuCheapChannelWeak"],"relics":["PrismaMod:PrismaSapphireUpgrade","Eternal Feather","Singing Bowl","PreservedInsect","Guard_Bracelet","Molten Egg 2","Lee\u0027s Waffle","Oddly Smooth Stone","Tiny Chest","The Courier","ClockworkSouvenir","Lantern","Juzu Bracelet","Art of War","Sundial","Smiling Mask","Anchor","DollysMirror","DeathKnight:SindragosasSkull","Golden_Hairpin","Pantograph","Tintinnabulum","Meat on the Bone","Shuriken","Nunchaku"],"acts_visited":["Exordium","TheCity","TheBeyond","TheEnding"],"potions_floor_usage":[39,50,55,55,55],"damage_taken":[{"damage":0.0,"enemies":"Jaw Worm","floor":1.0,"turns":4.0},{"damage":0.0,"enemies":"Cultist","floor":2.0,"turns":3.0},{"damage":0.0,"enemies":"Small Slimes","floor":4.0,"turns":3.0},{"damage":0.0,"enemies":"Gremlin Nob","floor":7.0,"turns":3.0},{"damage":0.0,"enemies":"Lagavulin","floor":11.0,"turns":3.0},{"damage":0.0,"enemies":"Red Slaver","floor":12.0,"turns":2.0},{"damage":6.0,"enemies":"3 Louse","floor":13.0,"turns":3.0},{"damage":0.0,"enemies":"2 Fungi Beasts","floor":14.0,"turns":3.0},{"damage":0.0,"enemies":"Slime Boss","floor":16.0,"turns":4.0},{"damage":0.0,"enemies":"Shell Parasite","floor":18.0,"turns":4.0},{"damage":0.0,"enemies":"Chosen","floor":20.0,"turns":5.0},{"damage":4.0,"enemies":"Snecko","floor":21.0,"turns":5.0},{"damage":0.0,"enemies":"Book of Stabbing","floor":23.0,"turns":4.0},{"damage":0,"enemies":"Gremlin Leader","floor":25,"turns":5},{"damage":8,"enemies":"Book of Stabbing","floor":27,"turns":5},{"damage":5,"enemies":"Chosen and Byrds","floor":29,"turns":5},{"damage":0,"enemies":"Champ","floor":33,"turns":7},{"damage":0,"enemies":"Orb Walker","floor":35,"turns":3},{"damage":0,"enemies":"3 Darklings","floor":39,"turns":7},{"damage":0,"enemies":"Nemesis","floor":41,"turns":5},{"damage":0,"enemies":"Reptomancer","floor":47,"turns":6},{"damage":0,"enemies":"Jaw Worm Horde","floor":48,"turns":5},{"damage":8,"enemies":"Awakened One","floor":50,"turns":12},{"damage":13,"enemies":"Shield and Spear","floor":54,"turns":6},{"damage":38,"enemies":"The Heart","floor":55,"turns":10}],"seed_played":"-2066677938160251098","potions_obtained":[{"floor":1.0,"key":"Strength Potion"},{"floor":2.0,"key":"LiquidBronze"},{"floor":7.0,"key":"DuplicationPotion"},{"floor":39,"key":"Dexterity Potion"}],"is_trial":false,"path_per_floor":["M","M","?","M","$","R","E","?","T","R","E","M","M","M","R","B",null,"M","?","M","M","$","E","T","E","T","E","$","M","R","?","R","B",null,"M","?","?","T","M","R","E","R","T","R","?","?","E","M","R","B",null,"R","$","E","B",null],"character_chosen":"MIYU","items_purchased":["Eternal Feather","Singing Bowl","PreservedInsect","PrismaMod:MiyuEvokeBuffStr","PrismaMod:MiyuCarnivalAttack","PrismaMod:MiyuUncommonDexBuff","Good Instincts","PrismaMod:MiyuAttackChannelAttack","Guard_Bracelet","PrismaMod:MiyuAttackChannelVul","Molten Egg 2","PrismaMod:MiyuCheapAttack2+1","Lee\u0027s Waffle","ClockworkSouvenir","PrismaMod:MiyuUncommonDexBuff","PrismaMod:MiyuUncommonDexBuff","Finesse","Lantern","Juzu Bracelet","Flash of Steel+1","PrismaMod:MiyuUncommonDexBuff","DollysMirror","Panache","Sadistic Nature","Block Potion","PrismaMod:MiyuUncommonDefend","PrismaMod:MiyuEvokeCheapAttack+1","PrismaMod:MiyuCarnivalAttack+1","Trip","PrismaMod:MiyuMaid","PrismaMod:MiyuCheapEvoke","PrismaMod:MiyuCheapStrBuff","PrismaMod:MiyuCheapPlate","PrismaMod:MiyuDefenseAbsorbMinor","PrismaMod:MiyuOrbIncreasePerm"],"campfire_rested":0,"item_purchase_floors":[0,0,0,0,0,0,0,0,0,0,0,5,5,22,22,22,22,22,22,28,28,28,28,53,53,53,53,53,53,53,53,53,53,53,53],"current_hp_per_floor":[21,27,27,31,84,84,86,86,86,86,86,86,80,86,88,90,90,90,90,92,94,94,96,96,98,98,92,92,91,100,100,100,100,100,100,87,81,81,91,106,108,108,108,108,108,108,110,112,112,108,111,112,112,103,78],"gold":158,"neow_bonus":"","is_daily":false,"chose_seed":false,"campfire_upgraded":9,"win_rate":0.0,"timestamp":1614315403,"path_taken":["M","M","?","?","$","R","E","?","T","R","E","M","?","M","R","BOSS","M","?","M","?","$","E","?","E","T","E","$","M","R","?","R","BOSS","M","?","?","?","M","R","E","R","T","R","?","?","E","M","R","BOSS","R","$","E","BOSS"],"items_purchased_type":["Relic","Relic","Relic","Card","Card","Card","Card","Card","Relic","Card","Relic","Card","Relic","Relic","Card","Card","Card","Relic","Relic","Card","Card","Relic","Card","Card","Potion","Card","Card","Card","Card","Card","Card","Card","Card","Card","Card"],"build_version":"2020-12-22","purchased_purges":14,"victory":true,"max_hp_per_floor":[75,77,77,77,84,84,86,86,86,86,86,86,86,88,88,90,90,90,90,92,94,94,96,96,98,98,100,100,100,100,100,100,100,100,100,100,104,104,106,106,108,108,108,108,108,108,110,112,112,112,112,112,112,112,112],"card_choices":[{"not_picked":["PrismaMod:MiyuCheapChannelWeak","PrismaMod:MiyuCheapDexBuff"],"picked":"PrismaMod:MiyuUberAttack+1","floor":1.0},{"not_picked":["PrismaMod:MiyuDevil+1","PrismaMod:MiyuOrbIncreasePerm","PrismaMod:MiyuUberAttack+1"],"picked":"Singing Bowl","floor":2.0},{"not_picked":["PrismaMod:MiyuUberAOEAttack+1","PrismaMod:MiyuCommonAOEAttack+1"],"picked":"PrismaMod:MiyuCheapAttack1+1","floor":4.0},{"not_picked":["PrismaMod:MiyuEvokeAll","PrismaMod:MiyuCheapChannelAttack","PrismaMod:MiyuCheapChannelWeak"],"picked":"Singing Bowl","floor":7.0},{"not_picked":["PrismaMod:MiyuCheapEvoke","PrismaMod:MiyuCheapStrBuff"],"picked":"PrismaMod:MiyuCheapAttack2+1","floor":11.0},{"not_picked":["PrismaMod:MiyuCheapPlate","PrismaMod:MiyuCheapChannelRandom"],"picked":"PrismaMod:MiyuCheapDefend1","floor":12.0},{"not_picked":["PrismaMod:MiyuMaid","PrismaMod:MiyuCheapDexBuff"],"picked":"PrismaMod:MiyuCheapDefend2","floor":13.0},{"not_picked":["PrismaMod:MiyuCheapEvoke","PrismaMod:MiyuEvokeBuffDex","PrismaMod:MiyuUncommonAttack+1"],"picked":"Singing Bowl","floor":14.0},{"not_picked":["PrismaMod:MiyuUberDefend","PrismaMod:MiyuChannelAttackEvoke+1","PrismaMod:MiyuDefendChannelDefend"],"picked":"Singing Bowl","floor":16.0},{"not_picked":["PrismaMod:MiyuCheapChannelWeak","PrismaMod:MiyuDefenseExplosion+1"],"picked":"PrismaMod:MiyuOrbIncreasePerm+1","floor":18.0},{"not_picked":["PrismaMod:MiyuCheapChannelWeak+1","PrismaMod:MiyuCheapChannelRandom","PrismaMod:MiyuMaid"],"picked":"Singing Bowl","floor":20.0},{"not_picked":["PrismaMod:MiyuMaid","PrismaMod:MiyuUncommonAOEAttack+1","PrismaMod:MiyuCheapChannelRandom"],"picked":"Singing Bowl","floor":21.0},{"not_picked":["PrismaMod:MiyuCheapEvoke+1","PrismaMod:MiyuCheapChannelRandom","PrismaMod:MiyuUberDefend"],"picked":"Singing Bowl","floor":23.0},{"not_picked":["PrismaMod:MiyuDefenseExplosion+1","PrismaMod:MiyuUncommonDexBuff","PrismaMod:MiyuEvokeBuffStr+1"],"picked":"Singing Bowl","floor":25},{"not_picked":["PrismaMod:MiyuCheapChannelAttack","PrismaMod:MiyuChristmas","PrismaMod:MiyuCheapDexBuff"],"picked":"Singing Bowl","floor":27},{"not_picked":["PrismaMod:MiyuEvokeBuffStr","PrismaMod:MiyuOrbIncreasePerm"],"picked":"PrismaMod:MiyuUberAttack+1","floor":29},{"not_picked":["PrismaMod:MiyuChannelAttackEvoke+1","PrismaMod:MiyuDefenseAbsorbMinor"],"picked":"PrismaMod:MiyuDefendChannelDefend","floor":33},{"not_picked":["PrismaMod:MiyuCheapEvoke","PrismaMod:MiyuCommonAOEAttack+1"],"picked":"PrismaMod:MiyuUncommonDexBuff+1","floor":35},{"not_picked":["Purity","PanicButton","Dark Shackles"],"picked":"Singing Bowl","floor":37},{"not_picked":["PanicButton","Trip","Bandage Up"],"picked":"Singing Bowl","floor":37},{"not_picked":["Deep Breath","Dark Shackles"],"picked":"Panacea","floor":37},{"not_picked":["PrismaMod:MiyuUncommonAttack+1","PrismaMod:MiyuCheapDexBuff+1","PrismaMod:MiyuUberAOEAttack+1"],"picked":"Singing Bowl","floor":39},{"not_picked":["PrismaMod:MiyuCheapStrBuff","PrismaMod:MiyuCheapAttack2+1","PrismaMod:MiyuUberAOEAttack+1"],"picked":"Singing Bowl","floor":41},{"not_picked":["PrismaMod:MiyuCheapDefend2","PrismaMod:MiyuCheapChannelHeal+1","PrismaMod:MiyuEvokeBuffDex+1"],"picked":"Singing Bowl","floor":47},{"not_picked":["PrismaMod:MiyuMaid+1","PrismaMod:MiyuCheapAttack1+1","PrismaMod:MiyuCheapEvoke"],"picked":"Singing Bowl","floor":48},{"not_picked":["PrismaMod:MiyuChristmas+1","PrismaMod:MiyuUberAttack+1"],"picked":"PrismaMod:MiyuCheapChannelWeak","floor":54}],"player_experience":1551056,"relics_obtained":[{"floor":7.0,"key":"Oddly Smooth Stone"},{"floor":9.0,"key":"Tiny Chest"},{"floor":11.0,"key":"The Courier"},{"floor":23.0,"key":"Art of War"},{"floor":25,"key":"Sundial"},{"floor":26,"key":"Smiling Mask"},{"floor":27,"key":"Anchor"},{"floor":38,"key":"Pantograph"},{"floor":41,"key":"Tintinnabulum"},{"floor":43,"key":"Meat on the Bone"},{"floor":47,"key":"Shuriken"},{"floor":54,"key":"Nunchaku"}],"event_choices":[{"damage_healed":0.0,"max_hp_gain":0.0,"max_hp_loss":0.0,"gold_gain":0.0,"event_name":"Upgrade Shrine","player_choice":"Upgraded","floor":3.0,"gold_loss":0.0,"damage_taken":0.0,"cards_upgraded":["PrismaMod:MiyuUncommonDexBuff"]},{"cards_removed":["PrismaMod:MiyuCheapChannelDefend"],"damage_healed":0.0,"max_hp_gain":0.0,"max_hp_loss":0.0,"gold_gain":0.0,"event_name":"Bonfire Elementals","player_choice":"Offered Uncommon","floor":8.0,"gold_loss":0.0,"damage_taken":0.0},{"damage_healed":0.0,"max_hp_gain":0.0,"max_hp_loss":0.0,"gold_gain":0.0,"event_name":"Match and Keep!","player_choice":"2 cards matched","floor":19.0,"gold_loss":0.0,"damage_taken":0.0,"cards_obtained":["PrismaMod:MiyuCarnivalDefend","PrismaMod:MiyuCommonAOEAttack"]},{"damage_healed":0,"gold_gain":0,"player_choice":"Opened","damage_taken":0,"relics_obtained":["DeathKnight:SindragosasSkull"],"max_hp_gain":0,"max_hp_loss":0,"event_name":"The Mausoleum","floor":31,"gold_loss":0},{"damage_healed":0,"gold_gain":0,"player_choice":"Embrace Madness","damage_taken":13,"max_hp_gain":0,"max_hp_loss":0,"event_name":"Winding Halls","floor":36,"gold_loss":0,"cards_obtained":["Madness","Madness"]},{"damage_healed":0,"gold_gain":0,"player_choice":"Memory 3","damage_taken":10,"max_hp_gain":0,"max_hp_loss":0,"event_name":"SensoryStone","floor":37,"gold_loss":0},{"cards_removed":["Madness"],"damage_healed":0,"gold_gain":0,"player_choice":"Purged","damage_taken":0,"max_hp_gain":0,"max_hp_loss":0,"event_name":"Purifier","floor":45,"gold_loss":0},{"cards_removed":["PrismaMod:MiyuCommonAOEAttack"],"damage_healed":0,"gold_gain":0,"player_choice":"Removed Attack","damage_taken":0,"max_hp_gain":0,"max_hp_loss":0,"event_name":"Falling","floor":46,"gold_loss":0}],"is_beta":false,"boss_relics":[{"not_picked":["Runic Dome","Cursed Key"],"picked":"PrismaMod:PrismaSapphireUpgrade"},{"not_picked":["Pandora\u0027s Box","Philosopher\u0027s Stone"],"picked":"Golden_Hairpin"}],"items_purged_floors":[0,0,0,0,0,5,5,28,53,53,53,53,53,53],"is_endless":false,"potions_floor_spawned":[1,2,7,13,21,23,27,33,39,48,54],"ascension_level":7}}