{"host":"ljaiy5ygc2blx6r2","time":1614336158,"event":{"mods":["Act Like it!","Arknights","BaseMod","Better Vampires","Challenge The Spire","Colored Powertips","Conspire","Gensokyo","HornydragonMod","JesterMod","Koishi","Marisa（F雨　魔理沙）","Minty Spire (QoL Compilation)","Pale of the Ancients","Reimu（博丽灵梦）","Reliquary","Remilia（蕾米莉亚）","Replay The Spire","RumiaBox-露米娅的神秘盒子","SOS（斯巴达之子）","StSLib","TestMod","The Administrix","The Animator","The Bug Knight","The Cursed","The Gatherer","The IronCluck","The Runesmith","The Servant 0.9.4","UnlockEverythingMod","[IsaacMod]以撒尖塔","【功能Mod】聪明的最终Boss","【遗物卡牌】REMEMod","篝火指南"],"gold_per_floor":[113,127,139,539,573,570,570,604,656,656,671,688,688,704,0,103,103,134,26,26,26,26,86,86,114,138,150,197,221,246,308,320,435,447,474,486,498,510,562,609,621,633,645,668,765,789,839,425,435,485,0,0],"floor_reached":53,"language":"ZHS","playtime":2594,"items_purged":["Looming Evil","Pain","Strike_B"],"score":861,"play_id":"a24630f2-10c1-4587-a22c-0a8b7a65a628","local_time":"20210226184238","is_ascension_mode":true,"campfire_choices":[{"floor":7.0,"key":"REST"},{"floor":10.0,"key":"REST"},{"data":"Double Energy","floor":13.0,"key":"SMITH"},{"floor":24.0,"key":"RECALL"},{"data":"Echo Form","floor":27.0,"key":"SMITH"},{"data":"Magnetism","floor":32.0,"key":"SMITH"},{"data":"Buffer","floor":43,"key":"SMITH"},{"data":"REME_FirmDetermination","floor":46,"key":"SMITH"}],"circlet_count":0,"master_deck":["Strike_B","Strike_B","Strike_B","Defend_B+1","Defend_B+1","Defend_B+1","Defend_B+1","Zap","Dualcast","BettingIsNotGood","animator:Rimuru","Machine Learning","Stack","Double Energy+1","Beam Cell","Self Repair","Rip and Tear","Cold Snap","Aggregate","Magnetism+1","Echo Form+1","FTL","REME_FirmDetermination+1","Turbo","Conserve Battery","BasicCrystalCard+1","ReplayTheSpireMod:Calculation Training","Go for the Eyes","Aggregate+1","Redo+1","Hologram","Buffer+1","Turbo+1","Madness","Discovery","REME_FirmDetermination","Force Field","Storm+1","Ball Lightning+1","Scrape+1","testmod-ChaoticCore"],"relics":["Cracked Core","testmod-TestBox","REME_ComplimentaryCards","testmod-AssaultLearning","NineVolt","Baka","The Courier","Pantograph","testmod-LifeArmor","MaYiHuaBei","Habit","MealTicket","Bag of Preparation","ZombieArmy","Pocketwatch","testmod-SaigiyounoYou","Enchiridion","Replay:Bottled Flurry","conspire:TopHat","MawBank","reliquary:ShortFuse","testmod-FatalChain","EasyGame_NEW","WarpedTongs","Replay:Accelerometer","MawBank","Replay:Bottled Eggs","testmod-CyclicPeriapt","Dream Catcher","Turnip","BFFS","reliquary:Stiletto"],"acts_visited":["Exordium","TheCity","TheBeyond"],"potions_floor_usage":[44,47,50],"damage_taken":[{"damage":12.0,"enemies":"ats:Genji","floor":1.0,"turns":4.0},{"damage":25.0,"enemies":"Small Slimes","floor":2.0,"turns":3.0},{"damage":1.0,"enemies":"Jaw Worm","floor":3.0,"turns":2.0},{"damage":23.0,"enemies":"conspire:MimicChest","floor":5.0,"turns":6.0},{"damage":25.0,"enemies":"Gremlin Nob","floor":6.0,"turns":4.0},{"damage":18.0,"enemies":"HollowMod:MossKnight","floor":8.0,"turns":4.0},{"damage":2.0,"enemies":"Red Slaver","floor":11.0,"turns":2.0},{"damage":0.0,"enemies":"3 Louse","floor":12.0,"turns":3.0},{"damage":14.0,"enemies":"Large Slime","floor":14.0,"turns":2.0},{"damage":31.0,"enemies":"The Guardian","floor":16.0,"turns":9.0},{"damage":4.0,"enemies":"3 Byrds","floor":18.0,"turns":5.0},{"damage":14.0,"enemies":"Replay:Snechameleon","floor":23.0,"turns":5.0},{"damage":30.0,"enemies":"REME_1_Revenger","floor":25.0,"turns":5.0},{"damage":4.0,"enemies":"Slavers","floor":28.0,"turns":1.0},{"damage":21.0,"enemies":"Chosen","floor":29.0,"turns":5.0},{"damage":20.0,"enemies":"conspire:HollyBat","floor":30.0,"turns":7.0},{"damage":15.0,"enemies":"HollowMod:Nosk","floor":31.0,"turns":5.0},{"damage":75.0,"enemies":"Champ","floor":33.0,"turns":5.0},{"damage":9.0,"enemies":"3 Shapes","floor":35.0,"turns":2.0},{"damage":8,"enemies":"Orb Walker","floor":39,"turns":3},{"damage":2,"enemies":"Reptomancer","floor":40,"turns":4},{"damage":18,"enemies":"Transient","floor":44,"turns":7},{"damage":46,"enemies":"Giant Head","floor":47,"turns":6},{"damage":7,"enemies":"Sphere and 2 Shapes","floor":49,"turns":3},{"damage":1,"enemies":"3 Darklings","floor":50,"turns":4},{"damage":56,"enemies":"Replay:Hell Engine","floor":52,"turns":10}],"seed_played":"5765803589563538588","potions_obtained":[{"floor":2.0,"key":"Dexterity Potion"},{"floor":6.0,"key":"LifebloodPotion"},{"floor":8.0,"key":"FocusPotion"},{"floor":11.0,"key":"BlessingOfTheForge"},{"floor":31.0,"key":"Adrenaline Potion"},{"floor":33.0,"key":"BlessingOfTheForge"},{"floor":39,"key":"ZuzhouPotion:ReiMu"},{"floor":49,"key":"REME_GoldPotion"}],"is_trial":false,"path_per_floor":["M","M","M","?","?","E","R","E","T","R","M","M","R","M","R","B",null,"M","$","?","?","$","E","R","E","T","R","E","M","M","E","R","B",null,"M","?","?","?","M","E","PTL","PTL","R","M","T","R","E","$","M","M","R","B",null],"character_chosen":"DEFECT","items_purchased":["Magnetism","Habit","MealTicket","Bag of Preparation","ZombieArmy","Pocketwatch","REME_FirmDetermination","Turbo","Dream Catcher","Turnip","testmod-ChaoticCore","BFFS","reliquary:Stiletto"],"campfire_rested":2,"item_purchase_floors":[15,15,15,15,15,15,19,19,48,48,51,51,51],"current_hp_per_floor":[63,50,49,49,46,21,43,25,25,47,46,56,56,68,68,54,75,75,75,59,59,74,75,75,70,70,70,75,68,71,75,75,41,75,75,75,75,65,75,75,75,75,75,75,75,75,50,65,75,75,75,75],"gold":0,"neow_bonus":"ONE_RANDOM_RARE_CARD","is_daily":false,"chose_seed":false,"campfire_upgraded":5,"win_rate":0.0,"timestamp":1614336158,"path_taken":["M","M","M","?","?","E","R","E","T","R","M","M","R","M","R","BOSS","M","$","?","?","$","E","R","E","T","R","E","M","?","E","R","BOSS","M","?","?","?","?","E","PTL","PTL","R","M","T","R","E","$","M","M","R","BOSS"],"items_purchased_type":["Card","Relic","Relic","Relic","Relic","Relic","Card","Card","Relic","Relic","Card","Relic","Relic"],"build_version":"2020-12-22","purchased_purges":3,"victory":true,"max_hp_per_floor":[75,75,75,75,75,75,75,75,75,75,75,75,75,75,75,75,75,75,75,75,75,75,75,75,75,75,75,75,75,75,75,75,75,75,75,75,75,75,75,75,75,75,75,75,75,75,75,75,75,75,75,75],"card_choices":[{"not_picked":[],"picked":"BettingIsNotGood","floor":0.0},{"not_picked":["Storm","Barrage"],"picked":"Stack","floor":1.0},{"not_picked":["Panic Button","Time Bomb"],"picked":"Double Energy","floor":2.0},{"not_picked":["Rebound","Bomb"],"picked":"Sweeping Beam","floor":3.0},{"not_picked":["Bomb","Stack"],"picked":"Beam Cell","floor":5.0},{"not_picked":["Stack","Force Field","Barrage"],"picked":"SKIP","floor":6.0},{"not_picked":["Panic Button","Sweeping Beam"],"picked":"Self Repair","floor":8.0},{"not_picked":["Go for the Eyes","Steam"],"picked":"Rip and Tear","floor":11.0},{"not_picked":["BasicCrystalCard","Compile Driver"],"picked":"Cold Snap","floor":12.0},{"not_picked":["Force Field","Capacitor"],"picked":"Aggregate","floor":14.0},{"not_picked":["REME_Shoggoth","ReplayTheSpireMod:Omega Cannon"],"picked":"Echo Form","floor":16.0},{"not_picked":["Compile Driver","Beam Cell+1"],"picked":"FTL","floor":18.0},{"not_picked":["Skim","Go for the Eyes+1"],"picked":"BasicCrystalCard+1","floor":23.0},{"not_picked":["REME_SelfUpgrade","Aggregate"],"picked":"ReplayTheSpireMod:Calculation Training","floor":25.0},{"not_picked":["Gash+1","Panic Button"],"picked":"Go for the Eyes","floor":28.0},{"not_picked":["Steam+1","Panic Button"],"picked":"Aggregate+1","floor":29.0},{"not_picked":["Coolheaded+1","Ball Lightning","Go for the Eyes+1","Cold Snap+1"],"picked":"Redo+1","floor":30.0},{"not_picked":["Fan","Chill"],"picked":"Hologram","floor":31.0},{"not_picked":["Biased Cognition","Fission"],"picked":"Buffer","floor":33.0},{"not_picked":["Stack","Sunder"],"picked":"Turbo+1","floor":35.0},{"not_picked":["testmod-TaurusBlackCat","Dramatic Entrance"],"picked":"Madness","floor":38},{"not_picked":["testmod-ComboMaster","Secret Technique"],"picked":"Discovery","floor":38},{"not_picked":["Replay:Sssssssssstrike","ReplayTheSpireMod:Uncanny Aura"],"picked":"REME_FirmDetermination","floor":38},{"not_picked":["Rebound","ReplayTheSpireMod:Reroute Power"],"picked":"Force Field","floor":39},{"not_picked":["Turbo","Conserve Battery","Compile Driver"],"picked":"SKIP","floor":40},{"not_picked":["Streamline","Genetic Algorithm+1","Hologram+1","Defragment"],"picked":"Storm+1","floor":44},{"not_picked":["REME_SelfUpgrade","ElectricPowerLearning","Panic Button+1"],"picked":"SKIP","floor":47},{"not_picked":["Sunder+1","Crystallizer+1"],"picked":"Ball Lightning+1","floor":49},{"not_picked":["Barrage+1","BasicCrystalCard"],"picked":"Scrape+1","floor":50}],"player_experience":249177,"relics_obtained":[{"floor":1.0,"key":"Baka"},{"floor":5.0,"key":"The Courier"},{"floor":6.0,"key":"Pantograph"},{"floor":8.0,"key":"testmod-LifeArmor"},{"floor":9.0,"key":"MaYiHuaBei"},{"floor":20.0,"key":"Enchiridion"},{"floor":23.0,"key":"Replay:Bottled Flurry"},{"floor":25.0,"key":"conspire:TopHat"},{"floor":26.0,"key":"MawBank"},{"floor":28.0,"key":"reliquary:ShortFuse"},{"floor":31.0,"key":"testmod-FatalChain"},{"floor":40,"key":"Replay:Accelerometer"},{"floor":44,"key":"MawBank"},{"floor":45,"key":"Replay:Bottled Eggs"},{"floor":47,"key":"testmod-CyclicPeriapt"}],"event_choices":[{"damage_healed":0.0,"max_hp_gain":0.0,"max_hp_loss":0.0,"gold_gain":400.0,"event_name":"恩洛斯的盘子","player_choice":"Sell","floor":4.0,"relics_lost":["HushsDoor"],"gold_loss":0.0,"damage_taken":0.0},{"damage_healed":0.0,"max_hp_gain":0.0,"max_hp_loss":0.0,"gold_gain":0.0,"event_name":"Cursed Tome","player_choice":"Obtained Book","floor":20.0,"gold_loss":0.0,"damage_taken":16.0},{"damage_healed":0.0,"max_hp_gain":0.0,"max_hp_loss":0.0,"gold_gain":0.0,"event_name":"The Library","player_choice":"Read","floor":21.0,"gold_loss":0.0,"damage_taken":0.0,"cards_obtained":["Conserve Battery"]},{"damage_healed":0.0,"max_hp_gain":0.0,"max_hp_loss":0.0,"gold_gain":0.0,"event_name":"Accursed Blacksmith","player_choice":"Rummage","floor":36.0,"gold_loss":0.0,"damage_taken":0.0,"relics_obtained":["WarpedTongs"],"cards_obtained":["Pain"]},{"damage_healed":0,"gold_gain":0,"player_choice":"Ignored","damage_taken":0,"max_hp_gain":0,"max_hp_loss":0,"event_name":"SecretPortal","floor":37,"gold_loss":0},{"damage_healed":0,"gold_gain":0,"player_choice":"Memory 3","damage_taken":10,"max_hp_gain":0,"max_hp_loss":0,"event_name":"SensoryStone","floor":38,"gold_loss":0}],"is_beta":false,"boss_relics":[{"not_picked":["reliquary:RedPaperclip","Painkiller Herb"],"picked":"testmod-SaigiyounoYou"},{"not_picked":["reliquary:Ember","SacredBark"],"picked":"EasyGame_NEW"}],"items_purged_floors":[15,48,51],"is_endless":false,"potions_floor_spawned":[2,6,8,11,14,29,30,31,33,39,40,49],"ascension_level":1}}