{"host":"xsyxumpp1kksrtww","time":1614367956,"event":{"mods":["Act Like it!","Ascension Unlocker","BaseMod","Colored Map","Colored Powertips","Library of Ruina","Library of Ruina Extra","Lobotomy","LobotomyExtend","Minty Spire (QoL Compilation)","Permanent Neow","Quick Restart","Rare Cards Sparkle","Replay The Spire","Shop Mod","StSLib"],"gold_per_floor":[111,111,127,146,163,163,191,116,141,141,151,151,101,117,117,213,213,226,226,126,144,154,154,179,192,192,208,208,237,237,271,271,369,369,382,402,421,199,211,239,239,239,239,253,253,284,284,299,299,299,299,299,299,71,103,103],"floor_reached":57,"language":"ZHS","playtime":4499,"items_purged":["LightAttack","LightDefense","LightDefense","LightDefense"],"score":2111,"play_id":"d1886714-e54b-431e-9ee7-addd74040fc6","local_time":"20210227033236","is_ascension_mode":true,"campfire_choices":[{"data":"Observe","floor":6.0,"key":"SMITH"},{"data":"TheWillOfTheCity","floor":10.0,"key":"SMITH"},{"data":"FocusedStrikes","floor":15.0,"key":"SMITH"},{"floor":23.0,"key":"RECALL"},{"floor":32.0,"key":"REST"},{"floor":41.0,"key":"REST"},{"floor":49.0,"key":"REST"},{"floor":53.0,"key":"REST"}],"circlet_count":0,"master_deck":["BigBird","Woodsman","ApocalypseBird","PunishingBird","LongBird","AscendersBane","Dodge","LightDefense","ChargeAndCover","FocusedStrikes+1","PreemptiveStrike","MHz","OldLady","GuidanceOfTheGears","LaLuna","Observe+1","TheWillOfTheCity+1","Wellcheers","BiAn","EmotionalTurbulence","UniverseFragment","Leap_lor+1","Porccubus","SerpentSwordTechnique+1","BigBadWolf","DimensionalRift+1","ChopItOff+1","EnergyBeam+1","RulesOfTheBackstreets+1","OSAHOGD","AsThePrescriptOrders+1","VoidDream","SparkingSpear+1","UnavoidableGaze","Variant","Trip","BlindFaith","SilentMist+1","Yin","FrontalAssault+1"],"relics":["PageOfLibrarian","CogitoBucket","LetterFromLob","Blue Doll","Akabeko","SkinProphecy","Fusion Hammer","MutagenicStrength","HellTrain","Replay:Bottled Steam","Molten Egg 2","PageOfPorccubus","Bag of Marbles","Busted Crown","AtMidnight","BackwardClock","Justitia_r","Blue Candle","Twilight","Logging_r","Lamp_r","Du-Vu Doll","Membership Card","Pet Ghost"],"acts_visited":["Exordium","TheCity","TheBeyond","TheEnding"],"potions_floor_usage":[],"damage_taken":[{"damage":7.0,"enemies":"2 Louse","floor":1.0,"turns":3.0},{"damage":6.0,"enemies":"Cultist","floor":3.0,"turns":3.0},{"damage":8.0,"enemies":"Jaw Worm","floor":4.0,"turns":3.0},{"damage":2.0,"enemies":"Blue Slaver","floor":5.0,"turns":2.0},{"damage":9.0,"enemies":"Lagavulin","floor":7.0,"turns":5.0},{"damage":12.0,"enemies":"3 Louse","floor":11.0,"turns":4.0},{"damage":0.0,"enemies":"Exordium Wildlife","floor":14.0,"turns":3.0},{"damage":0.0,"enemies":"Hexaghost","floor":16.0,"turns":9.0},{"damage":0.0,"enemies":"Chosen","floor":18.0,"turns":3.0},{"damage":0.0,"enemies":"Spheric Guardian","floor":21.0,"turns":1.0},{"damage":0.0,"enemies":"3 Cultists","floor":22.0,"turns":5.0},{"damage":17.0,"enemies":"Book of Stabbing","floor":24.0,"turns":5.0},{"damage":0.0,"enemies":"Shelled Parasite and Fungi","floor":25.0,"turns":2.0},{"damage":0.0,"enemies":"Sentry and Sphere","floor":27.0,"turns":3.0},{"damage":0.0,"enemies":"Gremlin Leader","floor":29.0,"turns":2.0},{"damage":0.0,"enemies":"Slavers","floor":31.0,"turns":3.0},{"damage":28.0,"enemies":"RedHoodMercenary","floor":33.0,"turns":6.0},{"damage":22.0,"enemies":"3 Shapes","floor":35.0,"turns":4.0},{"damage":10.0,"enemies":"3 Darklings","floor":36.0,"turns":3.0},{"damage":8.0,"enemies":"Writhing Mass","floor":37.0,"turns":4.0},{"damage":7.0,"enemies":"4 Shapes","floor":39.0,"turns":3.0},{"damage":5.0,"enemies":"Giant Head","floor":40.0,"turns":4.0},{"damage":0.0,"enemies":"Maw","floor":44.0,"turns":4.0},{"damage":8.0,"enemies":"Jaw Worm Horde","floor":45.0,"turns":7.0},{"damage":0.0,"enemies":"Nemesis","floor":46.0,"turns":2.0},{"damage":0.0,"enemies":"Jaw Worm Horde","floor":48.0,"turns":2.0},{"damage":10.0,"enemies":"Awakened One","floor":50.0,"turns":10.0},{"damage":18.0,"enemies":"Awakened One","floor":51.0,"turns":6.0},{"damage":28,"enemies":"Shield and Spear","floor":55,"turns":4},{"damage":21,"enemies":"The Heart","floor":56,"turns":7}],"seed_played":"4162758021791950803","potions_obtained":[{"floor":1.0,"key":"Adrenaline Potion"},{"floor":3.0,"key":"GamblersBrew"},{"floor":5.0,"key":"EssenceOfSteel"},{"floor":14.0,"key":"FairyPotion"},{"floor":16.0,"key":"Regen Potion"},{"floor":24.0,"key":"EntropicBrew"},{"floor":33.0,"key":"SpeedPotion"},{"floor":48.0,"key":"FairyPotion"}],"is_trial":false,"path_per_floor":["M","?","M","M","M","R","E","$","T","R","M","?","?","M","R","B",null,"M","?","$","M","M","R","E","M","T","M","?","E","?","E","R","B",null,"M","M","M","$","M","E","R","?","T","M","M","E","M","M","R","B",null,null,"R","$","E","B",null],"character_chosen":"Librarian","items_purchased":["SparkingSpear+1","UnavoidableGaze","Membership Card"],"campfire_rested":4,"item_purchase_floors":[38,38,54],"current_hp_per_floor":[47,47,41,33,33,33,30,30,30,30,22,22,22,18,18,20,66,65,65,65,61,53,53,35,31,31,30,30,26,26,31,60,41,86,71,62,54,54,49,51,84,76,76,78,69,65,86,102,123,118,106,123,129,129,119,118],"gold":103,"neow_bonus":"","is_daily":false,"chose_seed":false,"campfire_upgraded":3,"win_rate":0.0,"timestamp":1614367956,"path_taken":["M","?","?","M","M","R","E","?","T","R","M","?","?","?","R","BOSS","M","?","$","M","M","R","E","M","T","M","?","E","?","E","R","BOSS","M","M","M","$","M","E","R","?","T","M","M","E","M","M","R","BOSS","R","$","E","BOSS"],"items_purchased_type":["Card","Card","Relic"],"build_version":"2020-12-22","purchased_purges":4,"victory":true,"max_hp_per_floor":[62,62,78,76,76,76,77,77,77,77,77,77,77,79,79,81,81,83,83,83,85,89,89,91,93,93,95,95,97,97,99,99,101,101,105,107,109,109,97,99,113,113,113,115,117,119,121,123,123,127,129,129,129,129,131,133],"card_choices":[{"not_picked":["Bloodbath","UniverseFragment"],"picked":"PunishingBird","floor":1.0},{"not_picked":["SilentNight","IdentifyWeakpoint","SmokingPipe","Overcharge","ScatteringSlash","QuickAttack","NightInTheBackstreets","Pound"],"picked":"PreemptiveStrike","floor":1.0},{"not_picked":["BigBird","NakedNest"],"picked":"MHz","floor":3.0},{"not_picked":["Faith","DefenseOrder","FierceCharge","SnakeSlit","Parry2","StrongStrike","Feast","Outburst","Suppress"],"picked":"SKIP","floor":3.0},{"not_picked":["UniverseFragment","Variant"],"picked":"OldLady","floor":4.0},{"not_picked":["FlamingDragonFist","Diversion","ForcefulGesture","Tailoring","ViolentFlame","EndlessBattle","ShrineToMusic","GaleKick"],"picked":"GuidanceOfTheGears","floor":4.0},{"not_picked":["BeautyBeast","CherryBlossoms"],"picked":"LaLuna","floor":5.0},{"not_picked":["BlindFaith","ElectricShock","SerpentSwordTechnique","MultiHit","Overcharge","HighSpeedStabbing","ViolentFlame","AsThePrescriptOrders"],"picked":"Observe","floor":5.0},{"not_picked":["ForcefulGesture","BackAttack","Brawl","Leap_lor","StayCalm","FleetEdge","Decapitation","GreatSerpentsImpact"],"picked":"TheWillOfTheCity","floor":7.0},{"not_picked":["Scorched","BeautyBeast"],"picked":"Wellcheers","floor":11.0},{"not_picked":["Parry2","InkOver","Standoff","SuppressingShot","OpportunitySpotted","TrashDisposal","GrazeTheGrass","ToOvercomeCrisis"],"picked":"BiAn","floor":11.0},{"not_picked":["MeatLantern","SpiderBud"],"picked":"DespairKnight","floor":14.0},{"not_picked":["NightInTheBackstreets","LawAndOrder","Parry2","TheWillOfTheCity","GreatSerpentsImpact","FleetFootsteps","StrikeDown","SharpSwipe","YoureTooSlow"],"picked":"SKIP","floor":14.0},{"not_picked":["QueenBee","BeautyBeast"],"picked":"SpiderBud","floor":16.0},{"not_picked":["UnforgettableMelody","MirageStorm"],"picked":"EmotionalTurbulence","floor":16.0},{"not_picked":["DreamingCurrent","Murderer"],"picked":"UniverseFragment","floor":18.0},{"not_picked":["HandleRequest","BizarreAttack","VenomousFangs","UndertakePrescript","Parry","FierceCharge","SharpSwipe","BulkyImpact+1"],"picked":"Leap_lor+1","floor":18.0},{"not_picked":["ShyLook","CherryBlossoms"],"picked":"Porccubus","floor":21.0},{"not_picked":["BlowItUp+1","AsThePrescriptOrders","GuidanceOfTheGears+1","QuickAttack+1","CoordinatedAssault","MirageStorm","Quickness","Leap_lor"],"picked":"SerpentSwordTechnique+1","floor":21.0},{"not_picked":["CrumblingArmor","Woodsman"],"picked":"BigBadWolf","floor":22.0},{"not_picked":["RipSpace","ViolentFlame","RulesOfTheBackstreets","FieryWaltz","FaintMemories","DarkCloud","DefenseOrder+1","BackAttack","UnavoidableGaze"],"picked":"SKIP","floor":22.0},{"not_picked":["SparkingSpear+1","CoordinatedAssault+1","Tailoring","BackAttack","AutonomousRush","HiddenBlade","HandlingWork","SummaryJudgment"],"picked":"DimensionalRift+1","floor":24.0},{"not_picked":["HighKick","Outburst","StrongStrike+1","IdentifyWeakpoint","RapidGashes","Gamble","EndlessBattle","NightInTheBackstreets","WillBeTasty"],"picked":"SKIP","floor":25.0},{"not_picked":["WhitesApple","CrumblingArmor"],"picked":"FieryBird","floor":27.0},{"not_picked":["EnergyShield","FrontalAssault","EnergyStrike+1","NightInTheBackstreets+1","CoordinatedAssault","SpearedSweep+1","Punishment+1","ShockingBlow+1","BackstreetsDash+1"],"picked":"SKIP","floor":27.0},{"not_picked":["Rudolta","Yin"],"picked":"LongBird","floor":29.0},{"not_picked":["Eliminate+1","IngredientHunt+1","Thirst+1","Wallop_lor+1","FocusFire+1","MultiHit+1","Pound+1","GroundSmash+1"],"picked":"ChopItOff+1","floor":29.0},{"not_picked":["FierceOnslaught+1","Endure","ChiWen+1","Parry+1","FierceCharge","SerpentSwordTechnique","FaintMemories+1","Crush+1"],"picked":"EnergyBeam+1","floor":31.0},{"not_picked":["LittlePrince","Woodsman"],"picked":"PunishingBird","floor":33.0},{"not_picked":["StrikeDown+1","BiteOff+1","HandlingWork+1","TieShanKao+1","AbsorbImpact","FleetFootsteps+1"],"picked":"RulesOfTheBackstreets+1","floor":35.0},{"not_picked":["Scorched","Funeral"],"picked":"OSAHOGD","floor":35.0},{"not_picked":["UpbeatPerformance+1","ICanCookAnything+1","StrongStrike+1","TheWillOfTheCity+1","Wallop_lor+1","SinglePointStab+1"],"picked":"AsThePrescriptOrders+1","floor":36.0},{"not_picked":["Scarecrow","Rudolta"],"picked":"VoidDream","floor":37.0},{"not_picked":["AbsorbImpact","EnergyStrike+1","PuppetBlockade","Multislash+1","Standoff+1","SharpSwipe+1","Rewind"],"picked":"SKIP","floor":37.0},{"not_picked":["RipSpace+1","FrontalAssault+1","StartinOutLightly","SuppressingShot+1","Pound+1","FleetFootsteps+1","Rewind+1"],"picked":"SKIP","floor":39.0},{"not_picked":["LittlePrince","LittleHelper"],"picked":"Variant","floor":40.0},{"not_picked":["BindingChains+1","StayCalm+1","Deflect_lor","EndlessBattle+1","FieryDragonSlash+1","Observe","TendonChords+1"],"picked":"SKIP","floor":40.0},{"not_picked":["Jack Of All Trades","Replay:Sssssssssstrike+1","Apotheosis","Mayhem","ReplayTheSpireMod:Trickstab+1","Panache"],"picked":"Trip","floor":42.0},{"not_picked":["Rudolta","Freischutz"],"picked":"BigBird","floor":44.0},{"not_picked":["Diversion+1","CoordinatedAssault+1","EnergyShield","PreemptiveStrike+1","Gigigig+1","ClassAndRespect+1","KeepItFresh+1"],"picked":"SKIP","floor":44.0},{"not_picked":["SpiderBud","Rudolta"],"picked":"Woodsman","floor":45.0},{"not_picked":["RagingStormLove+1","FrontalAssault+1","MindWhip+1","PinpointShot+1","HighKick+1","RapidGashes+1"],"picked":"BlindFaith","floor":46.0},{"not_picked":["Bloodbath","BodiesMountain"],"picked":"PlagueDoctor","floor":46.0},{"not_picked":["EnergyBeam+1","PreemptiveStrike+1","EnergyCycle+1","FeelinGood+1","CircusKnives+1","Bvapour+1"],"picked":"SilentMist+1","floor":48.0},{"not_picked":["GalaxyChild","Freischutz"],"picked":"Yin","floor":55},{"not_picked":["FieryDragonSlash+1","ShockingBlow+1","SparkingSpear+1","EnergyCycle+1","StrongStrike+1","SinglePointStab+1"],"picked":"FrontalAssault+1","floor":55}],"player_experience":965645,"relics_obtained":[{"floor":1.0,"key":"LetterFromLob"},{"floor":7.0,"key":"Blue Doll"},{"floor":9.0,"key":"Akabeko"},{"floor":24.0,"key":"Replay:Bottled Steam"},{"floor":26.0,"key":"Molten Egg 2"},{"floor":29.0,"key":"PageOfPorccubus"},{"floor":31.0,"key":"Bag of Marbles"},{"floor":35.0,"key":"AtMidnight"},{"floor":40.0,"key":"Blue Candle"},{"floor":45.0,"key":"Twilight"},{"floor":46.0,"key":"Du-Vu Doll"},{"floor":55,"key":"Pet Ghost"}],"event_choices":[{"cards_removed":["LightAttack"],"damage_healed":0.0,"max_hp_gain":0.0,"max_hp_loss":0.0,"gold_gain":0.0,"event_name":"Purifier","player_choice":"Purged","floor":2.0,"gold_loss":0.0,"damage_taken":0.0},{"cards_removed":["LightAttack"],"damage_healed":0.0,"max_hp_gain":0.0,"max_hp_loss":0.0,"gold_gain":0.0,"event_name":"The Cleric","player_choice":"Card Removal","floor":13.0,"gold_loss":50.0,"damage_taken":0.0},{"damage_healed":0.0,"max_hp_gain":0.0,"max_hp_loss":0.0,"gold_gain":0.0,"event_name":"Drug Dealer","player_choice":"Inject Mutagens","floor":19.0,"gold_loss":0.0,"damage_taken":0.0,"relics_obtained":["MutagenicStrength"]},{"damage_healed":0.0,"max_hp_gain":0.0,"max_hp_loss":0.0,"gold_gain":0.0,"event_name":"Forgotten Altar","player_choice":"Smashed Altar","floor":28.0,"gold_loss":0.0,"damage_taken":0.0,"cards_obtained":["Decay"]},{"cards_removed":["Decay"],"damage_healed":0.0,"max_hp_gain":0.0,"max_hp_loss":0.0,"gold_gain":0.0,"event_name":"Wheel of Change","player_choice":"Card Removal","floor":30.0,"gold_loss":0.0,"damage_taken":0.0},{"damage_healed":0.0,"max_hp_gain":0.0,"max_hp_loss":0.0,"gold_gain":0.0,"event_name":"SensoryStone","player_choice":"Memory 3","floor":42.0,"gold_loss":0.0,"damage_taken":10.0}],"is_beta":false,"boss_relics":[{"not_picked":["Empty Cage","PageOfBlackSwan"],"picked":"Fusion Hammer"},{"not_picked":["Coffee Dripper","Replay:Ancient Bell"],"picked":"Busted Crown"}],"items_purged_floors":[8,20,38,54],"is_endless":false,"potions_floor_spawned":[1,3,5,14,16,22,24,29,33,35,36,44,45,46,48],"ascension_level":10}}