{"host":"rw1trt79hfpl7pom","time":1614347055,"event":{"mods":["BaseMod","Bestiary","Colored Map","Jorbs\u0027s Wanderer Trilogy","Minty Spire (QoL Compilation)","Relic Stats","StSLib","SuperFastMode"],"gold_per_floor":[114,114,133,145,24,24,58,58,58,89,89,69,94,108,108,187,187,203,39,62,76,76,109,109,128,176,188,218,218,218,253,253,330,330,342,342,352,7,7,7,20,46,46,46,58,91,91,124,124,124,124,124],"floor_reached":51,"language":"ENG","playtime":2004,"items_purged":["Strike_G"],"score":1793,"play_id":"5b44f29b-5627-4367-a4a4-59c02c728e6d","local_time":"20210226054415","is_ascension_mode":true,"campfire_choices":[{"data":"Dagger Spray","floor":6.0,"key":"SMITH"},{"floor":8.0,"key":"REST"},{"data":"Neutralize","floor":15.0,"key":"SMITH"},{"data":"Terror","floor":24.0,"key":"SMITH"},{"data":"Footwork","floor":30.0,"key":"SMITH"},{"data":"Cloak And Dagger","floor":32.0,"key":"SMITH"},{"floor":40.0,"key":"RECALL"},{"floor":44.0,"key":"REST"},{"floor":47.0,"key":"REST"},{"floor":49.0,"key":"REST"}],"circlet_count":0,"master_deck":["AscendersBane","Strike_G+1","Strike_G+1","Strike_G+1","Strike_G+1","Defend_G+1","Defend_G+1","Defend_G+1","Defend_G+1","Defend_G+1","Survivor","Neutralize+1","Dagger Spray+1","Cloak And Dagger+1","Backflip","Terror+1","Backstab","Adrenaline+1","Dagger Spray+1","Footwork+1","Distraction+1","Escape Plan+1","Backflip+1","Cloak And Dagger+1","Predator","Prepared+1","Accuracy"],"relics":["Busted Crown","HornCleat","Matryoshka","Bag of Preparation","Ninja Scroll","Pantograph","Toxic Egg 2","Black Star","StrikeDummy","Toy Ornithopter","Pear","Dream Catcher","Anchor","Sundial","Mango","Lantern","Kunai","Fusion Hammer","CaptainsWheel","Bird Faced Urn","Happy Flower","Orichalcum","Vajra","Letter Opener","Ancient Tea Set","Mercury Hourglass","TungstenRod"],"acts_visited":["Exordium","TheCity","TheBeyond"],"potions_floor_usage":[51],"damage_taken":[{"damage":1.0,"enemies":"2 Louse","floor":1.0,"turns":3.0},{"damage":9.0,"enemies":"Jaw Worm","floor":3.0,"turns":5.0},{"damage":0.0,"enemies":"Cultist","floor":4.0,"turns":5.0},{"damage":10.0,"enemies":"3 Sentries","floor":7.0,"turns":8.0},{"damage":4.0,"enemies":"Lagavulin","floor":10.0,"turns":6.0},{"damage":0.0,"enemies":"Gremlin Nob","floor":13.0,"turns":3.0},{"damage":0.0,"enemies":"Large Slime","floor":14.0,"turns":4.0},{"damage":19.0,"enemies":"The Guardian","floor":16.0,"turns":14.0},{"damage":1.0,"enemies":"Chosen","floor":18.0,"turns":4.0},{"damage":0.0,"enemies":"3 Byrds","floor":21.0,"turns":2.0},{"damage":0.0,"enemies":"Book of Stabbing","floor":23.0,"turns":5.0},{"damage":0.0,"enemies":"Snecko","floor":25.0,"turns":3.0},{"damage":0.0,"enemies":"Centurion and Healer","floor":27.0,"turns":5.0},{"damage":0.0,"enemies":"Gremlin Leader","floor":28.0,"turns":3.0},{"damage":2.0,"enemies":"Book of Stabbing","floor":31.0,"turns":5.0},{"damage":44.0,"enemies":"Collector","floor":33.0,"turns":15.0},{"damage":0.0,"enemies":"Orb Walker","floor":35.0,"turns":3.0},{"damage":0.0,"enemies":"3 Darklings","floor":37.0,"turns":3.0},{"damage":0.0,"enemies":"Writhing Mass","floor":41.0,"turns":9.0},{"damage":21.0,"enemies":"Giant Head","floor":42.0,"turns":10.0},{"damage":0.0,"enemies":"Sphere and 2 Shapes","floor":45.0,"turns":1.0},{"damage":0.0,"enemies":"Reptomancer","floor":46.0,"turns":5.0},{"damage":8.0,"enemies":"Nemesis","floor":48.0,"turns":5.0},{"damage":28.0,"enemies":"Awakened One","floor":50.0,"turns":18.0},{"damage":121,"enemies":"Time Eater","floor":51,"turns":15}],"seed_played":"6478709071604624482","potions_obtained":[{"floor":7.0,"key":"PowerPotion"},{"floor":12.0,"key":"EntropicBrew"},{"floor":13.0,"key":"AttackPotion"},{"floor":27.0,"key":"PowerPotion"},{"floor":31.0,"key":"GamblersBrew"},{"floor":35.0,"key":"DuplicationPotion"},{"floor":46.0,"key":"Poison Potion"},{"floor":48.0,"key":"LiquidMemories"}],"is_trial":false,"path_per_floor":["M","?","M","M","$","R","E","R","T","E","?","?","E","M","R","B",null,"M","$","T","M","?","E","R","M","T","M","E","T","R","E","R","B",null,"M","?","M","$","T","R","M","E","T","R","M","E","R","E","R","B","B"],"character_chosen":"THE_SILENT","items_purchased":["Terror","Backstab","Footwork","CaptainsWheel"],"campfire_rested":4,"item_purchase_floors":[5,5,19,38],"current_hp_per_floor":[58,40,31,31,31,31,21,40,40,36,36,36,36,36,36,42,60,59,59,59,59,59,69,69,69,69,74,74,88,88,88,88,46,79,79,90,90,90,90,90,90,86,86,90,90,90,90,82,90,66,0,0],"gold":124,"neow_bonus":"BOSS_RELIC","is_daily":false,"chose_seed":false,"campfire_upgraded":5,"win_rate":0.0,"timestamp":1614347055,"path_taken":["M","?","M","M","$","R","E","R","T","E","?","?","E","M","R","BOSS","M","$","?","M","?","E","R","M","T","M","E","?","R","E","R","BOSS","M","?","M","$","?","R","?","E","T","R","M","E","R","E","R","BOSS","BOSS"],"items_purchased_type":["Card","Card","Card","Relic"],"build_version":"2020-12-22","purchased_purges":1,"victory":false,"max_hp_per_floor":[66,66,66,66,66,66,66,66,66,66,66,66,66,66,66,66,66,66,66,66,66,66,76,76,76,76,76,76,90,90,90,90,90,90,90,90,90,90,90,90,90,90,90,90,90,90,90,90,90,90,90,90],"relic_stats":{"Happy Flower":[14],"counters":[25,159],"Bag of Preparation":[42],"Letter Opener":[125],"Orichalcum":[18],"Mercury Hourglass":[96],"Dream Catcher":3,"Busted Crown":52,"Sundial":[16],"Pantograph":51,"Bird Faced Urn":[4],"Black Star":6,"Kunai":[74],"obtain_stats":[{"Lantern":31,"Vajra":43,"Mango":29,"Bag of Preparation":9,"Ancient Tea Set":46,"Dream Catcher":26,"HornCleat":2,"Matryoshka":7,"Ninja Scroll":9,"Sundial":28,"Pantograph":10,"Fusion Hammer":34,"Kunai":31,"Toxic Egg 2":13,"Ring of the Snake":0,"Pear":23,"Happy Flower":42,"Letter Opener":46,"Orichalcum":42,"Mercury Hourglass":48,"Anchor":28,"CaptainsWheel":38,"Busted Crown":0,"Bird Faced Urn":39,"Black Star":17,"StrikeDummy":20,"Toy Ornithopter":23,"TungstenRod":48},{"Lantern":15,"Vajra":20,"Mango":14,"Bag of Preparation":4,"Ancient Tea Set":22,"Dream Catcher":12,"HornCleat":1,"Matryoshka":4,"Ninja Scroll":4,"Sundial":14,"Pantograph":5,"Fusion Hammer":16,"Kunai":15,"Toxic Egg 2":6,"Ring of the Snake":0,"Pear":11,"Happy Flower":20,"Letter Opener":22,"Orichalcum":20,"Mercury Hourglass":23,"Anchor":14,"CaptainsWheel":18,"Busted Crown":0,"Bird Faced Urn":18,"Black Star":8,"StrikeDummy":9,"Toy Ornithopter":11,"TungstenRod":23},{"Lantern":75,"Vajra":115,"Mango":70,"Bag of Preparation":21,"Ancient Tea Set":121,"Dream Catcher":62,"HornCleat":3,"Matryoshka":21,"Ninja Scroll":21,"Sundial":70,"Pantograph":27,"Fusion Hammer":90,"Kunai":75,"Toxic Egg 2":30,"Ring of the Snake":0,"Pear":59,"Happy Flower":115,"Letter Opener":121,"Orichalcum":115,"Mercury Hourglass":126,"Anchor":70,"CaptainsWheel":96,"Busted Crown":0,"Bird Faced Urn":96,"Black Star":48,"StrikeDummy":52,"Toy Ornithopter":59,"TungstenRod":126}],"Toy Ornithopter":17,"TungstenRod":9},"card_choices":[{"not_picked":[],"picked":"Dagger Spray","floor":1.0},{"not_picked":[],"picked":"Cloak And Dagger","floor":3.0},{"not_picked":[],"picked":"Backflip","floor":4.0},{"not_picked":["Deadly Poison"],"picked":"SKIP","floor":7.0},{"not_picked":["Bane"],"picked":"SKIP","floor":10.0},{"not_picked":["Dagger Throw"],"picked":"SKIP","floor":13.0},{"not_picked":["Outmaneuver+1"],"picked":"SKIP","floor":14.0},{"not_picked":[],"picked":"Adrenaline+1","floor":16.0},{"not_picked":[],"picked":"Dagger Spray+1","floor":18.0},{"not_picked":[],"picked":"Distraction+1","floor":21.0},{"not_picked":["Poisoned Stab"],"picked":"SKIP","floor":23.0},{"not_picked":["Dagger Spray"],"picked":"SKIP","floor":25.0},{"not_picked":["Outmaneuver+1"],"picked":"SKIP","floor":27.0},{"not_picked":["Caltrops"],"picked":"SKIP","floor":28.0},{"not_picked":["Heel Hook+1"],"picked":"SKIP","floor":31.0},{"not_picked":[],"picked":"Escape Plan+1","floor":35.0},{"not_picked":["Bane+1"],"picked":"SKIP","floor":37.0},{"not_picked":["Eviscerate"],"picked":"SKIP","floor":41.0},{"not_picked":[],"picked":"Backflip+1","floor":42.0},{"not_picked":[],"picked":"Cloak And Dagger+1","floor":45.0},{"not_picked":[],"picked":"Predator","floor":46.0},{"not_picked":[],"picked":"Prepared+1","floor":48.0},{"not_picked":[],"picked":"Accuracy","floor":49.0}],"player_experience":2937121,"relics_obtained":[{"floor":7.0,"key":"Matryoshka"},{"floor":9.0,"key":"Bag of Preparation"},{"floor":9.0,"key":"Ninja Scroll"},{"floor":10.0,"key":"Pantograph"},{"floor":13.0,"key":"Toxic Egg 2"},{"floor":20.0,"key":"StrikeDummy"},{"floor":23.0,"key":"Toy Ornithopter"},{"floor":23.0,"key":"Pear"},{"floor":26.0,"key":"Dream Catcher"},{"floor":28.0,"key":"Anchor"},{"floor":28.0,"key":"Sundial"},{"floor":29.0,"key":"Mango"},{"floor":31.0,"key":"Lantern"},{"floor":31.0,"key":"Kunai"},{"floor":39.0,"key":"Bird Faced Urn"},{"floor":42.0,"key":"Happy Flower"},{"floor":42.0,"key":"Orichalcum"},{"floor":43.0,"key":"Vajra"},{"floor":46.0,"key":"Letter Opener"},{"floor":46.0,"key":"Ancient Tea Set"},{"floor":48.0,"key":"Mercury Hourglass"},{"floor":48.0,"key":"TungstenRod"}],"event_choices":[{"damage_healed":0.0,"max_hp_gain":0.0,"max_hp_loss":0.0,"gold_gain":0.0,"event_name":"Scrap Ooze","player_choice":"Success","floor":2.0,"gold_loss":0.0,"damage_taken":18.0,"relics_obtained":["HornCleat"]},{"damage_healed":0.0,"max_hp_gain":0.0,"max_hp_loss":0.0,"gold_gain":0.0,"event_name":"Liars Game","player_choice":"Ignored","floor":11.0,"gold_loss":0.0,"damage_taken":0.0},{"damage_healed":0.0,"max_hp_gain":0.0,"max_hp_loss":0.0,"gold_gain":0.0,"event_name":"The Woman in Blue","player_choice":"Bought 1 Potion","floor":12.0,"gold_loss":0.0,"damage_taken":0.0},{"damage_healed":0.0,"max_hp_gain":0.0,"max_hp_loss":0.0,"gold_gain":0.0,"event_name":"Back to Basics","player_choice":"Simplicity","floor":22.0,"gold_loss":0.0,"damage_taken":0.0,"cards_upgraded":["Strike_G","Strike_G","Strike_G","Strike_G","Defend_G","Defend_G","Defend_G","Defend_G","Defend_G"]},{"damage_healed":11.0,"max_hp_gain":0.0,"max_hp_loss":0.0,"gold_gain":0.0,"event_name":"Wheel of Change","player_choice":"Full Heal","floor":36.0,"gold_loss":0.0,"damage_taken":0.0}],"is_beta":false,"boss_relics":[{"not_picked":["Coffee Dripper","Empty Cage"],"picked":"Black Star"},{"not_picked":["Philosopher\u0027s Stone","Sozu"],"picked":"Fusion Hammer"}],"items_purged_floors":[19],"is_endless":false,"potions_floor_spawned":[7,13,14,23,25,27,31,33,35,46,48],"killed_by":"Time Eater","ascension_level":20}}