{"host":"sav7uxregyirlf69","time":1614339515,"event":{"mods":["AchievementEnabler","BaseMod","Colored Map","DeckTracker","Keyboard Shortcuts","Minty Spire (QoL Compilation)","READ ME - Guardian Mod","StSLib","SuperFastMode"],"gold_per_floor":[117,117,134,154,173,173,173,173,173,173,185,185,199,217,217,290,290,305,27,27,46,46,46,78,78,78],"floor_reached":25,"language":"KOR","playtime":353,"items_purged":[],"score":426,"play_id":"2cf20893-f155-41f2-a65f-0a22fb58de05","local_time":"20210226203835","is_ascension_mode":true,"campfire_choices":[{"data":"Bane","floor":6,"key":"SMITH"},{"data":"Poisoned Stab","floor":8,"key":"SMITH"},{"data":"Dagger Spray","floor":10,"key":"SMITH"},{"data":"Caltrops","floor":15,"key":"SMITH"},{"data":"Noxious Fumes","floor":23,"key":"SMITH"}],"circlet_count":0,"master_deck":["AscendersBane","Strike_G","Strike_G","Strike_G","Defend_G","Defend_G","Defend_G","Defend_G","Survivor","Neutralize","Poisoned Stab+1","Bane+1","Dagger Spray+1","Backflip","Prepared","Noxious Fumes+1","Caltrops+1","Malaise+1","Deadly Poison+1"],"relics":["Ring of the Snake","TungstenRod","Empty Cage","Toxic Egg 2","Singing Bowl"],"acts_visited":["Exordium","TheCity"],"potions_floor_usage":[14,16,25],"damage_taken":[{"damage":0,"enemies":"Small Slimes","floor":1,"turns":4},{"damage":0,"enemies":"Cultist","floor":3,"turns":4},{"damage":4,"enemies":"Jaw Worm","floor":4,"turns":4},{"damage":18,"enemies":"Red Slaver","floor":5,"turns":6},{"damage":6,"enemies":"Looter","floor":11,"turns":3},{"damage":10,"enemies":"Exordium Wildlife","floor":13,"turns":3},{"damage":7,"enemies":"Lots of Slimes","floor":14,"turns":4},{"damage":8,"enemies":"Hexaghost","floor":16,"turns":9},{"damage":13,"enemies":"Chosen","floor":18,"turns":4},{"damage":0,"enemies":"3 Byrds","floor":21,"turns":3},{"damage":31,"enemies":"Book of Stabbing","floor":24,"turns":5},{"damage":18,"enemies":"Masked Bandits","floor":25,"turns":2}],"seed_played":"67918598947376815","potions_obtained":[{"floor":5,"key":"SneckoOil"},{"floor":11,"key":"Swift Potion"},{"floor":14,"key":"ColorlessPotion"},{"floor":24,"key":"LiquidMemories"}],"is_trial":false,"path_per_floor":["M","?","M","M","M","R","?","R","T","R","M","?","M","M","R","B",null,"M","$","?","M","?","R","E","?"],"character_chosen":"THE_SILENT","items_purchased":["Toxic Egg 2"],"campfire_rested":0,"item_purchase_floors":[19],"current_hp_per_floor":[56,56,56,52,34,34,34,34,34,34,28,28,18,11,11,3,59,46,46,46,46,46,46,17,0,0],"gold":78,"neow_bonus":"TWENTY_PERCENT_HP_BONUS","is_daily":false,"chose_seed":false,"campfire_upgraded":5,"win_rate":0.0,"timestamp":1614339515,"path_taken":["M","?","M","?","M","R","?","R","T","R","?","?","M","?","R","BOSS","M","$","?","?","?","R","E","?"],"items_purchased_type":["Relic"],"build_version":"2020-12-22","purchased_purges":0,"victory":false,"max_hp_per_floor":[78,78,78,78,78,78,78,78,78,78,78,78,78,78,78,78,78,78,78,78,78,78,78,80,80,80],"card_choices":[{"not_picked":["Sucker Punch","Slice"],"picked":"Poisoned Stab","floor":1},{"not_picked":["Flying Knee","Endless Agony"],"picked":"Bane","floor":3},{"not_picked":["Bane","Unload"],"picked":"Dagger Spray","floor":4},{"not_picked":["Poisoned Stab","Dagger Throw","Dagger Spray"],"picked":"SKIP","floor":5},{"not_picked":["Infinite Blades","Riddle With Holes"],"picked":"Backflip","floor":11},{"not_picked":["Deflect","PiercingWail"],"picked":"Noxious Fumes","floor":13},{"not_picked":["Leg Sweep","Distraction"],"picked":"Caltrops","floor":14},{"not_picked":["Night Terror","Phantasmal Killer"],"picked":"Malaise","floor":16},{"not_picked":["Deadly Poison","Cloak And Dagger+1","Noxious Fumes"],"picked":"SKIP","floor":18},{"not_picked":["Prepared+1","Finisher+1"],"picked":"Deadly Poison+1","floor":21},{"not_picked":["Bane+1","Outmaneuver+1","Prepared+1"],"picked":"Singing Bowl","floor":24}],"player_experience":1704796,"relics_obtained":[{"floor":9,"key":"TungstenRod"},{"floor":24,"key":"Singing Bowl"}],"event_choices":[{"cards_removed":["Defend_G"],"damage_healed":0,"gold_gain":0,"player_choice":"Offered Basic","damage_taken":0,"max_hp_gain":0,"max_hp_loss":0,"event_name":"Bonfire Elementals","floor":2,"gold_loss":0},{"damage_healed":0,"gold_gain":0,"player_choice":"Cursed","damage_taken":0,"max_hp_gain":0,"max_hp_loss":0,"event_name":"Wheel of Change","floor":7,"gold_loss":0,"cards_obtained":["Decay"]},{"damage_healed":0,"gold_gain":0,"cards_transformed":["Strike_G"],"player_choice":"Transformed","damage_taken":0,"max_hp_gain":0,"max_hp_loss":0,"event_name":"Transmorgrifier","floor":12,"gold_loss":0,"cards_obtained":["Prepared"]},{"damage_healed":0,"gold_gain":0,"player_choice":"Forge","damage_taken":0,"max_hp_gain":0,"max_hp_loss":0,"event_name":"Accursed Blacksmith","floor":20,"gold_loss":0,"cards_upgraded":["Malaise"]},{"damage_healed":0,"gold_gain":0,"player_choice":"Ignored","damage_taken":0,"max_hp_gain":0,"max_hp_loss":0,"event_name":"The Mausoleum","floor":22,"gold_loss":0},{"damage_healed":0,"gold_gain":0,"player_choice":"Fought Bandits","damage_taken":0,"max_hp_gain":0,"max_hp_loss":0,"event_name":"Masked Bandits","floor":25,"gold_loss":0}],"is_beta":false,"boss_relics":[{"not_picked":["SacredBark","Busted Crown"],"picked":"Empty Cage"}],"items_purged_floors":[],"is_endless":false,"potions_floor_spawned":[5,11,14,24],"killed_by":"Masked Bandits","ascension_level":20}}