{"host":"nx6k9gttpbkpebht","time":1614371521,"event":{"mods":["BaseMod","Colored Map","Colored Powertips","DeckTracker","Downfall","Googly Eyes","Minty Spire (QoL Compilation)","StSLib"],"gold_per_floor":[112,112,14,41,51,51,63,63,63,81,113,63,76,132,132,237,237,253,253,264,292,292,292,41,58,58,157,239,268,268,284,284,381,381,398,620,670,470,470,470,503,565,577,605,635,422,422,220,220,220],"floor_reached":51,"language":"ENG","playtime":2855,"items_purged":["Strike_R","Strike_R","Strike_R","Strike_R","Writhe","Defend_R"],"score":689,"play_id":"1a6c10e2-dd1d-4baf-8d8d-020240651755","local_time":"20210226213201","is_ascension_mode":false,"campfire_choices":[{"data":"Iron Wave","floor":6,"key":"SMITH"},{"data":"Metallicize","floor":8,"key":"SMITH"},{"data":"Iron Wave","floor":15,"key":"SMITH"},{"data":"Battle Trance","floor":23,"key":"SMITH"},{"data":"Flex","floor":30,"key":"SMITH"},{"data":"Defend_R","floor":32,"key":"SMITH"},{"data":"Defend_R","floor":40,"key":"SMITH"},{"data":"Apotheosis","floor":47,"key":"SMITH"},{"floor":49,"key":"REST"}],"circlet_count":0,"master_deck":["Defend_R+1","Defend_R+1","Bash","Twin Strike","Cleave","Thunderclap","Iron Wave+1","Metallicize+1","Iron Wave+1","Flex+1","Battle Trance+1","Twin Strike","Disarm+1","Apotheosis+1","Metallicize"],"relics":["Burning Blood","Smiling Mask","Lizard Tail","Calipers","Du-Vu Doll","Busted Crown","Magic Flower","Red Mask","MutagenicStrength","Membership Card","Letter Opener","Self Forming Clay","Dream Catcher","Empty Cage","Shovel","Sling","Juzu Bracelet","MawBank","Champion Belt","Mango","HandDrill","Unceasing Top"],"acts_visited":["Exordium","TheCity","TheBeyond"],"potions_floor_usage":[11,16,21,21,31,33,33,42,50,50],"damage_taken":[{"damage":3,"enemies":"Small Slimes","floor":1,"turns":4},{"damage":1,"enemies":"Cultist","floor":5,"turns":3},{"damage":7,"enemies":"Jaw Worm","floor":7,"turns":3},{"damage":0,"enemies":"2 Fungi Beasts","floor":10,"turns":3},{"damage":23,"enemies":"Lagavulin","floor":11,"turns":6},{"damage":0,"enemies":"3 Louse","floor":13,"turns":3},{"damage":9,"enemies":"3 Sentries","floor":14,"turns":8},{"damage":40,"enemies":"Hexaghost","floor":16,"turns":13},{"damage":8,"enemies":"3 Byrds","floor":18,"turns":5},{"damage":6,"enemies":"Shell Parasite","floor":20,"turns":6},{"damage":0,"enemies":"Masked Bandits","floor":21,"turns":3},{"damage":0,"enemies":"Snecko","floor":25,"turns":4},{"damage":22,"enemies":"Gremlin Leader","floor":29,"turns":8},{"damage":8,"enemies":"Snake Plant","floor":31,"turns":4},{"damage":47,"enemies":"Automaton","floor":33,"turns":8},{"damage":10,"enemies":"Orb Walker","floor":35,"turns":4},{"damage":18,"enemies":"Mind Bloom Boss Battle","floor":37,"turns":7},{"damage":44,"enemies":"Reptomancer","floor":41,"turns":7},{"damage":19,"enemies":"2 Orb Walkers","floor":42,"turns":6},{"damage":8,"enemies":"3 Shapes","floor":44,"turns":2},{"damage":0,"enemies":"3 Darklings","floor":45,"turns":3},{"damage":41,"enemies":"Time Eater","floor":50,"turns":14}],"seed_played":"-6997720560460876192","potions_obtained":[{"floor":5,"key":"champ:CounterPotion"},{"floor":7,"key":"SmokeBomb"},{"floor":14,"key":"hexamod:SoulburnPotion"},{"floor":16,"key":"SpeedPotion"},{"floor":18,"key":"Fire Potion"},{"floor":20,"key":"Dexterity Potion"},{"floor":41,"key":"Swift Potion"},{"floor":42,"key":"FearPotion"},{"floor":45,"key":"Guardian:BlockOnCardUsePotion"}],"is_trial":false,"path_per_floor":["M","?","$","T","M","R","M","R","T","M","E","$","M","?","R","B",null,"M","?","M","?","?","R","$","M","T","?","T","E","R","M","R","B",null,"M","?","?","$","?","R","E","?","T","M","M","$","R","$","R","B",null],"character_chosen":"IRONCLAD","items_purchased":["Thunderclap","Membership Card","champ:CounterPotion","champ:CounterPotion","Sling","Juzu Bracelet","Apotheosis","HandDrill","Metallicize","Unceasing Top"],"campfire_rested":1,"item_purchase_floors":[3,24,24,24,38,38,46,46,46,48],"current_hp_per_floor":[80,80,80,80,80,80,79,79,79,80,63,63,69,66,66,32,80,78,78,80,80,80,80,80,80,80,80,80,67,67,68,68,30,80,79,79,70,70,80,80,45,35,49,50,59,59,59,59,87,55],"gold":220,"neow_bonus":"THREE_CARDS","is_daily":false,"chose_seed":false,"campfire_upgraded":8,"win_rate":0.0,"timestamp":1614371521,"path_taken":["M","?","$","?","M","R","M","R","T","M","E","?","M","?","R","BOSS","M","?","?","?","?","R","$","M","T","?","?","E","R","M","R","BOSS","M","?","?","$","?","R","E","?","T","M","M","$","R","$","R","BOSS"],"items_purchased_type":["Card","Relic","Potion","Potion","Relic","Relic","Card","Relic","Card","Relic"],"build_version":"2020-12-22","purchased_purges":6,"victory":true,"max_hp_per_floor":[80,80,80,80,80,80,80,80,80,80,80,80,80,80,80,80,80,80,80,80,80,80,80,80,80,80,80,80,80,80,80,80,80,80,80,80,80,80,80,80,80,80,94,94,94,94,94,94,94,94],"card_choices":[{"not_picked":["Flame Barrier","Pommel Strike"],"picked":"Twin Strike","floor":0},{"not_picked":["Cleave","Perfected Strike","Pommel Strike"],"picked":"SKIP","floor":1},{"not_picked":["Perfected Strike","Pommel Strike"],"picked":"Cleave","floor":1},{"not_picked":["Pommel Strike","Flex"],"picked":"Iron Wave","floor":5},{"not_picked":["Warcry","Dark Embrace"],"picked":"Metallicize","floor":7},{"not_picked":["Shrug It Off","Sever Soul","Carnage"],"picked":"SKIP","floor":10},{"not_picked":["Dark Embrace","Barricade"],"picked":"Iron Wave","floor":11},{"not_picked":["Perfected Strike","True Grit","Clothesline"],"picked":"SKIP","floor":13},{"not_picked":["Twin Strike","Reckless Charge"],"picked":"Flex","floor":14},{"not_picked":["Clothesline"],"picked":"SKIP","floor":18},{"not_picked":[],"picked":"Battle Trance","floor":20},{"not_picked":["Sword Boomerang"],"picked":"SKIP","floor":25},{"not_picked":["Cleave"],"picked":"SKIP","floor":29},{"not_picked":["Blood for Blood"],"picked":"SKIP","floor":31},{"not_picked":["Power Through+1"],"picked":"SKIP","floor":35},{"not_picked":[],"picked":"Twin Strike","floor":37},{"not_picked":["Anger+1"],"picked":"SKIP","floor":41},{"not_picked":[],"picked":"Disarm+1","floor":42},{"not_picked":["Flex+1"],"picked":"SKIP","floor":44},{"not_picked":["True Grit"],"picked":"SKIP","floor":45}],"player_experience":73133,"relics_obtained":[{"floor":4,"key":"Smiling Mask"},{"floor":9,"key":"Lizard Tail"},{"floor":11,"key":"Calipers"},{"floor":14,"key":"Du-Vu Doll"},{"floor":21,"key":"Red Mask"},{"floor":26,"key":"Letter Opener"},{"floor":28,"key":"Self Forming Clay"},{"floor":29,"key":"Dream Catcher"},{"floor":37,"key":"Shovel"},{"floor":41,"key":"MawBank"},{"floor":42,"key":"Champion Belt"},{"floor":43,"key":"Mango"}],"event_choices":[{"damage_healed":0,"gold_gain":0,"player_choice":"Bought 0 Potions","damage_taken":0,"max_hp_gain":0,"max_hp_loss":0,"event_name":"The Woman in Blue","floor":2,"gold_loss":0},{"damage_healed":0,"gold_gain":0,"player_choice":"Searched \u00272\u0027 times","damage_taken":0,"max_hp_gain":0,"max_hp_loss":0,"event_name":"Dead Adventurer","floor":14,"gold_loss":0},{"damage_healed":0,"gold_gain":0,"player_choice":"Gave Potion","damage_taken":0,"relics_obtained":["Magic Flower"],"max_hp_gain":0,"max_hp_loss":0,"event_name":"WeMeetAgain","floor":19,"gold_loss":0},{"damage_healed":0,"gold_gain":0,"player_choice":"Fought Bandits","damage_taken":0,"max_hp_gain":0,"max_hp_loss":0,"event_name":"Masked Bandits","floor":21,"gold_loss":0},{"damage_healed":0,"gold_gain":0,"player_choice":"Inject Mutagens","damage_taken":0,"relics_obtained":["MutagenicStrength"],"max_hp_gain":0,"max_hp_loss":0,"event_name":"Drug Dealer","floor":22,"gold_loss":0},{"damage_healed":0,"gold_gain":99,"player_choice":"Stole From Cult","damage_taken":0,"max_hp_gain":0,"max_hp_loss":0,"event_name":"Nest","floor":27,"gold_loss":0},{"damage_healed":0,"gold_gain":222,"player_choice":"Wore Mask","damage_taken":0,"max_hp_gain":0,"max_hp_loss":0,"event_name":"Tomb of Lord Red Mask","floor":36,"gold_loss":0},{"damage_healed":0,"gold_gain":0,"player_choice":"Fight","damage_taken":0,"max_hp_gain":0,"max_hp_loss":0,"event_name":"MindBloom","floor":37,"gold_loss":0},{"damage_healed":20,"gold_gain":0,"player_choice":"Writhe","damage_taken":0,"max_hp_gain":0,"max_hp_loss":0,"event_name":"Winding Halls","floor":39,"gold_loss":0,"cards_obtained":["Writhe"]},{"damage_healed":0,"gold_gain":0,"player_choice":"Fight","damage_taken":0,"max_hp_gain":0,"max_hp_loss":0,"event_name":"Mysterious Sphere","floor":42,"gold_loss":0}],"is_beta":false,"boss_relics":[{"not_picked":["Black Blood","bronze:MakeshiftBattery"],"picked":"Busted Crown"},{"not_picked":["SlaversCollar","Velvet Choker"],"picked":"Empty Cage"}],"items_purged_floors":[3,12,24,38,46,48],"is_endless":false,"potions_floor_spawned":[5,7,14,16,18,20,41,42,45],"ascension_level":0}}