{"host":"dkr0dog13pegamnp","time":1614319092,"event":{"mods":["AchievementEnabler","BaseMod","Minty Spire (QoL Compilation)","Rare Cards Sparkle","StSLib","SuperFastMode","everything is the same but u backflip on backflip"],"gold_per_floor":[116,131,148,73,85,85,85,117,117,117,137,137,137,151,151,240,240,265,289,314,274,274,274,289,289,313,21,54,54,75,90,90,90,90],"floor_reached":33,"language":"KOR","playtime":944,"items_purged":["Strike_G"],"score":546,"play_id":"3a0e399c-a982-4e8a-9569-39525e4187a5","local_time":"20210226145812","is_ascension_mode":true,"campfire_choices":[{"data":"Blade Dance","floor":6.0,"key":"SMITH"},{"data":"Venomology","floor":10.0,"key":"SMITH"},{"data":"Setup","floor":12.0,"key":"SMITH"},{"data":"Blade Dance","floor":15.0,"key":"SMITH"},{"data":"Cloak And Dagger","floor":23,"key":"SMITH"},{"data":"Poisoned Stab","floor":25,"key":"SMITH"},{"data":"Footwork","floor":29,"key":"SMITH"},{"floor":32,"key":"REST"}],"circlet_count":0,"master_deck":["AscendersBane","Defend_G","Defend_G","Defend_G","Defend_G","Survivor+1","Neutralize","Setup+1","Blade Dance+1","Dagger Spray","Poisoned Stab+1","Venomology+1","Blade Dance+1","Adrenaline+1","Dagger Throw+1","Leg Sweep+1","Dodge and Roll+1","Blade Dance+1","Cloak And Dagger+1","Backflip+1","Footwork+1","Finisher","Burst","Cloak And Dagger"],"relics":["Ring of the Snake","Question Card","Matryoshka","Golden Idol","Astrolabe","Bag of Marbles","Akabeko","ClockworkSouvenir","War Paint"],"acts_visited":["Exordium","TheCity"],"potions_floor_usage":[22,28,28,31,31,33,33],"damage_taken":[{"damage":0.0,"enemies":"2 Louse","floor":1.0,"turns":4.0},{"damage":0.0,"enemies":"Small Slimes","floor":2.0,"turns":4.0},{"damage":0.0,"enemies":"Jaw Worm","floor":3.0,"turns":4.0},{"damage":11.0,"enemies":"Exordium Thugs","floor":5.0,"turns":6.0},{"damage":19.0,"enemies":"3 Sentries","floor":8.0,"turns":8.0},{"damage":3.0,"enemies":"Large Slime","floor":11.0,"turns":5.0},{"damage":15.0,"enemies":"Red Slaver","floor":14.0,"turns":5.0},{"damage":10.0,"enemies":"Hexaghost","floor":16.0,"turns":11.0},{"damage":3.0,"enemies":"2 Thieves","floor":18.0,"turns":4.0},{"damage":13.0,"enemies":"Spheric Guardian","floor":19.0,"turns":4.0},{"damage":0.0,"enemies":"Snecko","floor":20.0,"turns":5.0},{"damage":0,"enemies":"Snake Plant","floor":22,"turns":1},{"damage":13,"enemies":"Chosen and Byrds","floor":24,"turns":7},{"damage":0,"enemies":"Book of Stabbing","floor":28,"turns":7},{"damage":0,"enemies":"3 Cultists","floor":30,"turns":5},{"damage":7,"enemies":"Cultist and Chosen","floor":31,"turns":4},{"damage":44,"enemies":"Collector","floor":33,"turns":8}],"seed_played":"4071689063224962330","potions_obtained":[{"floor":2.0,"key":"Weak Potion"},{"floor":3.0,"key":"LiquidBronze"},{"floor":8.0,"key":"ColorlessPotion"},{"floor":19.0,"key":"Block Potion"},{"floor":20.0,"key":"SmokeBomb"}],"is_trial":false,"path_per_floor":["M","M","M","$","M","R","?","E","T","R","M","R","?","M","R","B",null,"M","M","M","?","M","R","M","R","T","$","E","R","M","M","R","B"],"character_chosen":"THE_SILENT","items_purchased":["Footwork","ClockworkSouvenir","Finisher"],"campfire_rested":1,"item_purchase_floors":[27,27,27],"current_hp_per_floor":[59,59,59,59,48,48,48,29,29,29,26,26,26,11,11,1,46,43,30,30,30,30,30,17,17,17,17,17,17,17,10,28,0,0],"gold":90,"neow_bonus":"TRANSFORM_CARD","is_daily":false,"chose_seed":false,"campfire_upgraded":7,"win_rate":0.0,"timestamp":1614319092,"path_taken":["M","M","M","$","M","R","?","E","T","R","M","R","?","M","R","BOSS","M","M","M","?","M","R","M","R","T","?","E","R","M","M","R","BOSS"],"items_purchased_type":["Card","Relic","Card"],"build_version":"2020-12-22","purchased_purges":1,"victory":false,"max_hp_per_floor":[66,66,66,66,66,66,66,66,66,66,66,66,61,61,61,61,61,61,61,61,61,61,61,61,61,61,61,61,61,61,61,61,61,61],"card_choices":[{"not_picked":["Slice","Acrobatics"],"picked":"Blade Dance","floor":1.0},{"not_picked":["Dagger Throw","Underhanded Strike","Eviscerate"],"picked":"SKIP","floor":2.0},{"not_picked":["Calculated Gamble","Dodge and Roll"],"picked":"Dagger Spray","floor":3.0},{"not_picked":["Quick Slash","Storm of Steel"],"picked":"Poisoned Stab","floor":5.0},{"not_picked":["Deadly Poison","Acrobatics","Tactician"],"picked":"SKIP","floor":8.0},{"not_picked":["Underhanded Strike","Poisoned Stab","Reflex","Deadly Poison"],"picked":"SKIP","floor":11.0},{"not_picked":["Flechettes","Leg Sweep","Choke"],"picked":"Blade Dance","floor":14.0},{"not_picked":["After Image","Wraith Form v2","Doppelganger"],"picked":"Adrenaline","floor":16.0},{"not_picked":["PiercingWail","Underhanded Strike","Crippling Poison+1"],"picked":"Blade Dance+1","floor":18.0},{"not_picked":["Backflip","Infinite Blades","Prepared+1"],"picked":"Cloak And Dagger","floor":19.0},{"not_picked":["Catalyst","Outmaneuver","Deadly Poison","Prepared"],"picked":"SKIP","floor":20.0},{"not_picked":["Sucker Punch","All Out Attack","Dodge and Roll"],"picked":"Backflip","floor":24},{"not_picked":["Flying Knee","Reflex","Blade Dance"],"picked":"Burst","floor":28},{"not_picked":["Dagger Throw","Deadly Poison+1","Outmaneuver","Deflect"],"picked":"SKIP","floor":30},{"not_picked":["Concentrate","Heel Hook","Masterful Stab"],"picked":"Cloak And Dagger","floor":31}],"player_experience":117712,"relics_obtained":[{"floor":8.0,"key":"Question Card"},{"floor":9.0,"key":"Matryoshka"},{"floor":26,"key":"Bag of Marbles"},{"floor":26,"key":"Akabeko"},{"floor":28,"key":"War Paint"}],"event_choices":[{"damage_healed":0.0,"max_hp_gain":0.0,"max_hp_loss":0.0,"gold_gain":0.0,"cards_transformed":["Strike_G"],"event_name":"Living Wall","player_choice":"Change","floor":7.0,"gold_loss":0.0,"damage_taken":0.0,"cards_obtained":["Venomology"]},{"damage_healed":0.0,"max_hp_gain":0.0,"max_hp_loss":5.0,"gold_gain":0.0,"event_name":"Golden Idol","player_choice":"Lose Max HP","floor":13.0,"gold_loss":0.0,"damage_taken":0.0,"relics_obtained":["Golden Idol"]},{"damage_healed":0.0,"max_hp_gain":0.0,"max_hp_loss":0.0,"gold_gain":0.0,"event_name":"Designer","player_choice":"Upgrade","floor":21.0,"gold_loss":40.0,"damage_taken":0.0,"cards_upgraded":["Adrenaline"]}],"is_beta":false,"boss_relics":[{"not_picked":["SacredBark","Empty Cage"],"picked":"Astrolabe"}],"items_purged_floors":[4],"is_endless":false,"potions_floor_spawned":[2,3,8,19,20],"killed_by":"Collector","ascension_level":14}}