{"host":"r6t4fwpf30hgqgjl","time":1614357856,"event":{"mods":["BaseMod","Colored Map","Colored Powertips","Minty Spire (QoL Compilation)","StSLib"],"gold_per_floor":[111,111,129,129,147,175,23,23,23,23,36,36,36,36],"floor_reached":13,"language":"ENG","playtime":490,"items_purged":["Strike_B"],"score":108,"play_id":"55f86d15-81a7-4d33-82a2-e302787f9652","local_time":"20210226174416","is_ascension_mode":false,"campfire_choices":[{"data":"Echo Form","floor":8,"key":"SMITH"},{"data":"Hologram","floor":10,"key":"SMITH"},{"data":"Capacitor","floor":12,"key":"SMITH"}],"circlet_count":0,"master_deck":["Strike_B","Strike_B","Strike_B","Defend_B","Defend_B","Defend_B","Defend_B","Zap","Dualcast","Rebound","Hologram+1","Lockon","Echo Form+1","Capacitor+1","Rebound"],"relics":["Cracked Core","Mango","CultistMask","Pantograph","White Beast Statue"],"acts_visited":["Exordium"],"potions_floor_usage":[13],"damage_taken":[{"damage":2,"enemies":"2 Louse","floor":1,"turns":3},{"damage":3,"enemies":"Small Slimes","floor":3,"turns":3},{"damage":0,"enemies":"Cultist","floor":5,"turns":3},{"damage":36,"enemies":"Gremlin Nob","floor":6,"turns":5},{"damage":2,"enemies":"3 Louse","floor":11,"turns":4},{"damage":37,"enemies":"3 Sentries","floor":13,"turns":6}],"seed_played":"-4249057480149798263","potions_obtained":[{"floor":3,"key":"PowerPotion"},{"floor":11,"key":"Block Potion"}],"is_trial":false,"path_per_floor":["M","?","M","?","M","E","$","R","T","R","M","R","E"],"character_chosen":"DEFECT","items_purchased":["Capacitor"],"campfire_rested":0,"item_purchase_floors":[7],"current_hp_per_floor":[66,71,68,68,68,32,32,32,32,32,30,30,0,0],"gold":36,"neow_bonus":"ONE_RARE_RELIC","is_daily":false,"chose_seed":false,"campfire_upgraded":3,"win_rate":0.0,"timestamp":1614357856,"path_taken":["M","?","M","?","?","E","$","R","T","R","M","R","E"],"items_purchased_type":["Card"],"build_version":"2020-12-22","purchased_purges":1,"victory":false,"max_hp_per_floor":[89,94,94,94,94,94,94,94,94,94,94,94,94,94],"card_choices":[{"not_picked":["Darkness","Redo"],"picked":"Rebound","floor":1},{"not_picked":["Glacier","Double Energy"],"picked":"Hologram","floor":3},{"not_picked":["Heatsinks","Reprogram"],"picked":"Lockon","floor":5},{"not_picked":["Redo","Steam"],"picked":"Echo Form","floor":6},{"not_picked":["Chill","Beam Cell"],"picked":"Rebound","floor":11}],"player_experience":15522,"relics_obtained":[{"floor":6,"key":"Pantograph"},{"floor":9,"key":"White Beast Statue"}],"event_choices":[{"damage_healed":0,"gold_gain":0,"player_choice":"Donut","damage_taken":0,"max_hp_gain":5,"max_hp_loss":0,"event_name":"Big Fish","floor":2,"gold_loss":0},{"damage_healed":0,"gold_gain":0,"player_choice":"Trade","damage_taken":0,"relics_obtained":["CultistMask"],"max_hp_gain":0,"max_hp_loss":0,"event_name":"FaceTrader","floor":4,"gold_loss":0}],"is_beta":false,"boss_relics":[],"items_purged_floors":[7],"is_endless":false,"potions_floor_spawned":[3,11],"killed_by":"3 Sentries","ascension_level":0}}