{"host":"742iv5syyyu8a2dy","time":1614308589,"event":{"mods":["BaseMod","Bestiary","Block Reminder","Colored Powertips","Downfall","Minty Spire (QoL Compilation)","Practice Mode","Quick Restart","Relic Stats","StSLib"],"gold_per_floor":[115,115,132,132,143,143,174,174,174,184,197,197,197,197],"floor_reached":13,"language":"ENG","playtime":311,"items_purged":[],"score":89,"play_id":"12723496-c69d-4b8a-9303-a365eddbd722","local_time":"20210225220309","is_ascension_mode":true,"campfire_choices":[{"data":"Eruption","floor":6,"key":"SMITH"},{"data":"CutThroughFate","floor":8,"key":"SMITH"},{"floor":12,"key":"DIG"}],"circlet_count":0,"master_deck":["Strike_P","Strike_P","Strike_P","Defend_P","Defend_P","Defend_P","Eruption+1","Vigilance","Protect","ReachHeaven","CutThroughFate+1","SandsOfTime","Consecrate","SandsOfTime"],"relics":["PureWater","NeowsBlessing","GoldenEye","Shovel","Blood Vial"],"acts_visited":["Exordium"],"potions_floor_usage":[13],"damage_taken":[{"damage":0,"enemies":"Jaw Worm","floor":1,"turns":1},{"damage":0,"enemies":"Small Slimes","floor":3,"turns":1},{"damage":0,"enemies":"Cultist","floor":5,"turns":1},{"damage":16,"enemies":"Gremlin Nob","floor":7,"turns":4},{"damage":19,"enemies":"Gremlin Gang","floor":10,"turns":4},{"damage":7,"enemies":"2 Fungi Beasts","floor":11,"turns":2},{"damage":99999,"enemies":"3 Sentries","floor":13,"turns":2}],"seed_played":"1297428354389908174","potions_obtained":[{"floor":1,"key":"FearPotion"},{"floor":10,"key":"SkillPotion"}],"is_trial":false,"path_per_floor":["M","?","M","?","M","R","E","R","T","M","M","R","E"],"character_chosen":"WATCHER","items_purchased":[],"campfire_rested":0,"item_purchase_floors":[],"current_hp_per_floor":[72,65,65,65,65,65,49,49,49,30,23,23,0,0],"gold":197,"neow_bonus":"THREE_ENEMY_KILL","is_daily":false,"chose_seed":false,"campfire_upgraded":2,"win_rate":0.0,"timestamp":1614308589,"path_taken":["M","?","M","?","?","R","E","R","T","?","M","R","E"],"items_purchased_type":[],"build_version":"2020-12-22","purchased_purges":0,"victory":false,"max_hp_per_floor":[72,72,72,72,72,72,72,72,72,72,72,72,72,72],"relic_stats":{"Blood Vial":2,"Shovel":1,"counters":[7,14],"GoldenEye":[1],"obtain_stats":[{"Blood Vial":12,"Shovel":9,"NeowsBlessing":0,"PureWater":0,"GoldenEye":7},{"Blood Vial":6,"Shovel":4,"NeowsBlessing":0,"PureWater":0,"GoldenEye":4},{"Blood Vial":13,"Shovel":7,"NeowsBlessing":0,"PureWater":0,"GoldenEye":7}]},"card_choices":[{"not_picked":["MentalFortress","Consecrate"],"picked":"Protect","floor":1},{"not_picked":["BowlingBash","Protect"],"picked":"ReachHeaven","floor":3},{"not_picked":["Pray","FlurryOfBlows"],"picked":"CutThroughFate","floor":5},{"not_picked":["LikeWater","ClearTheMind"],"picked":"SandsOfTime","floor":7},{"not_picked":["FlurryOfBlows","Prostrate"],"picked":"Consecrate","floor":10},{"not_picked":["Sanctity","FlurryOfBlows"],"picked":"SandsOfTime","floor":11}],"player_experience":263751,"relics_obtained":[{"floor":7,"key":"GoldenEye"},{"floor":9,"key":"Shovel"},{"floor":12,"key":"Blood Vial"}],"event_choices":[{"cards_removed":["Defend_P"],"damage_healed":0,"gold_gain":0,"player_choice":"Card Removal","damage_taken":7,"max_hp_gain":0,"max_hp_loss":0,"event_name":"Golden Wing","floor":2,"gold_loss":0},{"cards_removed":["Strike_P"],"damage_healed":0,"gold_gain":0,"player_choice":"Offered Basic","damage_taken":0,"max_hp_gain":0,"max_hp_loss":0,"event_name":"Bonfire Elementals","floor":4,"gold_loss":0}],"is_beta":false,"boss_relics":[],"items_purged_floors":[],"is_endless":false,"potions_floor_spawned":[1,10],"killed_by":"3 Sentries","ascension_level":1}}