{"host":"y89x8uui45kcjy42","time":1614343585,"event":{"mods":["2.2 Compatiblity","BaseMod","CapriCore","Colored Map","Colored Powertips","Custom Start","Friendly Minions","Keyboard Shortcuts","Minty Spire (QoL Compilation)","Relic Stats","Slay the Relics Exporter","StSLib","SuperFastMode","Uncapped"],"gold_per_floor":[110,110,157,61,79,79,79,79,79,79,79,107,107,120,120,199,199,216,216,45,45,55,55,55,55,55,86,102,116,116,116,116,193,193,211,211,225,241,292,292,292,292,292,132,159,159,184,26,26,26,26,26,26,273,298,298],"floor_reached":57,"language":"KOR","playtime":1407,"items_purged":["Eruption+1"],"score":2876,"play_id":"2ef8e4d4-398f-460a-8210-980e5ca43263","local_time":"20210226214625","is_ascension_mode":true,"campfire_choices":[{"data":"Eruption","floor":6.0,"key":"SMITH"},{"data":"PathToVictory","floor":7.0,"key":"SMITH"},{"data":"Wallop","floor":8.0,"key":"SMITH"},{"data":"InnerPeace","floor":13.0,"key":"SMITH"},{"data":"Vigilance","floor":15.0,"key":"SMITH"},{"data":"Adaptation","floor":23.0,"key":"SMITH"},{"data":"Scrawl","floor":24.0,"key":"SMITH"},{"data":"MentalFortress","floor":32.0,"key":"SMITH"},{"data":"Omniscience","floor":40,"key":"SMITH"},{"data":"InnerPeace","floor":41,"key":"SMITH"},{"data":"Eruption","floor":42,"key":"SMITH"},{"floor":46,"key":"RECALL"},{"floor":49,"key":"REST"},{"floor":53,"key":"REST"}],"circlet_count":0,"master_deck":["Eruption+1","Sanctity+1","MentalFortress+1","Wallop+1","PathToVictory+1","InnerPeace+1","Scrawl+1","Adaptation+1","MentalFortress+1","InnerPeace+1","Omniscience+1","PathToVictory+1"],"relics":["HolyWater","TeardropLocket","VioletLotus","Lantern","Bag of Preparation","Bottled Tornado","Happy Flower","Medical Kit","Sundial","Question Card","Potion Belt","Calipers","Kunai","MealTicket","Torii","Sling","Coffee Dripper"],"acts_visited":["Exordium","TheCity","TheBeyond","TheEnding"],"potions_floor_usage":[56,56,56,56],"damage_taken":[{"damage":1.0,"enemies":"Jaw Worm","floor":1.0,"turns":4.0},{"damage":5.0,"enemies":"2 Louse","floor":5.0,"turns":2.0},{"damage":8.0,"enemies":"Lagavulin","floor":12.0,"turns":4.0},{"damage":0.0,"enemies":"Cultist","floor":14.0,"turns":2.0},{"damage":4.0,"enemies":"The Guardian","floor":16.0,"turns":5.0},{"damage":0.0,"enemies":"Chosen","floor":18.0,"turns":3.0},{"damage":8.0,"enemies":"Shell Parasite","floor":22.0,"turns":2.0},{"damage":18.0,"enemies":"Gremlin Leader","floor":27.0,"turns":3.0},{"damage":0.0,"enemies":"Snecko","floor":28.0,"turns":3.0},{"damage":0.0,"enemies":"Collector","floor":33.0,"turns":4.0},{"damage":7,"enemies":"3 Shapes","floor":35,"turns":2},{"damage":6,"enemies":"3 Darklings","floor":37,"turns":3},{"damage":7,"enemies":"Sphere and 2 Shapes","floor":38,"turns":3},{"damage":5,"enemies":"2 Orb Walkers","floor":39,"turns":3},{"damage":0,"enemies":"Giant Head","floor":45,"turns":3},{"damage":0,"enemies":"Mind Bloom Boss Battle","floor":47,"turns":3},{"damage":46,"enemies":"Awakened One","floor":50,"turns":5},{"damage":24,"enemies":"Time Eater","floor":51,"turns":3},{"damage":0,"enemies":"Shield and Spear","floor":55,"turns":1},{"damage":10,"enemies":"The Heart","floor":56,"turns":5}],"seed_played":"2277824520312947168","potions_obtained":[{"floor":12.0,"key":"Regen Potion"},{"floor":14.0,"key":"Fire Potion"},{"floor":16.0,"key":"BottledMiracle"},{"floor":28.0,"key":"Energy Potion"},{"floor":38,"key":"FairyPotion"},{"floor":47,"key":"CultistPotion"}],"is_trial":false,"path_per_floor":["M","?","T","?","M","R","R","R","T","?","$","E","R","M","R","B",null,"M","?","$","?","M","R","R","?","T","E","M","$","?","?","R","B",null,"M","?","M","M","?","R","R","R","T","$","E","R","?","$","R","B","B",null,"R","$","E","B",null],"character_chosen":"WATCHER","items_purchased":["Lantern","Medical Kit","MentalFortress","Sundial","Question Card","InnerPeace","Ancient Potion","Sling","ColorlessPotion"],"campfire_rested":2,"item_purchase_floors":[20,29,29,29,29,29,44,48,54],"current_hp_per_floor":[42,22,22,22,17,17,17,17,17,17,17,9,9,9,9,5,52,52,52,52,52,44,44,44,44,44,35,35,35,35,16,16,16,59,52,52,46,39,34,34,34,34,34,34,34,34,34,49,70,24,21,60,73,73,73,63],"gold":298,"neow_bonus":"TRANSFORM_TWO_CARDS","is_daily":false,"chose_seed":false,"campfire_upgraded":11,"win_rate":0.0,"timestamp":1614343585,"path_taken":["M","?","?","?","?","R","R","R","T","?","?","E","R","M","R","BOSS","M","?","$","?","?","R","R","?","T","E","M","?","?","?","R","BOSS","M","?","M","?","?","R","R","R","T","$","E","R","?","$","R","BOSS","BOSS","R","$","E","BOSS"],"items_purchased_type":["Relic","Relic","Card","Relic","Relic","Card","Potion","Relic","Potion"],"build_version":"2020-12-22","purchased_purges":1,"victory":true,"max_hp_per_floor":[68,68,68,68,68,68,68,68,68,68,68,68,68,68,68,68,68,68,68,68,68,68,68,68,68,68,68,68,68,68,73,73,73,73,73,73,73,73,73,73,73,73,73,73,73,73,73,73,73,73,73,73,73,73,73,73],"relic_stats":{"Happy Flower":[12],"Torii":0,"counters":[20,63],"Sundial":[50],"MealTicket":15,"VioletLotus":[54],"Bag of Preparation":[28],"Kunai":[10],"Medical Kit":[12],"Question Card":8,"obtain_stats":[{"Potion Belt":38,"Lantern":20,"Calipers":39,"Happy Flower":27,"Torii":47,"Bag of Preparation":21,"TeardropLocket":4,"Bottled Tornado":26,"Medical Kit":29,"Question Card":29,"Sling":48,"Sundial":29,"HolyWater":0,"MealTicket":45,"WingedGreaves":1,"VioletLotus":17,"Coffee Dripper":54,"Kunai":43,"PureWater":0},{"Potion Belt":13,"Lantern":6,"Calipers":14,"Happy Flower":8,"Torii":16,"Bag of Preparation":6,"TeardropLocket":1,"Bottled Tornado":7,"Medical Kit":9,"Question Card":9,"Sling":16,"Sundial":9,"HolyWater":0,"MealTicket":15,"WingedGreaves":1,"VioletLotus":5,"Coffee Dripper":18,"Kunai":14,"PureWater":0},{"Potion Belt":40,"Lantern":20,"Calipers":43,"Happy Flower":25,"Torii":49,"Bag of Preparation":20,"TeardropLocket":4,"Bottled Tornado":22,"Medical Kit":28,"Question Card":28,"Sling":49,"Sundial":28,"HolyWater":0,"MealTicket":46,"WingedGreaves":4,"VioletLotus":17,"Coffee Dripper":57,"Kunai":43,"PureWater":0}]},"card_choices":[{"not_picked":["FlyingSleeves","Halt"],"picked":"Wallop","floor":1.0},{"not_picked":["DeceiveReality","BowlingBash"],"picked":"PathToVictory","floor":5.0},{"not_picked":["Wallop","FollowUp"],"picked":"InnerPeace","floor":12.0},{"not_picked":["SignatureMove","Evaluate","BowlingBash"],"picked":"SKIP","floor":14.0},{"not_picked":["DeusExMachina","ConjureBlade"],"picked":"Scrawl","floor":16.0},{"not_picked":["ClearTheMind","WreathOfFlame","SashWhip"],"picked":"SKIP","floor":18.0},{"not_picked":["Prostrate","LikeWater","CrushJoints"],"picked":"SKIP","floor":22.0},{"not_picked":["Prostrate","FlyingSleeves","Indignation+1"],"picked":"SKIP","floor":27.0},{"not_picked":["Crescendo","WaveOfTheHand","ClearTheMind+1"],"picked":"SKIP","floor":28.0},{"not_picked":["Protect","Crescendo","FlyingSleeves","CrushJoints+1"],"picked":"SKIP","floor":35},{"not_picked":["BowlingBash","Tantrum","Indignation","JustLucky+1"],"picked":"SKIP","floor":37},{"not_picked":["Prostrate+1","Evaluate","Consecrate"],"picked":"Omniscience","floor":38},{"not_picked":["ThirdEye","Worship","WaveOfTheHand+1"],"picked":"PathToVictory+1","floor":39},{"not_picked":["Consecrate","FlurryOfBlows","Pray+1","Weave"],"picked":"SKIP","floor":45},{"not_picked":["Judgement","ThirdEye","PathToVictory","Consecrate"],"picked":"SKIP","floor":55}],"player_experience":696980,"relics_obtained":[{"floor":21.0,"key":"Bag of Preparation"},{"floor":26.0,"key":"Bottled Tornado"},{"floor":27.0,"key":"Happy Flower"},{"floor":39,"key":"Calipers"},{"floor":43,"key":"Kunai"},{"floor":45,"key":"MealTicket"},{"floor":47,"key":"Torii"}],"event_choices":[{"damage_healed":0.0,"max_hp_gain":0.0,"max_hp_loss":0.0,"gold_gain":0.0,"event_name":"Shining Light","player_choice":"Entered Light","floor":2.0,"gold_loss":0.0,"damage_taken":20.0,"cards_upgraded":["MentalFortress","Defend_P"]},{"damage_healed":0.0,"max_hp_gain":0.0,"max_hp_loss":0.0,"gold_gain":0.0,"event_name":"WeMeetAgain","player_choice":"Paid Gold","floor":4.0,"gold_loss":96.0,"damage_taken":0.0,"relics_obtained":["TeardropLocket"]},{"damage_healed":0.0,"max_hp_gain":0.0,"max_hp_loss":0.0,"gold_gain":0.0,"event_name":"Living Wall","player_choice":"Grow","floor":10.0,"gold_loss":0.0,"damage_taken":0.0,"cards_upgraded":["Sanctity"]},{"damage_healed":0.0,"max_hp_gain":0.0,"max_hp_loss":0.0,"gold_gain":0.0,"event_name":"The Library","player_choice":"Read","floor":19.0,"gold_loss":0.0,"damage_taken":0.0,"cards_obtained":["Adaptation"]},{"damage_healed":0.0,"max_hp_gain":0.0,"max_hp_loss":0.0,"gold_gain":0.0,"event_name":"Wheel of Change","player_choice":"Relic","floor":21.0,"gold_loss":0.0,"damage_taken":0.0},{"cards_removed":["Vigilance"],"damage_healed":0.0,"max_hp_gain":0.0,"max_hp_loss":0.0,"gold_gain":0.0,"event_name":"Purifier","player_choice":"Purged","floor":25.0,"gold_loss":0.0,"damage_taken":0.0},{"damage_healed":0.0,"max_hp_gain":0.0,"max_hp_loss":0.0,"gold_gain":0.0,"event_name":"Vampires","player_choice":"Ignored","floor":30.0,"gold_loss":0.0,"damage_taken":0.0},{"damage_healed":0.0,"max_hp_gain":5.0,"max_hp_loss":0.0,"gold_gain":0.0,"event_name":"Forgotten Altar","player_choice":"Shed Blood","floor":31.0,"gold_loss":0.0,"damage_taken":24.0},{"damage_healed":0,"gold_gain":0,"player_choice":"1 cards matched","damage_taken":0,"max_hp_gain":0,"max_hp_loss":0,"event_name":"Match and Keep!","floor":36,"gold_loss":0,"cards_obtained":["Eruption"]},{"damage_healed":0,"gold_gain":0,"player_choice":"Fight","damage_taken":0,"max_hp_gain":0,"max_hp_loss":0,"event_name":"Mysterious Sphere","floor":39,"gold_loss":0},{"damage_healed":0,"gold_gain":0,"player_choice":"Fight","damage_taken":0,"max_hp_gain":0,"max_hp_loss":0,"event_name":"MindBloom","floor":47,"gold_loss":0}],"is_beta":false,"boss_relics":[{"not_picked":["Busted Crown","Runic Pyramid"],"picked":"VioletLotus"},{"not_picked":["Pandora\u0027s Box","Fusion Hammer","Tiny House"]}],"items_purged_floors":[44],"is_endless":false,"potions_floor_spawned":[12,14,16,28,33,35,37,38,47],"ascension_level":20}}