{"host":"ez9lh5a3k31ytd04","time":1614317437,"event":{"mods":["Act Like it!","Arknights","Aspiration","BaseMod","Conspire","Downfall","Energized Spire","Jedi Mod","Minty Spire (QoL Compilation)","Quarter Circle Forward PUNCH!","Quick Restart","Relic Filter Mod","Reliquary","Replay The Spire","Spicy Shops","StSLib","TestMod","noobMod","¡¾ÒÅÎï¿¨ÅÆ¡¿REMEMod"],"gold_per_floor":[113,113,126,56,56,56,81,101,169,184,215,270,0,44,44,167,167,183,199,199,214,236,282,282,321,321,321,359,17,17,42,42,140,140,162,12,25,42,66,120,120,143,143,196,216,0,16,0,0,30],"floor_reached":51,"language":"ZHS","playtime":3640,"items_purged":[],"score":856,"play_id":"1ff03855-ff37-4285-87ba-84ccfacc59c5","local_time":"20210226133037","is_ascension_mode":false,"campfire_choices":[{"data":"Coolheaded","floor":6,"key":"SMITH"},{"data":"ReplayTheSpireMod:Dual Polarity","floor":15,"key":"SMITH"},{"data":"Pot Of Greed","floor":24,"key":"SMITH"},{"data":"Scrape","floor":27,"key":"SMITH"},{"data":"Master of Strategy","floor":32,"key":"SMITH"},{"data":"Rainbow","floor":41,"key":"SMITH"},{"floor":49,"key":"REST"}],"circlet_count":0,"master_deck":["Defend_B","Defend_B","Defend_B","Zap","Master of Strategy+1","Coolheaded+1","jedi:meditation+1","Leap","Strike_G","All Out Attack","Scrape","Go for the Eyes","Scrape+1","ReplayTheSpireMod:Dual Polarity+1","Rainbow+1","Ball Lightning+1","Streamline+1","Gash","Pot Of Greed+1","Pot Of Greed","jedi:markofdeath+1","Storm","Cold Snap","Pot Of Greed","Storm+1","Machine Learning","Self Repair+1","Glacier","aspiration:Polymerization+1","REME_SelfUpgrade","Capacitor+1","Ball Lightning","Defragment","Gash+1","Redo+1","Sweeping Beam","Pot Of Greed"],"relics":["Cracked Core","testmod-TestBox","REME_ComplimentaryCards","ice","testmod-Faith","jedi:firstaidkit","Torii","Replay:Mystery Machine","Kunai","REME_ArchaeologicalTools","Carrot","energizedSpire:OgreHead","Grinning Jar","MealTicket","reliquary:LoveEmittingDiode","Replay:Bottled Snecko","ReplayTheSpireMod:TigerMarble","testmod-TimeTraveler","Replay:PocketPolymizer","Calipers","qcfpunch:Red_Headband","Regal Pillow","conspire:TreasureMap","aspiration:Lifesprig"],"acts_visited":["Exordium","TheCity","TheBeyond"],"potions_floor_usage":[16,23,25,42,44],"damage_taken":[{"damage":6,"enemies":"Jaw Worm","floor":1,"turns":3},{"damage":0,"enemies":"Small Slimes","floor":3,"turns":5},{"damage":23,"enemies":"3 Sentries","floor":7,"turns":8},{"damage":2,"enemies":"Cultist","floor":8,"turns":5},{"damage":5,"enemies":"Lots of Slimes","floor":10,"turns":5},{"damage":0,"enemies":"Lagavulin","floor":11,"turns":6},{"damage":3,"enemies":"3 Louse","floor":12,"turns":3},{"damage":0,"enemies":"Red Slaver","floor":14,"turns":2},{"damage":0,"enemies":"Slime Boss","floor":16,"turns":7},{"damage":39,"enemies":"conspire:FuzzyDice","floor":18,"turns":5},{"damage":0,"enemies":"Shell Parasite","floor":19,"turns":2},{"damage":0,"enemies":"3 Cultists","floor":21,"turns":4},{"damage":0,"enemies":"conspire:HollyBat","floor":22,"turns":5},{"damage":46,"enemies":"Book of Stabbing","floor":23,"turns":6},{"damage":1,"enemies":"conspire:Head Lice","floor":25,"turns":7},{"damage":1,"enemies":"Book of Stabbing","floor":28,"turns":5},{"damage":1,"enemies":"Centurion and Healer","floor":31,"turns":5},{"damage":8,"enemies":"Champ","floor":33,"turns":8},{"damage":8,"enemies":"3 Shapes","floor":35,"turns":3},{"damage":15,"enemies":"Orb Walker","floor":37,"turns":2},{"damage":0,"enemies":"Spire Growth","floor":38,"turns":3},{"damage":0,"enemies":"Writhing Mass","floor":39,"turns":4},{"damage":1,"enemies":"R_Hoarder","floor":40,"turns":6},{"damage":37,"enemies":"3 Darklings","floor":42,"turns":5},{"damage":50,"enemies":"Reptomancer","floor":44,"turns":5},{"damage":27,"enemies":"Jaw Worm Horde","floor":45,"turns":3},{"damage":11,"enemies":"Sphere and 2 Shapes","floor":47,"turns":4},{"damage":61,"enemies":"Donu and Deca","floor":50,"turns":8}],"seed_played":"-1630581522450019177","potions_obtained":[{"floor":1,"key":"FearPotion"},{"floor":12,"key":"ColorlessPotion"},{"floor":14,"key":"EssenceOfSteel"},{"floor":22,"key":"jedi:hoardpotion"},{"floor":23,"key":"Block Potion"},{"floor":25,"key":"Dexterity Potion"},{"floor":31,"key":"SkillPotion"},{"floor":35,"key":"Slimebound:ThreeZeroPotion"},{"floor":42,"key":"SpeedPotion"},{"floor":45,"key":"Strength Potion"}],"is_trial":false,"path_per_floor":["M","?","M","$","?","R","E","M","T","M","E","M","$","M","R","B",null,"M","M","?","M","M","E","R","E","T","R","E","$","?","M","R","B",null,"M","$","M","M","M","E","R","M","T","E","M","$","M","$","R","B",null],"character_chosen":"DEFECT","items_purchased":["jedi:firstaidkit","Torii","Carrot","ReplayTheSpireMod:TigerMarble","Cold Snap","Replay:PocketPolymizer","conspire:TreasureMap","aspiration:Lifesprig"],"campfire_rested":1,"item_purchase_floors":[4,4,13,29,29,36,46,48],"current_hp_per_floor":[76,76,76,76,76,76,65,65,65,81,81,81,61,61,61,61,82,56,56,56,56,56,17,17,18,18,18,20,35,35,37,37,32,82,74,82,67,67,77,82,82,69,69,36,25,31,37,30,69,69],"gold":30,"neow_bonus":"TEN_PERCENT_HP_BONUS","is_daily":false,"chose_seed":false,"campfire_upgraded":6,"win_rate":0.0,"timestamp":1614317437,"path_taken":["M","?","M","$","?","R","E","M","T","M","E","M","$","M","R","BOSS","M","M","?","M","?","E","R","E","T","R","E","$","?","?","R","BOSS","M","$","M","?","M","E","R","M","T","E","M","$","M","$","R","BOSS"],"items_purchased_type":["Relic","Relic","Relic","Relic","Card","Relic","Relic","Relic"],"build_version":"2020-12-22","purchased_purges":0,"victory":true,"max_hp_per_floor":[82,82,82,82,82,82,82,82,82,82,82,82,82,82,82,82,82,82,82,82,82,82,82,82,82,82,82,82,82,82,82,82,82,82,82,82,82,82,82,82,82,82,82,82,82,82,82,82,82,82],"card_choices":[{"not_picked":["Hello World","Sweeping Beam"],"picked":"Coolheaded","floor":1},{"not_picked":["Compile Driver","jedi:BurstLightning"],"picked":"Leap","floor":3},{"not_picked":["jedi:spotbugs","conspire:SharedLibrary","jedi:darknesscall"],"picked":"SKIP","floor":7},{"not_picked":["Hologram","Barrage"],"picked":"Scrape","floor":8},{"not_picked":["Redo","conspire:Rain"],"picked":"Go for the Eyes","floor":10},{"not_picked":["jedi:bruteforce","Sweeping Beam"],"picked":"Scrape","floor":11},{"not_picked":["Cold Snap","Static Discharge"],"picked":"ReplayTheSpireMod:Dual Polarity","floor":12},{"not_picked":["ReplayTheSpireMod:GoodbyeWorld","Consume","Barrage"],"picked":"SKIP","floor":14},{"not_picked":["REME_ForAll","Mirror Shield"],"picked":"Rainbow","floor":16},{"not_picked":["Reprogram","Hologram"],"picked":"Ball Lightning+1","floor":18},{"not_picked":["jedi:BurstLightning+1","REME_Whirling+1"],"picked":"Streamline+1","floor":19},{"not_picked":["Conserve Battery+1","jedi:BurstLightning","Sweeping Beam"],"picked":"SKIP","floor":21},{"not_picked":["jedi:spotbugs","Defragment"],"picked":"Gash","floor":22},{"not_picked":["ReplayTheSpireMod:Calculation Training","jedi:spotbugs"],"picked":"jedi:markofdeath+1","floor":23},{"not_picked":["Conserve Battery","Leap","Thunder Strike"],"picked":"SKIP","floor":25},{"not_picked":["Conserve Battery","Barrage+1"],"picked":"Storm","floor":28},{"not_picked":["ReplayTheSpireMod:Repulse","Ball Lightning+1"],"picked":"Storm+1","floor":31},{"not_picked":["REME_ForAll","Fission"],"picked":"Machine Learning","floor":33},{"not_picked":["Tempest","jedi:sharpshooter+1"],"picked":"Self Repair+1","floor":35},{"not_picked":["Conserve Battery+1","Reinforced Body+1"],"picked":"Glacier","floor":37},{"not_picked":["Coolheaded+1","BasicCrystalCard+1"],"picked":"aspiration:Polymerization+1","floor":38},{"not_picked":["Go for the Eyes","Sweeping Beam"],"picked":"REME_SelfUpgrade","floor":39},{"not_picked":["jedi:markofdeath+1","Cold Snap","jedi:BurstFrost","Glacier+1"],"picked":"Capacitor+1","floor":40},{"not_picked":["Go for the Eyes+1","jedi:blockon+1","Steam"],"picked":"Defragment","floor":42},{"not_picked":["Darkness+1","REME_Shoggoth","Compile Driver+1","Barrage"],"picked":"SKIP","floor":44},{"not_picked":["conspire:Rain+1","FTL","Sweeping Beam+1"],"picked":"Gash+1","floor":45},{"not_picked":["ReplayTheSpireMod:GoodbyeWorld","Streamline+1","Hologram+1"],"picked":"Redo+1","floor":47}],"player_experience":73916,"relics_obtained":[{"floor":7,"key":"Replay:Mystery Machine"},{"floor":9,"key":"Kunai"},{"floor":11,"key":"REME_ArchaeologicalTools"},{"floor":23,"key":"Grinning Jar"},{"floor":25,"key":"MealTicket"},{"floor":26,"key":"reliquary:LoveEmittingDiode"},{"floor":28,"key":"Replay:Bottled Snecko"},{"floor":40,"key":"Calipers"},{"floor":43,"key":"qcfpunch:Red_Headband"},{"floor":44,"key":"Regal Pillow"}],"event_choices":[{"damage_healed":0,"gold_gain":0,"player_choice":"Ignored","damage_taken":0,"max_hp_gain":0,"max_hp_loss":0,"event_name":"NoteForYourself","floor":20,"gold_loss":0},{"cards_removed":["Strike_B"],"damage_healed":0,"gold_gain":0,"player_choice":"Offered Basic","damage_taken":0,"max_hp_gain":0,"max_hp_loss":0,"event_name":"Bonfire Elementals","floor":30,"gold_loss":0}],"is_beta":false,"boss_relics":[{"not_picked":["testmod-GoldenSoul","aspiration:RunicSpoon"],"picked":"energizedSpire:OgreHead"},{"not_picked":["jedi:battlestandard","energizedSpire:DeadBattery"],"picked":"testmod-TimeTraveler"}],"items_purged_floors":[],"is_endless":false,"potions_floor_spawned":[1,12,14,22,23,25,31,35,42,45],"ascension_level":0}}