{"host":"mu5qkq7030l6349q","time":1614362993,"event":{"mods":["AchievementEnabler","BaseMod","Colored Powertips","Downfall","Highlight Path","Minty Spire (QoL Compilation)","Permanent Neow","Practice Mode","Rare Cards Sparkle","Relic Sorter","Relic Stats","StSLib","Wide Potions"],"gold_per_floor":[114,132,82,82,57,84,84,117,117,148,98,98,113,126,126,126,126],"floor_reached":16,"language":"ENG","playtime":904,"items_purged":[],"score":124,"play_id":"71a10057-9ee3-4656-b66e-2f12b2619233","local_time":"20210226190953","is_ascension_mode":true,"campfire_choices":[{"data":"Fission","floor":12,"key":"SMITH"},{"data":"Darkness","floor":15,"key":"SMITH"}],"circlet_count":0,"master_deck":["Strike_B","Defend_B","Defend_B","Defend_B","Defend_B","Zap","Dualcast","Rebound","Darkness+1","Compile Driver","Self Repair","Coolheaded","Fission+1","Cold Snap"],"relics":["Cracked Core","Blue Candle","Sundial","Strawberry","Mummified Hand","Omamori"],"acts_visited":["Exordium"],"potions_floor_usage":[7],"damage_taken":[{"damage":1.0,"enemies":"Jaw Worm","floor":1.0,"turns":3.0},{"damage":4.0,"enemies":"2 Louse","floor":2.0,"turns":3.0},{"damage":30,"enemies":"3 Sentries","floor":6,"turns":9},{"damage":12,"enemies":"Lagavulin","floor":8,"turns":6},{"damage":14,"enemies":"Gremlin Nob","floor":10,"turns":4},{"damage":1,"enemies":"Cultist","floor":13,"turns":4},{"damage":0,"enemies":"2 Fungi Beasts","floor":14,"turns":2},{"damage":34,"enemies":"Hexaghost","floor":16,"turns":10}],"seed_played":"5809836385036026496","potions_obtained":[{"floor":6,"key":"sneckomod:MuddlingPotion"},{"floor":7,"key":"Fruit Juice"},{"floor":7,"key":"LiquidMemories"},{"floor":8,"key":"DuplicationPotion"}],"is_trial":false,"path_per_floor":["M","M","?","?","$","E","?","E","T","E","$","R","M","M","R","B"],"character_chosen":"DEFECT","items_purchased":["Coolheaded","Cold Snap"],"campfire_rested":0,"item_purchase_floors":[5,11],"current_hp_per_floor":[53,49,49,44,44,21,26,28,28,21,21,21,27,34,34,0,0],"gold":126,"neow_bonus":"TRANSFORM_TWO_CARDS","is_daily":false,"chose_seed":false,"campfire_upgraded":2,"win_rate":0.0,"timestamp":1614362993,"path_taken":["M","M","?","?","$","E","?","E","T","E","$","R","M","?","R","BOSS"],"items_purchased_type":["Card","Card"],"build_version":"2020-12-22","purchased_purges":0,"victory":false,"max_hp_per_floor":[75,75,75,75,75,75,80,87,87,87,87,87,87,87,87,87,87],"relic_stats":{"counters":[8,41],"Sundial":[8],"Mummified Hand":[4],"Blue Candle":[0],"obtain_stats":[{"Sundial":6,"Mummified Hand":9,"Blue Candle":4,"Strawberry":8,"Omamori":10,"Cracked Core":0},{"Sundial":3,"Mummified Hand":4,"Blue Candle":2,"Strawberry":4,"Omamori":5,"Cracked Core":0},{"Sundial":15,"Mummified Hand":21,"Blue Candle":6,"Strawberry":21,"Omamori":25,"Cracked Core":0}]},"card_choices":[{"not_picked":["Turbo","Conserve Battery"],"picked":"Compile Driver","floor":1.0},{"not_picked":["Go for the Eyes","Ball Lightning"],"picked":"Self Repair","floor":2.0},{"not_picked":["Redo","Leap","Hologram"],"picked":"SKIP","floor":6},{"not_picked":["Skim","Steam","Ball Lightning"],"picked":"SKIP","floor":8},{"not_picked":["Capacitor","Recycle"],"picked":"Fission","floor":10},{"not_picked":["Beam Cell","Gash","Conserve Battery"],"picked":"SKIP","floor":13},{"not_picked":["Steam","Go for the Eyes","Rip and Tear"],"picked":"SKIP","floor":14}],"player_experience":107692,"relics_obtained":[{"floor":6,"key":"Sundial"},{"floor":8,"key":"Strawberry"},{"floor":9,"key":"Mummified Hand"},{"floor":10,"key":"Omamori"}],"event_choices":[{"cards_removed":["Strike_B"],"damage_healed":0.0,"max_hp_gain":0.0,"max_hp_loss":0.0,"gold_gain":0.0,"event_name":"The Cleric","player_choice":"Card Removal","floor":3.0,"gold_loss":50.0,"damage_taken":0.0},{"damage_healed":0,"gold_gain":0,"player_choice":"Got Potions","damage_taken":0,"max_hp_gain":0,"max_hp_loss":0,"event_name":"Lab","floor":7,"gold_loss":0}],"is_beta":false,"boss_relics":[],"items_purged_floors":[],"is_endless":false,"potions_floor_spawned":[6,8,14],"killed_by":"Hexaghost","ascension_level":1}}