{"host":"j49z5jz0n7e8vjox","time":1614351014,"event":{"mods":["AchievementEnabler","BaseMod","Bestiary","Colored Map","Colored Powertips","DeckTracker","Minty Spire (QoL Compilation)","Permanent Neow","UnlockEverythingMod"],"gold_per_floor":[115,128,128,141,158,183,183,208,208,208,13,13,38,48,48,48,48],"floor_reached":16,"language":"ENG","playtime":4079,"items_purged":[],"score":240,"play_id":"90a819e7-1769-45db-9894-b467f4054e08","local_time":"20210226085014","is_ascension_mode":true,"campfire_choices":[{"data":"Crippling Poison","floor":7,"key":"SMITH"},{"floor":10,"key":"REST"},{"floor":12,"key":"REST"},{"floor":15,"key":"REST"}],"circlet_count":0,"master_deck":["AscendersBane","Strike_G","Strike_G","Strike_G","Strike_G","Strike_G","Defend_G","Defend_G","Defend_G","Defend_G","Defend_G","Survivor","Neutralize","Flechettes","Deadly Poison+1","Prepared","Crippling Poison+1","Deadly Poison","Burst","Dagger Throw","Well Laid Plans","Acrobatics"],"relics":["Ring of the Snake","Happy Flower","Prayer Wheel","Question Card","Art of War","Paper Crane"],"acts_visited":["Exordium"],"potions_floor_usage":[6,13,16,16],"damage_taken":[{"damage":1,"enemies":"Small Slimes","floor":1,"turns":5},{"damage":1,"enemies":"2 Louse","floor":2,"turns":3},{"damage":2,"enemies":"Jaw Worm","floor":4,"turns":4},{"damage":5,"enemies":"Blue Slaver","floor":5,"turns":4},{"damage":8,"enemies":"Lagavulin","floor":6,"turns":6},{"damage":41,"enemies":"3 Sentries","floor":8,"turns":10},{"damage":12,"enemies":"Gremlin Nob","floor":13,"turns":3},{"damage":7,"enemies":"3 Louse","floor":14,"turns":3},{"damage":47,"enemies":"Slime Boss","floor":16,"turns":8}],"seed_played":"-6893348532646964205","potions_obtained":[{"floor":1,"key":"Block Potion"},{"floor":2,"key":"FearPotion"},{"floor":13,"key":"Energy Potion"},{"floor":14,"key":"BlessingOfTheForge"}],"is_trial":false,"path_per_floor":["M","M","?","M","M","E","R","E","T","R","$","R","E","M","R","B"],"character_chosen":"THE_SILENT","items_purchased":["Art of War","Dagger Throw"],"campfire_rested":3,"item_purchase_floors":[11,11],"current_hp_per_floor":[58,57,57,55,50,42,42,1,1,20,20,39,27,20,39,0,0],"gold":48,"neow_bonus":"THREE_CARDS","is_daily":false,"chose_seed":false,"campfire_upgraded":1,"win_rate":0.0,"timestamp":1614351014,"path_taken":["M","M","?","M","M","E","R","E","T","R","$","R","E","M","R","BOSS"],"items_purchased_type":["Relic","Card"],"build_version":"2020-12-22","purchased_purges":0,"victory":false,"max_hp_per_floor":[66,66,66,66,66,66,66,66,66,66,66,66,66,66,66,66,66],"card_choices":[{"not_picked":["Slice","Cloak And Dagger"],"picked":"Flechettes","floor":0},{"not_picked":["Concentrate","Outmaneuver"],"picked":"Deadly Poison","floor":1},{"not_picked":["Sucker Punch","Accuracy"],"picked":"Prepared","floor":2},{"not_picked":["Accuracy","Underhanded Strike"],"picked":"Crippling Poison","floor":4},{"not_picked":["Bane","Dagger Spray"],"picked":"Deadly Poison","floor":5},{"not_picked":["Expertise","Bouncing Flask"],"picked":"Burst","floor":6},{"not_picked":["Flying Knee","Underhanded Strike","Dagger Spray"],"picked":"SKIP","floor":8},{"not_picked":["Concentrate","Cloak And Dagger","Backflip"],"picked":"Well Laid Plans","floor":13},{"not_picked":["Envenom","All Out Attack","Bane"],"picked":"Acrobatics","floor":14},{"not_picked":["Setup","Dagger Spray","Cloak And Dagger","Masterful Stab"],"picked":"SKIP","floor":14}],"player_experience":847372,"relics_obtained":[{"floor":6,"key":"Happy Flower"},{"floor":8,"key":"Prayer Wheel"},{"floor":9,"key":"Question Card"},{"floor":13,"key":"Paper Crane"}],"event_choices":[{"damage_healed":0,"gold_gain":0,"player_choice":"Grow","damage_taken":0,"max_hp_gain":0,"max_hp_loss":0,"event_name":"Living Wall","floor":3,"gold_loss":0,"cards_upgraded":["Deadly Poison"]}],"is_beta":false,"boss_relics":[],"items_purged_floors":[],"is_endless":false,"potions_floor_spawned":[1,2,13,14],"killed_by":"Slime Boss","ascension_level":20}}