{"host":"mydft8i2zzydgggw","time":1614353739,"event":{"mods":["AchievementEnabler","BaseMod","Colored Map","Colored Powertips","DeckTracker","Keyboard Shortcuts","Minty Spire (QoL Compilation)","Rare Cards Sparkle","Relic Stats","StSLib","SuperFastMode","Together in Spire","everything is the same but u backflip on backflip"],"gold_per_floor":[112,131,131,131,147,147,160,186,186,186,186,221,236,268,268,268,268],"floor_reached":16,"language":"KOR","playtime":379,"items_purged":[],"score":210,"play_id":"b55ae052-d100-467a-b368-99607e3e06cd","local_time":"20210227003539","is_ascension_mode":true,"campfire_choices":[{"data":"Cloak And Dagger","floor":6,"key":"SMITH"},{"floor":11,"key":"REST"},{"data":"Neutralize","floor":15,"key":"SMITH"}],"circlet_count":0,"master_deck":["AscendersBane","Strike_G+1","Strike_G","Strike_G","Strike_G","Strike_G","Defend_G","Defend_G","Defend_G","Defend_G","Defend_G","Survivor","Neutralize+1","Die Die Die+1","Acrobatics","Cloak And Dagger+1","Escape Plan","Backflip","Leg Sweep","Blade Dance"],"relics":["Ring of the Snake","Du-Vu Doll","Paper Crane","Calipers","Whetstone","Bottled Lightning"],"acts_visited":["Exordium"],"potions_floor_usage":[8,12,14,16],"damage_taken":[{"damage":0,"enemies":"Cultist","floor":1,"turns":4},{"damage":12,"enemies":"Small Slimes","floor":2,"turns":4},{"damage":0,"enemies":"2 Louse","floor":5,"turns":2},{"damage":0,"enemies":"Lots of Slimes","floor":7,"turns":3},{"damage":6,"enemies":"Lagavulin","floor":8,"turns":8},{"damage":7,"enemies":"3 Sentries","floor":12,"turns":6},{"damage":0,"enemies":"Red Slaver","floor":13,"turns":3},{"damage":2,"enemies":"Lagavulin","floor":14,"turns":5},{"damage":26,"enemies":"Slime Boss","floor":16,"turns":8}],"seed_played":"6862409552201316102","potions_obtained":[{"floor":2,"key":"PowerPotion"},{"floor":10,"key":"LiquidBronze"},{"floor":10,"key":"CultistPotion"},{"floor":12,"key":"SpeedPotion"},{"floor":13,"key":"PowerPotion"}],"is_trial":false,"path_per_floor":["M","M","?","?","M","R","M","E","T","?","R","E","M","E","R","B"],"character_chosen":"THE_SILENT","items_purchased":[],"campfire_rested":1,"item_purchase_floors":[],"current_hp_per_floor":[59,47,21,21,21,21,21,15,15,15,34,27,27,25,25,0,0],"gold":268,"neow_bonus":"THREE_RARE_CARDS","is_daily":false,"chose_seed":false,"campfire_upgraded":2,"win_rate":0.0,"timestamp":1614353739,"path_taken":["M","M","?","?","M","R","M","E","T","?","R","E","M","E","R","BOSS"],"items_purchased_type":[],"build_version":"2020-12-22","purchased_purges":0,"victory":false,"max_hp_per_floor":[66,66,66,66,66,66,66,66,66,66,66,66,66,66,66,66,66],"relic_stats":{"counters":[9,43],"Whetstone":["Strike_G","Die Die Die"],"obtain_stats":[{"Du-Vu Doll":3,"Calipers":9,"Whetstone":12,"Bottled Lightning":14,"Paper Crane":8,"Ring of the Snake":0},{"Du-Vu Doll":2,"Calipers":5,"Whetstone":6,"Bottled Lightning":8,"Paper Crane":5,"Ring of the Snake":0},{"Du-Vu Doll":8,"Calipers":21,"Whetstone":27,"Bottled Lightning":35,"Paper Crane":21,"Ring of the Snake":0}],"Ring of the Snake":[18]},"card_choices":[{"not_picked":["Venomology","Wraith Form v2"],"picked":"Die Die Die","floor":0},{"not_picked":["Accuracy","Flying Knee"],"picked":"Acrobatics","floor":1},{"not_picked":["Predator","Dagger Throw"],"picked":"Cloak And Dagger","floor":2},{"not_picked":["Deflect","Masterful Stab"],"picked":"Escape Plan","floor":5},{"not_picked":["PiercingWail","Outmaneuver"],"picked":"Backflip","floor":7},{"not_picked":["A Thousand Cuts","Malaise","Deflect"],"picked":"SKIP","floor":8},{"not_picked":["Glass Knife","Malaise"],"picked":"Leg Sweep","floor":12},{"not_picked":["Caltrops","Flechettes"],"picked":"Blade Dance","floor":13},{"not_picked":["Dodge and Roll","Leg Sweep","All Out Attack"],"picked":"SKIP","floor":14}],"player_experience":308567,"relics_obtained":[{"floor":8,"key":"Paper Crane"},{"floor":9,"key":"Calipers"},{"floor":12,"key":"Whetstone"},{"floor":14,"key":"Bottled Lightning"}],"event_choices":[{"damage_healed":0,"gold_gain":0,"player_choice":"Success","damage_taken":26,"relics_obtained":["Du-Vu Doll"],"max_hp_gain":0,"max_hp_loss":0,"event_name":"Scrap Ooze","floor":3,"gold_loss":0},{"cards_removed":["Shame"],"damage_healed":0,"gold_gain":0,"player_choice":"Forget","damage_taken":0,"max_hp_gain":0,"max_hp_loss":0,"event_name":"Living Wall","floor":4,"gold_loss":0},{"damage_healed":0,"gold_gain":0,"player_choice":"Got Potions","damage_taken":0,"max_hp_gain":0,"max_hp_loss":0,"event_name":"Lab","floor":10,"gold_loss":0}],"is_beta":false,"boss_relics":[],"items_purged_floors":[],"is_endless":false,"potions_floor_spawned":[2,12,13],"killed_by":"Slime Boss","ascension_level":15}}