{"host":"Keegz","time":1614303708,"event":{"mods":["BaseMod","Bestiary","Colored Powertips","Highlight Path","Minty Spire (QoL Compilation)","Relic Stats","Slay the Relics Exporter"],"gold_per_floor":[113,38,54,54,2,37,56,56,56,67,93,106,106,434,434,511,511,511,587,587,603,98,148,148,148],"floor_reached":24,"language":"ENG","playtime":1269,"items_purged":["Acrobatics"],"score":657,"play_id":"5b4597c9-a13f-4878-8c3f-d3e0052b2ae3","local_time":"20210226144148","is_ascension_mode":true,"campfire_choices":[{"data":"Neutralize","floor":8,"key":"SMITH"},{"floor":13,"key":"REST"},{"floor":15,"key":"REST"},{"data":"A Thousand Cuts","floor":18,"key":"SMITH"}],"circlet_count":0,"master_deck":["AscendersBane","Survivor","Neutralize+1","Underhanded Strike","Dagger Spray","Blade Dance","Leg Sweep","Terror","Footwork","Dash","A Thousand Cuts+1","Infinite Blades+1","Choke+1","Wraith Form v2+1","Tools of the Trade","Deadly Poison","Cloak And Dagger","Calculated Gamble","Cloak And Dagger","Blur"],"relics":["Ring of the Snake","NeowsBlessing","Matryoshka","Snake Skull","Pantograph","Blood Vial","Old Coin","Astrolabe","Pandora\u0027s Box","Singing Bowl","Sling"],"acts_visited":["Exordium","TheCity"],"potions_floor_usage":[11,14],"damage_taken":[{"damage":0,"enemies":"Small Slimes","floor":1,"turns":1},{"damage":0,"enemies":"Cultist","floor":3,"turns":1},{"damage":0,"enemies":"3 Sentries","floor":6,"turns":1},{"damage":0,"enemies":"Jaw Worm","floor":7,"turns":3},{"damage":2,"enemies":"Exordium Wildlife","floor":10,"turns":3},{"damage":32,"enemies":"Lagavulin","floor":11,"turns":8},{"damage":15,"enemies":"Red Slaver","floor":12,"turns":4},{"damage":41,"enemies":"Gremlin Nob","floor":14,"turns":4},{"damage":55,"enemies":"The Guardian","floor":16,"turns":14},{"damage":19,"enemies":"The Guardian","floor":19,"turns":12},{"damage":30,"enemies":"2 Thieves","floor":21,"turns":5},{"damage":28,"enemies":"Spheric Guardian","floor":24,"turns":5}],"seed_played":"-6309087494912484877","potions_obtained":[{"floor":1,"key":"Weak Potion"},{"floor":4,"key":"FairyPotion"},{"floor":4,"key":"LiquidMemories"},{"floor":12,"key":"SteroidPotion"}],"is_trial":false,"path_per_floor":["M","?","M","?","$","E","M","R","T","M","E","M","R","E","R","B",null,"R","B",null,"M","$","?","M"],"character_chosen":"THE_SILENT","items_purchased":["Blade Dance","Singing Bowl","Sling"],"campfire_rested":2,"item_purchase_floors":[5,22,22],"current_hp_per_floor":[59,59,59,59,59,59,59,59,59,57,25,12,31,19,38,10,10,10,18,54,26,26,26,0,0],"gold":148,"neow_bonus":"THREE_ENEMY_KILL","is_daily":false,"chose_seed":false,"campfire_upgraded":2,"win_rate":0.0,"timestamp":1614303708,"path_taken":["M","?","M","?","$","E","M","R","T","M","E","M","R","E","R","BOSS","R","BOSS","M","$","?","M"],"items_purchased_type":["Card","Relic","Relic"],"build_version":"2020-12-18","purchased_purges":1,"victory":false,"max_hp_per_floor":[66,66,66,66,66,66,66,66,66,66,66,66,66,66,66,66,66,66,66,66,66,66,66,66,66],"relic_stats":{"Blood Vial":12,"Singing Bowl":0,"counters":[12,61],"Pantograph":50,"Astrolabe":["Infinite Blades","Choke","Wraith Form v2"],"Pandora\u0027s Box":["Deadly Poison","Cloak And Dagger","Calculated Gamble","Cloak And Dagger","Acrobatics","Blur"],"Snake Skull":[2],"obtain_stats":[{"Blood Vial":11,"Matryoshka":6,"NeowsBlessing":0,"Singing Bowl":22,"Pantograph":9,"Astrolabe":17,"Pandora\u0027s Box":20,"Snake Skull":9,"Sling":22,"Ring of the Snake":0,"Old Coin":14},{"Blood Vial":6,"Matryoshka":3,"NeowsBlessing":0,"Singing Bowl":11,"Pantograph":4,"Astrolabe":9,"Pandora\u0027s Box":10,"Snake Skull":4,"Sling":11,"Ring of the Snake":0,"Old Coin":8},{"Blood Vial":17,"Matryoshka":3,"NeowsBlessing":0,"Singing Bowl":56,"Pantograph":6,"Astrolabe":39,"Pandora\u0027s Box":51,"Snake Skull":6,"Sling":56,"Ring of the Snake":0,"Old Coin":25}],"Ring of the Snake":[24]},"card_choices":[{"not_picked":["Accuracy","Bane"],"picked":"Underhanded Strike","floor":1},{"not_picked":["Accuracy","Deflect"],"picked":"Dagger Spray","floor":3},{"not_picked":["Backflip","Bane","Expertise"],"picked":"SKIP","floor":6},{"not_picked":["Prepared","Blade Dance"],"picked":"Leg Sweep","floor":7},{"not_picked":["Blur","Bane"],"picked":"Terror","floor":10},{"not_picked":["Slice","Reflex","Outmaneuver"],"picked":"SKIP","floor":11},{"not_picked":["Dash","Adrenaline"],"picked":"Footwork","floor":12},{"not_picked":["Choke","Escape Plan"],"picked":"Dash","floor":14},{"not_picked":["Unload","Adrenaline"],"picked":"A Thousand Cuts","floor":16},{"not_picked":["Phantasmal Killer","Storm of Steel"],"picked":"Tools of the Trade","floor":19},{"not_picked":["Deadly Poison","Bane","Outmaneuver"],"picked":"SKIP","floor":21}],"player_experience":1526238,"relics_obtained":[{"floor":6,"key":"Matryoshka"},{"floor":9,"key":"Snake Skull"},{"floor":9,"key":"Pantograph"},{"floor":11,"key":"Blood Vial"},{"floor":14,"key":"Old Coin"}],"event_choices":[{"cards_removed":["Strike_G"],"damage_healed":0,"gold_gain":0,"player_choice":"Card Removal","damage_taken":0,"max_hp_gain":0,"max_hp_loss":0,"event_name":"The Cleric","floor":2,"gold_loss":75},{"damage_healed":0,"gold_gain":0,"player_choice":"Got Potions","damage_taken":0,"max_hp_gain":0,"max_hp_loss":0,"event_name":"Lab","floor":4,"gold_loss":0},{"damage_healed":0,"gold_gain":50,"player_choice":"Stole From Cult","damage_taken":0,"max_hp_gain":0,"max_hp_loss":0,"event_name":"Nest","floor":23,"gold_loss":0}],"is_beta":true,"boss_relics":[{"not_picked":["HoveringKite","SacredBark"],"picked":"Astrolabe"},{"not_picked":["Sozu","Runic Dome"],"picked":"Pandora\u0027s Box"}],"items_purged_floors":[22],"is_endless":false,"potions_floor_spawned":[1,6,10,12],"killed_by":"Spheric Guardian","ascension_level":19}}