{"host":"nihqlga4zpmrcpl9","time":1614351808,"event":{"mods":["BaseMod","LagranYue(拉格朗・月)","Marisa（F雨　魔理沙）","Minty Spire (QoL Compilation)","Replay The Spire","Shop Mod","StSLib","The Bug Knight","The Cursed","The Hierophant","The Servant 0.9.4"],"gold_per_floor":[112,112,132,150,115,115,149,149,173,203,203,203,203,83,83,179,179,160,177,196,208,123,123,149,164,164,164,164],"floor_reached":27,"language":"ZHS","playtime":1360,"items_purged":[],"score":223,"play_id":"6ac9849f-853f-437d-8330-278bde5c8479","local_time":"20210226230328","is_ascension_mode":false,"campfire_choices":[{"data":"ReplayTheSpireMod:Calculation Training","floor":6,"key":"SMITH"},{"data":"Chaos","floor":8,"key":"SMITH"},{"floor":11,"key":"REST"},{"data":"Loop","floor":15,"key":"SMITH"},{"floor":23,"key":"REST"}],"circlet_count":0,"master_deck":["Strike_B","Strike_B","Strike_B","Defend_B","Defend_B","Defend_B","Defend_B","Zap","Dualcast+1","Chaos+1","Conserve Battery","ReplayTheSpireMod:Calculation Training+1","Glacier","Stack","Fusion+1","Loop+1","Multi-Cast","Capacitor","Undo","Rainbow","Sunder"],"relics":["LagranYue:RandomDrawCardRelic","Ring of Chaos","Bronze Scales","MerchantsRug","Fusion Hammer","Replay:WaspNest","Replay:Wax Seal","Centennial Puzzle"],"acts_visited":["Exordium","TheCity"],"potions_floor_usage":[10,27],"damage_taken":[{"damage":0,"enemies":"Small Slimes","floor":1,"turns":3},{"damage":1,"enemies":"Cultist","floor":3,"turns":4},{"damage":2,"enemies":"Jaw Worm","floor":4,"turns":5},{"damage":15,"enemies":"Exordium Thugs","floor":5,"turns":5},{"damage":17,"enemies":"3 Sentries","floor":7,"turns":13},{"damage":34,"enemies":"Gremlin Nob","floor":10,"turns":7},{"damage":8,"enemies":"Hexaghost","floor":16,"turns":14},{"damage":0,"enemies":"2 Thieves","floor":18,"turns":5},{"damage":0,"enemies":"3 Byrds","floor":19,"turns":5},{"damage":59,"enemies":"Cultist and Chosen","floor":20,"turns":11},{"damage":13,"enemies":"Centurion and Healer","floor":21,"turns":9},{"damage":21,"enemies":"3 Cultists","floor":25,"turns":6},{"damage":5,"enemies":"Shelled Parasite and Fungi","floor":27,"turns":1}],"seed_played":"5574066518957961346","potions_obtained":[{"floor":1,"key":"FocusPotion"},{"floor":3,"key":"Dexterity Potion"},{"floor":10,"key":"Elixir"},{"floor":20,"key":"PowerPotion"},{"floor":25,"key":"CultistPotion"}],"is_trial":false,"path_per_floor":["M","?","M","M","M","R","E","R","T","E","R","?","?","$","R","B",null,"M","M","M","M","?","R","T","M","T","M"],"character_chosen":"DEFECT","items_purchased":["MerchantsRug","Loop"],"campfire_rested":2,"item_purchase_floors":[14,14],"current_hp_per_floor":[75,75,74,72,57,57,40,40,40,6,28,28,28,28,28,20,75,75,75,16,3,3,25,25,4,4,0,0],"gold":164,"neow_bonus":"BOSS_RELIC","is_daily":false,"chose_seed":false,"campfire_upgraded":3,"win_rate":0.0,"timestamp":1614351808,"path_taken":["M","?","M","M","M","R","E","R","T","E","R","?","?","$","R","BOSS","M","M","M","M","?","R","?","M","T","M"],"items_purchased_type":["Relic","Card"],"build_version":"2020-12-22","purchased_purges":0,"victory":false,"max_hp_per_floor":[75,75,75,75,75,75,75,75,75,75,75,75,75,75,75,75,75,75,75,75,75,75,75,75,75,75,75,75],"card_choices":[{"not_picked":["Storm","Rebound"],"picked":"Chaos","floor":1},{"not_picked":["Streamline","Turbo"],"picked":"Conserve Battery","floor":3},{"not_picked":["Gash","Coolheaded"],"picked":"ReplayTheSpireMod:Calculation Training","floor":4},{"not_picked":["Leap","Ball Lightning"],"picked":"Glacier","floor":5},{"not_picked":["Crystallizer","Leap"],"picked":"Stack","floor":7},{"not_picked":["Seek","ReplayTheSpireMod:System Scan","ReplayGash"],"picked":"SKIP","floor":10},{"not_picked":["Mirror Shield","Meteor Strike"],"picked":"Multi-Cast","floor":16},{"not_picked":["Streamline","Gash","Sweeping Beam"],"picked":"SKIP","floor":18},{"not_picked":["Beam Cell","Hologram"],"picked":"Capacitor","floor":19},{"not_picked":["Gash","Streamline"],"picked":"Undo","floor":20},{"not_picked":["BasicCrystalCard","ReplayTheSpireMod:System Scan"],"picked":"Rainbow","floor":21},{"not_picked":["Lockon+1","Streamline"],"picked":"Sunder","floor":25}],"player_experience":850531,"relics_obtained":[{"floor":7,"key":"Ancient Tea Set"},{"floor":9,"key":"Juzu Bracelet"},{"floor":10,"key":"Bronze Scales"},{"floor":24,"key":"Replay:Wax Seal"},{"floor":26,"key":"Centennial Puzzle"}],"event_choices":[{"damage_healed":0,"gold_gain":0,"player_choice":"Grow","damage_taken":0,"max_hp_gain":0,"max_hp_loss":0,"event_name":"Living Wall","floor":2,"gold_loss":0,"cards_upgraded":["Dualcast"]},{"damage_healed":0,"gold_gain":0,"player_choice":"Ignored","damage_taken":0,"max_hp_gain":0,"max_hp_loss":0,"event_name":"NoteForYourself","floor":12,"gold_loss":0},{"damage_healed":0,"gold_gain":0,"player_choice":"Obtained Relic","damage_taken":0,"relics_obtained":["Replay:WaspNest"],"max_hp_gain":0,"max_hp_loss":0,"event_name":"Addict","floor":22,"gold_loss":85}],"is_beta":false,"boss_relics":[{"not_picked":["Runic Dome","Philosopher\u0027s Stone"],"picked":"Fusion Hammer"}],"items_purged_floors":[],"is_endless":false,"potions_floor_spawned":[1,3,10,20,25],"killed_by":"Shelled Parasite and Fungi","ascension_level":0}}