{"host":"p9fmk1zxjhqthrxg","time":1614373397,"event":{"mods":["BaseMod","Bestiary","Colored Map","Colored Powertips","Highlight Path","Minty Spire (QoL Compilation)","Random Character Button","Rare Cards Sparkle","StSLib"],"gold_per_floor":[111,111,127,143,155,186,361,396,396,413,413,432,432,447,447,552,552,564,595,612,612,6,6,6],"floor_reached":23,"language":"ENG","playtime":1438,"items_purged":[],"score":203,"play_id":"eaaa08b2-65be-4bfc-850d-eb2bb1d90513","local_time":"20210226150317","is_ascension_mode":false,"campfire_choices":[{"floor":13,"key":"REST"},{"floor":15,"key":"REST"}],"circlet_count":0,"master_deck":["Strike_G","Strike_G","Strike_G","Strike_G","Defend_G","Defend_G","Defend_G","Defend_G","Defend_G","Survivor","Neutralize","Bouncing Flask","Bouncing Flask","Noxious Fumes","Outmaneuver","Blur","Acrobatics","Doubt","Bane","Dagger Spray","Riddle With Holes","Bane","Corpse Explosion","Backflip","Backstab","Sucker Punch","Forethought","Deflect","Backstab"],"relics":["Ring of the Snake","Boot","Toy Ornithopter","Darkstone Periapt","Question Card","SacredBark","Red Mask","GremlinMask","Lantern","Paper Crane"],"acts_visited":["Exordium","TheCity"],"potions_floor_usage":[12,16,16,23,23],"damage_taken":[{"damage":4.0,"enemies":"Cultist","floor":1.0,"turns":5.0},{"damage":0.0,"enemies":"Jaw Worm","floor":3.0,"turns":3.0},{"damage":1.0,"enemies":"2 Louse","floor":4.0,"turns":4.0},{"damage":11.0,"enemies":"Exordium Wildlife","floor":5.0,"turns":4.0},{"damage":5.0,"enemies":"Lagavulin","floor":6.0,"turns":5.0},{"damage":19.0,"enemies":"3 Sentries","floor":8.0,"turns":7.0},{"damage":12.0,"enemies":"Looter","floor":10.0,"turns":3.0},{"damage":14,"enemies":"Gremlin Gang","floor":12,"turns":4},{"damage":8,"enemies":"Exordium Thugs","floor":14,"turns":5},{"damage":38,"enemies":"Slime Boss","floor":16,"turns":8},{"damage":11,"enemies":"Chosen","floor":18,"turns":5},{"damage":25,"enemies":"Masked Bandits","floor":19,"turns":3},{"damage":17,"enemies":"Shell Parasite","floor":20,"turns":6},{"damage":28,"enemies":"Sentry and Sphere","floor":23,"turns":5}],"seed_played":"-6505473062795469711","potions_obtained":[{"floor":1.0,"key":"Explosive Potion"},{"floor":3.0,"key":"BlessingOfTheForge"},{"floor":5.0,"key":"Energy Potion"},{"floor":14,"key":"Regen Potion"},{"floor":18,"key":"Swift Potion"},{"floor":20,"key":"CultistPotion"}],"is_trial":false,"path_per_floor":["M","?","M","M","M","E","?","E","T","M","?","M","R","M","R","B",null,"M","?","M","?","$","M"],"character_chosen":"THE_SILENT","items_purchased":["Lantern","Forethought","Paper Crane","Deflect","Backstab"],"campfire_rested":2,"item_purchase_floors":[22,22,22,22,22],"current_hp_per_floor":[66,66,66,65,54,49,49,35,35,23,16,7,28,20,41,28,70,59,34,17,17,17,0,0],"gold":6,"neow_bonus":"RANDOM_COMMON_RELIC","is_daily":false,"chose_seed":false,"campfire_upgraded":0,"win_rate":0.0,"timestamp":1614373397,"path_taken":["M","?","?","M","M","E","?","E","T","M","?","?","R","M","R","BOSS","M","?","M","?","$","?"],"items_purchased_type":["Relic","Card","Relic","Card","Card"],"build_version":"2020-12-22","purchased_purges":0,"victory":false,"max_hp_per_floor":[70,70,70,70,70,70,70,70,70,70,70,70,70,70,70,70,70,70,70,70,70,70,70,70],"card_choices":[{"not_picked":["Heel Hook","Eviscerate"],"picked":"Bouncing Flask","floor":1.0},{"not_picked":["Deadly Poison","Flying Knee"],"picked":"Noxious Fumes","floor":3.0},{"not_picked":["Dodge and Roll","Endless Agony"],"picked":"Outmaneuver","floor":4.0},{"not_picked":["Masterful Stab","Predator"],"picked":"Blur","floor":5.0},{"not_picked":["Slice","Caltrops"],"picked":"Acrobatics","floor":6.0},{"not_picked":["Caltrops","Dagger Spray"],"picked":"Bane","floor":8.0},{"not_picked":["Underhanded Strike","Bouncing Flask","PiercingWail"],"picked":"Dagger Spray","floor":10.0},{"not_picked":["Dagger Throw","Dodge and Roll","Choke"],"picked":"Riddle With Holes","floor":12},{"not_picked":["Blur","Dodge and Roll","Bouncing Flask"],"picked":"Bane","floor":14},{"not_picked":["A Thousand Cuts","Night Terror","Phantasmal Killer"],"picked":"Corpse Explosion","floor":16},{"not_picked":["Acrobatics","Sucker Punch","Underhanded Strike"],"picked":"Backflip","floor":18},{"not_picked":["Accuracy","Quick Slash+1","Well Laid Plans"],"picked":"Backstab","floor":19},{"not_picked":["Blade Dance","Outmaneuver","Backflip"],"picked":"Sucker Punch","floor":20}],"player_experience":168028,"relics_obtained":[{"floor":6.0,"key":"Toy Ornithopter"},{"floor":8.0,"key":"Darkstone Periapt"},{"floor":9.0,"key":"Question Card"},{"floor":19,"key":"Red Mask"}],"event_choices":[{"damage_healed":0.0,"max_hp_gain":0.0,"max_hp_loss":0.0,"gold_gain":0.0,"cards_transformed":["Strike_G"],"event_name":"Transmorgrifier","player_choice":"Transformed","floor":2.0,"gold_loss":0.0,"damage_taken":0.0,"cards_obtained":["Bouncing Flask"]},{"damage_healed":0.0,"max_hp_gain":0.0,"max_hp_loss":0.0,"gold_gain":175.0,"event_name":"Liars Game","player_choice":"AGREE","floor":7.0,"gold_loss":0.0,"damage_taken":0.0,"cards_obtained":["Doubt"]},{"damage_healed":0.0,"max_hp_gain":0.0,"max_hp_loss":0.0,"gold_gain":0.0,"event_name":"Scrap Ooze","player_choice":"Fled","floor":11.0,"gold_loss":0.0,"damage_taken":7.0},{"damage_healed":0,"gold_gain":0,"player_choice":"Fought Bandits","damage_taken":0,"max_hp_gain":0,"max_hp_loss":0,"event_name":"Masked Bandits","floor":19,"gold_loss":0},{"damage_healed":0,"gold_gain":0,"player_choice":"Trade","damage_taken":0,"relics_obtained":["GremlinMask"],"max_hp_gain":0,"max_hp_loss":0,"event_name":"FaceTrader","floor":21,"gold_loss":0}],"is_beta":false,"boss_relics":[{"not_picked":["HoveringKite","WristBlade"],"picked":"SacredBark"}],"items_purged_floors":[],"is_endless":false,"potions_floor_spawned":[1,3,5,14,18,20],"killed_by":"Sentry and Sphere","ascension_level":0}}