{"host":"h49usdrjeju7gyhi","time":1614314117,"event":{"mods":["Act Like it!","BaseMod","Minty Spire (QoL Compilation)","Ruina","StSLib","The Animator"],"gold_per_floor":[130,130,146,156,184,184,204,204,204,204,221,16,69,81,81,153,153,168,83,95,110,110,143,143,172,172,172,172],"floor_reached":27,"language":"ENG","playtime":1631,"items_purged":[],"score":560,"play_id":"08d00c9d-062e-48c0-b724-a46b7912dbe7","local_time":"20210225233517","is_ascension_mode":true,"campfire_choices":[{"data":"animator:Guren","floor":6,"key":"SMITH"},{"data":"animator:HiiragiShinya","floor":8,"key":"SMITH"},{"data":"animator:Guren","floor":15,"key":"SMITH"},{"floor":24,"key":"REST"}],"circlet_count":0,"master_deck":["AscendersBane","animator:Shinoa+1","animator:Mikaela","animator:Guren+1","animator:Yuuichirou","animator:YachiyoNanami","animator:Guren+1","animator:Mitsuba","animator:Geryuganshoop","animator:CrowleyEusford","animator:HiiragiShinya+1","animator:Saitama","animator:WinryRockbell","animator:Yoichi","animator:Yoichi","animator:FeridBathory","animator:SwordMaiden","animator:Tatsumaki","animator:Emonzaemon","animator:SwordMaiden","animator:Biyorigo","animator:Spearman","animator:Hitei","animator:HomuraAkemi","animator:KrulTepes","animator:Shigure","animator:NagisaMomoe"],"relics":["animator:LivingPicture","animator:TheMissingPiece","animator:PurgingStone","animator:Hoodie","Potion Belt","Pandora\u0027s Box","Dead Branch","Peace Pipe","HornCleat","Turnip"],"acts_visited":["Exordium","TheCity"],"potions_floor_usage":[21,23,27,27],"damage_taken":[{"damage":0,"enemies":"Cultist","floor":1,"turns":4},{"damage":0,"enemies":"Jaw Worm","floor":3,"turns":6},{"damage":1,"enemies":"2 Louse","floor":4,"turns":3},{"damage":0,"enemies":"Looter","floor":5,"turns":4},{"damage":10,"enemies":"Exordium Wildlife","floor":7,"turns":4},{"damage":0,"enemies":"Blue Slaver","floor":11,"turns":4},{"damage":0,"enemies":"Lagavulin","floor":13,"turns":7},{"damage":0,"enemies":"Large Slime","floor":14,"turns":4},{"damage":26,"enemies":"Slime Boss","floor":16,"turns":6},{"damage":11,"enemies":"Spheric Guardian","floor":18,"turns":4},{"damage":25,"enemies":"3 Byrds","floor":20,"turns":4},{"damage":17,"enemies":"Centurion and Healer","floor":21,"turns":7},{"damage":25,"enemies":"Book of Stabbing","floor":23,"turns":5},{"damage":11,"enemies":"Gremlin Leader","floor":25,"turns":6},{"damage":18,"enemies":"Shelled Parasite and Fungi","floor":27,"turns":1}],"seed_played":"-8579638521192716018","potions_obtained":[{"floor":3,"key":"Fire Potion"},{"floor":4,"key":"SneckoOil"},{"floor":13,"key":"Ancient Potion"},{"floor":16,"key":"Regen Potion"},{"floor":21,"key":"PowerPotion"},{"floor":23,"key":"LiquidBronze"}],"is_trial":false,"path_per_floor":["M","?","M","M","M","R","M","R","T","?","M","$","E","M","R","B",null,"M","?","M","M","?","E","R","E","T","M"],"character_chosen":"THE_ANIMATOR","items_purchased":["animator:Saitama","animator:WinryRockbell"],"campfire_rested":1,"item_purchase_floors":[12,12],"current_hp_per_floor":[54,54,55,54,54,54,45,45,45,45,48,48,51,54,54,30,62,51,51,26,24,24,4,25,14,14,0,0],"gold":172,"neow_bonus":"ONE_RANDOM_RARE_CARD","is_daily":false,"chose_seed":false,"campfire_upgraded":3,"win_rate":0.0,"timestamp":1614314117,"path_taken":["M","?","M","?","M","R","M","R","T","?","M","$","E","M","R","BOSS","M","?","M","M","?","E","R","E","T","M"],"items_purchased_type":["Card","Card"],"build_version":"2020-12-22","purchased_purges":0,"victory":false,"max_hp_per_floor":[60,60,61,61,61,61,62,62,62,62,65,65,68,71,71,73,73,73,73,73,73,73,73,73,73,73,73,73],"card_choices":[{"not_picked":["animator:Yoichi","animator:MumenRider"],"picked":"animator:Yuuichirou","floor":1},{"not_picked":["animator:Gillette","animator:Sloth"],"picked":"animator:Mitsuba","floor":3},{"not_picked":["animator:Rider","animator:MetalKnight"],"picked":"animator:Geryuganshoop","floor":4},{"not_picked":["animator:Mikaela","animator:HiiragiShinya"],"picked":"animator:CrowleyEusford","floor":5},{"not_picked":["animator:Shinoa","animator:Sloth"],"picked":"animator:HiiragiShinya","floor":7},{"not_picked":["animator:EmiyaShirou","animator:Rena","animator:KyokoSakura"],"picked":"SKIP","floor":11},{"not_picked":["animator:Mikaela","animator:Emonzaemon"],"picked":"animator:Yoichi","floor":13},{"not_picked":["animator:CrowleyEusford","animator:Mikaela"],"picked":"animator:Yoichi","floor":14},{"not_picked":["animator:Boros","animator:HomuraAkemi"],"picked":"animator:FeridBathory","floor":16},{"not_picked":["animator:Caster","animator:MumenRider+1","animator:Spearman"],"picked":"SKIP","floor":18},{"not_picked":["animator:SayakaMiki","animator:ShinjiMatou","animator:Add"],"picked":"SKIP","floor":20},{"not_picked":["animator:OrikoMikuni+1","animator:ElricAlphonse"],"picked":"animator:Hitei","floor":21},{"not_picked":["animator:Yoichi","animator:Shinoa"],"picked":"animator:Shigure","floor":23},{"not_picked":["animator:SayakaMiki","animator:MumenRider"],"picked":"animator:NagisaMomoe","floor":25}],"player_experience":1616348,"relics_obtained":[{"floor":9,"key":"animator:Hoodie"},{"floor":13,"key":"Potion Belt"},{"floor":23,"key":"Peace Pipe"},{"floor":25,"key":"HornCleat"},{"floor":26,"key":"Turnip"}],"event_choices":[{"damage_healed":0,"gold_gain":0,"player_choice":"2 cards matched","damage_taken":0,"max_hp_gain":0,"max_hp_loss":0,"event_name":"Match and Keep!","floor":2,"gold_loss":0,"cards_obtained":["animator:YachiyoNanami","animator:Guren"]},{"damage_healed":0,"gold_gain":0,"player_choice":"Grow","damage_taken":0,"max_hp_gain":0,"max_hp_loss":0,"event_name":"Living Wall","floor":10,"gold_loss":0,"cards_upgraded":["animator:Shinoa"]},{"damage_healed":0,"gold_gain":0,"player_choice":"Obtained Relic","damage_taken":0,"relics_obtained":["Dead Branch"],"max_hp_gain":0,"max_hp_loss":0,"event_name":"Addict","floor":19,"gold_loss":85},{"damage_healed":0,"gold_gain":0,"cards_transformed":["animator:Ciel","animator:SakuraMatou"],"player_choice":"Became Test Subject","damage_taken":0,"max_hp_gain":0,"max_hp_loss":0,"event_name":"Drug Dealer","floor":22,"gold_loss":0,"cards_obtained":["animator:HomuraAkemi","animator:KrulTepes"]}],"is_beta":false,"boss_relics":[{"not_picked":["animator:HolyGrailRelic","Runic Dome"],"picked":"Pandora\u0027s Box"}],"items_purged_floors":[],"is_endless":false,"potions_floor_spawned":[3,4,7,13,16,21,23],"killed_by":"Shelled Parasite and Fungi","ascension_level":20}}