{"host":"41yb08u5hvoqx9xd","time":1614349465,"event":{"mods":["BaseMod","Minty Spire (QoL Compilation)","Relic Stats"],"gold_per_floor":[114,114,124,124,199,233,233,250,276,276,305,340,69,85,85,157,157,167,167,82,82,29,58,76,111,137,137,149,149,182,192,192,268,268,285,297,312,312,312],"floor_reached":38,"language":"ENG","playtime":1003,"items_purged":[],"score":959,"play_id":"8c01babc-2daf-493c-bcc0-255c34c00ab7","local_time":"20210226092425","is_ascension_mode":true,"campfire_choices":[{"data":"Predator","floor":7.0,"key":"SMITH"},{"floor":15.0,"key":"REST"},{"data":"Adrenaline","floor":27.0,"key":"SMITH"},{"floor":29.0,"key":"REST"},{"floor":32.0,"key":"REST"}],"circlet_count":0,"master_deck":["AscendersBane","Strike_G","Strike_G","Strike_G","Strike_G","Strike_G","Defend_G","Defend_G","Defend_G","Defend_G","Defend_G","Survivor","Neutralize","Noxious Fumes+1","Predator+1","Quick Slash","Caltrops","Adrenaline+1","PanicButton","Bane","Corpse Explosion","Dagger Spray","Backflip","Terror","Die Die Die","Catalyst","Well Laid Plans","Bouncing Flask"],"relics":["Ring of the Snake","NeowsBlessing","PreservedInsect","Dream Catcher","Odd Mushroom","Blue Candle","Sling","SlaversCollar","Lantern","TungstenRod","Vajra","Toy Ornithopter","Strawberry","Busted Crown"],"acts_visited":["Exordium","TheCity","TheBeyond"],"potions_floor_usage":[],"damage_taken":[{"damage":0.0,"enemies":"Jaw Worm","floor":1.0,"turns":1.0},{"damage":0.0,"enemies":"Cultist","floor":3.0,"turns":1.0},{"damage":0.0,"enemies":"Gremlin Nob","floor":6.0,"turns":1.0},{"damage":0.0,"enemies":"2 Louse","floor":8.0,"turns":2.0},{"damage":46.0,"enemies":"The Mushroom Lair","floor":11.0,"turns":4.0},{"damage":6.0,"enemies":"Lagavulin","floor":12.0,"turns":5.0},{"damage":0.0,"enemies":"Looter","floor":14.0,"turns":2.0},{"damage":20.0,"enemies":"Hexaghost","floor":16.0,"turns":10.0},{"damage":22.0,"enemies":"2 Thieves","floor":18.0,"turns":3.0},{"damage":7.0,"enemies":"Gremlin Leader","floor":23.0,"turns":5.0},{"damage":0.0,"enemies":"3 Byrds","floor":24.0,"turns":2.0},{"damage":0.0,"enemies":"Slavers","floor":25.0,"turns":1.0},{"damage":27.0,"enemies":"Snecko","floor":28.0,"turns":6.0},{"damage":8.0,"enemies":"Book of Stabbing","floor":30.0,"turns":3.0},{"damage":21.0,"enemies":"Snake Plant","floor":31.0,"turns":4.0},{"damage":50.0,"enemies":"Champ","floor":33.0,"turns":13.0},{"damage":4.0,"enemies":"3 Shapes","floor":35.0,"turns":5.0},{"damage":16.0,"enemies":"3 Darklings","floor":36.0,"turns":3.0},{"damage":46,"enemies":"Spire Growth","floor":37,"turns":5},{"damage":10,"enemies":"Writhing Mass","floor":38,"turns":1}],"seed_played":"6992334279049507743","potions_obtained":[{"floor":6.0,"key":"GhostInAJar"},{"floor":12.0,"key":"EssenceOfSteel"},{"floor":14.0,"key":"SpeedPotion"},{"floor":25.0,"key":"Energy Potion"},{"floor":28.0,"key":"Fruit Juice"},{"floor":31.0,"key":"FairyPotion"},{"floor":35.0,"key":"DuplicationPotion"},{"floor":37,"key":"Strength Potion"}],"is_trial":false,"path_per_floor":["M","?","M","$","?","E","R","M","T","?","?","E","$","M","R","B",null,"M","?","?","$","$","E","M","E","T","R","M","R","E","M","R","B",null,"M","M","M","M"],"character_chosen":"THE_SILENT","items_purchased":["Sling","PanicButton","Backflip"],"campfire_rested":3,"item_purchase_floors":[13,13,22],"current_hp_per_floor":[59,59,59,59,59,59,59,59,59,64,18,12,12,12,33,13,57,35,35,35,35,35,28,28,28,28,28,6,27,36,15,39,24,68,64,53,7,0,0],"gold":312,"neow_bonus":"THREE_ENEMY_KILL","is_daily":false,"chose_seed":false,"campfire_upgraded":2,"win_rate":0.0,"timestamp":1614349465,"path_taken":["M","?","?","$","?","E","R","M","T","?","?","E","$","?","R","BOSS","M","?","?","?","$","E","?","E","T","R","M","R","E","M","R","BOSS","M","M","?","?"],"items_purchased_type":["Relic","Card","Card"],"build_version":"2020-12-22","purchased_purges":0,"victory":false,"max_hp_per_floor":[66,66,66,66,66,66,66,66,66,71,71,71,71,71,71,71,71,71,71,71,71,71,71,71,71,71,71,71,71,83,83,83,83,83,83,83,83,83,83],"relic_stats":{"Dream Catcher":3,"Busted Crown":6,"counters":[20,77],"Blue Candle":[0],"PreservedInsect":160,"obtain_stats":[{"Lantern":20,"NeowsBlessing":0,"Blue Candle":12,"Vajra":25,"PreservedInsect":6,"Odd Mushroom":11,"Sling":13,"SlaversCollar":17,"Dream Catcher":9,"Busted Crown":34,"Strawberry":30,"TungstenRod":23,"Toy Ornithopter":26,"Ring of the Snake":0},{"Lantern":9,"NeowsBlessing":0,"Blue Candle":6,"Vajra":12,"PreservedInsect":3,"Odd Mushroom":5,"Sling":6,"SlaversCollar":8,"Dream Catcher":4,"Busted Crown":16,"Strawberry":14,"TungstenRod":10,"Toy Ornithopter":12,"Ring of the Snake":0},{"Lantern":29,"NeowsBlessing":0,"Blue Candle":14,"Vajra":37,"PreservedInsect":3,"Odd Mushroom":9,"Sling":14,"SlaversCollar":26,"Dream Catcher":5,"Busted Crown":63,"Strawberry":46,"TungstenRod":34,"Toy Ornithopter":37,"Ring of the Snake":0}],"TungstenRod":35,"Toy Ornithopter":15,"Ring of the Snake":[40]},"card_choices":[{"not_picked":["Outmaneuver","Concentrate"],"picked":"Noxious Fumes","floor":1.0},{"not_picked":["Acrobatics","Heel Hook"],"picked":"Predator","floor":3.0},{"not_picked":["PiercingWail","Sucker Punch"],"picked":"Quick Slash","floor":6.0},{"not_picked":["Slice","Eviscerate"],"picked":"Caltrops","floor":8.0},{"not_picked":["PiercingWail","Eviscerate"],"picked":"Adrenaline","floor":11.0},{"not_picked":["Choke","Distraction","Acrobatics"],"picked":"SKIP","floor":12.0},{"not_picked":["Dodge and Roll","Cloak And Dagger","Bane"],"picked":"SKIP","floor":14.0},{"not_picked":["Cloak And Dagger","Footwork"],"picked":"Bane","floor":15.0},{"not_picked":["Grand Finale","Venomology"],"picked":"Corpse Explosion","floor":16.0},{"not_picked":["Slice","PiercingWail"],"picked":"Dagger Spray","floor":18.0},{"not_picked":["Dodge and Roll","Prepared"],"picked":"Terror","floor":23.0},{"not_picked":["Flechettes","Setup"],"picked":"Die Die Die","floor":24.0},{"not_picked":["Finisher","Backflip","Underhanded Strike+1"],"picked":"SKIP","floor":25.0},{"not_picked":["Dagger Spray","Reflex","PiercingWail"],"picked":"SKIP","floor":28.0},{"not_picked":["Blade Dance","Endless Agony+1"],"picked":"Catalyst","floor":30.0},{"not_picked":["Doppelganger","Slice"],"picked":"Well Laid Plans","floor":31.0},{"not_picked":["Tactician+1"],"picked":"SKIP","floor":35.0},{"not_picked":["Dagger Spray"],"picked":"SKIP","floor":36.0},{"not_picked":[],"picked":"Bouncing Flask","floor":37}],"player_experience":712107,"relics_obtained":[{"floor":6.0,"key":"PreservedInsect"},{"floor":9.0,"key":"Dream Catcher"},{"floor":11.0,"key":"Odd Mushroom"},{"floor":12.0,"key":"Blue Candle"},{"floor":23.0,"key":"TungstenRod"},{"floor":25.0,"key":"Vajra"},{"floor":26.0,"key":"Toy Ornithopter"},{"floor":30.0,"key":"Strawberry"}],"event_choices":[{"damage_healed":0.0,"max_hp_gain":0.0,"max_hp_loss":0.0,"gold_gain":0.0,"event_name":"Upgrade Shrine","player_choice":"Upgraded","floor":2.0,"gold_loss":0.0,"damage_taken":0.0,"cards_upgraded":["Noxious Fumes"]},{"damage_healed":0.0,"max_hp_gain":0.0,"max_hp_loss":0.0,"gold_gain":75.0,"event_name":"Golden Wing","player_choice":"Gained Gold","floor":5.0,"gold_loss":0.0,"damage_taken":0.0},{"damage_healed":0.0,"max_hp_gain":5.0,"max_hp_loss":0.0,"gold_gain":0.0,"event_name":"Big Fish","player_choice":"Donut","floor":10.0,"gold_loss":0.0,"damage_taken":0.0},{"damage_healed":0.0,"max_hp_gain":0.0,"max_hp_loss":0.0,"gold_gain":0.0,"event_name":"Mushrooms","player_choice":"Fought Mushrooms","floor":11.0,"gold_loss":0.0,"damage_taken":0.0},{"damage_healed":0.0,"max_hp_gain":0.0,"max_hp_loss":0.0,"gold_gain":0.0,"event_name":"The Mausoleum","player_choice":"Ignored","floor":19.0,"gold_loss":0.0,"damage_taken":0.0},{"damage_healed":0.0,"max_hp_gain":0.0,"max_hp_loss":0.0,"gold_gain":0.0,"event_name":"Addict","player_choice":"Obtained Relic","floor":20.0,"gold_loss":85.0,"damage_taken":0.0,"relics_obtained":["Lantern"]}],"is_beta":false,"boss_relics":[{"not_picked":["Fusion Hammer","Snecko Eye"],"picked":"SlaversCollar"},{"not_picked":["Pandora\u0027s Box","Philosopher\u0027s Stone"],"picked":"Busted Crown"}],"items_purged_floors":[],"is_endless":false,"potions_floor_spawned":[6,12,14,25,28,31,35,37],"killed_by":"Writhing Mass","ascension_level":19}}