{"host":"rmsq46plbpwfbxcc","time":1614353782,"event":{"mods":["AchievementEnabler","BaseMod","Colored Map","Colored Powertips","DeckTracker","KOR Keyword Fix","Minty Spire (QoL Compilation)","Permanent Neow","Quick Restart","SuperFastMode"],"gold_per_floor":[109,109,109,34,49,49,77,77,104,104,117,129,157,82,82,156,156,174,74,94,109,109,144,144,178,178,2,2,102,122,157,157,157,157],"floor_reached":33,"language":"KOR","playtime":825,"items_purged":["Defend_G","Defend_G","Defend_G"],"score":588,"play_id":"0c51553f-fe16-4ee0-b7fd-974bff4a6792","local_time":"20210227003622","is_ascension_mode":true,"campfire_choices":[{"data":"Neutralize","floor":6,"key":"SMITH"},{"data":"Die Die Die","floor":8,"key":"SMITH"},{"data":"Survivor","floor":10,"key":"SMITH"},{"data":"Blade Dance","floor":15,"key":"SMITH"},{"data":"Adrenaline","floor":24,"key":"SMITH"},{"data":"Cloak And Dagger","floor":28,"key":"SMITH"},{"data":"Finisher","floor":32,"key":"SMITH"}],"circlet_count":0,"master_deck":["AscendersBane","Strike_G","Strike_G","Defend_G","Survivor+1","Neutralize+1","Deflect+1","Tactician+1","Glass Knife+1","Die Die Die+1","Blade Dance+1","Finisher+1","Blur","Adrenaline+1","Backflip","Cloak And Dagger+1","PiercingWail"],"relics":["Astrolabe","Toy Ornithopter","Bag of Marbles","Art of War","SlaversCollar","Juzu Bracelet","Nunchaku","CaptainsWheel","Frozen Egg 2","Bird Faced Urn"],"acts_visited":["Exordium","TheCity"],"potions_floor_usage":[13,20,23,25,29,29,29,31,33],"damage_taken":[{"damage":0.0,"enemies":"Small Slimes","floor":1.0,"turns":3.0},{"damage":0,"enemies":"2 Louse","floor":5,"turns":2},{"damage":20,"enemies":"3 Sentries","floor":7,"turns":11},{"damage":0,"enemies":"Jaw Worm","floor":11,"turns":1},{"damage":0,"enemies":"Looter","floor":12,"turns":2},{"damage":0,"enemies":"Gremlin Nob","floor":13,"turns":3},{"damage":4,"enemies":"The Guardian","floor":16,"turns":11},{"damage":0,"enemies":"3 Byrds","floor":18,"turns":3},{"damage":5,"enemies":"Shell Parasite","floor":20,"turns":3},{"damage":5,"enemies":"3 Cultists","floor":21,"turns":5},{"damage":7,"enemies":"Book of Stabbing","floor":23,"turns":3},{"damage":12,"enemies":"Slavers","floor":25,"turns":3},{"damage":3,"enemies":"Colosseum Slavers","floor":29,"turns":2},{"damage":0,"enemies":"Colosseum Nobs","floor":29,"turns":2},{"damage":0,"enemies":"Centurion and Healer","floor":30,"turns":5},{"damage":9,"enemies":"Gremlin Leader","floor":31,"turns":3},{"damage":107,"enemies":"Champ","floor":33,"turns":13}],"seed_played":"5905449704569322625","potions_obtained":[{"floor":7,"key":"Fire Potion"},{"floor":12,"key":"SteroidPotion"},{"floor":13,"key":"DuplicationPotion"},{"floor":20,"key":"EntropicBrew"},{"floor":23,"key":"BlessingOfTheForge"},{"floor":25,"key":"Swift Potion"},{"floor":30,"key":"Regen Potion"}],"is_trial":false,"path_per_floor":["M","?","?","$","M","R","E","R","T","R","M","M","E","?","R","B",null,"M","$","M","M","?","E","R","E","T","$","R","?","M","E","R","B"],"character_chosen":"THE_SILENT","items_purchased":["Cloak And Dagger"],"campfire_rested":0,"item_purchase_floors":[27],"current_hp_per_floor":[59,64,64,64,64,64,44,44,44,44,44,44,49,49,49,45,65,65,65,65,60,60,58,58,51,51,51,51,63,63,59,59,0,0],"gold":157,"neow_bonus":"BOSS_RELIC","is_daily":false,"chose_seed":false,"campfire_upgraded":7,"win_rate":0.0,"timestamp":1614353782,"path_taken":["M","?","?","$","M","R","E","R","T","R","M","?","E","?","R","BOSS","M","$","M","M","?","E","R","E","T","$","R","?","M","E","R","BOSS"],"items_purchased_type":["Card"],"build_version":"2020-12-22","purchased_purges":3,"victory":false,"max_hp_per_floor":[66,71,71,71,71,71,71,71,71,71,71,71,71,71,71,71,71,71,71,71,71,71,71,71,71,71,71,71,71,71,71,71,71,71],"card_choices":[{"not_picked":["Flying Knee","Dash","Bouncing Flask"],"picked":"SKIP","floor":1.0},{"not_picked":["Outmaneuver","Dagger Spray","Prepared"],"picked":"SKIP","floor":5},{"not_picked":["Endless Agony","Dagger Spray"],"picked":"Die Die Die","floor":7},{"not_picked":["Dagger Throw","Deadly Poison"],"picked":"Blade Dance","floor":11},{"not_picked":["Sucker Punch","Dodge and Roll","Flying Knee"],"picked":"SKIP","floor":12},{"not_picked":["Heel Hook","Expertise"],"picked":"Finisher","floor":13},{"not_picked":["Flechettes","PiercingWail"],"picked":"Blur","floor":18},{"not_picked":["Caltrops","Catalyst","Quick Slash+1"],"picked":"SKIP","floor":20},{"not_picked":["Underhanded Strike","Dagger Throw","Flying Knee"],"picked":"SKIP","floor":21},{"not_picked":["Slice","Blur+1"],"picked":"Adrenaline","floor":23},{"not_picked":["Catalyst","Footwork"],"picked":"Backflip","floor":25},{"not_picked":["Quick Slash","Finisher","Deflect"],"picked":"SKIP","floor":30},{"not_picked":["Bouncing Flask","Skewer"],"picked":"PiercingWail","floor":31}],"player_experience":667059,"relics_obtained":[{"floor":7,"key":"Toy Ornithopter"},{"floor":9,"key":"Bag of Marbles"},{"floor":13,"key":"Art of War"},{"floor":23,"key":"Juzu Bracelet"},{"floor":25,"key":"Nunchaku"},{"floor":29,"key":"CaptainsWheel"},{"floor":29,"key":"Frozen Egg 2"},{"floor":31,"key":"Bird Faced Urn"}],"event_choices":[{"damage_healed":0.0,"max_hp_gain":5.0,"max_hp_loss":0.0,"gold_gain":0.0,"event_name":"Big Fish","player_choice":"Donut","floor":2.0,"gold_loss":0.0,"damage_taken":0.0},{"damage_healed":0,"gold_gain":0,"player_choice":"Ignored","damage_taken":0,"max_hp_gain":0,"max_hp_loss":0,"event_name":"Shining Light","floor":3,"gold_loss":0},{"cards_removed":["Strike_G"],"damage_healed":0,"gold_gain":0,"player_choice":"Card Removal","damage_taken":0,"max_hp_gain":0,"max_hp_loss":0,"event_name":"The Cleric","floor":14,"gold_loss":75},{"damage_healed":0,"gold_gain":0,"player_choice":"Ignored","damage_taken":0,"max_hp_gain":0,"max_hp_loss":0,"event_name":"Ghosts","floor":22,"gold_loss":0},{"damage_healed":0,"gold_gain":0,"player_choice":"Fight","damage_taken":0,"max_hp_gain":0,"max_hp_loss":0,"event_name":"Colosseum","floor":29,"gold_loss":0},{"damage_healed":0,"gold_gain":0,"player_choice":"Fought Nobs","damage_taken":0,"max_hp_gain":0,"max_hp_loss":0,"event_name":"Colosseum","floor":29,"gold_loss":0}],"is_beta":false,"boss_relics":[{"not_picked":["SacredBark","Tiny House"],"picked":"SlaversCollar"}],"items_purged_floors":[4,19,27],"is_endless":false,"potions_floor_spawned":[7,12,13,16,20,23,25,29,30],"killed_by":"Champ","ascension_level":15}}