{"host":"w2kjv12xyhtt0cv2","time":1614343606,"event":{"mods":["10 clothes from DAL","100% Spire Juice","Act Like it!","BaseMod","Colored Map","Friendly Minions","Gensokyo","GifTheSpireLib","Highlight Path","Hubris","Library of Ruina","Minty Spire (QoL Compilation)","Quick Restart","Relic Stats","Reliquary","Replay The Spire","Ring Of Destiny","Robot Space Explorer","Shop Mod","Spicy Shops","StSLib","The Dragon Tamer","UnlockEverythingMod","Waifu the Spire","[IsaacMod]以撒尖塔","[功能]功能增强和修复MOD","【功能Mod】Neow奖励","【功能Mod】聪明的最终Boss","【遗物卡牌】REMEMod","没有小屋子和绿帽子啦"],"gold_per_floor":[117,117,117,130,44,92,92,155,178,178,222,238,282,332,332,470,470,485,509,63,162,12,55,68,84,158,202,202,238,277,292,292,415,415,429,444,279,279,361,460,525,616,687,721,721,742,1075,1075,1075,1075,1075,1075,455,484,484,484],"floor_reached":55,"language":"ZHS","playtime":4170,"items_purged":["RingOfDestiny:Defend_PU","RingOfDestiny:Strike_PU+1","RingOfDestiny:Strike_PU+1"],"score":1183,"play_id":"5d2aa607-dd83-475a-820b-9e9d155f210b","local_time":"20210226204646","is_ascension_mode":false,"campfire_choices":[{"data":"HandOfGreedExtend","floor":7.0,"key":"SMITH"},{"data":"LessonLearned","floor":10.0,"key":"SMITH"},{"floor":15.0,"key":"DIG"},{"floor":28.0,"key":"DIG"},{"floor":49.0,"key":"RECALL"}],"circlet_count":0,"master_deck":["RingOfDestiny:Defend_PU+1","RingOfDestiny:FirstInvest+1","RingOfDestiny:DiamondOfDeath+1","LessonLearned+1","RingOfDestiny:FreePlay+1","RingOfDestiny:CrushDiamond+1","HandOfGreedExtend+1","RingOfDestiny:Superior+1","RingOfDestiny:InvestMagic+1","RingOfDestiny:Privilege+1","RingOfDestiny:Wilful+1","RingOfDestiny:Repeat+1","ReplayTheSpireMod:Uncanny Aura+1","RingOfDestiny:Refine+1","RingOfDestiny:Reinforcement+1","RingOfDestiny:NoviceReward+1","Ghostly+1","Ghostly+1","Ghostly","Ghostly","Ghostly+1","RingOfDestiny:Repeat+1","RingOfDestiny:Purification+1","RingOfDestiny:Reinforcement+1","RingOfDestiny:Shiny","RingOfDestiny:Refine+1","RingOfDestiny:FirstInvest+1","RingOfDestiny:Superior+1","RingOfDestiny:Repeat","RingOfDestiny:Reinforcement"],"relics":["RingOfDestiny:DogEyes","REME_ComplimentaryCards","HushsDoor","BloodDonationMachine","TheBible","ReplayFunnel","InkBottle","Replay:Multitool","hubris:ScarierMask","GuppysTail","SteamSale","Anchor","Ice Cream","hubris:EmptyBottle","REME_CardOfGreed","reliquary:BrokenClock","PageOfSingingMachine","reliquary:Sod","SharpPlug","Replay:Mystery Machine","hubris:MysteriousPyramids","MagicMushroom","Lee\u0027s Waffle","hubris:Towel","PageOfAlriune","hubris:DeckOfHolding","TungstenRod","reliquary:FeatherDuster","PageOfNothingThere","Calipers","DeadEye","DeathBook","OrangePellets","Pen Nib","Medical Kit","Replay:Arrowhead","PageOfNosferatu"],"acts_visited":["Exordium","TheCity","TheBeyond","TheEnding"],"potions_floor_usage":[55],"damage_taken":[{"damage":0.0,"enemies":"Jaw Worm","floor":1.0,"turns":3.0},{"damage":4.0,"enemies":"Small Slimes","floor":4.0,"turns":6.0},{"damage":0.0,"enemies":"Lagavulin","floor":6.0,"turns":6.0},{"damage":9.0,"enemies":"3 Sentries","floor":8.0,"turns":6.0},{"damage":0.0,"enemies":"Gremlin Nob","floor":11.0,"turns":2.0},{"damage":0.0,"enemies":"2 Louse","floor":12.0,"turns":3.0},{"damage":7.0,"enemies":"Exordium Wildlife","floor":13.0,"turns":3.0},{"damage":10.0,"enemies":"Exordium Thugs","floor":14.0,"turns":3.0},{"damage":0.0,"enemies":"Slime Boss","floor":16.0,"turns":6.0},{"damage":4.0,"enemies":"2 Thieves","floor":18.0,"turns":4.0},{"damage":1.0,"enemies":"Chosen","floor":19.0,"turns":3.0},{"damage":0.0,"enemies":"Gremlin Leader","floor":23.0,"turns":4.0},{"damage":0.0,"enemies":"Shelled Parasite and Fungi","floor":24.0,"turns":2.0},{"damage":0.0,"enemies":"Snake Plant","floor":25.0,"turns":1.0},{"damage":0.0,"enemies":"Replay:Snechameleon","floor":27.0,"turns":2.0},{"damage":10.0,"enemies":"Slavers","floor":29.0,"turns":4.0},{"damage":6.0,"enemies":"Chosen and Byrds","floor":30.0,"turns":2.0},{"damage":0.0,"enemies":"Centurion and Healer","floor":31.0,"turns":3.0},{"damage":34.0,"enemies":"Pondfish","floor":33.0,"turns":5.0},{"damage":0.0,"enemies":"3 Darklings","floor":35.0,"turns":3.0},{"damage":0.0,"enemies":"Orb Walker","floor":36.0,"turns":5.0},{"damage":6.0,"enemies":"Reptomancer","floor":40.0,"turns":7.0},{"damage":6.0,"enemies":"2 Orb Walkers","floor":41.0,"turns":4.0},{"damage":14.0,"enemies":"R_Hoarder","floor":42.0,"turns":8.0},{"damage":0.0,"enemies":"Giant Head","floor":44.0,"turns":5.0},{"damage":0.0,"enemies":"Spire Growth","floor":46.0,"turns":2.0},{"damage":0.0,"enemies":"Time Eater","floor":50.0,"turns":5.0},{"damage":0,"enemies":"Shield and Spear","floor":54,"turns":4},{"damage":54,"enemies":"Delirium","floor":55,"turns":5}],"seed_played":"-5979733590285583250","potions_obtained":[{"floor":6.0,"key":"BlessingOfTheForge"},{"floor":11.0,"key":"SpeedPotion"},{"floor":13.0,"key":"Block Potion"},{"floor":14.0,"key":"Weak Potion"},{"floor":19.0,"key":"SteroidPotion"},{"floor":24.0,"key":"Milkshake"},{"floor":33.0,"key":"Adrenaline Potion"},{"floor":33.0,"key":"Dexterity Potion"},{"floor":35.0,"key":"EntropicBrew"},{"floor":36.0,"key":"REME_GoldPotion"},{"floor":44.0,"key":"Fire Potion"},{"floor":54,"key":"Swift Potion"}],"is_trial":false,"path_per_floor":["M","?","?","M","$","E","R","E","T","R","E","M","M","M","R_BF","B",null,"M","M","$","?","$","E","M","M","T","E","R","E","M","M","R","B",null,"M","M","$","?","T","E","?","E","T","E","R","M","?","?","R_BF","B",null,"R","$","E","B"],"character_chosen":"Purchemist","items_purchased":["HandOfGreedExtend","GuppysTail","SteamSale","Anchor","Ice Cream","hubris:EmptyBottle","ReplayTheSpireMod:Uncanny Aura","REME_CardOfGreed","reliquary:BrokenClock","Lee\u0027s Waffle","RingOfDestiny:Shiny","DeadEye","DeathBook","OrangePellets","Pen Nib","Medical Kit","Replay:Arrowhead","RingOfDestiny:Reinforcement"],"campfire_rested":0,"item_purchase_floors":[5,17,20,20,20,20,20,22,22,37,37,53,53,53,53,53,53,53],"current_hp_per_floor":[90,90,83,79,79,79,79,75,75,75,80,80,73,63,63,63,73,69,73,73,73,73,73,73,73,73,73,73,63,57,57,36,4,43,43,43,50,50,50,44,39,26,26,27,27,28,28,28,28,29,50,50,50,50,0,0],"gold":484,"neow_bonus":"REMOVE_CARD","is_daily":false,"chose_seed":false,"campfire_upgraded":2,"win_rate":0.0,"timestamp":1614343606,"path_taken":["M","?","?","M","$","E","R","E","T","R","E","M","M","M","R_BF","BOSS","M","M","$","?","$","E","?","M","T","E","R","E","M","M","R","BOSS","M","M","$","?","?","E","?","E","T","E","R","M","?","?","R_BF","BOSS","R","$","E","BOSS"],"items_purchased_type":["Card","Relic","Relic","Relic","Relic","Relic","Card","Relic","Relic","Relic","Card","Relic","Relic","Relic","Relic","Relic","Relic","Card"],"build_version":"2020-12-22","purchased_purges":3,"victory":false,"max_hp_per_floor":[90,90,83,83,83,83,83,83,83,83,83,83,83,83,83,83,73,73,73,73,73,73,73,73,73,73,73,73,73,73,73,36,36,43,43,43,50,50,50,50,50,50,50,50,50,50,50,50,50,50,50,50,50,50,50,50],"relic_stats":{"OrangePellets":[2],"Lee\u0027s Waffle":7,"counters":[29,116],"Pen Nib":[0],"Medical Kit":[4],"obtain_stats":[{"ReplayFunnel":8,"Ice Cream":20,"GuppysTail":17,"reliquary:FeatherDuster":42,"PageOfNosferatu":54,"Calipers":44,"SharpPlug":27,"PageOfNothingThere":43,"PageOfAlriune":39,"Replay:Multitool":15,"PageOfSingingMachine":23,"DeadEye":53,"hubris:EmptyBottle":20,"Replay:Mystery Machine":28,"hubris:MysteriousPyramids":29,"DeathBook":53,"hubris:ScarierMask":17,"hubris:DeckOfHolding":40,"InkBottle":11,"KeepersGift":0,"Lee\u0027s Waffle":37,"RingOfDestiny:DogEyes":0,"Golden Idol":3,"Pen Nib":53,"hubris:Towel":38,"SteamSale":20,"Medical Kit":53,"Replay:Arrowhead":53,"reliquary:Sod":26,"OrangePellets":53,"Anchor":20,"TheBible":6,"MagicMushroom":34,"reliquary:BrokenClock":22,"REME_CardOfGreed":22,"HushsDoor":0,"TungstenRod":41,"REME_ComplimentaryCards":0,"BloodDonationMachine":0},{"ReplayFunnel":4,"Ice Cream":11,"GuppysTail":9,"reliquary:FeatherDuster":24,"PageOfNosferatu":28,"Calipers":25,"SharpPlug":15,"PageOfNothingThere":24,"PageOfAlriune":21,"Replay:Multitool":8,"PageOfSingingMachine":12,"DeadEye":27,"hubris:EmptyBottle":11,"Replay:Mystery Machine":15,"hubris:MysteriousPyramids":16,"DeathBook":27,"hubris:ScarierMask":9,"hubris:DeckOfHolding":22,"InkBottle":5,"KeepersGift":0,"Lee\u0027s Waffle":21,"RingOfDestiny:DogEyes":0,"Golden Idol":1,"Pen Nib":27,"hubris:Towel":21,"SteamSale":11,"Medical Kit":27,"Replay:Arrowhead":27,"reliquary:Sod":14,"OrangePellets":27,"Anchor":11,"TheBible":3,"MagicMushroom":19,"reliquary:BrokenClock":11,"REME_CardOfGreed":11,"HushsDoor":0,"TungstenRod":23,"REME_ComplimentaryCards":0,"BloodDonationMachine":0},{"ReplayFunnel":21,"Ice Cream":45,"GuppysTail":38,"reliquary:FeatherDuster":95,"PageOfNosferatu":111,"Calipers":100,"SharpPlug":54,"PageOfNothingThere":95,"PageOfAlriune":76,"Replay:Multitool":32,"PageOfSingingMachine":49,"DeadEye":107,"hubris:EmptyBottle":45,"Replay:Mystery Machine":54,"hubris:MysteriousPyramids":58,"DeathBook":107,"hubris:ScarierMask":38,"hubris:DeckOfHolding":83,"InkBottle":23,"KeepersGift":0,"Lee\u0027s Waffle":76,"RingOfDestiny:DogEyes":0,"Golden Idol":3,"Pen Nib":107,"hubris:Towel":76,"SteamSale":45,"Medical Kit":107,"Replay:Arrowhead":107,"reliquary:Sod":52,"OrangePellets":107,"Anchor":45,"TheBible":15,"MagicMushroom":68,"reliquary:BrokenClock":45,"REME_CardOfGreed":45,"HushsDoor":0,"TungstenRod":87,"REME_ComplimentaryCards":0,"BloodDonationMachine":0}],"InkBottle":[37],"TungstenRod":78},"card_choices":[{"not_picked":[],"picked":"BettingIsNotGood","floor":0.0},{"not_picked":["RingOfDestiny:ThreeRaffles","RingOfDestiny:DrawAgain","RingOfDestiny:Purification"],"picked":"SKIP","floor":1.0},{"not_picked":["RingOfDestiny:CatGash","RingOfDestiny:Metaphysics"],"picked":"RingOfDestiny:CrushDiamond","floor":4.0},{"not_picked":["RingOfDestiny:Rebate","RingOfDestiny:Joyride"],"picked":"RingOfDestiny:Extraction","floor":6.0},{"not_picked":["RingOfDestiny:BloodAvalanche","RingOfDestiny:Refine"],"picked":"RingOfDestiny:Superior","floor":8.0},{"not_picked":["RingOfDestiny:Shuffle","RingOfDestiny:MassInvest","RingOfDestiny:Laugh"],"picked":"SKIP","floor":11.0},{"not_picked":["RingOfDestiny:CatGash","RingOfDestiny:BloodBorne","RingOfDestiny:Concentrate"],"picked":"SKIP","floor":12.0},{"not_picked":["RingOfDestiny:RaiseMoney","RingOfDestiny:Windfall"],"picked":"RingOfDestiny:InvestMagic","floor":13.0},{"not_picked":["RingOfDestiny:Wilful","RingOfDestiny:Conversion","RingOfDestiny:StayUpLate"],"picked":"SKIP","floor":14.0},{"not_picked":["RingOfDestiny:GoldProtect","RingOfDestiny:ScrewRules"],"picked":"RingOfDestiny:Privilege","floor":16.0},{"not_picked":["RingOfDestiny:Laugh","RingOfDestiny:HoldOn"],"picked":"RingOfDestiny:Wilful+1","floor":18.0},{"not_picked":["RingOfDestiny:Disdain","RingOfDestiny:Laugh+1"],"picked":"RingOfDestiny:Repeat","floor":19.0},{"not_picked":["RingOfDestiny:Disdain+1","RingOfDestiny:Windfall","RingOfDestiny:BuyBuyBuy+1"],"picked":"SKIP","floor":23.0},{"not_picked":["RingOfDestiny:BloodBorne","RingOfDestiny:MultipleInvest"],"picked":"RingOfDestiny:Refine+1","floor":24.0},{"not_picked":["RingOfDestiny:MonthCard","RingOfDestiny:CatGash","RingOfDestiny:Laugh"],"picked":"SKIP","floor":25.0},{"not_picked":["RingOfDestiny:Extraction","RingOfDestiny:NoInvest"],"picked":"RingOfDestiny:Reinforcement","floor":27.0},{"not_picked":["RingOfDestiny:Windfall","RingOfDestiny:CatGash","RingOfDestiny:BloodBorne"],"picked":"SKIP","floor":29.0},{"not_picked":["RingOfDestiny:DrawAgain","RingOfDestiny:Wilful"],"picked":"RingOfDestiny:NoviceReward+1","floor":30.0},{"not_picked":["RingOfDestiny:HoldOn","RingOfDestiny:DrawAgain+1","RingOfDestiny:Overdraft"],"picked":"SKIP","floor":31.0},{"not_picked":["RingOfDestiny:GoldProtect","RingOfDestiny:ScrewRules"],"picked":"RingOfDestiny:Repeat","floor":33.0},{"not_picked":["RingOfDestiny:BloodBorne","RingOfDestiny:Shuffle+1"],"picked":"RingOfDestiny:Purification+1","floor":35.0},{"not_picked":["RingOfDestiny:Laugh+1","RingOfDestiny:Rebate"],"picked":"RingOfDestiny:Reinforcement","floor":36.0},{"not_picked":["RingOfDestiny:Rebate","RingOfDestiny:Disdain","RingOfDestiny:CatGash"],"picked":"SKIP","floor":40.0},{"not_picked":["RingOfDestiny:DrawAgain+1","RingOfDestiny:MultipleInvest+1","RingOfDestiny:BloodBorne+1"],"picked":"SKIP","floor":41.0},{"not_picked":["RingOfDestiny:Wilful+1","RingOfDestiny:Conversion+1","RingOfDestiny:NoviceReward"],"picked":"SKIP","floor":42.0},{"not_picked":["RingOfDestiny:Conversion+1","RingOfDestiny:Purification"],"picked":"RingOfDestiny:Refine+1","floor":44.0},{"not_picked":["RingOfDestiny:NoviceReward","RingOfDestiny:Happy"],"picked":"RingOfDestiny:Superior+1","floor":46.0},{"not_picked":["RingOfDestiny:BuyBuyBuy","RingOfDestiny:Windfall+1","RingOfDestiny:Rebate+1"],"picked":"SKIP","floor":54}],"player_experience":78055,"relics_obtained":[{"floor":6.0,"key":"TheBible"},{"floor":8.0,"key":"ReplayFunnel"},{"floor":11.0,"key":"InkBottle"},{"floor":15.0,"key":"Replay:Multitool"},{"floor":23.0,"key":"PageOfSingingMachine"},{"floor":26.0,"key":"reliquary:Sod"},{"floor":27.0,"key":"SharpPlug"},{"floor":28.0,"key":"Replay:Mystery Machine"},{"floor":29.0,"key":"hubris:MysteriousPyramids"},{"floor":39.0,"key":"PageOfAlriune"},{"floor":40.0,"key":"hubris:DeckOfHolding"},{"floor":41.0,"key":"TungstenRod"},{"floor":42.0,"key":"reliquary:FeatherDuster"},{"floor":43.0,"key":"PageOfNothingThere"},{"floor":44.0,"key":"Calipers"},{"floor":54,"key":"PageOfNosferatu"}],"event_choices":[{"damage_healed":0.0,"max_hp_gain":0.0,"max_hp_loss":0.0,"gold_gain":0.0,"cards_transformed":["RingOfDestiny:Strike_PU"],"event_name":"Living Wall","player_choice":"Change","floor":2.0,"gold_loss":0.0,"damage_taken":0.0,"cards_obtained":["RingOfDestiny:FreePlay"]},{"damage_healed":0.0,"max_hp_gain":0.0,"max_hp_loss":7.0,"gold_gain":0.0,"event_name":"Golden Idol","player_choice":"Lose Max HP","floor":3.0,"gold_loss":0.0,"damage_taken":0.0,"relics_obtained":["Golden Idol"]},{"damage_healed":0.0,"max_hp_gain":0.0,"max_hp_loss":0.0,"gold_gain":99.0,"event_name":"Nest","player_choice":"Stole From Cult","floor":21.0,"gold_loss":0.0,"damage_taken":0.0},{"damage_healed":0.0,"max_hp_gain":0.0,"max_hp_loss":37.0,"gold_gain":0.0,"event_name":"Ghosts","player_choice":"Became a Ghost","floor":32.0,"gold_loss":0.0,"damage_taken":0.0,"cards_obtained":["Ghostly","Ghostly","Ghostly","Ghostly","Ghostly"]},{"damage_healed":0.0,"max_hp_gain":0.0,"max_hp_loss":0.0,"gold_gain":0.0,"event_name":"Mysterious Sphere","player_choice":"Fight","floor":41.0,"gold_loss":0.0,"damage_taken":0.0},{"damage_healed":0.0,"max_hp_gain":0.0,"max_hp_loss":0.0,"gold_gain":0.0,"event_name":"Duplicator","player_choice":"Copied","floor":45.0,"gold_loss":0.0,"damage_taken":0.0,"cards_obtained":["RingOfDestiny:FirstInvest"]},{"damage_healed":0.0,"max_hp_gain":0.0,"max_hp_loss":0.0,"gold_gain":333.0,"event_name":"The Moai Head","player_choice":"Gave Idol","floor":47.0,"relics_lost":["Golden Idol"],"gold_loss":0.0,"damage_taken":0.0},{"damage_healed":0.0,"max_hp_gain":0.0,"max_hp_loss":0.0,"gold_gain":0.0,"event_name":"Upgrade Shrine","player_choice":"Upgraded","floor":48.0,"gold_loss":0.0,"damage_taken":0.0,"cards_upgraded":["RingOfDestiny:Repeat"]}],"is_beta":false,"boss_relics":[{"not_picked":["hubris:RunicObelisk","EctoplasmExtend"],"picked":"hubris:ScarierMask"},{"not_picked":[]},{"not_picked":["Runic Dome","Velvet Choker"],"picked":"MagicMushroom"},{"not_picked":[]}],"items_purged_floors":[20,22,37],"is_endless":false,"potions_floor_spawned":[6,11,13,14,19,24,33,33,35,36,44,54],"killed_by":"Delirium","ascension_level":0}}