{"host":"u2qrfxkm3wve0vp3","time":1614363881,"event":{"mods":["AchievementEnabler","BaseMod","Better Match","Better Note","Better Third Choice","Better Vampires","Downfall","Minty Spire (QoL Compilation)","Quick Restart","Shop Mod","StSLib","The Cursed","The Marked","The Servant 0.9.4"],"gold_per_floor":[15,15,15,15,15,15,15,34,34,50,68,68,92,106,106,232,232,251,70,70,70,70,109,123,156,156,174,221,221,252,270,270,401,401,424,524,538,187,201,201,242,242,242,242,258,208,118,161,161,161],"floor_reached":51,"language":"ZHS","playtime":2014,"items_purged":["Strike_S","Strike_S"],"score":1138,"play_id":"90d4b4b7-971d-4821-b3c6-6c7a4f73b1a9","local_time":"20210227022441","is_ascension_mode":true,"campfire_choices":[{"data":"KidneyShot","floor":6,"key":"SMITH"},{"floor":12,"key":"RECALL"},{"data":"Initiator","floor":15,"key":"SMITH"},{"data":"Mayhem","floor":29,"key":"SMITH"},{"data":"Solidify","floor":32,"key":"SMITH"},{"data":"MurderousAura","floor":40,"key":"SMITH"},{"data":"Desolation","floor":42,"key":"SMITH"},{"data":"FastForward","floor":49,"key":"SMITH"}],"circlet_count":0,"master_deck":["Defend_S+1","Defend_S+1","KidneyShot+1","Exchange+1","FastForward+1","InstantArmor+1","Initiator+1","Solidify+1","Mayhem+1","BottledTime","Dilation+1","MurderousAura+1","Desolation+1"],"relics":["SplendidAttire","Golden Idol","PaperSwan","Coffee Dripper","Bottled Flame","Strawberry","Toxic Egg 2","Smiling Mask","Juzu Bracelet","War Paint","ClockworkSouvenir","Ice Cream","Ornamental Fan"],"acts_visited":["Exordium","TheCity","TheBeyond","TheEnding"],"potions_floor_usage":[23,23,23,50],"damage_taken":[{"damage":0,"enemies":"Small Slimes","floor":1,"turns":3},{"damage":0,"enemies":"Jaw Worm","floor":8,"turns":3},{"damage":0,"enemies":"2 Louse","floor":10,"turns":1},{"damage":0,"enemies":"2 Fungi Beasts","floor":11,"turns":2},{"damage":0,"enemies":"Looter","floor":13,"turns":2},{"damage":0,"enemies":"Gremlin Gang","floor":14,"turns":4},{"damage":17,"enemies":"Slime Boss","floor":16,"turns":10},{"damage":0,"enemies":"Spheric Guardian","floor":18,"turns":2},{"damage":8,"enemies":"Gremlin Leader","floor":23,"turns":4},{"damage":0,"enemies":"Shell Parasite","floor":24,"turns":3},{"damage":10,"enemies":"Book of Stabbing","floor":25,"turns":4},{"damage":22,"enemies":"Snake Plant","floor":27,"turns":3},{"damage":2,"enemies":"Gremlin Leader","floor":30,"turns":5},{"damage":0,"enemies":"Centurion and Healer","floor":31,"turns":3},{"damage":22,"enemies":"Champ","floor":33,"turns":12},{"damage":3,"enemies":"Orb Walker","floor":35,"turns":3},{"damage":9,"enemies":"3 Shapes","floor":37,"turns":3},{"damage":0,"enemies":"3 Darklings","floor":39,"turns":5},{"damage":4,"enemies":"Giant Head","floor":41,"turns":7},{"damage":0,"enemies":"Maw","floor":45,"turns":5},{"damage":4,"enemies":"Reptomancer","floor":48,"turns":5},{"damage":19,"enemies":"Time Eater","floor":50,"turns":7}],"seed_played":"6500457076930199720","potions_obtained":[{"floor":8,"key":"Block Potion"},{"floor":11,"key":"PowerPotion"},{"floor":16,"key":"Explosive Potion"},{"floor":25,"key":"LiquidBronze"},{"floor":30,"key":"Fire Potion"},{"floor":35,"key":"Swift Potion"},{"floor":37,"key":"PowerPotion"}],"is_trial":false,"path_per_floor":["M","?","?","?","?","R","$","M","T","M","M","R","M","M","R","B",null,"M","$","?","?","?","E","M","E","T","M","T","R","E","M","R","B",null,"M","?","M","$","M","R","E","R","T","?","M","$","?","E","R","B",null],"character_chosen":"THE_SERVANT","items_purchased":["Mayhem","War Paint","ClockworkSouvenir"],"campfire_rested":0,"item_purchase_floors":[19,38,38],"current_hp_per_floor":[65,49,42,29,50,50,50,50,50,50,50,50,50,50,50,33,65,65,65,65,65,65,57,57,54,54,32,32,32,30,30,30,8,72,69,69,60,60,60,60,56,56,56,56,56,56,56,52,52,33],"gold":161,"neow_bonus":"REMOVE_TWO","is_daily":false,"chose_seed":false,"campfire_upgraded":7,"win_rate":0.0,"timestamp":1614363881,"path_taken":["M","?","?","?","?","R","?","?","T","M","M","R","M","M","R","BOSS","M","?","?","?","?","E","M","E","T","M","?","R","E","M","R","BOSS","M","?","M","$","M","R","E","R","T","?","M","$","?","E","R","BOSS"],"items_purchased_type":["Card","Relic","Relic"],"build_version":"2020-12-22","purchased_purges":2,"victory":true,"max_hp_per_floor":[65,65,65,65,65,65,65,65,65,65,65,65,65,65,65,65,65,65,65,65,65,65,65,65,72,72,72,72,72,72,72,72,72,72,72,72,72,72,72,72,72,72,72,72,72,72,72,72,72,72],"card_choices":[{"not_picked":["RealityMarble","TimeWarp"],"picked":"FastForward","floor":1},{"not_picked":["Replace","Unruled"],"picked":"InstantArmor","floor":8},{"not_picked":["Potential","Ricochet","DoubleEdge"],"picked":"SKIP","floor":10},{"not_picked":["Replace","Rewind","Starlight"],"picked":"SKIP","floor":11},{"not_picked":["MoonPhase","Spin"],"picked":"ShiftingGears","floor":13},{"not_picked":["Defy","ShatteredReality"],"picked":"Initiator","floor":14},{"not_picked":["TheWorld","Deny"],"picked":"Solidify","floor":16},{"not_picked":["Potential+1","SpecialFormula+1","MoonPhase"],"picked":"SKIP","floor":18},{"not_picked":["Potential","Rewind","BottledTime"],"picked":"SKIP","floor":23},{"not_picked":["ShatteredReality","FastForward","FanOfKnives"],"picked":"SKIP","floor":24},{"not_picked":["Revamp","Replace","Spin+1"],"picked":"SKIP","floor":25},{"not_picked":["Defy+1","Revamp+1"],"picked":"Dilation+1","floor":27},{"not_picked":["Advance+1","Unruled+1","DoubleEdge+1"],"picked":"SKIP","floor":30},{"not_picked":["SilverBlades","Rewind+1","GearUp+1"],"picked":"SKIP","floor":31},{"not_picked":["TheWorld+1","Initiator"],"picked":"MurderousAura","floor":33},{"not_picked":["Rearm+1","Starlight+1","Ricochet"],"picked":"SKIP","floor":35},{"not_picked":["Defy+1","Spin","Starlight+1"],"picked":"SKIP","floor":37},{"not_picked":["TimeWarp","FastForward+1","Unruled"],"picked":"SKIP","floor":39},{"not_picked":["TheWorld+1","SilverBlades+1"],"picked":"Desolation","floor":41},{"not_picked":["Defy+1","Alleviate+1","Rewind+1"],"picked":"SKIP","floor":45},{"not_picked":["ShatteredReality+1","Replace+1","MoonPhase"],"picked":"SKIP","floor":48}],"player_experience":353417,"relics_obtained":[{"floor":9,"key":"PaperSwan"},{"floor":23,"key":"Bottled Flame"},{"floor":25,"key":"Strawberry"},{"floor":26,"key":"Toxic Egg 2"},{"floor":28,"key":"Smiling Mask"},{"floor":30,"key":"Juzu Bracelet"},{"floor":41,"key":"Ice Cream"},{"floor":48,"key":"Ornamental Fan"}],"event_choices":[{"damage_healed":0,"gold_gain":0,"player_choice":"Take Damage","damage_taken":16,"relics_obtained":["Golden Idol"],"max_hp_gain":0,"max_hp_loss":0,"event_name":"Golden Idol","floor":2,"gold_loss":0},{"cards_removed":["Defend_S"],"damage_healed":0,"gold_gain":0,"player_choice":"Card Removal","damage_taken":7,"max_hp_gain":0,"max_hp_loss":0,"event_name":"Golden Wing","floor":3,"gold_loss":0},{"damage_healed":42,"gold_gain":0,"player_choice":"Upgrade","damage_taken":13,"max_hp_gain":0,"max_hp_loss":65,"event_name":"betterThird:BetterShining","floor":4,"gold_loss":0,"cards_upgraded":["Strike_S","Defend_S"]},{"damage_healed":21,"gold_gain":0,"player_choice":"Banana","damage_taken":0,"max_hp_gain":0,"max_hp_loss":0,"event_name":"Big Fish","floor":5,"gold_loss":0},{"damage_healed":0,"gold_gain":0,"player_choice":"Read","damage_taken":0,"max_hp_gain":0,"max_hp_loss":0,"event_name":"The Library","floor":20,"gold_loss":0,"cards_obtained":["BottledTime"]},{"cards_removed":["ShiftingGears"],"damage_healed":0,"gold_gain":0,"player_choice":"Elegance","damage_taken":0,"max_hp_gain":0,"max_hp_loss":0,"event_name":"betterThird:BetterWriting","floor":22,"gold_loss":0},{"damage_healed":0,"gold_gain":100,"player_choice":"Pray","damage_taken":0,"max_hp_gain":0,"max_hp_loss":0,"event_name":"Golden Shrine","floor":36,"gold_loss":0},{"damage_healed":0,"gold_gain":0,"player_choice":"Memory 1","damage_taken":0,"max_hp_gain":0,"max_hp_loss":0,"event_name":"SensoryStone","floor":44,"gold_loss":0},{"cards_removed":["Strike_S"],"damage_healed":0,"gold_gain":0,"player_choice":"Upgrade and Remove","damage_taken":0,"max_hp_gain":0,"max_hp_loss":0,"event_name":"Designer","floor":47,"gold_loss":90,"cards_upgraded":["Exchange"]}],"is_beta":false,"boss_relics":[{"not_picked":["bronze:MakeshiftBattery","Empty Cage"],"picked":"Coffee Dripper"},{"not_picked":["Tiny House","Calling Bell"],"picked":"SplendidAttire"}],"items_purged_floors":[38,46],"is_endless":false,"potions_floor_spawned":[8,11,16,25,30,35,37,48],"ascension_level":1}}