{"host":"5zhjtp2pgwgfdund","time":1614312074,"event":{"mods":["2.2 Compatiblity","AchievementEnabler","Act Like it!","BaseMod","Colored Map","Colored Powertips","Downfall","Gensokyo","Infinite Spire","Minty Spire (QoL Compilation)","Replay The Spire","Shop Mod","StSLib","The Bug Knight","The Jungle"],"gold_per_floor":[99,99,111,129,144,177,226,40,66,81,81,113,13,30,42,138,138,138,155,165,184,202,202,229,229,241,241,241,241,241,266,280,280,280,280],"floor_reached":33,"language":"ENG","playtime":2609,"items_purged":[],"score":304,"play_id":"b7357263-da1f-42b3-a793-cffae47a2ac0","local_time":"20210225230114","is_ascension_mode":false,"campfire_choices":[{"floor":1,"key":"RECALL"},{"floor":11,"key":"REST"},{"floor":13,"key":"REST"},{"floor":18,"key":"DIG"},{"floor":23,"key":"REST"},{"data":"sneckomod:UnknownBoss","floor":25,"key":"SMITH"},{"floor":28,"key":"REST"},{"data":"sneckomod:SnakeSap","floor":30,"key":"SMITH"}],"circlet_count":0,"master_deck":["sneckomod:Strike","sneckomod:Strike","sneckomod:Defend","sneckomod:Defend+1","sneckomod:Defend","sneckomod:TailWhip","sneckomod:SnekBite","sneckomod:Unknown","sneckomod:Unknown","sneckomod:UnknownColorless+1","sneckomod:UnknownColorless","sneckomod:WideSting","sneckomod:SnakeSap+1","sneckomod:IronFang","expansioncontent:HyperBeam","sneckomod:UnknownStrike","sneckomod:SnakeSap","sneckomod:UnknownCommonAttack","sneckomod:UnknownUncommonSkill","sneckomod:QuickMove","sneckomod:UnknownBoss+1","sneckomod:UnknownUncommonAttack","sneckomod:Unknown0Cost+1","sneckomod:UnknownUncommonSkill+1","sneckomod:UnknownColorless+1","sneckomod:SnekBeam","downfall:Bewildered","sneckomod:DiceCrush","sneckomod:TrashToTreasure"],"relics":["sneckomod:SneckoSoul","Boot","Pet Ghost","Lantern","Simple Rune","downfall:HeartBlessingRed","ReplayTheSpireMod:DimensionalGlitch","Vajra","Nunchaku","sneckomod:BabySnecko","War Paint"],"acts_visited":["Exordium","TheCity"],"potions_floor_usage":[6,16,33,33],"damage_taken":[{"damage":0,"enemies":"Small Slimes","floor":3,"turns":3},{"damage":1,"enemies":"Cultist","floor":4,"turns":3},{"damage":11,"enemies":"Jaw Worm","floor":5,"turns":2},{"damage":36,"enemies":"Lagavulin","floor":6,"turns":8},{"damage":0,"enemies":"downfall:FleeingMerchant","floor":8,"turns":4},{"damage":8,"enemies":"Exordium Thugs","floor":10,"turns":3},{"damage":0,"enemies":"Gremlin Nob","floor":12,"turns":3},{"damage":5,"enemies":"Gremlin Gang","floor":14,"turns":3},{"damage":0,"enemies":"Blue Slaver","floor":15,"turns":2},{"damage":43,"enemies":"DF_ARCHETYPE_STREAMLINE","floor":16,"turns":8},{"damage":0,"enemies":"Spheric Guardian","floor":19,"turns":3},{"damage":10,"enemies":"Sentry and Sphere","floor":20,"turns":3},{"damage":11,"enemies":"Centurion and Healer","floor":21,"turns":5},{"damage":14,"enemies":"3 Cultists","floor":22,"turns":5},{"damage":2,"enemies":"Cultist and Chosen","floor":26,"turns":4},{"damage":15,"enemies":"Replay:Snechameleon","floor":31,"turns":4},{"damage":10,"enemies":"Snake Plant","floor":32,"turns":2},{"damage":95,"enemies":"IC_MUSHROOM_ARCHETYPE","floor":33,"turns":12}],"seed_played":"1026322972025497401","potions_obtained":[{"floor":5,"key":"sneckomod:MuddlingPotion"},{"floor":6,"key":"ColorlessPotion"},{"floor":12,"key":"hexamod:SoulburnPotion"},{"floor":14,"key":"LiquidMemories"},{"floor":16,"key":"Weak Potion"},{"floor":32,"key":"FairyPotion"}],"is_trial":false,"path_per_floor":["R","?","M","M","M","E","T","$","T","M","R","E","R","M","M","B",null,"R_BF","M","M","M","M","R","T","R","M","?","R","?","R","E","M","B"],"character_chosen":"THE_SNECKO","items_purchased":["expansioncontent:HyperBeam","sneckomod:UnknownStrike"],"campfire_rested":4,"item_purchase_floors":[8,8],"current_hp_per_floor":[99,99,99,98,87,51,51,51,51,43,72,72,99,94,94,51,99,99,99,89,78,64,93,93,93,91,71,102,102,102,87,77,0,0,0],"gold":280,"neow_bonus":"TEN_PERCENT_HP_BONUS","is_daily":false,"chose_seed":false,"campfire_upgraded":2,"win_rate":0.0,"timestamp":1614312074,"path_taken":["R","?","M","?","M","E","T","?","?","?","R","E","R","M","M","BOSS","R_BF","M","M","?","M","R","T","R","M","?","R","?","R","E","M","BOSS"],"items_purchased_type":["Card","Card"],"build_version":"2020-12-22","purchased_purges":0,"victory":false,"max_hp_per_floor":[99,99,99,99,99,99,99,99,99,99,99,99,99,99,99,99,99,99,99,99,99,99,99,99,99,99,104,104,104,104,104,104,104,104,104],"card_choices":[{"not_picked":["sneckomod:UnknownVulnerable","sneckomod:UnknownExhaust"],"picked":"sneckomod:UnknownColorless","floor":3},{"not_picked":["sneckomod:UnknownExhaust","sneckomod:PureSnecko"],"picked":"sneckomod:UnknownColorless","floor":4},{"not_picked":["sneckomod:RainOfDice","sneckomod:UnknownDexterity"],"picked":"sneckomod:WideSting","floor":5},{"not_picked":["sneckomod:Unknown0Cost","sneckomod:UnknownUncommonAttack"],"picked":"sneckomod:SnakeSap","floor":6},{"not_picked":["sneckomod:UnknownUncommonPower","sneckomod:SoulRoll"],"picked":"sneckomod:IronFang","floor":8},{"not_picked":["sneckomod:UnknownDraw","sneckomod:IronFang"],"picked":"sneckomod:SnakeSap","floor":10},{"not_picked":["sneckomod:QuickMove","sneckomod:DiceCrush"],"picked":"sneckomod:UnknownCommonAttack","floor":12},{"not_picked":["sneckomod:Mudshield","sneckomod:UnknownUncommonPower"],"picked":"sneckomod:UnknownUncommonSkill","floor":14},{"not_picked":["sneckomod:DefensiveFlair","sneckomod:SoulDraw"],"picked":"sneckomod:QuickMove","floor":15},{"not_picked":["sneckomod:Unknown3Cost","sneckomod:UnknownRarePower"],"picked":"sneckomod:UnknownBoss","floor":16},{"not_picked":["sneckomod:UnknownCommonAttack","sneckomod:UnknownClassUrban Legend"],"picked":"sneckomod:UnknownUncommonAttack","floor":19},{"not_picked":["sneckomod:TrashToTreasure","sneckomod:MasterEye"],"picked":"sneckomod:Unknown0Cost+1","floor":20},{"not_picked":["sneckomod:QuickMove","sneckomod:UnknownColorless"],"picked":"sneckomod:UnknownUncommonSkill+1","floor":21},{"not_picked":["sneckomod:SoulDraw+1","sneckomod:UnknownClassUrban Legend"],"picked":"sneckomod:UnknownColorless+1","floor":22},{"not_picked":["sneckomod:UnknownUncommonSkill","sneckomod:MasterEye"],"picked":"sneckomod:SnekBeam","floor":26},{"not_picked":["sneckomod:UnknownDraw","sneckomod:UnknownClassRED"],"picked":"sneckomod:DiceCrush","floor":31},{"not_picked":["sneckomod:UnknownCommonSkill","sneckomod:DefensiveFlair"],"picked":"sneckomod:TrashToTreasure","floor":32}],"player_experience":183258,"relics_obtained":[{"floor":6,"key":"Boot"},{"floor":7,"key":"Pet Ghost"},{"floor":9,"key":"Lantern"},{"floor":12,"key":"Simple Rune"},{"floor":18,"key":"Vajra"},{"floor":24,"key":"Nunchaku"},{"floor":31,"key":"War Paint"}],"event_choices":[{"cards_removed":["sneckomod:Strike"],"damage_healed":0,"gold_gain":0,"player_choice":"Offered Basic","damage_taken":0,"max_hp_gain":0,"max_hp_loss":0,"event_name":"Bonfire Elementals","floor":2,"gold_loss":0}],"is_beta":false,"boss_relics":[{"not_picked":["Runic Pyramid","infinitespire:Cupcake"],"picked":"ReplayTheSpireMod:DimensionalGlitch"}],"items_purged_floors":[],"is_endless":false,"potions_floor_spawned":[5,6,12,14,16,20,31,32],"killed_by":"IC_MUSHROOM_ARCHETYPE","ascension_level":0}}