{"host":"zdahj580pq9zy75i","time":1614376140,"event":{"mods":["AchievementEnabler","BaseMod","Bestiary","Colored Map","Minty Spire (QoL Compilation)","Relic Stats","StSLib","ojb\u0027s Info Mod: The sequel"],"gold_per_floor":[112,187,205,205,218,218,13,46,46,46,46,46],"floor_reached":11,"language":"ENG","playtime":295,"items_purged":[],"score":142,"play_id":"ac13623e-12e3-4aec-b1f5-bafd836492b4","local_time":"20210226164900","is_ascension_mode":true,"campfire_choices":[{"floor":6,"key":"REST"},{"data":"Flame Barrier","floor":10,"key":"SMITH"}],"circlet_count":0,"master_deck":["AscendersBane","Strike_R","Strike_R","Strike_R","Strike_R","Defend_R","Defend_R","Defend_R","Defend_R","Bash","Panache","Fire Breathing","Second Wind","Anger","Ghostly Armor","Flame Barrier+1"],"relics":["Burning Blood","PreservedInsect","Blue Candle","Toxic Egg 2"],"acts_visited":["Exordium"],"potions_floor_usage":[5,11],"damage_taken":[{"damage":14,"enemies":"Jaw Worm","floor":1,"turns":4},{"damage":9,"enemies":"2 Louse","floor":3,"turns":3},{"damage":6,"enemies":"Cultist","floor":5,"turns":4},{"damage":22,"enemies":"Lagavulin","floor":8,"turns":7},{"damage":56,"enemies":"Gremlin Nob","floor":11,"turns":4}],"seed_played":"6670214453956001449","potions_obtained":[{"floor":1,"key":"Block Potion"},{"floor":3,"key":"Regen Potion"},{"floor":8,"key":"AttackPotion"}],"is_trial":false,"path_per_floor":["M","?","M","?","M","R","$","E","T","R","E"],"character_chosen":"IRONCLAD","items_purchased":["PreservedInsect","Ghostly Armor"],"campfire_rested":1,"item_purchase_floors":[7,7],"current_hp_per_floor":[42,31,28,28,28,50,50,34,34,34,0,0],"gold":46,"neow_bonus":"RANDOM_COLORLESS_2","is_daily":false,"chose_seed":false,"campfire_upgraded":1,"win_rate":0.0,"timestamp":1614376140,"path_taken":["M","?","M","?","M","R","$","E","T","R","E"],"items_purchased_type":["Relic","Card"],"build_version":"2020-12-22","purchased_purges":0,"victory":false,"max_hp_per_floor":[75,75,75,75,75,75,75,75,75,75,75,75],"relic_stats":{"counters":[5,22],"Blue Candle":[0],"PreservedInsect":58,"obtain_stats":[{"Blue Candle":8,"PreservedInsect":7,"Toxic Egg 2":9,"Burning Blood":0},{"Blue Candle":4,"PreservedInsect":3,"Toxic Egg 2":4,"Burning Blood":0},{"Blue Candle":18,"PreservedInsect":11,"Toxic Egg 2":18,"Burning Blood":0}],"Burning Blood":24},"card_choices":[{"not_picked":["The Bomb","Chrysalis"],"picked":"Panache","floor":0},{"not_picked":["Heavy Blade","Headbutt"],"picked":"Fire Breathing","floor":1},{"not_picked":["Sentinel","Body Slam"],"picked":"Second Wind","floor":3},{"not_picked":["Headbutt","Havoc"],"picked":"Anger","floor":5},{"not_picked":["Pummel","Uppercut"],"picked":"Flame Barrier","floor":8}],"player_experience":826465,"relics_obtained":[{"floor":8,"key":"Blue Candle"},{"floor":9,"key":"Toxic Egg 2"}],"event_choices":[{"damage_healed":0,"gold_gain":75,"player_choice":"Gather Gold","damage_taken":11,"max_hp_gain":0,"max_hp_loss":0,"event_name":"World of Goop","floor":2,"gold_loss":0},{"cards_removed":["Strike_R"],"damage_healed":0,"gold_gain":0,"player_choice":"Offered Basic","damage_taken":0,"max_hp_gain":0,"max_hp_loss":0,"event_name":"Bonfire Elementals","floor":4,"gold_loss":0}],"is_beta":false,"boss_relics":[],"items_purged_floors":[],"is_endless":false,"potions_floor_spawned":[1,3,8],"killed_by":"Gremlin Nob","ascension_level":20}}