{"host":"9l4jcdn1v1hb3xgl","time":1614332259,"event":{"mods":["BaseMod","Colored Map","Colored Powertips","DeckTracker","Highlight Path","Marisa????????","Minty Spire (QoL Compilation)","Quick Restart","StSLib","The Cursed","The Servant 0.9.4"],"gold_per_floor":[109,284,295,64,14,14,14,14,40,40,40,66,85,98,98,201,201,220,68,68,5,19,49,59,59,83,99,130,130,145,145,145,245,245,260,275,120,120,135,135,163,163,163,180,194,221,235,248,248,248,248],"floor_reached":50,"language":"ENG","playtime":1463,"items_purged":["Doubt"],"score":512,"play_id":"501313b9-758c-4d91-b350-6ebcc10d892d","local_time":"20210226173739","is_ascension_mode":false,"campfire_choices":[{"data":"ManaRampage","floor":6.0,"key":"SMITH"},{"data":"ManaRampage","floor":8.0,"key":"SMITH"},{"data":"UpSweep","floor":11.0,"key":"SMITH"},{"data":"PropBag","floor":15.0,"key":"SMITH"},{"floor":29.0,"key":"REST"},{"floor":32.0,"key":"REST"},{"data":"OrrerysSun","floor":40,"key":"SMITH"},{"floor":42,"key":"REST"},{"data":"EnergyFlow","floor":49,"key":"SMITH"}],"circlet_count":0,"master_deck":["Strike_MRS","Strike_MRS","Strike_MRS","Defend_MRS","Defend_MRS+1","Defend_MRS","Defend_MRS+1","MasterSpark","UpSweep+1","ManaRampage+1","ChargeUpSpray","ManaRampage+1","EnergyFlow+1","PropBag+1","AbsoluteMagnitude","EarthLightRay","EnergyFlow+1","ChargingUp","OrrerysSun+1"],"relics":["MiniHakkero","DollysMirror","War Paint","Gambling Chip","Ornamental Fan","Sozu","Strange Spoon","Pocketwatch","Question Card","Tiny Chest","Meat on the Bone","ExperimentalFamiliar","Frozen Eye","Shuriken","Pear","Orichalcum","AmplifyWand"],"acts_visited":["Exordium","TheCity","TheBeyond"],"potions_floor_usage":[50],"damage_taken":[{"damage":0.0,"enemies":"Small Slimes","floor":1.0,"turns":1.0},{"damage":1.0,"enemies":"Jaw Worm","floor":3.0,"turns":3.0},{"damage":10.0,"enemies":"3 Sentries","floor":12.0,"turns":3.0},{"damage":2.0,"enemies":"2 Louse","floor":13.0,"turns":2.0},{"damage":5.0,"enemies":"Exordium Wildlife","floor":14.0,"turns":2.0},{"damage":30.0,"enemies":"Slime Boss","floor":16.0,"turns":5.0},{"damage":2.0,"enemies":"Chosen","floor":18.0,"turns":2.0},{"damage":0.0,"enemies":"Spheric Guardian","floor":22.0,"turns":1.0},{"damage":23.0,"enemies":"Gremlin Leader","floor":23.0,"turns":3.0},{"damage":0.0,"enemies":"3 Cultists","floor":24.0,"turns":3.0},{"damage":1.0,"enemies":"Centurion and Healer","floor":27.0,"turns":4.0},{"damage":17.0,"enemies":"Book of Stabbing","floor":28.0,"turns":3.0},{"damage":6.0,"enemies":"Cultist and Chosen","floor":30.0,"turns":2.0},{"damage":65.0,"enemies":"Automaton","floor":33.0,"turns":7.0},{"damage":0.0,"enemies":"Orb Walker","floor":35.0,"turns":2.0},{"damage":19,"enemies":"3 Darklings","floor":36,"turns":3},{"damage":24,"enemies":"Writhing Mass","floor":39,"turns":3},{"damage":10,"enemies":"Reptomancer","floor":41,"turns":3},{"damage":6,"enemies":"Sphere and 2 Shapes","floor":44,"turns":1},{"damage":10,"enemies":"4 Shapes","floor":45,"turns":4},{"damage":9,"enemies":"3 Darklings","floor":47,"turns":4},{"damage":0,"enemies":"Maw","floor":48,"turns":3},{"damage":42,"enemies":"Time Eater","floor":50,"turns":4}],"seed_played":"5615465183376793045","potions_obtained":[{"floor":3.0,"key":"PowerPotion"},{"floor":13.0,"key":"Strength Potion"},{"floor":16.0,"key":"EssenceOfSteel"}],"is_trial":false,"path_per_floor":["M","?","M","$","?","R","$","R","T","T","R","E","M","M","R","B",null,"M","$","?","?","M","E","M","?","T","M","E","R","M","$","R","B",null,"M","M","$","?","M","R","E","R","T","M","M","T","M","M","R","B"],"character_chosen":"MARISA","items_purchased":["DollysMirror","Strange Spoon","Frozen Eye"],"campfire_rested":3,"item_purchase_floors":[4,19,37],"current_hp_per_floor":[75,75,74,74,74,74,74,74,74,74,74,64,62,57,57,27,75,73,73,73,73,73,50,54,40,40,43,30,54,48,48,72,27,80,80,61,61,61,41,41,47,69,79,73,63,63,58,62,62,24,24],"gold":248,"neow_bonus":"ONE_RANDOM_RARE_CARD","is_daily":false,"chose_seed":false,"campfire_upgraded":6,"win_rate":0.0,"timestamp":1614332259,"path_taken":["M","?","M","$","?","R","$","R","T","?","R","E","M","M","R","BOSS","M","$","?","?","M","E","?","?","T","M","E","R","M","$","R","BOSS","M","M","$","?","M","R","E","R","T","M","M","?","?","M","R","BOSS"],"items_purchased_type":["Relic","Relic","Relic"],"build_version":"2020-12-22","purchased_purges":1,"victory":false,"max_hp_per_floor":[75,75,75,75,75,75,75,75,75,75,75,75,75,75,75,75,75,75,75,75,75,75,75,75,80,80,80,80,80,80,80,80,80,80,80,80,80,76,76,76,76,76,86,86,86,86,86,86,86,86,86],"card_choices":[{"not_picked":["WitchLeyline","UnstableBomb"],"picked":"ChargeUpSpray","floor":1.0},{"not_picked":["NonDirectionalLaser","GravityBeat","6A"],"picked":"SKIP","floor":3.0},{"not_picked":["MilkyWay","DarkMatter"],"picked":"EnergyFlow","floor":12.0},{"not_picked":["LuminesStrike","DoubleSpark"],"picked":"PropBag","floor":13.0},{"not_picked":["IllusionStar","LuminesStrike","WitchLeyline"],"picked":"SKIP","floor":14.0},{"not_picked":["FinalSpark","BinaryStars"],"picked":"AbsoluteMagnitude","floor":16.0},{"not_picked":["ShootingEcho","GalacticHalo","OneTimeOff"],"picked":"SKIP","floor":18.0},{"not_picked":["LuminesStrike","FairyDestructionRay","AsteroidBelt"],"picked":"SKIP","floor":22.0},{"not_picked":["WitchLeyline+1","Singularity"],"picked":"EarthLightRay","floor":23.0},{"not_picked":["ShootingEcho","GalacticHalo","WitchLeyline"],"picked":"EnergyFlow+1","floor":24.0},{"not_picked":["SporeBomb","WitchLeyline","DragonMeteor+1","6A"],"picked":"SKIP","floor":27.0},{"not_picked":["StarlightTyphoon+1","WitchOfGreed","GalacticHalo","MachineGunSpark"],"picked":"SKIP","floor":28.0},{"not_picked":["MachineGunSpark","6A","IllusionStar+1","MeteoricShower"],"picked":"SKIP","floor":30.0},{"not_picked":["AsteroidBelt+1","PowerUp+1","ChargingUp","GravityBeat+1"],"picked":"SKIP","floor":35.0},{"not_picked":["MilkyWay","DC+1","MysteriousBeam"],"picked":"ChargingUp","floor":36},{"not_picked":["Singularity","EnergyFlow+1","LuminesStrike+1"],"picked":"OrrerysSun","floor":39},{"not_picked":["LuminesStrike","ManaConvection+1","Robbery","WitchLeyline"],"picked":"SKIP","floor":41},{"not_picked":["SporeBomb","WitchLeyline","EventHorizon+1","AsteroidBelt"],"picked":"SKIP","floor":44},{"not_picked":["IllusionStar","UnstableBomb","ShootTheMoon+1","BlazeAway+1"],"picked":"SKIP","floor":45},{"not_picked":["OneTimeOff+1","StarBarrage","WitchOfGreed","ShootingEcho"],"picked":"SKIP","floor":47},{"not_picked":["ManaConvection","GravityBeat","FinalSpark","IllusionStar"],"picked":"SKIP","floor":48}],"player_experience":113728,"relics_obtained":[{"floor":9.0,"key":"War Paint"},{"floor":10.0,"key":"Gambling Chip"},{"floor":12.0,"key":"Ornamental Fan"},{"floor":23.0,"key":"Question Card"},{"floor":26.0,"key":"Tiny Chest"},{"floor":28.0,"key":"Meat on the Bone"},{"floor":41,"key":"Shuriken"},{"floor":43,"key":"Pear"},{"floor":46,"key":"Orichalcum"}],"event_choices":[{"damage_healed":0.0,"max_hp_gain":0.0,"max_hp_loss":0.0,"gold_gain":175.0,"event_name":"Liars Game","player_choice":"AGREE","floor":2.0,"gold_loss":0.0,"damage_taken":0.0,"cards_obtained":["Doubt"]},{"cards_removed":["Strike_MRS"],"damage_healed":0.0,"max_hp_gain":0.0,"max_hp_loss":0.0,"gold_gain":0.0,"event_name":"The Cleric","player_choice":"Card Removal","floor":5.0,"gold_loss":50.0,"damage_taken":0.0},{"damage_healed":0.0,"max_hp_gain":0.0,"max_hp_loss":0.0,"gold_gain":0.0,"event_name":"Cursed Tome","player_choice":"Ignored","floor":20.0,"gold_loss":0.0,"damage_taken":0.0},{"damage_healed":0.0,"max_hp_gain":0.0,"max_hp_loss":0.0,"gold_gain":0.0,"event_name":"WeMeetAgain","player_choice":"Paid Gold","floor":21.0,"gold_loss":63.0,"damage_taken":0.0,"relics_obtained":["Pocketwatch"]},{"damage_healed":0.0,"max_hp_gain":5.0,"max_hp_loss":0.0,"gold_gain":0.0,"event_name":"Forgotten Altar","player_choice":"Shed Blood","floor":25.0,"gold_loss":0.0,"damage_taken":19.0},{"damage_healed":0,"gold_gain":0,"player_choice":"Max HP","damage_taken":0,"max_hp_gain":0,"max_hp_loss":4,"event_name":"Winding Halls","floor":38,"gold_loss":0}],"is_beta":false,"boss_relics":[{"not_picked":["Fusion Hammer","Runic Dome"],"picked":"Sozu"},{"not_picked":["Astrolabe","Snecko Eye"],"picked":"ExperimentalFamiliar"}],"items_purged_floors":[4],"is_endless":false,"potions_floor_spawned":[3,13,16,23,28,30,36,45,47],"killed_by":"Time Eater","ascension_level":0}}