{"host":"74ea4mm5h5v9d7b0","time":1614383039,"event":{"mods":["Aspiration","BaseMod","Hubris","Infinite Spire","Minty Spire (QoL Compilation)","Replay The Spire","StSLib","The Jungle","The Necromancer"],"gold_per_floor":[118,118,43,43,63,94,94,119,119,119,139,139,157,168,168,269,319,337,354,474,474,524,524,554,574,574,574,574,574,574],"floor_reached":29,"language":"ENG","playtime":2099,"items_purged":["Strike_B"],"score":297,"play_id":"58ed9096-022c-4457-835b-e82f9f001cb8","local_time":"20210226154359","is_ascension_mode":true,"campfire_choices":[{"data":"Zap","floor":7,"key":"SMITH"},{"data":"Dualcast","floor":10,"key":"SMITH"},{"data":"Defragment","floor":15,"key":"SMITH"},{"data":"Leap","floor":23,"key":"SMITH"},{"data":"ReplayGash","floor":27,"key":"SMITH"}],"circlet_count":0,"master_deck":["Strike_B","Strike_B","Defend_B","Defend_B","Defend_B","Defend_B","Zap+1","Dualcast+1","ReplayGash+1","Skim","Sweeping Beam+1","Cold Snap","Defragment+1","Leap+1","Cold Snap+1","Gash","Languid","Redo+1","hubris:NaturalOne"],"relics":["Cracked Core","NeowsBlessing","Gambling Chip","Tiny Chest","infinitespire:Satchel","infinitespire:Freezer","Oddly Smooth Stone","Tiny House","Emotion Chip","Ring of Greed","Replay:Bandana","hubris:MobiusCoin","hubris:Icosahedron"],"acts_visited":["Exordium","Exordium"],"potions_floor_usage":[17],"damage_taken":[{"damage":0,"enemies":"Small Slimes","floor":1,"turns":1},{"damage":0,"enemies":"Cultist","floor":5,"turns":1},{"damage":0,"enemies":"3 Sentries","floor":6,"turns":1},{"damage":20,"enemies":"Lagavulin","floor":8,"turns":6},{"damage":0,"enemies":"infinitespire:Voidling","floor":11,"turns":3},{"damage":0,"enemies":"Blue Slaver","floor":13,"turns":3},{"damage":0,"enemies":"Large Slime","floor":14,"turns":2},{"damage":6,"enemies":"The Guardian","floor":16,"turns":9},{"damage":0,"enemies":"theJungle:GiantWrat","floor":18,"turns":4},{"damage":11,"enemies":"theJungle:MUSHROOMGANG","floor":19,"turns":4},{"damage":12,"enemies":"theJungle:2_Snecko_Cultists","floor":24,"turns":4},{"damage":3,"enemies":"theJungle:Lyon","floor":25,"turns":4},{"damage":0,"enemies":"Snake Plant","floor":29,"turns":1}],"seed_played":"675876337329642182","potions_obtained":[{"floor":11,"key":"DistilledChaos"},{"floor":13,"key":"SpeedPotion"},{"floor":16,"key":"FearPotion"},{"floor":17,"key":"Fruit Juice"},{"floor":19,"key":"PowerPotion"},{"floor":25,"key":"Toxic Potion"}],"is_trial":false,"path_per_floor":["M","?","$","?","M","E","R","E","T","R","M","?","M","M","R","B",null,"M","M","?","T","?","R","M","M","T","R","?","M"],"character_chosen":"DEFECT","items_purchased":[],"campfire_rested":0,"item_purchase_floors":[],"current_hp_per_floor":[75,75,75,57,57,57,57,37,37,37,37,37,37,37,37,31,85,85,74,62,62,62,62,50,47,47,47,47,47,47],"gold":574,"neow_bonus":"THREE_ENEMY_KILL","is_daily":false,"chose_seed":false,"campfire_upgraded":5,"win_rate":0.0,"timestamp":1614383039,"path_taken":["M","?","$","?","?","E","R","E","T","R","?","?","M","M","R","BOSS","M","M","?","?","?","R","M","M","T","R","?","M"],"items_purchased_type":[],"build_version":"2020-12-22","purchased_purges":1,"victory":false,"max_hp_per_floor":[75,75,75,75,75,75,75,75,75,75,75,75,75,75,75,75,85,85,85,85,85,85,85,85,85,85,85,85,85,85],"card_choices":[{"not_picked":["ReplaySolidLightProjector","Redo"],"picked":"ReplayGash","floor":1},{"not_picked":["Conserve Battery","Capacitor"],"picked":"Skim","floor":5},{"not_picked":["Ball Lightning","Genetic Algorithm","ReplayTheSpireMod:System Scan"],"picked":"SKIP","floor":6},{"not_picked":["Leap","hubris:Prefetch"],"picked":"Sweeping Beam","floor":8},{"not_picked":["Streamline","ReplaySolidLightProjector","Cold Snap"],"picked":"SKIP","floor":11},{"not_picked":["Consume","Skim"],"picked":"Cold Snap","floor":13},{"not_picked":["Capacitor","Turbo"],"picked":"Defragment","floor":14},{"not_picked":["Panic Button","Glacier"],"picked":"Leap","floor":17},{"not_picked":["Barrage+1","BasicCrystalCard"],"picked":"Cold Snap+1","floor":18},{"not_picked":["Heatsinks+1","Consume"],"picked":"Gash","floor":19},{"not_picked":["Hyperbeam","ReplayTheSpireMod:Repulse"],"picked":"Redo+1","floor":24},{"not_picked":["Cold Snap+1","Leap","Steam"],"picked":"SKIP","floor":25}],"player_experience":776800,"relics_obtained":[{"floor":6,"key":"Tiny Chest"},{"floor":8,"key":"infinitespire:Satchel"},{"floor":9,"key":"infinitespire:Freezer"},{"floor":12,"key":"Oddly Smooth Stone"},{"floor":21,"key":"Emotion Chip"},{"floor":22,"key":"Ring of Greed"},{"floor":22,"key":"Replay:Bandana"},{"floor":22,"key":"hubris:MobiusCoin"}],"event_choices":[{"cards_removed":["Strike_B"],"damage_healed":0,"gold_gain":0,"player_choice":"Offered Basic","damage_taken":0,"max_hp_gain":0,"max_hp_loss":0,"event_name":"Bonfire Elementals","floor":2,"gold_loss":0},{"damage_healed":0,"gold_gain":0,"player_choice":"Success","damage_taken":18,"relics_obtained":["Gambling Chip"],"max_hp_gain":0,"max_hp_loss":0,"event_name":"Scrap Ooze","floor":4,"gold_loss":0}],"is_beta":false,"boss_relics":[{"not_picked":["aspiration:RunicSpoon","hubris:GrandSneckoEye"],"picked":"Tiny House"}],"items_purged_floors":[3],"is_endless":false,"potions_floor_spawned":[11,13,16,19,25],"killed_by":"Snake Plant","ascension_level":3}}