{"host":"4zd9qxtdu4r42b0n","time":1614367535,"event":{"mods":["100% Spire Juice","Act Like it!","BaseMod","Beaked The Cultist","Better Third Choice","BetterRewards","ChefMod","Colored Map","Dota2Spire","Elementarium","Hermit","Hubris","Infinite Spire","Jorbs\u0027s Wanderer Trilogy","Koishi","Marisa????????","Menagerie","Minty Spire (QoL Compilation)","Potionbrewer","Rare Cards Sparkle","Relic Stats","Reliquary","Replay The Spire","Robot Space Explorer","Ruina","Shade Mod","Shapeshifter Mod","Spicy Shops","Spire Arcade","StSLib","The Animator","The Caster","The Clintock","The Construct","The Cursed","The Dragon Tamer","The Dragonkin","The Fake Hero","The Gatherer","The Hayseed","The Jungle","The Marked","The Mystic","The Necromancer","The Runesmith","The Servant 0.9.4","The Spell Scribe","TheFirefly","Wandering Minibosses","thorton","??????REMEMod"],"gold_per_floor":[116,101,101,111,123,123,149,2,25,25,25],"floor_reached":10,"language":"ENG","playtime":639,"items_purged":[],"score":94,"play_id":"d7e73112-bfd6-4228-9f48-b194ae6c0d08","local_time":"20210226142535","is_ascension_mode":true,"campfire_choices":[{"floor":6,"key":"RECALL"}],"circlet_count":0,"master_deck":["Strike_R","Strike_R","Strike_R","Strike_R","Strike_R","Defend_R","Defend_R","Defend_R","Defend_R","Bash","TheCursedMod:Dregs","Body Slam","Inflame","REME_Scribble","Metallicize"],"relics":["Burning Blood","REME_ComplimentaryCards","ReplayTheSpireMod:CursedCoin","Shuriken","Mango","CaptainsWheel","Menagerie:ShiftingBlessing","ReplayTheSpireMod:Spearhead","Dota2Spire:Vanguard"],"acts_visited":["Menagerie:Menagerie"],"potions_floor_usage":[],"damage_taken":[{"damage":12,"enemies":"Menagerie:WhisperingWraith","floor":1,"turns":6},{"damage":0,"enemies":"Menagerie:StygianBoar","floor":4,"turns":4},{"damage":16,"enemies":"Menagerie:MonstrousExperiment","floor":5,"turns":7},{"damage":18,"enemies":"Menagerie:Hydra","floor":7,"turns":6},{"damage":38,"enemies":"Menagerie:MaskedSummoner","floor":10,"turns":15}],"seed_played":"6513299855947383699","potions_obtained":[{"floor":1,"key":"potionbrewer:InfectionPotion"}],"is_trial":false,"path_per_floor":["M","?","?","M","M","R","E","$","T","E"],"character_chosen":"IRONCLAD","items_purchased":["ReplayTheSpireMod:CursedCoin","Shuriken","Dota2Spire:Vanguard"],"campfire_rested":0,"item_purchase_floors":[0,0,8],"current_hp_per_floor":[52,52,43,49,41,41,31,31,31,0,0],"gold":25,"neow_bonus":"","is_daily":false,"chose_seed":false,"campfire_upgraded":0,"win_rate":0.0,"timestamp":1614367535,"path_taken":["M","?","?","M","M","R","E","$","T","E"],"items_purchased_type":["Relic","Relic","Relic"],"build_version":"2020-12-22","purchased_purges":0,"victory":false,"max_hp_per_floor":[94,94,94,94,96,96,98,98,98,100,100],"relic_stats":{"counters":[25,134],"Shuriken":[4],"obtain_stats":[{"ReplayFunnel":4,"hubris:CrystalStatue":9,"Menagerie:ShiftingBlessing":3,"Vampiric Spirits":3,"reliquary:Aerogel":10,"Mango":0,"Dota2Spire:Vanguard":8,"Dota2Spire:LotusOrb":17,"Frozen Eye":18,"reliquary:HotPoker":17,"Dota2Spire:AssaultCuirass":17,"Replay:Wax Seal":6,"Ring of the Snake":0,"Dota2Spire:MantaStyle":6,"ReplayTheSpireMod:CursedCoin":0,"hubris:HollowSoul":17,"Replay:Ancient Bell":17,"CaptainsWheel":0,"ReplayTheSpireMod:Spearhead":7,"Shuriken":0,"potionbrewer:ElricsMonocle":0,"Snack Pack":14,"Membership Card":7,"ReplayTheSpireMod:Lightbulb":8,"REME_ComplimentaryCards":0},{"ReplayFunnel":2,"hubris:CrystalStatue":3,"Menagerie:ShiftingBlessing":21,"Vampiric Spirits":2,"reliquary:Aerogel":14,"Mango":20,"Dota2Spire:Vanguard":24,"Dota2Spire:LotusOrb":6,"Frozen Eye":16,"reliquary:HotPoker":6,"Dota2Spire:AssaultCuirass":6,"Replay:Wax Seal":11,"Ring of the Snake":0,"Dota2Spire:MantaStyle":3,"ReplayTheSpireMod:CursedCoin":20,"hubris:HollowSoul":16,"Replay:Ancient Bell":6,"CaptainsWheel":20,"ReplayTheSpireMod:Spearhead":24,"Shuriken":20,"potionbrewer:ElricsMonocle":6,"Snack Pack":5,"Membership Card":3,"ReplayTheSpireMod:Lightbulb":13,"REME_ComplimentaryCards":0},{"ReplayFunnel":3,"hubris:CrystalStatue":5,"Menagerie:ShiftingBlessing":102,"Vampiric Spirits":3,"reliquary:Aerogel":59,"Mango":96,"Dota2Spire:Vanguard":119,"Dota2Spire:LotusOrb":18,"Frozen Eye":72,"reliquary:HotPoker":18,"Dota2Spire:AssaultCuirass":18,"Replay:Wax Seal":41,"Ring of the Snake":0,"Dota2Spire:MantaStyle":5,"ReplayTheSpireMod:CursedCoin":96,"hubris:HollowSoul":72,"Replay:Ancient Bell":18,"CaptainsWheel":96,"ReplayTheSpireMod:Spearhead":119,"Shuriken":96,"potionbrewer:ElricsMonocle":18,"Snack Pack":7,"Membership Card":5,"ReplayTheSpireMod:Lightbulb":52,"REME_ComplimentaryCards":0}],"Burning Blood":24},"card_choices":[{"not_picked":["Sword Boomerang","ReplayTheSpireMod:Strike From Hell"],"picked":"Inflame","floor":1},{"not_picked":["Cleave","ReplayTheSpireMod:Strike From Hell"],"picked":"REME_Scribble","floor":4},{"not_picked":["Bloodletting","Sword Boomerang"],"picked":"Metallicize","floor":5},{"not_picked":["Perfected Strike","Bludgeon","Flex"],"picked":"SKIP","floor":7}],"player_experience":1246696,"relics_obtained":[{"floor":7,"key":"ReplayTheSpireMod:Spearhead"}],"event_choices":[{"damage_healed":0,"gold_gain":0,"player_choice":"Avoid the battle","damage_taken":0,"max_hp_gain":0,"max_hp_loss":0,"event_name":"Menagerie:MageAndMonster","floor":2,"gold_loss":15},{"damage_healed":0,"gold_gain":0,"player_choice":"Touch","damage_taken":9,"relics_obtained":["Menagerie:ShiftingBlessing"],"max_hp_gain":0,"max_hp_loss":0,"event_name":"Menagerie:LunarGift","floor":3,"gold_loss":0}],"is_beta":false,"boss_relics":[],"items_purged_floors":[],"is_endless":false,"potions_floor_spawned":[1],"killed_by":"Menagerie:MaskedSummoner","ascension_level":1}}