{"host":"m3c0hcu68vg5djud","time":1614363308,"event":{"mods":["AchievementEnabler","BaseMod","Colored Map","Colored Powertips","Minty Spire (QoL Compilation)","Quick Restart","Relic Stats","StSLib","The Bug Knight","The Cursed","The Servant 0.9.4"],"gold_per_floor":[99,99,177,196,161,161,185,185,185,201,201,235,14,52,52,173,173,196,19,19,33,51,51,65,65,65,65,103,103,116,131,131,131,131],"floor_reached":33,"language":"ENG","playtime":7120,"items_purged":[],"score":275,"play_id":"2ba78082-01e4-417b-9996-f193956092c6","local_time":"20210226121508","is_ascension_mode":false,"campfire_choices":[{"data":"Dualcast","floor":6,"key":"SMITH"},{"floor":15,"key":"REST"},{"floor":23,"key":"REST"},{"floor":25,"key":"REST"},{"floor":29,"key":"REST"},{"floor":32,"key":"REST"}],"circlet_count":0,"master_deck":["Strike_B","Strike_B","Strike_B","Strike_B","Defend_B","Defend_B","Defend_B","Defend_B","Zap","Dualcast+1","Melter","White Noise","Darkness","Auto Shields","Multi-Cast","Rip and Tear+1","Sweeping Beam+1","Steam+1","Rip and Tear+1","Ball Lightning","Leap","Redo+1","Barrage+1","PanicButton","Zap","Double Energy+1","Streamline+1","Darkness"],"relics":["Cracked Core","Golden Idol","Mummified Hand","PreservedInsect","Meat on the Bone","Sling","Regal Pillow","Astrolabe","Vajra","Nilry\u0027s Codex","Gremlin Horn","HornCleat"],"acts_visited":["Exordium","TheCity"],"potions_floor_usage":[16,33],"damage_taken":[{"damage":0,"enemies":"2 Louse","floor":1,"turns":2},{"damage":13,"enemies":"Jaw Worm","floor":4,"turns":3},{"damage":2,"enemies":"Small Slimes","floor":7,"turns":3},{"damage":9,"enemies":"Blue Slaver","floor":10,"turns":4},{"damage":13,"enemies":"Gremlin Nob","floor":12,"turns":3},{"damage":16,"enemies":"Lagavulin","floor":14,"turns":5},{"damage":39,"enemies":"The Guardian","floor":16,"turns":13},{"damage":25,"enemies":"2 Thieves","floor":18,"turns":4},{"damage":14,"enemies":"Shell Parasite","floor":21,"turns":4},{"damage":10,"enemies":"Snake Plant","floor":22,"turns":4},{"damage":32,"enemies":"Centurion and Healer","floor":24,"turns":6},{"damage":34,"enemies":"Book of Stabbing","floor":28,"turns":4},{"damage":37,"enemies":"Chosen and Byrds","floor":30,"turns":5},{"damage":4,"enemies":"3 Cultists","floor":31,"turns":5},{"damage":82,"enemies":"Automaton","floor":33,"turns":10}],"seed_played":"3776533444600339636","potions_obtained":[{"floor":7,"key":"SteroidPotion"},{"floor":12,"key":"Block Potion"},{"floor":16,"key":"Swift Potion"},{"floor":18,"key":"BlessingOfTheForge"}],"is_trial":false,"path_per_floor":["M","?","T","M","?","R","M","?","T","M","?","E","$","E","R","B",null,"M","$","?","M","M","R","M","R","T","?","E","R","M","M","R","B"],"character_chosen":"DEFECT","items_purchased":["Beam Cell","Sling","Ball Lightning","Ball Lightning","Vajra"],"campfire_rested":5,"item_purchase_floors":[13,13,13,19,19],"current_hp_per_floor":[82,76,76,63,76,76,74,79,79,70,70,57,57,41,80,41,81,56,56,40,38,40,79,47,81,81,81,47,81,44,52,81,0,0],"gold":131,"neow_bonus":"TEN_PERCENT_HP_BONUS","is_daily":false,"chose_seed":false,"campfire_upgraded":1,"win_rate":0.0,"timestamp":1614363308,"path_taken":["M","?","?","M","?","R","M","?","T","?","?","E","?","E","R","BOSS","M","$","?","M","M","R","M","R","T","?","E","R","?","M","R","BOSS"],"items_purchased_type":["Card","Relic","Card","Card","Relic"],"build_version":"2020-12-22","purchased_purges":0,"victory":false,"max_hp_per_floor":[82,76,76,76,76,76,76,81,81,81,81,81,81,81,81,81,81,81,81,81,81,81,81,81,81,81,81,81,81,81,81,81,81,81],"relic_stats":{"Regal Pillow":55,"Gremlin Horn":[5,5],"counters":[15,75],"Golden Idol":80,"Mummified Hand":[17],"Astrolabe":["Rip and Tear","Sweeping Beam","Steam"],"PreservedInsect":90,"obtain_stats":[{"Regal Pillow":14,"HornCleat":28,"Gremlin Horn":26,"Golden Idol":2,"Mummified Hand":3,"Nilry\u0027s Codex":20,"Astrolabe":17,"Vajra":19,"PreservedInsect":9,"Cracked Core":0,"Sling":13,"Meat on the Bone":12},{"Regal Pillow":6,"HornCleat":12,"Gremlin Horn":11,"Golden Idol":1,"Mummified Hand":1,"Nilry\u0027s Codex":8,"Astrolabe":7,"Vajra":8,"PreservedInsect":3,"Cracked Core":0,"Sling":5,"Meat on the Bone":5},{"Regal Pillow":20,"HornCleat":55,"Gremlin Horn":51,"Golden Idol":2,"Mummified Hand":2,"Nilry\u0027s Codex":37,"Astrolabe":33,"Vajra":37,"PreservedInsect":8,"Cracked Core":0,"Sling":15,"Meat on the Bone":15}],"Meat on the Bone":36},"card_choices":[{"not_picked":["Steam","Aggregate","Cold Snap"],"picked":"SKIP","floor":1},{"not_picked":["Cold Snap","Hologram"],"picked":"Melter","floor":4},{"not_picked":["Auto Shields","Streamline"],"picked":"Amplify","floor":7},{"not_picked":["Go for the Eyes","Darkness"],"picked":"White Noise","floor":10},{"not_picked":["Leap","Stack"],"picked":"Darkness","floor":12},{"not_picked":["Steam","Go for the Eyes"],"picked":"Auto Shields","floor":14},{"not_picked":["Electrodynamics","Seek"],"picked":"Multi-Cast","floor":16},{"not_picked":["Sweeping Beam","Steam+1"],"picked":"Rip and Tear+1","floor":18},{"not_picked":["Gash","Go for the Eyes"],"picked":"Leap","floor":21},{"not_picked":["Leap","Hologram"],"picked":"Redo+1","floor":22},{"not_picked":["Static Discharge","Steam"],"picked":"Barrage+1","floor":24},{"not_picked":["Reinforced Body","All For One"],"picked":"Double Energy+1","floor":28},{"not_picked":["Compile Driver","Barrage"],"picked":"Streamline+1","floor":30},{"not_picked":["Loop","Storm"],"picked":"Darkness","floor":31}],"player_experience":8712,"relics_obtained":[{"floor":3,"key":"Mummified Hand"},{"floor":9,"key":"PreservedInsect"},{"floor":12,"key":"Meat on the Bone"},{"floor":14,"key":"Regal Pillow"},{"floor":20,"key":"Nilry\u0027s Codex"},{"floor":26,"key":"Gremlin Horn"},{"floor":28,"key":"HornCleat"}],"event_choices":[{"damage_healed":0,"gold_gain":0,"player_choice":"Lose Max HP","damage_taken":0,"relics_obtained":["Golden Idol"],"max_hp_gain":0,"max_hp_loss":6,"event_name":"Golden Idol","floor":2,"gold_loss":0},{"damage_healed":19,"gold_gain":0,"player_choice":"Healed","damage_taken":0,"max_hp_gain":0,"max_hp_loss":0,"event_name":"The Cleric","floor":5,"gold_loss":35},{"damage_healed":0,"gold_gain":0,"player_choice":"Donut","damage_taken":0,"max_hp_gain":5,"max_hp_loss":0,"event_name":"Big Fish","floor":8,"gold_loss":0},{"damage_healed":0,"gold_gain":0,"player_choice":"Ignored","damage_taken":0,"max_hp_gain":0,"max_hp_loss":0,"event_name":"Liars Game","floor":11,"gold_loss":0},{"damage_healed":0,"gold_gain":0,"player_choice":"Obtained Book","damage_taken":16,"max_hp_gain":0,"max_hp_loss":0,"event_name":"Cursed Tome","floor":20,"gold_loss":0},{"damage_healed":0,"gold_gain":0,"player_choice":"2 cards matched","damage_taken":0,"max_hp_gain":0,"max_hp_loss":0,"event_name":"Match and Keep!","floor":27,"gold_loss":0,"cards_obtained":["PanicButton","Zap"]}],"is_beta":false,"boss_relics":[{"not_picked":["Sozu","Snecko Eye"],"picked":"Astrolabe"}],"items_purged_floors":[],"is_endless":false,"potions_floor_spawned":[7,12,16,18,22,28,31],"killed_by":"Automaton","ascension_level":0}}