{"host":"23gyny81b1bad9en","time":1614338194,"event":{"mods":["BaseMod","Marisa£®ÏF”Í°°ƒß¿Ì…≥£©","Minty Spire (QoL Compilation)","StSLib","[IsaacMod]“‘»ˆº‚À˛"],"gold_per_floor":[110,127,127,144,156,156,191,203,203,203,217,237,256,129,129,233,233,266,266,266,266],"floor_reached":20,"language":"ZHS","playtime":1335,"items_purged":["Strike_G"],"score":258,"play_id":"4f4923c6-8742-4343-85a6-e5ead310e303","local_time":"20210226191634","is_ascension_mode":true,"campfire_choices":[{"data":"DoctorFetus","floor":6,"key":"SMITH"},{"floor":10,"key":"REST"},{"floor":15,"key":"REST"}],"circlet_count":0,"master_deck":["Strike_G","Strike_G","Strike_G","Strike_G","Defend_G","Defend_G","Defend_G","Defend_G","Defend_G","Survivor","Neutralize","DoctorFetus+1","Poisoned Stab","Noxious Fumes","Deadly Poison","Sucker Punch","All Out Attack","Bane","Adrenaline","Deadly Poison","Deflect","Poisoned Stab","Poisoned Stab"],"relics":["Ring of the Snake","HushsDoor","KeepersGift","NeowsBlessing","BloodDonationMachine","Letter Opener"],"acts_visited":["Exordium","TheCity"],"potions_floor_usage":[5,18,18,20,20],"damage_taken":[{"damage":0,"enemies":"2 Louse","floor":1,"turns":1},{"damage":0,"enemies":"Small Slimes","floor":2,"turns":1},{"damage":0,"enemies":"Cultist","floor":4,"turns":1},{"damage":7,"enemies":"Exordium Thugs","floor":5,"turns":6},{"damage":22,"enemies":"Gremlin Nob","floor":7,"turns":4},{"damage":3,"enemies":"Blue Slaver","floor":8,"turns":4},{"damage":0,"enemies":"Large Slime","floor":11,"turns":4},{"damage":10,"enemies":"Red Slaver","floor":12,"turns":3},{"damage":3,"enemies":"3 Louse","floor":13,"turns":3},{"damage":28,"enemies":"Slime Boss","floor":16,"turns":7},{"damage":19,"enemies":"Spheric Guardian","floor":18,"turns":4},{"damage":41,"enemies":"Masked Bandits","floor":20,"turns":3}],"seed_played":"-1413095565814369214","potions_obtained":[{"floor":4,"key":"DuplicationPotion"},{"floor":8,"key":"Ancient Potion"},{"floor":12,"key":"Fire Potion"},{"floor":13,"key":"FearPotion"},{"floor":18,"key":"BlessingOfTheForge"}],"is_trial":false,"path_per_floor":["M","M","?","M","M","R","E","M","T","R","M","M","M","$","R","B",null,"M","?","?"],"character_chosen":"THE_SILENT","items_purchased":["Poisoned Stab"],"campfire_rested":2,"item_purchase_floors":[14],"current_hp_per_floor":[63,63,63,63,56,56,34,31,31,52,52,42,39,39,60,32,61,40,40,0,0],"gold":266,"neow_bonus":"THREE_ENEMY_KILL","is_daily":false,"chose_seed":false,"campfire_upgraded":1,"win_rate":0.0,"timestamp":1614338194,"path_taken":["M","M","?","?","M","R","E","M","T","R","M","M","M","$","R","BOSS","M","?","?"],"items_purchased_type":["Card"],"build_version":"2020-12-22","purchased_purges":1,"victory":false,"max_hp_per_floor":[70,70,70,70,70,70,70,70,70,70,70,70,70,70,70,70,70,70,70,70,70],"card_choices":[{"not_picked":[],"picked":"DoctorFetus","floor":0},{"not_picked":["Concentrate","Flying Knee"],"picked":"Poisoned Stab","floor":1},{"not_picked":["Masterful Stab","Cloak And Dagger"],"picked":"Noxious Fumes","floor":2},{"not_picked":["Dagger Spray","Choke"],"picked":"Deadly Poison","floor":4},{"not_picked":["Dagger Spray","Distraction"],"picked":"Sucker Punch","floor":5},{"not_picked":["Infinite Blades","Slice"],"picked":"All Out Attack","floor":7},{"not_picked":["Footwork","Quick Slash"],"picked":"Bane","floor":8},{"not_picked":["Dagger Throw","Slice"],"picked":"Adrenaline","floor":11},{"not_picked":["Dagger Spray","Quick Slash"],"picked":"Deadly Poison","floor":12},{"not_picked":["Eviscerate","Blade Dance"],"picked":"Deflect","floor":13},{"not_picked":["Finisher","Cloak And Dagger"],"picked":"Poisoned Stab","floor":18}],"player_experience":1440459,"relics_obtained":[{"floor":7,"key":"BloodDonationMachine"},{"floor":9,"key":"Letter Opener"}],"event_choices":[{"damage_healed":0,"gold_gain":0,"player_choice":"Ignored","damage_taken":0,"max_hp_gain":0,"max_hp_loss":0,"event_name":"Liars Game","floor":3,"gold_loss":0},{"damage_healed":0,"gold_gain":0,"player_choice":"Ignored","damage_taken":0,"max_hp_gain":0,"max_hp_loss":0,"event_name":"Ghosts","floor":19,"gold_loss":0},{"damage_healed":0,"gold_gain":0,"player_choice":"Fought Bandits","damage_taken":0,"max_hp_gain":0,"max_hp_loss":0,"event_name":"Masked Bandits","floor":20,"gold_loss":0}],"is_beta":false,"boss_relics":[{"not_picked":["Busted Crown","Ectoplasm","HoveringKite"]}],"items_purged_floors":[14],"is_endless":false,"potions_floor_spawned":[4,8,12,13,16,18],"killed_by":"Masked Bandits","ascension_level":9}}