{"host":"sz4vhr3g5wh6zlgr","time":1614369460,"event":{"mods":["2.2 Compatiblity","AchievementEnabler","AlwaysNeverKeys","Ascension Reborn","Bartender","BaseMod","Better Note","BetterRewards","Clawfect","Colored Map","Colored Powertips","Dota2Spire","Faster Ascension Climbing","Highlight Path","Minty Spire (QoL Compilation)","Permanent Neow","Rare Cards Sparkle","Replay The Spire","Shop Mod","StSLib","SuperFastMode","Transform Curses","Uncapped","Unceasing Turn Reminder","[IsaacMod]????"],"gold_per_floor":[241,241,241,265,13,53,77,77,77,108,108,146,163,176,176,309,309,331,357,369,477,501,542,586,633,633,644,685,685,715,1056,1056,1181,1181,1216,1241,813,840,883,916,946,557,557,592,644,715,373,421,421,421,421,421,421,468,468],"floor_reached":56,"language":"ENG","playtime":3053,"items_purged":["Regret"],"score":1765,"play_id":"1719fb17-cc09-4cf3-947a-872f2ba2ba9d","local_time":"20210226162740","is_ascension_mode":true,"campfire_choices":[{"data":"Panache","floor":8,"key":"SMITH"},{"floor":15,"key":"DIG"},{"data":"Echo Form","floor":32,"key":"SMITH"},{"floor":49,"key":"DIG"},{"data":"Echo Form","floor":52,"key":"SMITH"}],"circlet_count":0,"master_deck":["Gash+1","Gash+1","Gash+1","Gash+1","Gash+1","Defend_B+1","Defend_B+1","Defend_B+1","Defend_B+1","Defend_B+1","Clawfect:ClawCell+1","Leap+1","Panache+1","Clawfect:Clawline+1","BasicCrystalCard+1","Leap+1","Clawfect:ClawSnap+1","Steam+1","Loop+1","ReplaySort","Hologram","Echo Form+1","Clawfect:Clawrage+1","Clawfect:ClawSnap+1","Force Field+1","Good Instincts","Capacitor+1","Clawfect:ClawForTheEyes","Discovery","Clawfect:ClawForTheEyes","Clawfect:ClawForTheEyes","Clawfect:ClawAndTear","Steam","EpicFetus+1","Chill","Coolheaded+1","Echo Form+1","Coolheaded+1","BasicCrystalCard+1","Clawfect:ClawCell","Clawfect:Clawline","ReplayTheSpireMod:Brewmster","Flash of Steel","Panache","Good Instincts","Defragment+1","White Noise","Clawfect:ClawForTheEyes+1","Capacitor","Clawfect:ClawSnap","Stack","Leap+1","Clawfect:Clawrage+1","FTL+1","Defragment","Echo Form"],"relics":["HushsDoor","Replay:Wanted Poster","DeadEye","Dota2Spire:EchoSabre","Dota2Spire:DrumOfEndurance","BFFS","TheBean","PunchingBag","Dota2Spire:MagicBottle","Pen Nib","Emotion Chip","Dota2Spire:Butterfly","Silver_Glasses","GuppysHead","Happy Flower","BargainBundle","Geode","CeramicFish","SharpPlug","SatanicBible","BookOfRevelations","Dota2Spire:PhaseBoots","Ginger","Dota2Spire:RefresherOrb","GuppysTail","Dream Catcher","ReplayTheSpireMod:ShopPack","BloodDonationMachine","CaptainsWheel","Boot","DataDisk","Pear","Smiling Mask","Bottled Flame","Dota2Spire:ShadowBlade","Dota2Spire:CrimsonGuard","Bag of Marbles","Runic Capacitor","Prayer Wheel","YumHeart","ReplayTheSpireMod:Lightbulb","Snack Pack"],"acts_visited":["Exordium","TheCity","TheBeyond","TheEnding"],"potions_floor_usage":[55,55,55,55,55,55,55,55,55,55],"damage_taken":[{"damage":0,"enemies":"Small Slimes","floor":1,"turns":3},{"damage":0,"enemies":"Jaw Worm","floor":4,"turns":2},{"damage":4,"enemies":"3 Sentries","floor":6,"turns":5},{"damage":0,"enemies":"2 Louse","floor":7,"turns":2},{"damage":0,"enemies":"Lagavulin","floor":10,"turns":3},{"damage":0,"enemies":"3 Sentries","floor":12,"turns":5},{"damage":0,"enemies":"Looter","floor":13,"turns":2},{"damage":0,"enemies":"Exordium Wildlife","floor":14,"turns":3},{"damage":0,"enemies":"Fading Forest","floor":16,"turns":9},{"damage":0,"enemies":"Spheric Guardian","floor":18,"turns":3},{"damage":0,"enemies":"2 Thieves","floor":19,"turns":3},{"damage":4,"enemies":"Chosen and Byrds","floor":20,"turns":3},{"damage":0,"enemies":"Centurion and Healer","floor":22,"turns":3},{"damage":0,"enemies":"Gremlin Leader","floor":23,"turns":4},{"damage":0,"enemies":"Slavers","floor":25,"turns":3},{"damage":0,"enemies":"Book of Stabbing","floor":28,"turns":3},{"damage":1,"enemies":"Snake Plant","floor":30,"turns":3},{"damage":1,"enemies":"Champ","floor":33,"turns":5},{"damage":1,"enemies":"3 Darklings","floor":35,"turns":2},{"damage":0,"enemies":"Orb Walker","floor":36,"turns":2},{"damage":0,"enemies":"Sphere and 2 Shapes","floor":38,"turns":2},{"damage":1,"enemies":"Jaw Worm Horde","floor":40,"turns":2},{"damage":0,"enemies":"Giant Head","floor":41,"turns":2},{"damage":0,"enemies":"Spire Growth","floor":44,"turns":3},{"damage":0,"enemies":"R_Hoarder","floor":45,"turns":5},{"damage":0,"enemies":"Hiden Room Battle","floor":46,"turns":2},{"damage":0,"enemies":"Giant Head","floor":48,"turns":4},{"damage":0,"enemies":"Donu and Deca","floor":50,"turns":3},{"damage":0,"enemies":"Shield and Spear","floor":54,"turns":2},{"damage":0,"enemies":"Delirium","floor":55,"turns":12}],"seed_played":"3843857104291919498","potions_obtained":[{"floor":1,"key":"Adrenaline Potion"},{"floor":4,"key":"Strength Potion"},{"floor":6,"key":"Toxic Potion"},{"floor":20,"key":"FocusPotion"},{"floor":30,"key":"FocusPotion"}],"is_trial":false,"path_per_floor":["M","?","?","M","$","E","M","R","T","E","?","E","M","M","R_BF","B",null,"M","M","M","?","M","E","$","E","T","?","E","?","M","?","R","B",null,"M","M","$","M","?","M","E","$","T","M","E","?","$","E","R_BF","B",null,"R","$","E","B",null],"character_chosen":"DEFECT","items_purchased":["Panache","Dota2Spire:EchoSabre","GuppysHead","BargainBundle","Geode","CeramicFish","Discovery","Clawfect:ClawForTheEyes","Clawfect:ClawAndTear","GuppysTail","ReplayTheSpireMod:ShopPack","BloodDonationMachine","Clawfect:ClawCell","Clawfect:Clawline","Good Instincts","DataDisk","Pear","Capacitor","Clawfect:ClawSnap","Stack","Runic Capacitor","Prayer Wheel"],"campfire_rested":0,"item_purchase_floors":[5,5,17,24,24,24,24,24,24,34,37,37,37,37,37,42,42,42,42,42,47,47],"current_hp_per_floor":[79,79,79,79,79,75,75,75,75,75,75,75,75,75,75,81,73,73,73,69,51,51,51,51,51,51,51,51,40,39,39,39,44,72,71,71,71,71,43,42,42,56,56,56,56,56,56,56,56,62,86,86,86,86,90],"gold":468,"neow_bonus":"BOSS_RELIC","is_daily":false,"chose_seed":false,"campfire_upgraded":3,"win_rate":0.0,"timestamp":1614369460,"path_taken":["M","?","?","M","?","E","?","R","T","E","?","E","?","M","R_BF","BOSS","M","M","M","?","?","E","?","E","T","?","E","?","M","?","R","BOSS","M","M","$","M","?","M","E","$","T","M","E","?","?","E","R_BF","BOSS","R","$","E","BOSS"],"items_purchased_type":["Card","Relic","Relic","Relic","Relic","Relic","Card","Card","Card","Relic","Relic","Relic","Card","Card","Card","Relic","Relic","Card","Card","Card","Relic","Relic"],"build_version":"2020-12-22","purchased_purges":1,"victory":true,"max_hp_per_floor":[79,79,79,79,79,79,79,79,79,79,79,79,79,79,79,83,73,73,73,73,73,73,73,73,73,73,73,73,78,78,78,78,82,72,72,72,72,72,72,72,72,82,82,82,82,82,82,82,82,86,86,86,86,86,90],"card_choices":[{"not_picked":["Leap","Gash+1"],"picked":"Clawfect:ClawCell+1","floor":1},{"not_picked":["Clawfect:ClawLightning","Clawfect:Clawter"],"picked":"Leap","floor":4},{"not_picked":["Distribution","Gash"],"picked":"Clawfect:Clawline+1","floor":6},{"not_picked":["Leap","Double Energy+1"],"picked":"BasicCrystalCard+1","floor":6},{"not_picked":["ReplayTheSpireMod:Repulse+1","Turbo+1","Clawfect:ScrapingClaw"],"picked":"SKIP","floor":7},{"not_picked":["Thunder Strike","Fission"],"picked":"Leap+1","floor":10},{"not_picked":["Chaos+1","BasicCrystalCard"],"picked":"Clawfect:ClawSnap+1","floor":10},{"not_picked":["Clawfect:Clawline+1","Turbo"],"picked":"Steam+1","floor":12},{"not_picked":["Coolheaded","Clawfect:ClawpileDriver+1"],"picked":"Loop+1","floor":12},{"not_picked":["Double Energy","Clawfect:ClawLightning"],"picked":"ReplaySort","floor":13},{"not_picked":["Loop+1","Bomb"],"picked":"Hologram","floor":14},{"not_picked":["Amplify","Creative AI"],"picked":"Echo Form","floor":16},{"not_picked":["Reinforced Body","Stack"],"picked":"Clawfect:Clawrage+1","floor":18},{"not_picked":["Coolheaded","Conserve Battery"],"picked":"Clawfect:ClawSnap+1","floor":19},{"not_picked":["ReplayTheSpireMod:System Scan+1","ReplayTheSpireMod:Reroute Power+1"],"picked":"Force Field+1","floor":20},{"not_picked":["Leap+1","Clawfect:ClawingBeam"],"picked":"Capacitor+1","floor":22},{"not_picked":["BasicCrystalCard","ReplayRNGCard"],"picked":"Clawfect:ClawForTheEyes","floor":23},{"not_picked":["Sunder+1","Lockon+1"],"picked":"Steam","floor":25},{"not_picked":["Creative AI","Crystallizer"],"picked":"Chill","floor":28},{"not_picked":["Leap+1","Clawfect:ClawLightning"],"picked":"Coolheaded+1","floor":30},{"not_picked":["ElectricPowerLearning","Thunder Strike"],"picked":"Echo Form","floor":33},{"not_picked":["Steam+1","Distribution+1"],"picked":"Coolheaded+1","floor":35},{"not_picked":["Rebound+1","Undo+1"],"picked":"BasicCrystalCard+1","floor":36},{"not_picked":["Secret Technique","ReplayTheSpireMod:Necrogeddon"],"picked":"ReplayTheSpireMod:Brewmster","floor":37},{"not_picked":["Replay:Parry","ReplayTheSpireMod:Trickstab"],"picked":"Flash of Steel","floor":37},{"not_picked":["Replay:BasicMightCard","Jack Of All Trades"],"picked":"Panache","floor":37},{"not_picked":["Clawfect:ScrapingClaw+1","ReplayTheSpireMod:Repulse+1"],"picked":"Defragment+1","floor":38},{"not_picked":["Hello World+1","Glacier+1"],"picked":"White Noise","floor":39},{"not_picked":["Clawfect:Clawter+1","ReplayTheSpireMod:System Scan+1"],"picked":"Clawfect:ClawForTheEyes+1","floor":40},{"not_picked":["Panic Button","Fission","Amplify"],"picked":"SKIP","floor":41},{"not_picked":["Consume+1","Static Discharge"],"picked":"Leap+1","floor":44},{"not_picked":["Redo+1","Sunder"],"picked":"Clawfect:Clawrage+1","floor":45},{"not_picked":["Rebound+1","Clawfect:ClawpileDriver+1"],"picked":"FTL+1","floor":46},{"not_picked":["Fan+1","Undo"],"picked":"Defragment","floor":48},{"not_picked":["Conserve Battery+1","Stack"],"picked":"Echo Form","floor":54}],"player_experience":1404662,"relics_obtained":[{"floor":6,"key":"Dota2Spire:DrumOfEndurance"},{"floor":7,"key":"BFFS"},{"floor":9,"key":"TheBean"},{"floor":9,"key":"PunchingBag"},{"floor":10,"key":"Dota2Spire:MagicBottle"},{"floor":12,"key":"Pen Nib"},{"floor":15,"key":"Emotion Chip"},{"floor":16,"key":"Dota2Spire:Butterfly"},{"floor":23,"key":"Happy Flower"},{"floor":25,"key":"SharpPlug"},{"floor":26,"key":"SatanicBible"},{"floor":26,"key":"BookOfRevelations"},{"floor":28,"key":"Dota2Spire:PhaseBoots"},{"floor":33,"key":"Ginger"},{"floor":36,"key":"Dream Catcher"},{"floor":39,"key":"CaptainsWheel"},{"floor":41,"key":"Boot"},{"floor":43,"key":"Smiling Mask"},{"floor":43,"key":"Bottled Flame"},{"floor":45,"key":"Dota2Spire:ShadowBlade"},{"floor":46,"key":"Dota2Spire:CrimsonGuard"},{"floor":46,"key":"Bag of Marbles"},{"floor":48,"key":"YumHeart"},{"floor":49,"key":"ReplayTheSpireMod:Lightbulb"},{"floor":54,"key":"Snack Pack"}],"event_choices":[{"damage_healed":0,"gold_gain":0,"player_choice":"Ignored","damage_taken":0,"max_hp_gain":0,"max_hp_loss":0,"event_name":"Shining Light","floor":2,"gold_loss":0},{"damage_healed":0,"gold_gain":0,"player_choice":"Leave","damage_taken":0,"max_hp_gain":0,"max_hp_loss":0,"event_name":"The Cleric","floor":3,"gold_loss":0},{"damage_healed":0,"gold_gain":0,"player_choice":"Grow","damage_taken":0,"max_hp_gain":0,"max_hp_loss":0,"event_name":"Living Wall","floor":11,"gold_loss":0,"cards_upgraded":["Leap"]},{"damage_healed":0,"gold_gain":90,"player_choice":"GOLD CARD ","damage_taken":18,"max_hp_gain":0,"max_hp_loss":0,"event_name":"Knowing Skull","floor":21,"potions_obtained":[],"gold_loss":0,"cards_obtained":["Good Instincts"]},{"cards_removed":["EpicFetus"],"damage_healed":0,"gold_gain":0,"player_choice":"Take \u0026 Give","damage_taken":0,"max_hp_gain":0,"max_hp_loss":0,"event_name":"betterNote:BetterNote","floor":27,"gold_loss":0,"cards_obtained":["EpicFetus"]},{"damage_healed":0,"gold_gain":0,"player_choice":"Shed Blood","damage_taken":18,"max_hp_gain":5,"max_hp_loss":0,"event_name":"Forgotten Altar","floor":29,"gold_loss":0},{"damage_healed":0,"gold_gain":275,"player_choice":"Desecrate","damage_taken":0,"max_hp_gain":0,"max_hp_loss":0,"event_name":"Golden Shrine","floor":31,"gold_loss":0,"cards_obtained":["Regret"]},{"damage_healed":0,"gold_gain":0,"player_choice":"Fight","damage_taken":0,"max_hp_gain":0,"max_hp_loss":0,"event_name":"HidenRoomEvent","floor":46,"gold_loss":0}],"is_beta":false,"boss_relics":[{"not_picked":["Snecko Eye","Philosopher\u0027s Stone"],"picked":"Silver_Glasses"},{"not_picked":[]},{"not_picked":["Tiny House","Replay:Bronze Core"],"picked":"Dota2Spire:RefresherOrb"},{"not_picked":[]}],"items_purged_floors":[37],"is_endless":false,"potions_floor_spawned":[4,6,12,20,22,30,33,38,41,45,46,54],"ascension_level":0}}