{"host":"9jojwlkiolcvds8e","time":1614351212,"event":{"mods":["ATMod(°¢èªMod)","Act Like it!","BaseMod","Better Vampires","Colored Powertips","Gensokyo","Hallownest","Jedi Mod","Lobotomy","Minty Spire (QoL Compilation)","MostiFishMod","Pale of the Ancients","Prisma Mod","Quick Restart","Replay The Spire","Shop Mod","StSLib","TestMod","Waifu the Spire","WarShipGirlsR/Õ½½¢ÉÙÅ®R mod","Yakumo Yukari mod","Youmu£¨»êÆÇÑýÃÎ£©","¡¾ÒÅÎï¿¨ÅÆ¡¿REMEMod","óô»ðÖ¸ÄÏ"],"gold_per_floor":[116,133,133,157,169,198,198],"floor_reached":6,"language":"ZHS","playtime":482,"items_purged":[],"score":55,"play_id":"2dddb1af-5964-4131-b52d-c0dee56a4d4f","local_time":"20210226225332","is_ascension_mode":true,"campfire_choices":[],"circlet_count":0,"master_deck":["Strike_B","Strike_B","Strike_B","Strike_B","Defend_B","Defend_B","Defend_B","Defend_B","Zap","Dualcast","testmod-ShutDown","AT_ThreeBodyProblem","Cold Snap","Coolheaded","Redo","Pain","Reinforced Body","MostiFishMod:GatherIntelligence"],"relics":["Cracked Core","testmod-TestBox","DaveBox","AT_ATBox","REME_ComplimentaryCards","JellyFishMachine","testmod-CardMagician","SynthV:TestCard","Gensokyo:LunaticRedEyes","Gambling Chip","Mummified Hand"],"acts_visited":["Gensokyo:Gensokyo"],"potions_floor_usage":[],"damage_taken":[{"damage":9,"enemies":"Gensokyo:3_Fairies","floor":1,"turns":4},{"damage":3,"enemies":"Gensokyo:Python","floor":2,"turns":3},{"damage":5,"enemies":"Gensokyo:2_Kodama","floor":5,"turns":3},{"damage":29,"enemies":"Gensokyo:Aya","floor":6,"turns":5}],"seed_played":"-3131734030534793531","potions_obtained":[{"floor":1,"key":"PowerPotion"},{"floor":6,"key":"SteroidPotion"}],"is_trial":false,"path_per_floor":["M","M","?","?","M","E"],"character_chosen":"DEFECT","items_purchased":[],"campfire_rested":0,"item_purchase_floors":[],"current_hp_per_floor":[66,63,63,63,58,29,29],"gold":198,"neow_bonus":"THREE_CARDS","is_daily":false,"chose_seed":false,"campfire_upgraded":0,"win_rate":0.0,"timestamp":1614351212,"path_taken":["M","M","?","?","?","E"],"items_purchased_type":[],"build_version":"2020-12-22","purchased_purges":0,"victory":false,"max_hp_per_floor":[75,75,75,75,75,75,75],"card_choices":[{"not_picked":["Panic Button","Gash"],"picked":"Cold Snap","floor":0},{"not_picked":["Gash","Hologram"],"picked":"Coolheaded","floor":1},{"not_picked":["jedi:BurstLightning","FTL","Hyperbeam","Coolheaded"],"picked":"Redo","floor":2},{"not_picked":["Hologram","jedi:BurstFrost","Stack","Panic Button"],"picked":"Reinforced Body","floor":4},{"not_picked":["Conserve Battery","Turbo","REME_DataAnalysis","MostiFishMod:PushDownKick"],"picked":"MostiFishMod:GatherIntelligence","floor":5}],"player_experience":215891,"relics_obtained":[{"floor":1,"key":"SynthV:TestCard"},{"floor":4,"key":"Gambling Chip"},{"floor":6,"key":"Mummified Hand"}],"event_choices":[],"is_beta":false,"boss_relics":[],"items_purged_floors":[],"is_endless":false,"potions_floor_spawned":[1,6],"killed_by":"Gensokyo:Aya","ascension_level":5}}