{"host":"tod","time":1614345048,"event":{"mods":["ATMod(∞¢Ë™Mod)","AchievementEnabler","Act Like it!","BaseMod","CapriCore","Energized Spire","Highlight Path","Lobotomy","Marisa£®ÏF”Í°°ƒß¿Ì…≥£©","Minty Spire (QoL Compilation)","Quick Restart","Reimu£®≤©¿ˆ¡È√Œ£©","Relic Filter Mod","Relic Stats","Remilia£®¿Ÿ√◊¿Ú—«£©","Replay The Spire","Shop Mod","StSLib","The Cursed","The Immortal","Yakumo Yukari mod","Youmu£®ªÍ∆«—˝√Œ£©"],"gold_per_floor":[114,126,27,27,37,67,67,95,95,111,111,111,111,149,149,272,272,257,273,203,203,203],"floor_reached":21,"language":"ZHS","playtime":1224,"items_purged":["Defend_R"],"score":198,"play_id":"0b9e1879-fe67-4faa-9763-1735e092b704","local_time":"20210226211048","is_ascension_mode":true,"campfire_choices":[{"data":"Crescendo","floor":7,"key":"SMITH"},{"floor":12,"key":"REST"},{"data":"AT_RealColorLess","floor":15,"key":"SMITH"}],"circlet_count":0,"master_deck":["Strike_P","Strike_P","Strike_P","Strike_P","Defend_P","Defend_P","Defend_P","Defend_P","Eruption","Vigilance","Replay:Light Bash","SpiritShield","AT_IrregularMenstruation","Crescendo+1","Consecrate","FearNoEvil","AT_RealColorLess+1","Halt","Consecrate","MasterReality","AT_OneInchPunch+1","ForeignInfluence"],"relics":["PureWater","AT_ATBox","Boot","Gremlin Horn","AT_DeathDance","Golden Idol","CultistMask","SlaversCollar"],"acts_visited":["Exordium","TheCity"],"potions_floor_usage":[6,16],"damage_taken":[{"damage":0,"enemies":"Jaw Worm","floor":1,"turns":3},{"damage":4,"enemies":"Cultist","floor":2,"turns":5},{"damage":2,"enemies":"2 Louse","floor":5,"turns":3},{"damage":13,"enemies":"Lagavulin","floor":6,"turns":4},{"damage":16,"enemies":"Gremlin Nob","floor":8,"turns":3},{"damage":3,"enemies":"Looter","floor":10,"turns":3},{"damage":6,"enemies":"2 Fungi Beasts","floor":14,"turns":4},{"damage":2,"enemies":"Fading Forest","floor":16,"turns":11},{"damage":15,"enemies":"2 Thieves","floor":18,"turns":4},{"damage":0,"enemies":"Chosen","floor":19,"turns":4},{"damage":16,"enemies":"Sentry and Sphere","floor":21,"turns":5}],"seed_played":"8954778983073385629","potions_obtained":[{"floor":1,"key":"AttackPotion"},{"floor":14,"key":"SteroidPotion"},{"floor":16,"key":"DuplicationPotion"}],"is_trial":false,"path_per_floor":["M","M","$","?","M","E","R","E","T","M","?","R","?","M","R","B",null,"M","M","$","M"],"character_chosen":"WATCHER","items_purchased":["Crescendo","ForeignInfluence"],"campfire_rested":1,"item_purchase_floors":[3,20],"current_hp_per_floor":[72,68,68,68,66,53,53,37,37,34,34,54,54,48,48,67,67,52,52,52,36,36],"gold":203,"neow_bonus":"THREE_RARE_CARDS","is_daily":false,"chose_seed":false,"campfire_upgraded":2,"win_rate":0.0,"timestamp":1614345048,"path_taken":["M","M","$","?","?","E","R","E","T","M","?","R","?","M","R","BOSS","M","M","?","?"],"items_purchased_type":["Card","Card"],"build_version":"2020-12-18","purchased_purges":1,"victory":false,"max_hp_per_floor":[72,72,72,72,72,72,72,72,72,72,67,67,67,67,67,67,67,67,67,67,67,67],"relic_stats":{"Gremlin Horn":[9,9],"counters":[11,49],"Golden Idol":35,"Boot":[0],"obtain_stats":[{"SlaversCollar":17,"AT_ATBox":0,"Gremlin Horn":8,"Golden Idol":11,"CultistMask":13,"PureWater":0,"AT_DeathDance":9,"Boot":6},{"SlaversCollar":8,"AT_ATBox":0,"Gremlin Horn":5,"Golden Idol":6,"CultistMask":6,"PureWater":0,"AT_DeathDance":5,"Boot":4},{"SlaversCollar":36,"AT_ATBox":0,"Gremlin Horn":18,"Golden Idol":21,"CultistMask":21,"PureWater":0,"AT_DeathDance":18,"Boot":15}]},"card_choices":[{"not_picked":["ConjureBlade","Wish"],"picked":"SpiritShield","floor":0},{"not_picked":["SashWhip","JustLucky","ClearTheMind"],"picked":"SKIP","floor":1},{"not_picked":["CutThroughFate","Replay:AtTheReady","Replay:BluntJabs"],"picked":"SKIP","floor":2},{"not_picked":["AT_SoftenMuscles","Wireheading"],"picked":"Consecrate","floor":5},{"not_picked":["Consecrate","Protect"],"picked":"FearNoEvil","floor":6},{"not_picked":["SandsOfTime","JustLucky"],"picked":"AT_RealColorLess","floor":8},{"not_picked":["CrushJoints","Replay:AtTheReady"],"picked":"Halt","floor":10},{"not_picked":["Prostrate","CrushJoints"],"picked":"Consecrate","floor":14},{"not_picked":["DeusExMachina","Replay:AllIn"],"picked":"MasterReality","floor":16},{"not_picked":["MentalFortress+1","ThirdEye+1"],"picked":"AT_OneInchPunch+1","floor":18},{"not_picked":["InnerPeace","Nirvana+1","Consecrate"],"picked":"SKIP","floor":19}],"player_experience":439734,"relics_obtained":[{"floor":6,"key":"Boot"},{"floor":8,"key":"Gremlin Horn"},{"floor":9,"key":"AT_DeathDance"}],"event_choices":[{"damage_healed":0,"gold_gain":0,"player_choice":"0 cards matched","damage_taken":0,"max_hp_gain":0,"max_hp_loss":0,"event_name":"Match and Keep!","floor":4,"gold_loss":0,"cards_obtained":[]},{"damage_healed":0,"gold_gain":0,"player_choice":"Lose Max HP","damage_taken":0,"relics_obtained":["Golden Idol"],"max_hp_gain":0,"max_hp_loss":5,"event_name":"Golden Idol","floor":11,"gold_loss":0},{"damage_healed":0,"gold_gain":0,"player_choice":"Trade","damage_taken":0,"relics_obtained":["CultistMask"],"max_hp_gain":0,"max_hp_loss":0,"event_name":"FaceTrader","floor":13,"gold_loss":0}],"is_beta":true,"boss_relics":[{"not_picked":["Velvet Choker","Empty Cage"],"picked":"SlaversCollar"}],"items_purged_floors":[3],"is_endless":false,"potions_floor_spawned":[1,14,16],"killed_by":"Sentry and Sphere","ascension_level":1}}