{"host":"3h49aoss7u87eyhw","time":1614314276,"event":{"mods":["AchievementEnabler","Act Like it!","Arknights","BaseMod","Library of Ruina","Library of Ruina Extra","Minty Spire (QoL Compilation)","Reimu£®≤©¿ˆ¡È√Œ£©","StSLib","The Poker Player"],"gold_per_floor":[116,216,17,27,45,73,73],"floor_reached":6,"language":"ZHS","playtime":550,"items_purged":[],"score":46,"play_id":"3a49deaf-04ac-4461-982b-d98f541c91ac","local_time":"20210226123756","is_ascension_mode":false,"campfire_choices":[],"circlet_count":0,"master_deck":["ats:Strike C","ats:Strike G","ats:Strike S","ats:Strike V","ats:Armor Crushing Shot","ats:Defend","ats:Defend","ats:Defend","ats:Defend","ats:Emotion Absorption","ats:Blood Oath","ats:Powerful Strike","ats:Closed Bolt Burst Fire","ats:Cat Scratch","ats:Defend Order"],"relics":["ats:Sanity","MealTicket","ats:Originium","ats:Lavender"],"acts_visited":[],"potions_floor_usage":[],"damage_taken":[{"damage":19.0,"enemies":"2 Louse","floor":1.0,"turns":4.0},{"damage":1.0,"enemies":"Cultist","floor":4.0,"turns":3.0},{"damage":6.0,"enemies":"Jaw Worm","floor":5.0,"turns":3.0},{"damage":44.0,"enemies":"Gremlin Nob","floor":6.0,"turns":5.0}],"seed_played":"7004512667458012697","potions_obtained":[{"floor":5.0,"key":"Fruit Juice"}],"is_trial":false,"path_per_floor":["M","?","$","M","M","E"],"character_chosen":"DOCTOR_CLASS","items_purchased":["MealTicket","ats:Closed Bolt Burst Fire"],"campfire_rested":0,"item_purchase_floors":[3,3],"current_hp_per_floor":[56,56,56,58,52,14,14],"gold":73,"neow_bonus":"THREE_CARDS","is_daily":false,"chose_seed":false,"campfire_upgraded":0,"win_rate":0.0,"timestamp":1614314276,"path_taken":["M","?","$","M","M","E"],"items_purchased_type":["Relic","Card"],"build_version":"2020-12-22","purchased_purges":0,"victory":false,"max_hp_per_floor":[72,72,72,72,72,72,72],"card_choices":[{"not_picked":["ats:Curse Doll","ats:Apocalypse"],"picked":"ats:Blood Oath","floor":0.0},{"not_picked":["ats:Cat Scratch","ats:Flexible Camouflage"],"picked":"ats:Powerful Strike","floor":1.0},{"not_picked":["ats:Hammer On","ats:Blood Oath"],"picked":"ats:Cat Scratch","floor":4.0},{"not_picked":["ats:Guard Mode","ats:Directed Diagnosis"],"picked":"ats:Defend Order","floor":5.0}],"player_experience":61918,"relics_obtained":[{"floor":6,"key":"ats:Originium"},{"floor":6,"key":"ats:Lavender"}],"event_choices":[{"damage_healed":0.0,"max_hp_gain":0.0,"max_hp_loss":0.0,"gold_gain":100.0,"event_name":"Wheel of Change","player_choice":"Gold","floor":2.0,"gold_loss":0.0,"damage_taken":0.0}],"is_beta":false,"boss_relics":[],"items_purged_floors":[],"is_endless":false,"potions_floor_spawned":[5,6],"killed_by":"Gremlin Nob","ascension_level":0}}