{"host":"5n1fl7z5i1vf7jan","time":1614303865,"event":{"mods":["BaseMod","Minty Spire (QoL Compilation)","Quick Restart","Relic Stats"],"gold_per_floor":[110,126,196,208,220,220,5,5,53,53,65,65,110,138,138,245,245,268,296,221,16,16,16,16,16],"floor_reached":24,"language":"ENG","playtime":800,"items_purged":["Strike_B"],"score":392,"play_id":"23b469bc-0920-44d8-b6f3-76b9c464c3c9","local_time":"20210225174425","is_ascension_mode":true,"campfire_choices":[{"data":"Doom and Gloom","floor":6.0,"key":"SMITH"},{"data":"Defragment","floor":8.0,"key":"SMITH"},{"floor":15.0,"key":"REST"},{"floor":23.0,"key":"REST"}],"circlet_count":0,"master_deck":["AscendersBane","Strike_B","Strike_B","Defend_B","Defend_B","Defend_B","Defend_B","Zap","Dualcast","Cold Snap","Streamline","Doom and Gloom+1","BootSequence","Defragment+1","Conserve Battery","Self Repair","Leap","Buffer","Seek","Coolheaded"],"relics":["Cracked Core","Ice Cream","Potion Belt","Golden Idol","CeramicFish","Black Star","Runic Capacitor","Enchiridion"],"acts_visited":["TheCity"],"potions_floor_usage":[24],"damage_taken":[{"damage":2.0,"enemies":"Jaw Worm","floor":1.0,"turns":4.0},{"damage":15.0,"enemies":"Small Slimes","floor":2.0,"turns":3.0},{"damage":0.0,"enemies":"Cultist","floor":4.0,"turns":3.0},{"damage":6.0,"enemies":"Large Slime","floor":5.0,"turns":5.0},{"damage":4.0,"enemies":"Looter","floor":11.0,"turns":3.0},{"damage":10.0,"enemies":"Gremlin Nob","floor":13.0,"turns":3.0},{"damage":3.0,"enemies":"Exordium Wildlife","floor":14.0,"turns":4.0},{"damage":12.0,"enemies":"The Guardian","floor":16.0,"turns":11.0},{"damage":16.0,"enemies":"3 Byrds","floor":18.0,"turns":5.0},{"damage":20.0,"enemies":"Spheric Guardian","floor":19.0,"turns":5.0},{"damage":40,"enemies":"3 Cultists","floor":24,"turns":4}],"seed_played":"5466705789597445042","potions_obtained":[{"floor":2.0,"key":"SkillPotion"},{"floor":5.0,"key":"SkillPotion"},{"floor":14.0,"key":"Fire Potion"},{"floor":16.0,"key":"FocusPotion"},{"floor":19.0,"key":"Swift Potion"}],"is_trial":false,"path_per_floor":["M","M","?","M","M","R","$","R","T","?","M","?","E","M","R","B",null,"M","M","?","$","?","R","M"],"character_chosen":"DEFECT","items_purchased":["Defragment","PowerPotion","Runic Capacitor","Coolheaded"],"campfire_rested":2,"item_purchase_floors":[7,7,21,21],"current_hp_per_floor":[62,47,47,47,41,41,41,41,41,41,37,37,27,31,49,44,58,49,36,36,36,15,33,0,0],"gold":16,"neow_bonus":"ONE_RARE_RELIC","is_daily":false,"chose_seed":false,"campfire_upgraded":2,"win_rate":0.0,"timestamp":1614303865,"path_taken":["M","M","?","M","M","R","$","R","T","?","?","?","E","M","R","BOSS","M","M","?","$","?","R","M"],"items_purchased_type":["Card","Potion","Relic","Card"],"build_version":"2020-12-22","purchased_purges":1,"victory":false,"max_hp_per_floor":[71,71,71,71,71,71,71,71,71,68,68,62,62,62,62,62,62,62,62,62,62,62,62,62,62],"relic_stats":{"counters":[11,50],"Golden Idol":40,"CeramicFish":45,"Black Star":0,"obtain_stats":[{"Ice Cream":0,"Potion Belt":9,"Golden Idol":12,"CeramicFish":13,"Enchiridion":22,"Black Star":17,"Runic Capacitor":21,"Cracked Core":0},{"Ice Cream":0,"Potion Belt":4,"Golden Idol":5,"CeramicFish":6,"Enchiridion":10,"Black Star":8,"Runic Capacitor":10,"Cracked Core":0},{"Ice Cream":0,"Potion Belt":15,"Golden Idol":18,"CeramicFish":21,"Enchiridion":46,"Black Star":36,"Runic Capacitor":46,"Cracked Core":0}]},"card_choices":[{"not_picked":["Conserve Battery","Auto Shields"],"picked":"Cold Snap","floor":1.0},{"not_picked":["Go for the Eyes","Steam"],"picked":"Streamline","floor":2.0},{"not_picked":["Rebound","Leap"],"picked":"Doom and Gloom","floor":4.0},{"not_picked":["Lockon","Steam"],"picked":"BootSequence","floor":5.0},{"not_picked":["Multi-Cast","Go for the Eyes"],"picked":"Conserve Battery","floor":11.0},{"not_picked":["Double Energy","Reprogram"],"picked":"Self Repair","floor":13.0},{"not_picked":["Aggregate","Doom and Gloom"],"picked":"Leap","floor":14.0},{"not_picked":["Meteor Strike","Rainbow"],"picked":"Buffer","floor":16.0},{"not_picked":["Conserve Battery","Redo","Rebound"],"picked":"SKIP","floor":18.0},{"not_picked":["Fusion","Gash"],"picked":"Seek","floor":19.0}],"player_experience":424479,"relics_obtained":[{"floor":9.0,"key":"Potion Belt"},{"floor":13.0,"key":"CeramicFish"},{"floor":22.0,"key":"Enchiridion"}],"event_choices":[{"damage_healed":0.0,"max_hp_gain":0.0,"max_hp_loss":0.0,"gold_gain":70.0,"event_name":"Golden Wing","player_choice":"Gained Gold","floor":3.0,"gold_loss":0.0,"damage_taken":0.0},{"cards_removed":["Parasite"],"damage_healed":0.0,"max_hp_gain":0.0,"max_hp_loss":0.0,"gold_gain":0.0,"event_name":"Fountain of Cleansing","player_choice":"Removed Curses","floor":10.0,"gold_loss":0.0,"damage_taken":0.0},{"damage_healed":0.0,"max_hp_gain":0.0,"max_hp_loss":6.0,"gold_gain":0.0,"event_name":"Golden Idol","player_choice":"Lose Max HP","floor":12.0,"gold_loss":0.0,"damage_taken":0.0,"relics_obtained":["Golden Idol"]},{"cards_removed":["Strike_B"],"damage_healed":0.0,"max_hp_gain":0.0,"max_hp_loss":0.0,"gold_gain":0.0,"event_name":"Beggar","player_choice":"Gave Gold","floor":20.0,"gold_loss":75.0,"damage_taken":0.0},{"damage_healed":0.0,"max_hp_gain":0.0,"max_hp_loss":0.0,"gold_gain":0.0,"event_name":"Cursed Tome","player_choice":"Obtained Book","floor":22.0,"gold_loss":0.0,"damage_taken":21.0}],"is_beta":false,"boss_relics":[{"not_picked":["Tiny House","Velvet Choker"],"picked":"Black Star"}],"items_purged_floors":[7],"is_endless":false,"potions_floor_spawned":[2,5,14,16,19],"killed_by":"3 Cultists","ascension_level":20}}