{"host":"bgptblc1sp470rxq","time":1614335651,"event":{"mods":["BaseMod","BetterRewards","Colored Map","Highlight Path","Minty Spire (QoL Compilation)","Quick Restart","StSLib","Waifu the Spire","[IsaacMod]ÒÔÈö¼âËþ"],"gold_per_floor":[112,112,132,132,150,150,182,238,238,74,88,88,99,129,129,229,229,239,254,264,282,302,335,351,351,351,385,397,428,428,353,353,452,452,463,480,500,500,500,500],"floor_reached":39,"language":"ZHS","playtime":1424,"items_purged":["Defend_P"],"score":638,"play_id":"976e25c9-4543-4bd7-a1c7-699ba186d8d0","local_time":"20210226183411","is_ascension_mode":true,"campfire_choices":[{"data":"Eruption","floor":6.0,"key":"SMITH"},{"data":"Vault","floor":12.0,"key":"SMITH"},{"data":"Adaptation","floor":15.0,"key":"SMITH"},{"floor":25.0,"key":"REST"},{"floor":30,"key":"REST"},{"floor":32,"key":"REST"}],"circlet_count":0,"master_deck":["Strike_P","Strike_P","Strike_P","Eruption+1","Vigilance","Halt","Evaluate","Vault+1","Tantrum","Adaptation+1","FlurryOfBlows","MentalFortress","Pray+1","Ragnarok","EmptyMind+1","Wallop","TalkToTheHand+1","Protect+1","CutThroughFate","TalkToTheHand","FlurryOfBlows+1","Devotion","LessonLearned","JustLucky+1","MentalFortress+1","Madness+1","Madness+1"],"relics":["PureWater","HushsDoor","GuppysHead","NeowsBlessing","Bird Faced Urn","Bronze Scales","GnawedLeaf","Toxic Egg 2","CaptainsWheel","Fusion Hammer","Ornamental Fan","DeadEye","TheBible","Art of War","Empty Cage","Damocles","MegaBlast","Nunchaku","TungstenRod","HowToJump"],"acts_visited":["Exordium","TheCity","TheBeyond"],"potions_floor_usage":[33],"damage_taken":[{"damage":0.0,"enemies":"Jaw Worm","floor":1.0,"turns":1.0},{"damage":0.0,"enemies":"Small Slimes","floor":3.0,"turns":1.0},{"damage":0.0,"enemies":"2 Louse","floor":5.0,"turns":1.0},{"damage":19.0,"enemies":"3 Sentries","floor":7.0,"turns":10.0},{"damage":0.0,"enemies":"Gremlin Nob","floor":8.0,"turns":4.0},{"damage":5.0,"enemies":"Exordium Thugs","floor":11.0,"turns":3.0},{"damage":0.0,"enemies":"Looter","floor":13.0,"turns":1.0},{"damage":0.0,"enemies":"Lagavulin","floor":14.0,"turns":5.0},{"damage":14.0,"enemies":"Hexaghost","floor":16.0,"turns":6.0},{"damage":10.0,"enemies":"Shell Parasite","floor":18.0,"turns":3.0},{"damage":2.0,"enemies":"Chosen","floor":19.0,"turns":3.0},{"damage":24.0,"enemies":"Snake Plant","floor":20.0,"turns":2.0},{"damage":12.0,"enemies":"Cultist and Chosen","floor":21.0,"turns":4.0},{"damage":5.0,"enemies":"Centurion and Healer","floor":22.0,"turns":5.0},{"damage":0.0,"enemies":"Book of Stabbing","floor":23.0,"turns":5.0},{"damage":5.0,"enemies":"Chosen and Byrds","floor":24.0,"turns":4.0},{"damage":15.0,"enemies":"Slavers","floor":27.0,"turns":4.0},{"damage":17.0,"enemies":"Snake Plant","floor":28.0,"turns":3.0},{"damage":9,"enemies":"Gremlin Leader","floor":29,"turns":5},{"damage":0,"enemies":"Collector","floor":33,"turns":9},{"damage":0,"enemies":"Orb Walker","floor":35,"turns":1},{"damage":0,"enemies":"3 Shapes","floor":36,"turns":1},{"damage":0,"enemies":"Sphere and 2 Shapes","floor":37,"turns":1},{"damage":5,"enemies":"Spire Growth","floor":39,"turns":1}],"seed_played":"8152821182783681070","potions_obtained":[{"floor":1.0,"key":"Fire Potion"},{"floor":3.0,"key":"EssenceOfSteel"},{"floor":8.0,"key":"Regen Potion"},{"floor":14.0,"key":"LiquidBronze"},{"floor":18.0,"key":"Weak Potion"},{"floor":22.0,"key":"BlessingOfTheForge"},{"floor":23.0,"key":"StancePotion"},{"floor":27.0,"key":"Fire Potion"},{"floor":35,"key":"SpeedPotion"}],"is_trial":false,"path_per_floor":["M","?","M","?","M","R","E","?","T","$","M","R","M","E","R","B",null,"M","M","M","M","M","E","M","R","T","E","M","E","R","?","R","B",null,"M","M","M","?","M"],"character_chosen":"WATCHER","items_purchased":["Adaptation","FlurryOfBlows","LessonLearned","Damocles","MegaBlast"],"campfire_rested":3,"item_purchase_floors":[10,10,34,34,34],"current_hp_per_floor":[72,69,69,62,62,62,43,43,43,43,40,40,40,44,44,34,72,62,64,40,32,31,35,32,53,53,38,23,16,37,37,58,62,18,18,18,18,17,0,0],"gold":500,"neow_bonus":"THREE_ENEMY_KILL","is_daily":false,"chose_seed":false,"campfire_upgraded":3,"win_rate":0.0,"timestamp":1614335651,"path_taken":["M","?","M","?","?","R","E","?","T","?","M","R","M","E","R","BOSS","M","M","M","M","M","E","M","R","T","E","M","E","R","?","R","BOSS","M","M","M","?","M"],"items_purchased_type":["Card","Card","Card","Relic","Relic"],"build_version":"2020-12-22","purchased_purges":1,"victory":false,"max_hp_per_floor":[72,72,72,72,72,72,72,72,72,72,72,72,72,72,72,72,72,72,72,72,72,72,72,72,72,72,72,72,72,72,72,72,72,18,18,18,18,18,18,18],"card_choices":[{"not_picked":["Nirvana","Weave","EmptyBody"],"picked":"SKIP","floor":1.0},{"not_picked":["EmptyBody","SandsOfTime"],"picked":"Halt","floor":3.0},{"not_picked":["LikeWater","FlyingSleeves"],"picked":"Evaluate","floor":5.0},{"not_picked":["CarveReality","Vengeance"],"picked":"Vault","floor":7.0},{"not_picked":["Nirvana","CarveReality"],"picked":"Tantrum","floor":8.0},{"not_picked":["SashWhip","Protect+1"],"picked":"MentalFortress","floor":11.0},{"not_picked":["FollowUp","SashWhip","PathToVictory+1"],"picked":"SKIP","floor":13.0},{"not_picked":["BowlingBash","FlurryOfBlows"],"picked":"Pray+1","floor":14.0},{"not_picked":["DevaForm","Vault+1"],"picked":"Ragnarok","floor":16.0},{"not_picked":["FlyingSleeves","Indignation+1"],"picked":"EmptyMind+1","floor":18.0},{"not_picked":["BowlingBash","PathToVictory+1"],"picked":"Wallop","floor":19.0},{"not_picked":["CarveReality","SignatureMove"],"picked":"TalkToTheHand+1","floor":20.0},{"not_picked":["Swivel+1","Nirvana+1"],"picked":"Protect+1","floor":21.0},{"not_picked":["SashWhip+1","Indignation+1","Swivel+1"],"picked":"SKIP","floor":22.0},{"not_picked":["Meditate+1","FollowUp"],"picked":"CutThroughFate","floor":23.0},{"not_picked":["FollowUp","CrushJoints","Judgement+1"],"picked":"SKIP","floor":24.0},{"not_picked":["SashWhip","TalkToTheHand","ThirdEye+1"],"picked":"SKIP","floor":27.0},{"not_picked":["SashWhip","ThirdEye+1"],"picked":"TalkToTheHand","floor":27.0},{"not_picked":["EmptyBody+1","FlyingSleeves+1"],"picked":"FlurryOfBlows+1","floor":28.0},{"not_picked":["BowlingBash","CrushJoints","Crescendo+1"],"picked":"SKIP","floor":29},{"not_picked":["Ragnarok","DeusExMachina+1"],"picked":"Devotion","floor":33},{"not_picked":["Protect+1","Halt+1"],"picked":"JustLucky+1","floor":36},{"not_picked":["Crescendo+1","SashWhip+1"],"picked":"MentalFortress+1","floor":37}],"player_experience":284129,"relics_obtained":[{"floor":7.0,"key":"Bronze Scales"},{"floor":8.0,"key":"GnawedLeaf"},{"floor":9.0,"key":"Toxic Egg 2"},{"floor":14.0,"key":"CaptainsWheel"},{"floor":23.0,"key":"Ornamental Fan"},{"floor":26.0,"key":"DeadEye"},{"floor":27.0,"key":"TheBible"},{"floor":29,"key":"Art of War"},{"floor":35,"key":"Nunchaku"},{"floor":36,"key":"TungstenRod"},{"floor":37,"key":"HowToJump"}],"event_choices":[{"damage_healed":0.0,"max_hp_gain":0.0,"max_hp_loss":0.0,"gold_gain":0.0,"event_name":"Scrap Ooze","player_choice":"Success","floor":2.0,"gold_loss":0.0,"damage_taken":3.0,"relics_obtained":["Bird Faced Urn"]},{"cards_removed":["Defend_P"],"damage_healed":0.0,"max_hp_gain":0.0,"max_hp_loss":0.0,"gold_gain":0.0,"event_name":"Golden Wing","player_choice":"Card Removal","floor":4.0,"gold_loss":0.0,"damage_taken":7.0},{"damage_healed":0.0,"max_hp_gain":0.0,"max_hp_loss":0.0,"gold_gain":0.0,"event_name":"Dead Adventurer","player_choice":"Searched \u00272\u0027 times","floor":8.0,"gold_loss":0.0,"damage_taken":0.0},{"cards_removed":["Defend_P"],"damage_healed":0,"gold_gain":0,"player_choice":"Gave Gold","damage_taken":0,"max_hp_gain":0,"max_hp_loss":0,"event_name":"Beggar","floor":31,"gold_loss":75},{"damage_healed":0,"gold_gain":0,"player_choice":"Embrace Madness","damage_taken":2,"max_hp_gain":0,"max_hp_loss":0,"event_name":"Winding Halls","floor":38,"gold_loss":0,"cards_obtained":["Madness","Madness"]}],"is_beta":false,"boss_relics":[{"not_picked":["Runic Dome","Pandora\u0027s Box"],"picked":"Fusion Hammer"},{"not_picked":[]},{"not_picked":["Velvet Choker","Philosopher\u0027s Stone"],"picked":"Empty Cage"},{"not_picked":[]}],"items_purged_floors":[10],"is_endless":false,"potions_floor_spawned":[1,3,8,14,18,22,23,27,29,35,36,37],"killed_by":"Spire Growth","ascension_level":2}}