{"host":"zdx3mk58qfaqn5dx","time":1614363933,"event":{"mods":["BaseMod","Bestiary","Better Third Choice","Colored Map","Colored Powertips","Dark Map","Downfall","Hermit","Highlight Path","Minty Spire (QoL Compilation)","Quick Restart","Random Character Button","Relic Stats","StSLib","SuperFastMode"],"gold_per_floor":[118,118,118,118,78,106,106,119,119,153,153,170,345,345,345,450,450,461,461,461,481,499,530,530,289,367,396,409,437,452,452,452],"floor_reached":31,"language":"ENG","playtime":1011,"items_purged":["Burn"],"score":352,"play_id":"a724c8db-c319-4463-92be-0cb8b319a965","local_time":"20210226192533","is_ascension_mode":true,"campfire_choices":[{"data":"Zap","floor":7,"key":"SMITH"},{"data":"Turbo","floor":11,"key":"SMITH"},{"data":"Thunder Strike","floor":15,"key":"SMITH"},{"floor":24,"key":"REST"}],"circlet_count":0,"master_deck":["Zap+1","Dualcast","Turbo+1","Thunder Strike+1","Electrodynamics","Go for the Eyes+1","Electrodynamics","Doubt","Buffer","Melter","Rip and Tear","Double Energy+1","Double Energy+1","Static Discharge","Static Discharge+1","Reinforced Body+1","Biased Cognition","White Noise+1","Chaos+1","Panacea+1","Loop","Aggregate+1"],"relics":["Cracked Core","NeowsBlessing","Meat on the Bone","Toxic Egg 2","Centennial Puzzle","Pandora\u0027s Box","White Beast Statue","InkBottle","Red Mask","StrikeDummy"],"acts_visited":["Exordium","TheCity"],"potions_floor_usage":[10,10,10,23,30,31],"damage_taken":[{"damage":0,"enemies":"Small Slimes","floor":1,"turns":1},{"damage":0,"enemies":"Lagavulin","floor":6,"turns":1},{"damage":0,"enemies":"Cultist","floor":8,"turns":1},{"damage":10,"enemies":"Gremlin Nob","floor":10,"turns":3},{"damage":14,"enemies":"2 Louse","floor":12,"turns":2},{"damage":17,"enemies":"Slime Boss","floor":16,"turns":8},{"damage":43,"enemies":"2 Thieves","floor":18,"turns":3},{"damage":14,"enemies":"Chosen","floor":21,"turns":3},{"damage":0,"enemies":"Snake Plant","floor":22,"turns":2},{"damage":14,"enemies":"Book of Stabbing","floor":23,"turns":2},{"damage":12,"enemies":"Masked Bandits","floor":27,"turns":2},{"damage":13,"enemies":"Shelled Parasite and Fungi","floor":28,"turns":3},{"damage":24,"enemies":"Slavers","floor":29,"turns":2},{"damage":8,"enemies":"Cultist and Chosen","floor":30,"turns":3},{"damage":34,"enemies":"Gremlin Leader","floor":31,"turns":2}],"seed_played":"-6785224211867831547","potions_obtained":[{"floor":5,"key":"DistilledChaos"},{"floor":5,"key":"SkillPotion"},{"floor":5,"key":"Block Potion"},{"floor":8,"key":"Swift Potion"},{"floor":10,"key":"SpeedPotion"},{"floor":12,"key":"PowerPotion"},{"floor":23,"key":"CultistPotion"},{"floor":27,"key":"BlessingOfTheForge"},{"floor":29,"key":"AttackPotion"},{"floor":30,"key":"BlessingOfTheForge"}],"is_trial":false,"path_per_floor":["M","$","?","?","?","E","R","M","T","E","R","M","?","?","R","B",null,"M","?","?","M","M","E","R","$","T","?","M","E","M","E"],"character_chosen":"DEFECT","items_purchased":["Panacea+1","Loop"],"campfire_rested":1,"item_purchase_floors":[25,25],"current_hp_per_floor":[75,75,75,75,75,75,75,75,75,65,65,51,51,51,51,46,75,44,44,49,47,47,45,67,67,67,55,42,30,34,0,0],"gold":452,"neow_bonus":"THREE_ENEMY_KILL","is_daily":false,"chose_seed":false,"campfire_upgraded":3,"win_rate":0.0,"timestamp":1614363933,"path_taken":["M","$","?","?","?","E","R","?","T","E","R","M","?","?","R","BOSS","M","?","?","M","?","E","R","$","T","?","M","E","M","E"],"items_purchased_type":["Card","Card"],"build_version":"2020-12-22","purchased_purges":1,"victory":false,"max_hp_per_floor":[75,75,75,75,75,75,75,75,75,75,75,75,75,75,75,75,75,75,75,75,75,75,75,75,75,75,75,75,75,75,75,75],"relic_stats":{"Centennial Puzzle":[30],"counters":[15,38],"Pandora\u0027s Box":["Melter","Rip and Tear","Double Energy","Double Energy","Static Discharge","Blizzard","Rebound"],"obtain_stats":[{"Centennial Puzzle":10,"NeowsBlessing":0,"Pandora\u0027s Box":17,"Red Mask":27,"Toxic Egg 2":9,"Cracked Core":0,"StrikeDummy":29,"White Beast Statue":23,"InkBottle":26,"Meat on the Bone":6},{"Centennial Puzzle":4,"NeowsBlessing":0,"Pandora\u0027s Box":6,"Red Mask":11,"Toxic Egg 2":3,"Cracked Core":0,"StrikeDummy":13,"White Beast Statue":10,"InkBottle":10,"Meat on the Bone":2},{"Centennial Puzzle":6,"NeowsBlessing":0,"Pandora\u0027s Box":16,"Red Mask":28,"Toxic Egg 2":3,"Cracked Core":0,"StrikeDummy":33,"White Beast Statue":26,"InkBottle":26,"Meat on the Bone":2}],"InkBottle":[4],"Meat on the Bone":72},"card_choices":[{"not_picked":["Hologram","Leap"],"picked":"Turbo","floor":1},{"not_picked":["Self Repair","Chill"],"picked":"Electrodynamics","floor":6},{"not_picked":["Compile Driver","Genetic Algorithm"],"picked":"Go for the Eyes","floor":8},{"not_picked":["Hologram+1","Reinforced Body+1"],"picked":"Darkness+1","floor":10},{"not_picked":["Force Field+1","Recycle+1"],"picked":"Electrodynamics","floor":12},{"not_picked":["Meteor Strike","Rainbow+1"],"picked":"Buffer","floor":16},{"not_picked":["Gash","Scrape"],"picked":"Static Discharge+1","floor":18},{"not_picked":["Leap+1","Force Field+1"],"picked":"White Noise+1","floor":21},{"not_picked":["Hologram+1","Sweeping Beam","Ball Lightning"],"picked":"SKIP","floor":22},{"not_picked":["Sunder","Auto Shields+1"],"picked":"Chaos+1","floor":23},{"not_picked":["Steam+1","Steam Power+1","Beam Cell"],"picked":"SKIP","floor":28},{"not_picked":["Redo+1","Turbo+1"],"picked":"Aggregate+1","floor":29},{"not_picked":["Coolheaded+1","Steam+1","Cold Snap"],"picked":"SKIP","floor":30}],"player_experience":231318,"relics_obtained":[{"floor":6,"key":"Meat on the Bone"},{"floor":9,"key":"Toxic Egg 2"},{"floor":10,"key":"Centennial Puzzle"},{"floor":23,"key":"White Beast Statue"},{"floor":26,"key":"InkBottle"},{"floor":27,"key":"Red Mask"},{"floor":29,"key":"StrikeDummy"}],"event_choices":[{"damage_healed":0,"gold_gain":0,"cards_transformed":["Strike_B"],"player_choice":"Change","damage_taken":0,"max_hp_gain":0,"max_hp_loss":0,"event_name":"Living Wall","floor":3,"gold_loss":0,"cards_obtained":["Thunder Strike"]},{"damage_healed":75,"gold_gain":0,"player_choice":"Embrace Burn","damage_taken":0,"max_hp_gain":0,"max_hp_loss":75,"event_name":"betterThird:BetterShining","floor":4,"gold_loss":0},{"damage_healed":0,"gold_gain":0,"player_choice":"Bought 3 Potions","damage_taken":0,"max_hp_gain":0,"max_hp_loss":0,"event_name":"The Woman in Blue","floor":5,"gold_loss":0},{"damage_healed":0,"gold_gain":175,"player_choice":"AGREE","damage_taken":170,"max_hp_gain":0,"max_hp_loss":0,"event_name":"betterThird:BetterSerpent","floor":13,"gold_loss":0},{"damage_healed":0,"gold_gain":0,"player_choice":"Upgraded","damage_taken":0,"max_hp_gain":0,"max_hp_loss":0,"event_name":"Upgrade Shrine","floor":14,"gold_loss":0,"cards_upgraded":["Go for the Eyes"]},{"damage_healed":0,"gold_gain":0,"cards_transformed":["Blizzard","Darkness"],"player_choice":"Became Test Subject","damage_taken":0,"max_hp_gain":0,"max_hp_loss":0,"event_name":"Drug Dealer","floor":19,"gold_loss":0,"cards_obtained":["Reinforced Body","Biased Cognition"]},{"cards_removed":["Rebound"],"damage_healed":5,"gold_gain":0,"player_choice":"Offered Common","damage_taken":0,"max_hp_gain":0,"max_hp_loss":0,"event_name":"Bonfire Elementals","floor":20,"gold_loss":0},{"cards_removed":["Rebound"],"damage_healed":5,"gold_gain":0,"player_choice":"Offered Special","damage_taken":0,"max_hp_gain":0,"max_hp_loss":0,"event_name":"Bonfire Elementals","floor":20,"gold_loss":0},{"damage_healed":0,"gold_gain":0,"player_choice":"Fought Bandits","damage_taken":0,"max_hp_gain":0,"max_hp_loss":0,"event_name":"Masked Bandits","floor":27,"gold_loss":0}],"is_beta":false,"boss_relics":[{"not_picked":["Tiny House","Black Star"],"picked":"Pandora\u0027s Box"}],"items_purged_floors":[25],"is_endless":false,"potions_floor_spawned":[8,10,12,23,27,28,29,30],"killed_by":"Gremlin Leader","ascension_level":3}}