{"host":"sav7uxregyirlf69","time":1614349497,"event":{"mods":["AchievementEnabler","BaseMod","Colored Map","DeckTracker","Keyboard Shortcuts","Minty Spire (QoL Compilation)","READ ME - Guardian Mod","StSLib","SuperFastMode"],"gold_per_floor":[117,132,152,167,219,219,238,238,287,287,212,227,227,247,247,342,342,365,381,54,54,54,97,97,141,191,191,204,244,257,273,273,364,364,389,413,322,346,365,365,409,409,409,94,119,154,29,42,42,42,42,42,42,42,85,85,85],"floor_reached":56,"language":"KOR","playtime":1813,"items_purged":["Strike_B","Strike_B","Strike_B+1"],"score":2172,"play_id":"4df82849-e44b-4ad9-a15f-fe44e1a03471","local_time":"20210226232457","is_ascension_mode":true,"campfire_choices":[{"data":"Zap","floor":6.0,"key":"SMITH"},{"data":"Lockon","floor":10.0,"key":"SMITH"},{"data":"Dualcast","floor":15.0,"key":"SMITH"},{"data":"Buffer","floor":24.0,"key":"SMITH"},{"floor":27.0,"key":"RECALL"},{"data":"Reinforced Body","floor":32.0,"key":"SMITH"},{"data":"Multi-Cast","floor":40.0,"key":"SMITH"},{"data":"Coolheaded","floor":42.0,"key":"SMITH"},{"data":"Skim","floor":49.0,"key":"SMITH"},{"data":"Glacier","floor":53.0,"key":"SMITH"}],"circlet_count":0,"master_deck":["AscendersBane","Strike_B+1","Defend_B","Defend_B","Defend_B","Defend_B","Zap+1","Dualcast+1","Cold Snap","Lockon+1","Cold Snap","Conserve Battery","Doom and Gloom","Meteor Strike","Buffer+1","Glacier+1","Meteor Strike","Force Field","Reinforced Body+1","Core Surge","Tempest","Coolheaded+1","Skim+1","Multi-Cast+1","Coolheaded+1","Tempest"],"relics":["Cracked Core","TungstenRod","Pen Nib","Nunchaku","Golden Idol","Snecko Eye","ClockworkSouvenir","Whetstone","Blue Candle","Centennial Puzzle","Coffee Dripper","InkBottle","Juzu Bracelet","Letter Opener","Chemical X","Bottled Lightning","Lantern"],"acts_visited":["Exordium","TheCity","TheBeyond","TheEnding"],"potions_floor_usage":[56],"damage_taken":[{"damage":0.0,"enemies":"Cultist","floor":1.0,"turns":4.0},{"damage":7.0,"enemies":"Small Slimes","floor":2.0,"turns":3.0},{"damage":0.0,"enemies":"Jaw Worm","floor":3.0,"turns":3.0},{"damage":0.0,"enemies":"Large Slime","floor":4.0,"turns":5.0},{"damage":7.0,"enemies":"Red Slaver","floor":7.0,"turns":3.0},{"damage":1.0,"enemies":"Exordium Thugs","floor":12.0,"turns":4.0},{"damage":15.0,"enemies":"Gremlin Gang","floor":14.0,"turns":5.0},{"damage":0.0,"enemies":"Slime Boss","floor":16.0,"turns":7.0},{"damage":2.0,"enemies":"3 Byrds","floor":18.0,"turns":4.0},{"damage":0.0,"enemies":"Spheric Guardian","floor":19.0,"turns":3.0},{"damage":0.0,"enemies":"Book of Stabbing","floor":23.0,"turns":5.0},{"damage":5.0,"enemies":"Gremlin Leader","floor":25.0,"turns":4.0},{"damage":0.0,"enemies":"Shelled Parasite and Fungi","floor":28.0,"turns":3.0},{"damage":19.0,"enemies":"Slavers","floor":29.0,"turns":3.0},{"damage":2.0,"enemies":"Snake Plant","floor":30.0,"turns":3.0},{"damage":0.0,"enemies":"Centurion and Healer","floor":31.0,"turns":4.0},{"damage":14.0,"enemies":"Collector","floor":33.0,"turns":11.0},{"damage":0.0,"enemies":"3 Darklings","floor":35.0,"turns":4.0},{"damage":0.0,"enemies":"3 Shapes","floor":36.0,"turns":4.0},{"damage":0.0,"enemies":"Spire Growth","floor":38.0,"turns":3.0},{"damage":0.0,"enemies":"Sphere and 2 Shapes","floor":39.0,"turns":4.0},{"damage":27.0,"enemies":"Nemesis","floor":41.0,"turns":13.0},{"damage":0.0,"enemies":"4 Shapes","floor":45.0,"turns":8.0},{"damage":0.0,"enemies":"Reptomancer","floor":46.0,"turns":5.0},{"damage":0.0,"enemies":"3 Darklings","floor":48.0,"turns":3.0},{"damage":6.0,"enemies":"Donu and Deca","floor":50.0,"turns":12.0},{"damage":0.0,"enemies":"Awakened One","floor":51.0,"turns":13.0},{"damage":15.0,"enemies":"Shield and Spear","floor":55.0,"turns":11.0},{"damage":39,"enemies":"The Heart","floor":56,"turns":8}],"seed_played":"-7061095884906549853","potions_obtained":[{"floor":3.0,"key":"FocusPotion"},{"floor":7.0,"key":"Regen Potion"},{"floor":16.0,"key":"PowerPotion"},{"floor":33.0,"key":"Energy Potion"},{"floor":38.0,"key":"DistilledChaos"},{"floor":46.0,"key":"Weak Potion"},{"floor":48.0,"key":"SpeedPotion"}],"is_trial":false,"path_per_floor":["M","M","M","M","T","R","M","?","T","R","$","M","?","M","R","B",null,"M","M","$","?","?","E","R","E","T","R","M","E","M","M","R","B",null,"M","M","?","M","M","R","E","R","T","$","M","E","$","M","R","B","B",null,"R","$","E","B"],"character_chosen":"DEFECT","items_purchased":["Buffer","Glacier","ClockworkSouvenir","Chemical X","Swift Potion"],"campfire_rested":0,"item_purchase_floors":[20,20,20,44,44],"current_hp_per_floor":[46,39,39,39,39,39,32,55,55,55,55,54,54,39,39,39,58,56,56,56,56,56,56,56,51,51,51,60,41,39,39,39,25,54,54,54,54,54,54,54,27,27,27,27,27,27,27,27,27,21,21,53,53,53,38,0,0],"gold":85,"neow_bonus":"ONE_RARE_RELIC","is_daily":false,"chose_seed":false,"campfire_upgraded":9,"win_rate":0.0,"timestamp":1614349497,"path_taken":["M","?","?","M","?","R","M","?","T","R","$","M","?","M","R","BOSS","M","M","$","?","?","E","R","E","T","R","M","E","M","?","R","BOSS","M","M","?","M","M","R","E","R","T","$","M","E","$","M","R","BOSS","BOSS","R","$","E","BOSS"],"items_purchased_type":["Card","Card","Relic","Relic","Potion"],"build_version":"2020-12-22","purchased_purges":3,"victory":false,"max_hp_per_floor":[71,71,71,71,71,71,71,71,71,71,71,71,64,64,64,64,64,64,64,64,64,64,64,64,64,64,64,64,64,64,64,64,64,64,64,64,64,64,64,64,64,64,64,64,64,64,64,64,64,64,64,64,64,64,64,64,64],"card_choices":[{"not_picked":["Coolheaded","Go for the Eyes"],"picked":"Cold Snap","floor":1.0},{"not_picked":["Beam Cell","Barrage"],"picked":"Lockon","floor":2.0},{"not_picked":["Chaos","Beam Cell"],"picked":"Cold Snap","floor":3.0},{"not_picked":["Thunder Strike","Steam"],"picked":"Conserve Battery","floor":4.0},{"not_picked":["Leap","Reprogram","Conserve Battery"],"picked":"SKIP","floor":7.0},{"not_picked":["Fusion","Loop","Hologram"],"picked":"SKIP","floor":12.0},{"not_picked":["Steam","Conserve Battery"],"picked":"Doom and Gloom","floor":14.0},{"not_picked":["Hyperbeam","All For One"],"picked":"Meteor Strike","floor":16.0},{"not_picked":["Rip and Tear","Redo","Storm"],"picked":"SKIP","floor":18.0},{"not_picked":["FTL","Loop","Chill"],"picked":"SKIP","floor":19.0},{"not_picked":["Ball Lightning","Static Discharge","Coolheaded+1"],"picked":"SKIP","floor":23.0},{"not_picked":["Compile Driver","Gash","Leap"],"picked":"SKIP","floor":25.0},{"not_picked":["Steam","Stack","Consume"],"picked":"SKIP","floor":28.0},{"not_picked":["Compile Driver","Ball Lightning","Thunder Strike"],"picked":"SKIP","floor":29.0},{"not_picked":["Turbo","Steam"],"picked":"Force Field","floor":30.0},{"not_picked":["Hologram","Sweeping Beam"],"picked":"Reinforced Body","floor":31.0},{"not_picked":["Hyperbeam","Fission"],"picked":"Core Surge","floor":33.0},{"not_picked":["Reprogram","Cold Snap"],"picked":"Tempest","floor":35.0},{"not_picked":["Reinforced Body","Sweeping Beam"],"picked":"Coolheaded","floor":36.0},{"not_picked":["Compile Driver","Sweeping Beam"],"picked":"Skim","floor":38.0},{"not_picked":["Cold Snap","Doom and Gloom"],"picked":"Multi-Cast","floor":39.0},{"not_picked":["Steam Power+1","Multi-Cast"],"picked":"Coolheaded+1","floor":41.0},{"not_picked":["Turbo","Conserve Battery","Gash+1"],"picked":"SKIP","floor":45.0},{"not_picked":["Coolheaded","Hologram","Rebound"],"picked":"SKIP","floor":46.0},{"not_picked":["Coolheaded","Hologram","Rebound"],"picked":"SKIP","floor":46.0},{"not_picked":["Coolheaded","Hologram","Rebound"],"picked":"SKIP","floor":46.0},{"not_picked":["Steam","Turbo","Gash"],"picked":"SKIP","floor":48.0},{"not_picked":["Streamline","Leap"],"picked":"Tempest","floor":55.0}],"player_experience":1710694,"relics_obtained":[{"floor":5.0,"key":"Pen Nib"},{"floor":9.0,"key":"Nunchaku"},{"floor":23.0,"key":"Whetstone"},{"floor":25.0,"key":"Blue Candle"},{"floor":29.0,"key":"Centennial Puzzle"},{"floor":41.0,"key":"Juzu Bracelet"},{"floor":43.0,"key":"Letter Opener"},{"floor":46.0,"key":"Bottled Lightning"},{"floor":55.0,"key":"Lantern"}],"event_choices":[{"damage_healed":23.0,"max_hp_gain":0.0,"max_hp_loss":0.0,"gold_gain":0.0,"event_name":"Big Fish","player_choice":"Banana","floor":8.0,"gold_loss":0.0,"damage_taken":0.0},{"damage_healed":0.0,"max_hp_gain":0.0,"max_hp_loss":7.0,"gold_gain":0.0,"event_name":"Golden Idol","player_choice":"Lose Max HP","floor":13.0,"gold_loss":0.0,"damage_taken":0.0,"relics_obtained":["Golden Idol"]},{"damage_healed":0.0,"max_hp_gain":0.0,"max_hp_loss":0.0,"gold_gain":0.0,"event_name":"The Mausoleum","player_choice":"Ignored","floor":21.0,"gold_loss":0.0,"damage_taken":0.0},{"damage_healed":0.0,"max_hp_gain":0.0,"max_hp_loss":0.0,"gold_gain":0.0,"event_name":"Duplicator","player_choice":"Copied","floor":22.0,"gold_loss":0.0,"damage_taken":0.0,"cards_obtained":["Meteor Strike"]},{"damage_healed":0.0,"max_hp_gain":0.0,"max_hp_loss":0.0,"gold_gain":0.0,"event_name":"WeMeetAgain","player_choice":"Paid Gold","floor":37.0,"gold_loss":91.0,"damage_taken":0.0,"relics_obtained":["InkBottle"]}],"is_beta":false,"boss_relics":[{"not_picked":["Busted Crown","Fusion Hammer"],"picked":"Snecko Eye"},{"not_picked":["SlaversCollar","FrozenCore"],"picked":"Coffee Dripper"}],"items_purged_floors":[11,44,47],"is_endless":false,"potions_floor_spawned":[3,7,12,16,19,25,33,38,39,46,48],"killed_by":"The Heart","ascension_level":20}}