{"host":"jh7kh5nqtgzr3auj","time":1614335604,"event":{"mods":["AchievementEnabler","BaseMod","Colored Powertips","Highlight Path","Library of Ruina","Minty Spire (QoL Compilation)","Quick Restart","Relic Stats","StSLib","TestMod"],"gold_per_floor":[111,111,511,528,548,583,593,603,603,618,341,370,388,403,403,499,499,510,522,522,572,588,613,613,643,643,677,627,642,81,93,93,191,191,224,265,296,171,217,264,317,358,358,386,417,473,473,519,519,550,550,550,55,92,182],"floor_reached":56,"language":"ZHS","playtime":5556,"items_purged":["LightAttack","LightAttack","LightAttack","LightDefense"],"score":2060,"play_id":"d39496ae-16c2-4d08-abd4-2de4744bdb61","local_time":"20210226183324","is_ascension_mode":true,"campfire_choices":[{"data":"Marionette","floor":15.0,"key":"SMITH"},{"floor":24.0,"key":"REST"},{"floor":32.0,"key":"REST"},{"floor":49.0,"key":"RECALL"},{"data":"Parry2","floor":52.0,"key":"SMITH"}],"circlet_count":0,"master_deck":["Dodge+1","LightDefense","LightDefense","LightDefense+1","ChargeAndCover+1","FocusedStrikes+1","FeatherShield+1","Marionette+1","Retaliate","UnforgettableMelody+1","TendonChords+1","Marionette+1","UnforgettableMelody+1","Faith+1","Faith+1","Marionette+1","Faith+1","TrashDisposal+1","HardRehearsal+1","ForTheFamily+1","ForTheFamily+1","PuppetBlockade+1","Parry2+1","TendonChords+1","ExtractFuel+1","Parry2+1","testmod-ShutDown+1","UnforgettableMelody+1","UnforgettableMelody+1","Reload+1","UnforgettableMelody+1","ForTheFamily+1","FierceCharge+1","ExtractFuel+1"],"relics":["PageOfLibrarian","testmod-RealStoneCalender","Blood Vial","PreservedInsect","testmod-BloodSacrificeSpiritualization","Nunchaku","PageOfTheQueenOfHatred","PageOfTheKnightOfDespair","PageOfGreed","PageOfWrath","PageOfNihil","Ornamental Fan","testmod-DeterminationOfClimber","Matryoshka","Bottled Flame","testmod-IndustrialRevolution","testmod-BouquetWithThorns","testmod-Antiphasic","PageOfAspirationHeart","PageOfLumberjack"],"acts_visited":["Exordium","TheCity","TheBeyond","TheEnding"],"potions_floor_usage":[],"damage_taken":[{"damage":4.0,"enemies":"Jaw Worm","floor":1.0,"turns":4.0},{"damage":0.0,"enemies":"2 Louse","floor":4.0,"turns":3.0},{"damage":0.0,"enemies":"Cultist","floor":5.0,"turns":3.0},{"damage":8.0,"enemies":"Gremlin Nob","floor":6.0,"turns":4.0},{"damage":3.0,"enemies":"Exordium Thugs","floor":7.0,"turns":4.0},{"damage":1.0,"enemies":"Looter","floor":8.0,"turns":3.0},{"damage":0.0,"enemies":"Red Slaver","floor":10.0,"turns":4.0},{"damage":16.0,"enemies":"3 Sentries","floor":12.0,"turns":5.0},{"damage":0.0,"enemies":"Blue Slaver","floor":13.0,"turns":3.0},{"damage":4.0,"enemies":"Large Slime","floor":14.0,"turns":3.0},{"damage":0.0,"enemies":"Slime Boss","floor":16.0,"turns":6.0},{"damage":9.0,"enemies":"Chosen","floor":18.0,"turns":3.0},{"damage":35.0,"enemies":"2 Thieves","floor":19.0,"turns":4.0},{"damage":24.0,"enemies":"Centurion and Healer","floor":22.0,"turns":3.0},{"damage":14.0,"enemies":"Book of Stabbing","floor":23.0,"turns":4.0},{"damage":9.0,"enemies":"Slavers","floor":25.0,"turns":4.0},{"damage":9.0,"enemies":"Book of Stabbing","floor":27.0,"turns":2.0},{"damage":86.0,"enemies":"Gremlin Leader","floor":29.0,"turns":10.0},{"damage":9.0,"enemies":"Sentry and Sphere","floor":31.0,"turns":4.0},{"damage":30.0,"enemies":"Collector","floor":33.0,"turns":7.0},{"damage":9.0,"enemies":"3 Shapes","floor":35.0,"turns":1.0},{"damage":9.0,"enemies":"3 Darklings","floor":36.0,"turns":2.0},{"damage":9.0,"enemies":"Jaw Worm Horde","floor":37.0,"turns":1.0},{"damage":9.0,"enemies":"Maw","floor":39.0,"turns":1.0},{"damage":9.0,"enemies":"Nemesis","floor":40.0,"turns":1.0},{"damage":9.0,"enemies":"Transient","floor":41.0,"turns":1.0},{"damage":9.0,"enemies":"Reptomancer","floor":42.0,"turns":1.0},{"damage":9.0,"enemies":"3 Darklings","floor":44.0,"turns":1.0},{"damage":15.0,"enemies":"4 Shapes","floor":45.0,"turns":2.0},{"damage":9.0,"enemies":"Giant Head","floor":46.0,"turns":1.0},{"damage":9.0,"enemies":"Transient","floor":48.0,"turns":1.0},{"damage":10.0,"enemies":"Time Eater","floor":50.0,"turns":5.0},{"damage":11.0,"enemies":"Shield and Spear","floor":54.0,"turns":1.0},{"damage":16,"enemies":"The Heart","floor":55,"turns":3}],"seed_played":"-5988574465742566746","potions_obtained":[{"floor":5.0,"key":"Regen Potion"},{"floor":6.0,"key":"SteroidPotion"},{"floor":10.0,"key":"Regen Potion"},{"floor":13.0,"key":"Energy Potion"},{"floor":14.0,"key":"ColorlessPotion"},{"floor":19.0,"key":"Energy Potion"},{"floor":27.0,"key":"PowerPotion"},{"floor":31.0,"key":"DuplicationPotion"},{"floor":36.0,"key":"Energy Potion"},{"floor":37.0,"key":"testmod-SpacePotion"},{"floor":41.0,"key":"testmod-SpacePotion"},{"floor":45.0,"key":"AttackPotion"},{"floor":48.0,"key":"Block Potion"}],"is_trial":false,"path_per_floor":["M","?","?","M","M","E","M","M","T","M","$","E","M","M","R","B",null,"M","M","?","T","M","E","R","E","T","E","?","E","$","M","R","B",null,"M","M","M","$","M","E","M","E","T","M","M","E","?","M","R","B",null,"R","$","E","B",null],"character_chosen":"Librarian","items_purchased":["UnforgettableMelody","Faith","Parry2","Ornamental Fan","testmod-ShutDown","PageOfAspirationHeart","SkillPotion"],"campfire_rested":2,"item_purchase_floors":[11,11,30,30,30,53,53],"current_hp_per_floor":[47,47,47,47,47,39,38,39,39,44,44,64,72,73,73,81,88,88,60,60,60,45,40,67,74,74,77,77,63,63,73,90,90,90,90,90,90,90,90,90,90,90,90,90,86,90,90,90,90,104,104,104,119,119,119],"gold":182,"neow_bonus":"TWENTY_PERCENT_HP_BONUS","is_daily":false,"chose_seed":false,"campfire_upgraded":2,"win_rate":0.0,"timestamp":1614335604,"path_taken":["M","?","?","M","M","E","M","M","T","M","$","E","M","M","R","BOSS","M","M","?","?","M","E","R","E","T","E","?","E","$","M","R","BOSS","M","?","M","$","M","E","M","E","T","M","M","E","?","M","R","BOSS","R","$","E","BOSS"],"items_purchased_type":["Card","Card","Card","Relic","Card","Relic","Potion"],"build_version":"2020-12-22","purchased_purges":4,"victory":true,"max_hp_per_floor":[75,75,75,75,75,75,75,90,90,90,90,90,90,90,90,90,90,90,90,90,90,90,90,90,90,90,90,90,90,90,90,90,90,90,90,90,90,90,90,90,90,90,90,90,90,90,90,104,104,104,104,104,119,119,119],"relic_stats":{"Blood Vial":34,"Nunchaku":[20],"counters":[35,105],"Ornamental Fan":[180],"PreservedInsect":467,"obtain_stats":[{"PageOfTheQueenOfHatred":23,"testmod-TestBox":0,"PageOfNihil":29,"PreservedInsect":12,"testmod-BloodSacrificeSpiritualization":17,"War Paint":2,"testmod-IndustrialRevolution":43,"testmod-BouquetWithThorns":43,"PageOfLibrarian":0,"Blood Vial":6,"PageOfGreed":26,"PageOfWrath":27,"PageOfLumberjack":54,"testmod-RealStoneCalender":0,"testmod-Antiphasic":46,"PageOfAspirationHeart":53,"Nunchaku":21,"Bottled Flame":42,"Matryoshka":40,"Ornamental Fan":30,"PageOfTheKnightOfDespair":25,"testmod-DeterminationOfClimber":34},{"PageOfTheQueenOfHatred":15,"testmod-TestBox":0,"PageOfNihil":19,"PreservedInsect":8,"testmod-BloodSacrificeSpiritualization":11,"War Paint":1,"testmod-IndustrialRevolution":28,"testmod-BouquetWithThorns":28,"PageOfLibrarian":0,"Blood Vial":4,"PageOfGreed":16,"PageOfWrath":17,"PageOfLumberjack":34,"testmod-RealStoneCalender":0,"testmod-Antiphasic":31,"PageOfAspirationHeart":33,"Nunchaku":13,"Bottled Flame":28,"Matryoshka":26,"Ornamental Fan":19,"PageOfTheKnightOfDespair":16,"testmod-DeterminationOfClimber":21},{"PageOfTheQueenOfHatred":56,"testmod-TestBox":0,"PageOfNihil":72,"PreservedInsect":30,"testmod-BloodSacrificeSpiritualization":42,"War Paint":4,"testmod-IndustrialRevolution":91,"testmod-BouquetWithThorns":91,"PageOfLibrarian":0,"Blood Vial":14,"PageOfGreed":60,"PageOfWrath":62,"PageOfLumberjack":102,"testmod-RealStoneCalender":0,"testmod-Antiphasic":95,"PageOfAspirationHeart":101,"Nunchaku":49,"Bottled Flame":91,"Matryoshka":89,"Ornamental Fan":72,"PageOfTheKnightOfDespair":60,"testmod-DeterminationOfClimber":83}]},"card_choices":[{"not_picked":["SuppressingShot","ViolentFlame"],"picked":"FeatherShield","floor":1.0},{"not_picked":["UpbeatPerformance","ShockRound"],"picked":"Marionette","floor":4.0},{"not_picked":["NightInTheBackstreets","Reload"],"picked":"Retaliate","floor":5.0},{"not_picked":["ViolentFlame","SteelKnuckles"],"picked":"UnforgettableMelody","floor":6.0},{"not_picked":["ForTheFamily","Faith"],"picked":"TendonChords","floor":7.0},{"not_picked":["BladeWhirl","Tailoring","UpbeatPerformance"],"picked":"SKIP","floor":8.0},{"not_picked":["ClassAndRespect","SuppressingShot"],"picked":"Marionette","floor":10.0},{"not_picked":["SuppressingShot","UpbeatPerformance"],"picked":"Faith","floor":12.0},{"not_picked":["Punishment","BizarreAttack","Marionette"],"picked":"SKIP","floor":13.0},{"not_picked":["Punishment","BizarreAttack"],"picked":"Marionette","floor":13.0},{"not_picked":["BizarreAttack","Retaliate"],"picked":"Faith","floor":14.0},{"not_picked":["BlazingStrike","UnforgettableMelody"],"picked":"TrashDisposal","floor":16.0},{"not_picked":["SuppressingShot","ExtractFuel"],"picked":"HardRehearsal+1","floor":18.0},{"not_picked":["BayonetCombat","TendonChords"],"picked":"ForTheFamily","floor":19.0},{"not_picked":["ClassAndRespect","WillOfThePrescript"],"picked":"PuppetBlockade","floor":22.0},{"not_picked":["SunsetBlade","Gigigig"],"picked":"Parry2","floor":23.0},{"not_picked":["SuppressingShot","Gigigig+1","SummaryJudgment"],"picked":"SKIP","floor":25.0},{"not_picked":["WillOfThePrescript","SunsetBlade"],"picked":"TendonChords","floor":27.0},{"not_picked":["BizarreAttack","TheRedNotes+1"],"picked":"ExtractFuel+1","floor":29.0},{"not_picked":["Guardian_lor","ForcefulGesture"],"picked":"UnforgettableMelody","floor":31.0},{"not_picked":["WillProduceFineSilk","Punishment"],"picked":"UnforgettableMelody","floor":33.0},{"not_picked":["Execute_lor","UndertakePrescript","UpbeatPerformance+1"],"picked":"SKIP","floor":35.0},{"not_picked":["UpbeatPerformance+1","SnakesPrey+1","SunsetBlade+1"],"picked":"SKIP","floor":36.0},{"not_picked":["ProselytesBlade","Tttonst"],"picked":"Reload+1","floor":37.0},{"not_picked":["Creak+1","GuardingStance","ViolentFlame+1"],"picked":"SKIP","floor":39.0},{"not_picked":["AutomatedMovement","UndertakePrescript"],"picked":"UnforgettableMelody","floor":40.0},{"not_picked":["TendonChords+1","Execute_lor+1"],"picked":"ForTheFamily","floor":41.0},{"not_picked":["Riposte+1","Faith","ViolentFlame"],"picked":"SKIP","floor":42.0},{"not_picked":["Retaliate","SuppressingShot+1"],"picked":"FierceCharge","floor":44.0},{"not_picked":["Parry2+1","Tttonst","NightInTheBackstreets+1"],"picked":"SKIP","floor":45.0},{"not_picked":["Faith+1","ForTheFamily","AsThePrescriptOrders"],"picked":"SKIP","floor":46.0},{"not_picked":["Parry2","Tttonst","SuppressingShot+1"],"picked":"SKIP","floor":48.0},{"not_picked":["Parry2","Tttonst","SuppressingShot+1"],"picked":"SKIP","floor":48.0},{"not_picked":["UpbeatPerformance+1","SuppressingShot"],"picked":"ExtractFuel+1","floor":54.0}],"player_experience":305930,"relics_obtained":[{"floor":6.0,"key":"Blood Vial"},{"floor":12.0,"key":"PreservedInsect"},{"floor":21.0,"key":"Nunchaku"},{"floor":23.0,"key":"PageOfTheQueenOfHatred"},{"floor":25.0,"key":"PageOfTheKnightOfDespair"},{"floor":26.0,"key":"PageOfGreed"},{"floor":27.0,"key":"PageOfWrath"},{"floor":29.0,"key":"PageOfNihil"},{"floor":40.0,"key":"Matryoshka"},{"floor":42.0,"key":"Bottled Flame"},{"floor":43.0,"key":"testmod-IndustrialRevolution"},{"floor":43.0,"key":"testmod-BouquetWithThorns"},{"floor":46.0,"key":"testmod-Antiphasic"},{"floor":54.0,"key":"PageOfLumberjack"}],"event_choices":[{"damage_healed":0.0,"max_hp_gain":0.0,"max_hp_loss":0.0,"gold_gain":0.0,"event_name":"给自己的盒子","player_choice":"Swap Relic","floor":2.0,"relics_lost":["War Paint"],"gold_loss":0.0,"damage_taken":0.0,"relics_obtained":["War Paint"]},{"damage_healed":0.0,"max_hp_gain":0.0,"max_hp_loss":0.0,"gold_gain":400.0,"event_name":"恩洛斯的盘子","player_choice":"Sell","floor":3.0,"relics_lost":["testmod-TestBox"],"gold_loss":0.0,"damage_taken":0.0},{"damage_healed":0.0,"max_hp_gain":0.0,"max_hp_loss":0.0,"gold_gain":0.0,"event_name":"The Library","player_choice":"Read","floor":20.0,"gold_loss":0.0,"damage_taken":0.0,"cards_obtained":["ForTheFamily"]},{"damage_healed":0.0,"max_hp_gain":0.0,"max_hp_loss":0.0,"gold_gain":0.0,"event_name":"The Joust","player_choice":"Bet on Owner","floor":28.0,"gold_loss":50.0,"damage_taken":0.0},{"damage_healed":0.0,"max_hp_gain":0.0,"max_hp_loss":0.0,"gold_gain":0.0,"event_name":"Tomb of Lord Red Mask","player_choice":"Ignored","floor":47.0,"gold_loss":0.0,"damage_taken":0.0}],"is_beta":false,"boss_relics":[{"not_picked":["Black Star","SlaversCollar"],"picked":"testmod-BloodSacrificeSpiritualization"},{"not_picked":["SacredBark","Astrolabe"],"picked":"testmod-DeterminationOfClimber"}],"items_purged_floors":[11,30,38,53],"is_endless":false,"potions_floor_spawned":[5,6,10,13,14,19,23,27,31,36,37,41,45,48,54],"ascension_level":7}}