{"host":"rsbhidffjle4v6w5","time":1614353336,"event":{"mods":["Act Like it!","Ascension Reborn","BaseMod","Better Note","Better Third Choice","BetterRewards","Block Reminder","Colored Map","Hermit","Minty Spire (QoL Compilation)","Quick Restart","Replay The Spire","Ruina","StSLib"],"gold_per_floor":[119,130,130,130,130,158,158,192,264,276,276,307,307,9,9,9,9],"floor_reached":16,"language":"ENG","playtime":434,"items_purged":[],"score":116,"play_id":"e296c4b0-8bc9-42a1-8356-eee9269f1dfa","local_time":"20210226182856","is_ascension_mode":true,"campfire_choices":[{"floor":7.0,"key":"RECALL"},{"floor":11,"key":"REST"},{"data":"hermit:GoldenBullet","floor":13,"key":"SMITH"},{"data":"hermit:Roulette","floor":15,"key":"SMITH"}],"circlet_count":0,"master_deck":["hermit:Strike_Hermit+1","hermit:Strike_Hermit+1","hermit:Strike_Hermit+1","hermit:Defend_Hermit+1","hermit:Defend_Hermit+1","hermit:Defend_Hermit+1","hermit:Defend_Hermit+1","hermit:Snapshot+1","hermit:Covet+1","AscMod:ascendersbane","hermit:PistolWhip+1","hermit:Manifest+1","hermit:Reprieve","hermit:Roulette+1","hermit:GoldenBullet+1"],"relics":["hermit:Momento","Replay:Rubber Ducky","Ancient Tea Set","Prayer Wheel","Toxic Egg 2"],"acts_visited":["Exordium"],"potions_floor_usage":[8],"damage_taken":[{"damage":2.0,"enemies":"Small Slimes","floor":1.0,"turns":3.0},{"damage":0.0,"enemies":"2 Louse","floor":2.0,"turns":2.0},{"damage":20.0,"enemies":"Lagavulin","floor":6.0,"turns":6.0},{"damage":4,"enemies":"3 Sentries","floor":8,"turns":6},{"damage":0,"enemies":"Jaw Worm","floor":10,"turns":3},{"damage":6,"enemies":"Gremlin Nob","floor":12,"turns":3},{"damage":35,"enemies":"Hexaghost","floor":16,"turns":4}],"seed_played":"-8732804856221289716","potions_obtained":[{"floor":2.0,"key":"Swift Potion"},{"floor":6.0,"key":"AttackPotion"},{"floor":12,"key":"hermit:Tonic"}],"is_trial":false,"path_per_floor":["M","M","?","?","?","E","R","E","T","M","R","E","R","$","R","B"],"character_chosen":"HERMIT","items_purchased":["Toxic Egg 2","SteroidPotion"],"campfire_rested":1,"item_purchase_floors":[14,14],"current_hp_per_floor":[73,73,73,73,78,58,58,54,54,54,80,78,78,78,78,43,43],"gold":9,"neow_bonus":"TEN_PERCENT_HP_BONUS","is_daily":false,"chose_seed":false,"campfire_upgraded":2,"win_rate":0.0,"timestamp":1614353336,"path_taken":["M","M","?","?","?","E","R","E","T","M","R","E","R","?","R","BOSS"],"items_purchased_type":["Relic","Potion"],"build_version":"2020-12-22","purchased_purges":0,"victory":false,"max_hp_per_floor":[82,82,82,82,87,87,87,87,87,87,87,87,87,87,87,87,87],"card_choices":[{"not_picked":["hermit:Roulette","hermit:Vantage"],"picked":"hermit:PistolWhip","floor":1.0},{"not_picked":["hermit:Feint","hermit:Headshot"],"picked":"hermit:Manifest","floor":2.0},{"not_picked":["hermit:Spite","hermit:Coalescence"],"picked":"hermit:Reprieve","floor":6.0},{"not_picked":["hermit:Shortfuse","hermit:Cheat","hermit:HoleUp"],"picked":"SKIP","floor":8},{"not_picked":["hermit:Shortfuse","hermit:Cheat","hermit:HoleUp"],"picked":"SKIP","floor":8},{"not_picked":["hermit:Snipe","hermit:Vantage"],"picked":"hermit:Roulette","floor":10},{"not_picked":["hermit:TakeCover","hermit:Dive"],"picked":"hermit:GoldenBullet","floor":12}],"player_experience":1179081,"relics_obtained":[{"floor":6.0,"key":"Replay:Rubber Ducky"},{"floor":8,"key":"Ancient Tea Set"},{"floor":12,"key":"Prayer Wheel"}],"event_choices":[{"damage_healed":0.0,"max_hp_gain":0.0,"max_hp_loss":0.0,"gold_gain":0.0,"event_name":"Living Wall","player_choice":"Grow","floor":3.0,"gold_loss":0.0,"damage_taken":0.0,"cards_upgraded":["hermit:Manifest"]},{"damage_healed":0.0,"max_hp_gain":5.0,"max_hp_loss":0.0,"gold_gain":0.0,"event_name":"Big Fish","player_choice":"Donut","floor":5.0,"gold_loss":0.0,"damage_taken":0.0}],"is_beta":false,"boss_relics":[],"items_purged_floors":[],"is_endless":false,"potions_floor_spawned":[2,6,12],"killed_by":"Hexaghost","ascension_level":0}}