{"host":"lmshf3swj20gmdor","time":1614354370,"event":{"mods":["2.2 Compatiblity","BaseMod","Conspire","Downfall","Googly Eyes","Hubris","Minty Spire (QoL Compilation)","Replay The Spire","Spikes Relics","StSLib","Synergy Search","The Servant 0.9.4"],"gold_per_floor":[99,119,135,135,151,183,183,211,121,121,139,158,158,178,193,291,391,291,308,327,339,324,324,399,410,436,436,462,462,462,462],"floor_reached":29,"language":"ENG","playtime":3802,"items_purged":["Replay:Hysterical Blindness"],"score":332,"play_id":"1b6b7531-5680-4144-93f1-91914c388c4b","local_time":"20210226154610","is_ascension_mode":true,"campfire_choices":[{"data":"Metamorphosis","floor":1,"key":"SMITH"},{"floor":10,"key":"REST"},{"floor":13,"key":"REST"},{"floor":18,"key":"DIG"}],"circlet_count":0,"master_deck":["bronze:Strike","bronze:Strike","bronze:Defend","bronze:Defend","bronze:Defend","bronze:Defend","bronze:Replicate","bronze:Goto","Metamorphosis+1","bronze:ChosenStrike","bronze:Terminator","hubris:DuctTapeCard","bronze:Repair","bronze:InfiniteBeams","bronze:Verify","RitualDagger","Pot Of Greed","Pot Of Greed"],"relics":["bronze:BronzeCore","Bottled Flame","hubris:DuctTape","Replay:Wax Seal","Replay:Grab Bag","Replay:Wanted Poster","Busted Crown","bronze:ElectromagneticCoil","downfall:HeartBlessingGreen","Replay:Baseball","Pear","Grinning Jar","hubris:Towel","Snack Pack"],"acts_visited":["Exordium","TheCity"],"potions_floor_usage":[6,14,21,26,28,29,29],"damage_taken":[{"damage":7,"enemies":"Jaw Worm","floor":2,"turns":3},{"damage":15,"enemies":"Cultist","floor":3,"turns":5},{"damage":1,"enemies":"2 Louse","floor":5,"turns":2},{"damage":24,"enemies":"3 Sentries","floor":6,"turns":7},{"damage":13,"enemies":"Gremlin Nob","floor":8,"turns":3},{"damage":5,"enemies":"downfall:FleeingMerchant","floor":9,"turns":4},{"damage":2,"enemies":"downfall:LooterAlt","floor":11,"turns":4},{"damage":13,"enemies":"3 Louse","floor":12,"turns":5},{"damage":0,"enemies":"Large Slime","floor":14,"turns":3},{"damage":9,"enemies":"Blue Slaver","floor":15,"turns":4},{"damage":33,"enemies":"IC_STATUS_ARCHETYPE","floor":16,"turns":5},{"damage":33,"enemies":"3 Byrds","floor":19,"turns":5},{"damage":5,"enemies":"Spheric Guardian","floor":20,"turns":3},{"damage":21,"enemies":"Snecko","floor":21,"turns":4},{"damage":3,"enemies":"downfall:FleeingMerchant","floor":22,"turns":4},{"damage":37,"enemies":"Centurion and Healer","floor":25,"turns":6},{"damage":4,"enemies":"Book of Stabbing","floor":26,"turns":3},{"damage":0,"enemies":"Gremlin Leader","floor":28,"turns":4},{"damage":39,"enemies":"Colosseum Nobs","floor":29,"turns":3}],"seed_played":"-3755651197606343739","potions_obtained":[{"floor":4,"key":"downfall:CursedFountainPotion"},{"floor":5,"key":"LiquidBronze"},{"floor":11,"key":"Explosive Potion"},{"floor":12,"key":"EssenceOfSteel"},{"floor":15,"key":"ColorlessPotion"},{"floor":21,"key":"Elixir"},{"floor":26,"key":"Cursed Concoction"},{"floor":28,"key":"Weak Potion"}],"is_trial":false,"path_per_floor":["R","M","M","?","M","E","T","E","$","R","M","M","R","M","M","B",null,"R","M","M","M","$","?","T","M","E","?","E","?"],"character_chosen":"THE_AUTOMATON","items_purchased":[],"campfire_rested":2,"item_purchase_floors":[],"current_hp_per_floor":[70,63,48,48,47,23,23,10,5,26,24,11,32,39,37,11,70,70,39,48,34,38,32,42,12,15,15,22,0,0,0],"gold":462,"neow_bonus":"RANDOM_COLORLESS_2","is_daily":false,"chose_seed":false,"campfire_upgraded":1,"win_rate":0.0,"timestamp":1614354370,"path_taken":["R","M","M","?","M","E","T","E","?","R","M","M","R","M","M","BOSS","R","M","M","M","$","?","T","M","E","?","E","?"],"items_purchased_type":[],"build_version":"2020-12-22","purchased_purges":1,"victory":false,"max_hp_per_floor":[70,70,70,70,70,70,70,70,70,70,70,70,70,70,70,70,70,70,70,70,70,70,70,80,80,80,80,80,80,80,80],"card_choices":[{"not_picked":["ReplayTheSpireMod:Necrogeddon","Violence"],"picked":"Metamorphosis","floor":0},{"not_picked":["bronze:DelayedGuard","bronze:Turbo"],"picked":"bronze:ChosenStrike","floor":2},{"not_picked":["bronze:CutThrough","bronze:Philosophize","bronze:FineTuning"],"picked":"SKIP","floor":3},{"not_picked":["bronze:Boost","bronze:WildBeam","bronze:Backtrace"],"picked":"SKIP","floor":5},{"not_picked":["bronze:Shield","bronze:Mutator"],"picked":"bronze:Terminator","floor":6},{"not_picked":["bronze:WhirlingStrike","bronze:Overload","bronze:Repulsor"],"picked":"SKIP","floor":8},{"not_picked":["bronze:Deprecate","bronze:CutThrough","bronze:Constructor"],"picked":"SKIP","floor":9},{"not_picked":["bronze:Separator","bronze:ChosenStrike","bronze:Frontload"],"picked":"SKIP","floor":11},{"not_picked":["bronze:DelayedSlice","bronze:Flail"],"picked":"bronze:Repair","floor":12},{"not_picked":["bronze:ThunderWave","bronze:GetLatest","bronze:Repulsor"],"picked":"SKIP","floor":14},{"not_picked":["bronze:Separator","bronze:BuggyMess"],"picked":"bronze:InfiniteBeams","floor":15},{"not_picked":["bronze:BurnOut","bronze:AlphaBuild"],"picked":"bronze:Verify","floor":16},{"not_picked":["bronze:Branch"],"picked":"SKIP","floor":19},{"not_picked":["bronze:ChosenStrike"],"picked":"SKIP","floor":20},{"not_picked":["bronze:Iterate+1"],"picked":"SKIP","floor":21},{"not_picked":["bronze:BugBarrage"],"picked":"SKIP","floor":22},{"not_picked":["bronze:Refactor+1"],"picked":"SKIP","floor":25},{"not_picked":["bronze:Fortify"],"picked":"SKIP","floor":26},{"not_picked":["bronze:FollowUp+1"],"picked":"SKIP","floor":28}],"player_experience":860708,"relics_obtained":[{"floor":6,"key":"Bottled Flame"},{"floor":7,"key":"hubris:DuctTape"},{"floor":8,"key":"Replay:Wax Seal"},{"floor":18,"key":"Replay:Baseball"},{"floor":24,"key":"Pear"},{"floor":26,"key":"Grinning Jar"},{"floor":28,"key":"Snack Pack"}],"event_choices":[],"is_beta":false,"boss_relics":[{"not_picked":["hubris:Stopwatch","hubris:GrandSneckoEye"],"picked":"Replay:Grab Bag"},{"not_picked":["Fusion Hammer","Sozu"],"picked":"Replay:Wanted Poster"},{"not_picked":["Philosopher\u0027s Stone","Cursed Key"],"picked":"Busted Crown"},{"not_picked":["Runic Pyramid","hubris:HollowSoul"],"picked":"bronze:ElectromagneticCoil"}],"items_purged_floors":[9],"is_endless":false,"potions_floor_spawned":[5,11,12,15,16,21,25,26,28],"killed_by":"Colosseum Nobs","ascension_level":2}}