{"host":"opdum64sdiqzxm7l","time":1614374014,"event":{"mods":["Act Like it!","Aspiration","BaseMod","Bossed Relics","CapriCore","Colored Powertips","Conspire","Energized Spire","Friendly Minions","Gold Saver","Hubris","Hunter 猎人","Jedi Mod","Lobotomy","LobotomyExtend","Minty Spire (QoL Compilation)","MostiFishMod","Pale of the Ancients","Poor People Problems","Quick Restart","Reliquary","Replay The Spire","RumiaBox-露米娅的神秘盒子","Ryuuou龙王","Slay the Relics Exporter","Spicy Shops","StSLib","TestMod","Transform Curses","UnlockEverythingMod","Waifu the Spire","[IsaacMod]以撒尖塔","[功能]功能增强和修复MOD","【功能Mod】混沌之环修复补丁","【功能Mod】聪明的最终Boss","【遗物卡牌】REMEMod"],"gold_per_floor":[149,149,149,149,149,19,82,82,164,164,183,358,358,235,235,360,360,379,379,147,147,167,223,223,258,339,339,339,1338,1388,1388,1388,1390,1390,1410,1291,1299,1301,1301],"floor_reached":38,"language":"ZHS","playtime":2661,"items_purged":["Normality"],"score":576,"play_id":"51224073-f445-4616-850b-5afc405b1f4f","local_time":"20210227051334","is_ascension_mode":false,"campfire_choices":[{"data":"GremlinNobPetCall","floor":10,"key":"SMITH"},{"floor":15,"key":"DIG"},{"data":"CultistForm","floor":24,"key":"SMITH"},{"data":"Spirit Of Beast","floor":32,"key":"SMITH"}],"circlet_count":0,"master_deck":["Defend_Giant+1","Defend_Giant+1","Defend_Giant+1","Defend_Giant+1","CultistPetCall","EagleFirst","EagleFirst","EagleSecond","Spirit Of Beast+1","Wellcheers","GremlinTsunderePetCall","GremlinNobPetCall+1","Combo Form","Combo Defend","Backflip Giant","VoidDream","EagleThird","CultistForm+1","Storm Of Blood","Duplicate Hand","testmod-Reflect","Echo Defend Giant+1","hubris:NaturalOne","GhostForm_Giant+1","Beast Master+1"],"relics":["GiantSoulBox","REME_ComplimentaryCards","DaveBox","testmod-TestBox","HushsDoor","GuppysTail","testmod-Temperance","HollowDreamFlower","CogitoBucket","RabbitCall","LetterFromLob","testmod-IntensifyImprint","SteamSale","conspire:TreasureMap","hubris:64BitClover","reliquary:ExpiredCoupon","Singing Bowl","jedi:matchstick","Pet Ghost","GodSword7","jedi:purplefairy","HellTrain","MutagenicStrength","testmod-RealStoneCalender","reliquary:CitrusReamer","Replay:Bandana","hubris:Towel","DianPoetry","GiantSoulStone","Molten Egg 2","SSSystem","Replay:Bottled Eggs","reliquary:IridiumChain","reliquary:FerryPass","hubris:Icosahedron","testmod-HeartOfStrike","Theresia","Replay:Multitool","Velvet Choker","reliquary:TridentHead","conspire:GiftBox","reliquary:FingerTrap","HonorFeather","Moonlight_r","Gaze_r","ShedSkin_r"],"acts_visited":["Exordium","TheCity","TheBeyond"],"potions_floor_usage":[16,23,33],"damage_taken":[{"damage":1,"enemies":"Jaw Worm","floor":1,"turns":3},{"damage":2,"enemies":"Small Slimes","floor":5,"turns":3},{"damage":4,"enemies":"3 Sentries","floor":7,"turns":4},{"damage":0,"enemies":"Cultist","floor":11,"turns":4},{"damage":7,"enemies":"Exordium Thugs","floor":13,"turns":5},{"damage":14,"enemies":"Fading Forest","floor":16,"turns":11},{"damage":41,"enemies":"Chosen","floor":18,"turns":5},{"damage":0,"enemies":"Shell Parasite","floor":22,"turns":4},{"damage":0,"enemies":"Replay:Snechameleon","floor":23,"turns":3},{"damage":6,"enemies":"conspire:Head Lice","floor":25,"turns":5},{"damage":3,"enemies":"Slavers","floor":28,"turns":4},{"damage":13,"enemies":"conspire:HollyBat","floor":30,"turns":5},{"damage":40,"enemies":"Automaton","floor":33,"turns":6},{"damage":22,"enemies":"3 Darklings","floor":35,"turns":5},{"damage":0,"enemies":"3 Darklings","floor":37,"turns":4},{"damage":0,"enemies":"3 Darklings","floor":37,"turns":3},{"damage":38,"enemies":"conspire:MimicChest","floor":38,"turns":5}],"seed_played":"-6153014756363254000","potions_obtained":[{"floor":5,"key":"LiquidMemories"},{"floor":5,"key":"SteroidPotion"},{"floor":7,"key":"PowerPotion"},{"floor":22,"key":"SmokeBomb"},{"floor":25,"key":"Energy Potion"},{"floor":33,"key":"Fire Potion"}],"is_trial":false,"path_per_floor":["M","?","$","?","M","$","E","T","T","R","M","?","M","$","R","B",null,"M","?","$","?","M","E","R","E","T","?","E","?","M","?","R","B",null,"M","$","?","?"],"character_chosen":"Giant","items_purchased":["SteamSale","conspire:TreasureMap","hubris:64BitClover","GremlinNobPetCall","Combo Form","CultistForm","Pet Ghost","GodSword7","testmod-RealStoneCalender","Damocles","reliquary:CitrusReamer","Duplicate Hand","testmod-Reflect","Replay:Bandana","reliquary:TridentHead","conspire:GiftBox","reliquary:FingerTrap"],"campfire_rested":0,"item_purchase_floors":[6,6,6,6,6,14,14,14,20,20,20,20,20,20,36,36,36],"current_hp_per_floor":[64,64,64,64,63,63,69,69,69,69,70,70,65,65,65,67,75,35,35,35,35,39,48,53,51,51,51,53,53,56,56,61,31,85,63,63,33,0,0],"gold":1301,"neow_bonus":"","is_daily":false,"chose_seed":false,"campfire_upgraded":3,"win_rate":0.0,"timestamp":1614374014,"path_taken":["M","?","$","?","?","?","E","?","T","R","?","?","?","?","R","BOSS","M","?","$","?","?","E","R","E","T","?","E","?","?","?","R","BOSS","M","$","?","?"],"items_purchased_type":["Relic","Relic","Relic","Card","Card","Card","Relic","Relic","Relic","Relic","Relic","Card","Card","Relic","Relic","Relic","Relic"],"build_version":"2020-12-22","purchased_purges":1,"victory":false,"max_hp_per_floor":[65,65,65,65,65,65,70,70,70,70,70,70,70,70,70,75,75,75,75,75,75,75,80,80,80,80,80,80,80,85,85,85,85,85,85,85,82,82,82],"card_choices":[{"not_picked":["Infinite Combo","Struggle Attack"],"picked":"Spirit Of Beast","floor":1},{"not_picked":["CherryBlossoms","VoidDream"],"picked":"Wellcheers","floor":5},{"not_picked":["Echo Defend Giant","Combo Defend"],"picked":"GremlinTsunderePetCall","floor":5},{"not_picked":["UniverseFragment","MHz"],"picked":"LaLuna","floor":7},{"not_picked":["Trace_Giant","HPGrowth_Giant"],"picked":"Combo Defend","floor":7},{"not_picked":["LongBird","Bloodbath"],"picked":"PunishingBird","floor":11},{"not_picked":["EagleSecond","Calmness Giant"],"picked":"Backflip Giant","floor":11},{"not_picked":["OldLady","DespairKnight"],"picked":"VoidDream","floor":13},{"not_picked":["GremlinTsunderePetCall","Combo Recycle"],"picked":"EagleThird","floor":13},{"not_picked":["TakeAll_Giant","BattleMaster_Giant"],"picked":"Storm Of Blood","floor":16},{"not_picked":["Sacrifice Summons+1","Struggle Attack","Random Death Rattle+1"],"picked":"SKIP","floor":18},{"not_picked":["Commander_Giant","Combo Defend"],"picked":"Echo Defend Giant+1","floor":22},{"not_picked":["MHz","LaLuna"],"picked":"Mercenary","floor":23},{"not_picked":["Echo Defend Giant+1","Revenge Attack+1","Up Up Up"],"picked":"SKIP","floor":23},{"not_picked":["Combo Defend","Burning Pact Giant","EagleSecond+1"],"picked":"SKIP","floor":25},{"not_picked":["CultistForm","Duplicate Hand+1","Pummel Giant+1"],"picked":"SKIP","floor":28},{"not_picked":["Up Up Up","Duplicate Hand+1","TakeAction_Giant"],"picked":"SKIP","floor":30},{"not_picked":["One Blood","MultiTurn_Giant"],"picked":"GhostForm_Giant","floor":33},{"not_picked":["GremlinTsunderePetCall+1","Echo Defend Giant","Struggle Attack+1"],"picked":"SKIP","floor":35},{"not_picked":["Upgrade_Giant","SnakeForm"],"picked":"Beast Master","floor":36}],"player_experience":9618,"relics_obtained":[{"floor":1,"key":"LetterFromLob"},{"floor":7,"key":"reliquary:ExpiredCoupon"},{"floor":8,"key":"Singing Bowl"},{"floor":9,"key":"jedi:matchstick"},{"floor":15,"key":"jedi:purplefairy"},{"floor":22,"key":"DianPoetry"},{"floor":23,"key":"GiantSoulStone"},{"floor":23,"key":"Molten Egg 2"},{"floor":23,"key":"SSSystem"},{"floor":25,"key":"Replay:Bottled Eggs"},{"floor":25,"key":"reliquary:IridiumChain"},{"floor":26,"key":"reliquary:FerryPass"},{"floor":28,"key":"testmod-HeartOfStrike"},{"floor":33,"key":"Replay:Multitool"}],"event_choices":[{"damage_healed":0,"gold_gain":0,"player_choice":"Box","damage_taken":0,"relics_obtained":["testmod-IntensifyImprint"],"max_hp_gain":0,"max_hp_loss":0,"event_name":"Big Fish","floor":2,"gold_loss":0,"cards_obtained":["Regret"]},{"damage_healed":0,"gold_gain":175,"player_choice":"AGREE","damage_taken":0,"max_hp_gain":0,"max_hp_loss":0,"event_name":"Liars Game","floor":12,"gold_loss":0,"cards_obtained":["Doubt"]},{"damage_healed":0,"gold_gain":0,"player_choice":"Inject Mutagens","damage_taken":0,"relics_obtained":["MutagenicStrength"],"max_hp_gain":0,"max_hp_loss":0,"event_name":"Drug Dealer","floor":19,"gold_loss":0},{"damage_healed":0,"gold_gain":999,"player_choice":"Sell","damage_taken":0,"max_hp_gain":0,"max_hp_loss":0,"event_name":"恩洛斯的盘子","floor":29,"relics_lost":["energizedSpire:SpiderWeb"],"gold_loss":0}],"is_beta":false,"boss_relics":[{"not_picked":["aspiration:FutureDiary","Runic Dome"],"picked":"energizedSpire:SpiderWeb"},{"not_picked":[]},{"not_picked":["Snecko Eye","conspire:SeveredTorchhead"],"picked":"Velvet Choker"},{"not_picked":[]}],"items_purged_floors":[20],"is_endless":false,"potions_floor_spawned":[5,5,7,13,22,25,28,28,28,30,33,37],"killed_by":"conspire:MimicChest","ascension_level":0}}