{"host":"gl7tj3p8v5at7lpy","time":1614338878,"event":{"mods":["AchievementEnabler","BaseMod","Colored Map","DeckTracker","Minty Spire (QoL Compilation)","StSLib","SuperFastMode","everything is the same but u backflip on backflip"],"gold_per_floor":[219,219,12,25,25,54,54,86,86,86,86,105,130,146,146,222,222,240,240,60,92,112,112,141,151,177,177,205,42,62,74,74,74,74],"floor_reached":33,"language":"KOR","playtime":863,"items_purged":["Strike_R","Heavy Blade"],"score":656,"play_id":"eefb29c4-abc8-46ff-8ff1-4921e230f92f","local_time":"20210226202758","is_ascension_mode":true,"campfire_choices":[{"floor":11.0,"key":"REST"},{"data":"Evolve","floor":15.0,"key":"SMITH"},{"data":"Seeing Red","floor":23,"key":"SMITH"},{"data":"Immolate","floor":27,"key":"SMITH"},{"data":"Entrench","floor":32,"key":"SMITH"}],"circlet_count":0,"master_deck":["AscendersBane","Bash","Carnage","Bludgeon+1","Shrug It Off","Shockwave+1","Evolve+1","Blood for Blood","Feed","Entrench+1","Impervious","Inflame","Exhume","Bludgeon","Seeing Red+1","Whirlwind+1","Feel No Pain","Shrug It Off","Immolate+1","Power Through"],"relics":["Burning Blood","HornCleat","Centennial Puzzle","Letter Opener","Nunchaku","Pandora\u0027s Box","Red Mask","Ancient Tea Set","Bag of Marbles","Regal Pillow","Membership Card"],"acts_visited":["TheCity"],"potions_floor_usage":[21,22,33,33],"damage_taken":[{"damage":6.0,"enemies":"Cultist","floor":1.0,"turns":3.0},{"damage":10.0,"enemies":"Small Slimes","floor":4.0,"turns":4.0},{"damage":20.0,"enemies":"3 Sentries","floor":6.0,"turns":7.0},{"damage":10.0,"enemies":"Lagavulin","floor":8.0,"turns":6.0},{"damage":2.0,"enemies":"2 Louse","floor":12.0,"turns":3.0},{"damage":0.0,"enemies":"Gremlin Nob","floor":13.0,"turns":3.0},{"damage":11.0,"enemies":"Looter","floor":14.0,"turns":2.0},{"damage":16.0,"enemies":"Hexaghost","floor":16.0,"turns":7.0},{"damage":5.0,"enemies":"Spheric Guardian","floor":18.0,"turns":5.0},{"damage":17,"enemies":"Masked Bandits","floor":21,"turns":6},{"damage":12,"enemies":"Shell Parasite","floor":22,"turns":4},{"damage":36,"enemies":"Gremlin Leader","floor":24,"turns":7},{"damage":11,"enemies":"Shelled Parasite and Fungi","floor":25,"turns":3},{"damage":18,"enemies":"Book of Stabbing","floor":28,"turns":2},{"damage":6,"enemies":"Centurion and Healer","floor":30,"turns":5},{"damage":0,"enemies":"Snecko","floor":31,"turns":3},{"damage":23,"enemies":"Champ","floor":33,"turns":12}],"seed_played":"-6685226244291823850","potions_obtained":[{"floor":1.0,"key":"ColorlessPotion"},{"floor":8.0,"key":"Block Potion"},{"floor":13.0,"key":"Fire Potion"},{"floor":30,"key":"DuplicationPotion"},{"floor":31,"key":"Block Potion"}],"is_trial":false,"path_per_floor":["M","?","$","M","?","E","?","E","T","$","R","M","E","M","R","B",null,"M","?","$","?","M","R","E","M","T","R","E","$","M","M","R","B"],"character_chosen":"IRONCLAD","items_purchased":["Bludgeon","Shrug It Off","Feel No Pain","Membership Card"],"campfire_rested":1,"item_purchase_floors":[3,3,20,29],"current_hp_per_floor":[68,73,73,69,69,55,31,27,27,27,51,55,61,56,56,46,72,76,76,76,68,62,62,32,30,30,30,21,21,21,27,27,4,4],"gold":74,"neow_bonus":"HUNDRED_GOLD","is_daily":false,"chose_seed":false,"campfire_upgraded":4,"win_rate":0.0,"timestamp":1614338878,"path_taken":["M","?","$","M","?","E","?","E","T","?","R","M","E","M","R","BOSS","M","?","$","?","M","R","E","M","T","R","E","$","?","M","R","BOSS"],"items_purchased_type":["Card","Card","Card","Relic"],"build_version":"2020-12-22","purchased_purges":2,"victory":false,"max_hp_per_floor":[75,80,80,80,80,80,80,80,80,80,80,80,80,80,80,80,80,83,83,83,86,86,86,86,89,89,89,92,92,92,92,92,92,92],"card_choices":[{"not_picked":["Disarm","Rage"],"picked":"Carnage","floor":1.0},{"not_picked":["Rampage","Wild Strike","Rage"],"picked":"SKIP","floor":4.0},{"not_picked":["True Grit","Wild Strike"],"picked":"Shockwave","floor":6.0},{"not_picked":["True Grit","Sever Soul"],"picked":"Evolve","floor":8.0},{"not_picked":["Anger","Burning Pact","Headbutt"],"picked":"SKIP","floor":12.0},{"not_picked":["Warcry","Twin Strike","Clash"],"picked":"SKIP","floor":13.0},{"not_picked":["Spot Weakness","Flex"],"picked":"Blood for Blood","floor":14.0},{"not_picked":["Juggernaut","Berserk"],"picked":"Feed","floor":16.0},{"not_picked":["Spot Weakness+1","Headbutt"],"picked":"Whirlwind+1","floor":18.0},{"not_picked":["True Grit","Twin Strike"],"picked":"Shrug It Off","floor":21},{"not_picked":["Whirlwind","Shockwave","Sever Soul"],"picked":"SKIP","floor":22},{"not_picked":["Heavy Blade","Havoc"],"picked":"Immolate","floor":24},{"not_picked":["Whirlwind","Heavy Blade","Anger"],"picked":"SKIP","floor":25},{"not_picked":["Carnage","Bludgeon","True Grit"],"picked":"SKIP","floor":28},{"not_picked":["Flex","Shrug It Off"],"picked":"Power Through","floor":30},{"not_picked":["Pommel Strike","Sentinel+1","Thunderclap+1"],"picked":"SKIP","floor":31}],"player_experience":747187,"relics_obtained":[{"floor":6.0,"key":"HornCleat"},{"floor":8.0,"key":"Centennial Puzzle"},{"floor":9.0,"key":"Letter Opener"},{"floor":13.0,"key":"Nunchaku"},{"floor":21,"key":"Red Mask"},{"floor":24,"key":"Ancient Tea Set"},{"floor":26,"key":"Bag of Marbles"},{"floor":28,"key":"Regal Pillow"}],"event_choices":[{"damage_healed":0.0,"max_hp_gain":5.0,"max_hp_loss":0.0,"gold_gain":0.0,"event_name":"Big Fish","player_choice":"Donut","floor":2.0,"gold_loss":0.0,"damage_taken":0.0},{"damage_healed":0.0,"max_hp_gain":0.0,"max_hp_loss":0.0,"gold_gain":0.0,"event_name":"Liars Game","player_choice":"Ignored","floor":5.0,"gold_loss":0.0,"damage_taken":0.0},{"damage_healed":0.0,"max_hp_gain":0.0,"max_hp_loss":0.0,"gold_gain":0.0,"event_name":"Shining Light","player_choice":"Entered Light","floor":7.0,"gold_loss":0.0,"damage_taken":24.0,"cards_upgraded":["Bludgeon","Shockwave"]},{"cards_removed":["Cleave"],"damage_healed":0.0,"max_hp_gain":0.0,"max_hp_loss":0.0,"gold_gain":0.0,"event_name":"Back to Basics","player_choice":"Elegance","floor":19.0,"gold_loss":0.0,"damage_taken":0.0},{"damage_healed":0,"gold_gain":0,"player_choice":"Fought Bandits","damage_taken":0,"max_hp_gain":0,"max_hp_loss":0,"event_name":"Masked Bandits","floor":21,"gold_loss":0}],"is_beta":false,"boss_relics":[{"not_picked":["Philosopher\u0027s Stone","Calling Bell"],"picked":"Pandora\u0027s Box"}],"items_purged_floors":[3,20],"is_endless":false,"potions_floor_spawned":[1,8,13,18,30,31],"killed_by":"Champ","ascension_level":20}}