{"host":"Sean","time":1614350653,"event":{"mods":["BaseMod","Block Reminder","Colored Map","Colored Powertips","Highlight Path","Minty Spire (QoL Compilation)","Permanent Neow","Relic Stats"],"gold_per_floor":[113,127,127,147,20,20,30,62,86,97,126,138,184,206,218,304,316,347,379,391,318,345,685,697,709,744,789,204,204,221,239,239,311,311,324,324,324,18,30,30,30,30],"floor_reached":41,"language":"ENG","playtime":2250,"items_purged":["Strike_R","Defend_R+1","Defend_R+1"],"score":835,"play_id":"d55e831f-904f-40b2-8310-bc9139705472","local_time":"20210226144413","is_ascension_mode":true,"campfire_choices":[{"data":"Perfected Strike","floor":6.0,"key":"SMITH"},{"data":"Whirlwind","floor":15.0,"key":"SMITH"},{"data":"Disarm","floor":25.0,"key":"SMITH"},{"data":"Inflame","floor":29.0,"key":"SMITH"},{"floor":32.0,"key":"REST"},{"data":"Fiend Fire","floor":40,"key":"SMITH"}],"circlet_count":0,"master_deck":["AscendersBane","Strike_R+1","Strike_R+1","Strike_R+1","Strike_R+1","Defend_R+1","Defend_R+1","Bash","Pommel Strike","Thunderclap","Anger","Perfected Strike+1","Whirlwind+1","Hemokinesis","Shrug It Off","Flame Barrier","Disarm+1","Feed","CurseOfTheBell","Battle Trance","Headbutt+1","Anger","Inflame+1","Whirlwind","Shrug It Off","Fiend Fire+1","Dark Embrace","Feel No Pain","Rage"],"relics":["Burning Blood","Nunchaku","Bag of Preparation","Red Skull","MawBank","Pear","Calling Bell","Pen Nib","Singing Bowl","Pocketwatch","Ornamental Fan","Old Coin","Lantern","Potion Belt","Frozen Eye","SlaversCollar","Membership Card","Bag of Marbles"],"acts_visited":["Exordium","TheCity","TheBeyond"],"potions_floor_usage":[],"damage_taken":[{"damage":0.0,"enemies":"Small Slimes","floor":1.0,"turns":3.0},{"damage":6.0,"enemies":"Cultist","floor":2.0,"turns":3.0},{"damage":7.0,"enemies":"2 Louse","floor":4.0,"turns":2.0},{"damage":17.0,"enemies":"Exordium Thugs","floor":7.0,"turns":4.0},{"damage":12.0,"enemies":"3 Sentries","floor":8.0,"turns":5.0},{"damage":2.0,"enemies":"Large Slime","floor":10.0,"turns":3.0},{"damage":2.0,"enemies":"Gremlin Nob","floor":11.0,"turns":2.0},{"damage":19.0,"enemies":"3 Sentries","floor":13.0,"turns":7.0},{"damage":0.0,"enemies":"Blue Slaver","floor":14.0,"turns":3.0},{"damage":59.0,"enemies":"Slime Boss","floor":16.0,"turns":9.0},{"damage":6.0,"enemies":"Spheric Guardian","floor":18.0,"turns":3.0},{"damage":4.0,"enemies":"3 Byrds","floor":19.0,"turns":3.0},{"damage":21.0,"enemies":"Centurion and Healer","floor":22.0,"turns":6.0},{"damage":42.0,"enemies":"Gremlin Leader","floor":23.0,"turns":7.0},{"damage":6.0,"enemies":"Slavers","floor":27.0,"turns":4.0},{"damage":2.0,"enemies":"Shelled Parasite and Fungi","floor":30.0,"turns":4.0},{"damage":11.0,"enemies":"Snake Plant","floor":31.0,"turns":4.0},{"damage":70.0,"enemies":"Automaton","floor":33.0,"turns":8.0},{"damage":8.0,"enemies":"Orb Walker","floor":35.0,"turns":4.0},{"damage":20,"enemies":"3 Darklings","floor":39,"turns":5},{"damage":99,"enemies":"Nemesis","floor":41,"turns":5}],"seed_played":"-767995264043937511","potions_obtained":[{"floor":2.0,"key":"GamblersBrew"},{"floor":3.0,"key":"Fire Potion"},{"floor":3.0,"key":"SkillPotion"},{"floor":10.0,"key":"ElixirPotion"},{"floor":11.0,"key":"EssenceOfSteel"},{"floor":18.0,"key":"LiquidMemories"},{"floor":19.0,"key":"LiquidMemories"},{"floor":33.0,"key":"SpeedPotion"}],"is_trial":false,"path_per_floor":["M","M","?","M","$","R","M","E","T","M","E","?","E","M","R","B",null,"M","M","?","?","M","E","T","R","T","E","$","R","M","M","R","B",null,"M","?","?","$","M","R","E"],"character_chosen":"IRONCLAD","items_purchased":["Perfected Strike","Inflame","Frozen Eye","CultistPotion","Explosive Potion","Weak Potion","Whirlwind","Membership Card","Bag of Marbles","Feel No Pain"],"campfire_rested":1,"item_purchase_floors":[5,28,28,28,28,28,28,38,38,38],"current_hp_per_floor":[78,78,78,77,77,77,66,60,60,64,68,68,65,71,71,18,72,75,77,77,77,65,31,31,31,31,36,36,36,43,40,72,8,83,81,81,81,81,67,67,0,0],"gold":30,"neow_bonus":"RANDOM_COMMON_RELIC","is_daily":false,"chose_seed":false,"campfire_upgraded":5,"win_rate":0.0,"timestamp":1614350653,"path_taken":["M","M","?","M","?","R","M","E","T","?","E","?","E","M","R","BOSS","M","M","?","?","M","E","?","R","T","E","$","R","M","M","R","BOSS","M","?","?","$","M","R","E"],"items_purchased_type":["Card","Card","Relic","Potion","Potion","Potion","Card","Relic","Relic","Card"],"build_version":"2020-12-18","purchased_purges":3,"victory":false,"max_hp_per_floor":[80,80,80,80,80,80,80,80,80,80,80,80,90,90,90,90,90,93,93,93,93,96,98,98,98,98,103,103,103,106,108,108,108,108,108,108,103,103,103,103,103,103],"relic_stats":{"Nunchaku":[20],"Singing Bowl":6,"counters":[21,94],"Ornamental Fan":[68],"Pen Nib":[11],"Bag of Preparation":[32],"MawBank":204,"obtain_stats":[{"Potion Belt":27,"Lantern":24,"Pear":13,"Singing Bowl":17,"Pen Nib":17,"Bag of Preparation":8,"MawBank":11,"Burning Blood":0,"Old Coin":23,"Calling Bell":17,"Frozen Eye":28,"SlaversCollar":34,"Nunchaku":0,"Ornamental Fan":21,"Bag of Marbles":38,"Membership Card":38,"Red Skull":9,"Pocketwatch":17},{"Potion Belt":15,"Lantern":14,"Pear":8,"Singing Bowl":10,"Pen Nib":10,"Bag of Preparation":5,"MawBank":7,"Burning Blood":0,"Old Coin":14,"Calling Bell":10,"Frozen Eye":15,"SlaversCollar":18,"Nunchaku":0,"Ornamental Fan":12,"Bag of Marbles":19,"Membership Card":19,"Red Skull":5,"Pocketwatch":10},{"Potion Belt":64,"Lantern":60,"Pear":29,"Singing Bowl":41,"Pen Nib":41,"Bag of Preparation":17,"MawBank":22,"Burning Blood":0,"Old Coin":60,"Calling Bell":41,"Frozen Eye":64,"SlaversCollar":80,"Nunchaku":0,"Ornamental Fan":47,"Bag of Marbles":84,"Membership Card":84,"Red Skull":17,"Pocketwatch":41}],"Burning Blood":120,"Pocketwatch":[81]},"card_choices":[{"not_picked":["Twin Strike","Body Slam"],"picked":"Pommel Strike","floor":1.0},{"not_picked":["Havoc","Combust"],"picked":"Thunderclap","floor":2.0},{"not_picked":["Power Through","Pommel Strike"],"picked":"Anger","floor":4.0},{"not_picked":["Ghostly Armor","Armaments"],"picked":"Whirlwind","floor":7.0},{"not_picked":["Reckless Charge","Uppercut"],"picked":"Hemokinesis","floor":8.0},{"not_picked":["Sentinel","Heavy Blade"],"picked":"Shrug It Off","floor":10.0},{"not_picked":["Cleave","Carnage"],"picked":"Flame Barrier","floor":11.0},{"not_picked":["Thunderclap","Heavy Blade","Clash"],"picked":"SKIP","floor":13.0},{"not_picked":["Rage","Sword Boomerang"],"picked":"Disarm","floor":14.0},{"not_picked":["Immolate","Limit Break"],"picked":"Feed","floor":16.0},{"not_picked":["Dropkick","Uppercut"],"picked":"Battle Trance","floor":18.0},{"not_picked":["Thunderclap","Feel No Pain"],"picked":"Headbutt+1","floor":19.0},{"not_picked":["Sword Boomerang","Heavy Blade"],"picked":"Anger","floor":22.0},{"not_picked":["Anger+1","Sword Boomerang","Flex"],"picked":"Singing Bowl","floor":23.0},{"not_picked":["Thunderclap","Searing Blow","Flex"],"picked":"Singing Bowl","floor":27.0},{"not_picked":["Metallicize","Rampage"],"picked":"Shrug It Off","floor":30.0},{"not_picked":["Reaper","Sword Boomerang","Perfected Strike"],"picked":"Singing Bowl","floor":31.0},{"not_picked":["Reaper","Immolate"],"picked":"Fiend Fire","floor":33.0},{"not_picked":["Twin Strike","True Grit"],"picked":"Dark Embrace","floor":35.0},{"not_picked":["Uppercut","Warcry"],"picked":"Rage","floor":39}],"player_experience":612194,"relics_obtained":[{"floor":8.0,"key":"Bag of Preparation"},{"floor":9.0,"key":"Red Skull"},{"floor":11.0,"key":"MawBank"},{"floor":13.0,"key":"Pear"},{"floor":17.0,"key":"Pen Nib"},{"floor":17.0,"key":"Singing Bowl"},{"floor":17.0,"key":"Pocketwatch"},{"floor":23.0,"key":"Old Coin"},{"floor":24.0,"key":"Lantern"},{"floor":27.0,"key":"Potion Belt"}],"event_choices":[{"damage_healed":0.0,"max_hp_gain":0.0,"max_hp_loss":0.0,"gold_gain":0.0,"event_name":"Lab","player_choice":"Got Potions","floor":3.0,"gold_loss":0.0,"damage_taken":0.0},{"damage_healed":0.0,"max_hp_gain":0.0,"max_hp_loss":0.0,"gold_gain":0.0,"event_name":"The Woman in Blue","player_choice":"Bought 0 Potions","floor":12.0,"gold_loss":0.0,"damage_taken":0.0},{"damage_healed":0.0,"max_hp_gain":0.0,"max_hp_loss":0.0,"gold_gain":0.0,"event_name":"Back to Basics","player_choice":"Simplicity","floor":20.0,"gold_loss":0.0,"damage_taken":0.0,"cards_upgraded":["Strike_R","Strike_R","Strike_R","Strike_R","Defend_R","Defend_R","Defend_R","Defend_R"]},{"damage_healed":0.0,"max_hp_gain":0.0,"max_hp_loss":0.0,"gold_gain":0.0,"event_name":"Addict","player_choice":"Obtained Relic","floor":21.0,"gold_loss":85.0,"damage_taken":0.0,"relics_obtained":["Ornamental Fan"]},{"damage_healed":0.0,"max_hp_gain":0.0,"max_hp_loss":0.0,"gold_gain":0.0,"event_name":"Mysterious Sphere","player_choice":"Ignored","floor":36.0,"gold_loss":0.0,"damage_taken":0.0},{"damage_healed":0.0,"max_hp_gain":0.0,"max_hp_loss":5.0,"gold_gain":0.0,"event_name":"Winding Halls","player_choice":"Max HP","floor":37.0,"gold_loss":0.0,"damage_taken":0.0}],"is_beta":true,"boss_relics":[{"not_picked":["Black Star","Snecko Eye"],"picked":"Calling Bell"},{"not_picked":["Black Blood","Pandora\u0027s Box"],"picked":"SlaversCollar"}],"items_purged_floors":[5,28,38],"is_endless":false,"potions_floor_spawned":[2,10,11,16,18,19,33],"killed_by":"Nemesis","ascension_level":13}}