{"host":"miczq86z2i77lhk7","time":1614376730,"event":{"mods":["AchievementEnabler","BaseMod","Colored Map","Colored Powertips","Downfall","Highlight Path","Lobotomy","LobotomyExtend","Minty Spire (QoL Compilation)","Replay The Spire","StSLib"],"gold_per_floor":[117,117,42,42,42,42,217,236,236,248,80,4,4,14,14,115,115,127,127,127,127,145,145,158,158,33,33,33],"floor_reached":27,"language":"ENG","playtime":2262,"items_purged":["Strike_R","Doubt","Defend_R"],"score":199,"play_id":"0ea3dc1a-6734-4245-8167-8bbb7c315ef7","local_time":"20210226225850","is_ascension_mode":false,"campfire_choices":[{"data":"Flame Barrier","floor":6,"key":"SMITH"},{"data":"True Grit","floor":13,"key":"SMITH"},{"floor":15,"key":"DIG"},{"data":"Evolve","floor":25,"key":"SMITH"}],"circlet_count":0,"master_deck":["Strike_R","Strike_R","Defend_R","Defend_R","Defend_R","Bash","Flame Barrier+1","Bloodbath","True Grit+1","Murderer","Pommel Strike","Evolve+1","Inflame","LittleHelper","Rudolta","SpiderBud","BlackArmy","DreamingCurrent"],"relics":["Burning Blood","CogitoBucket","LetterFromLob","Pet Ghost","Mummified Hand","Replay:Accelerometer","Sozu","BackwardClock"],"acts_visited":["Exordium","TheCity"],"potions_floor_usage":[],"damage_taken":[{"damage":6,"enemies":"2 Louse","floor":1,"turns":3},{"damage":1,"enemies":"Cultist","floor":8,"turns":4},{"damage":3,"enemies":"Small Slimes","floor":10,"turns":4},{"damage":14,"enemies":"3 Louse","floor":14,"turns":4},{"damage":102,"enemies":"Fading Forest","floor":16,"turns":11},{"damage":30,"enemies":"Shell Parasite","floor":18,"turns":4},{"damage":24,"enemies":"Chosen","floor":22,"turns":7},{"damage":26,"enemies":"3 Cultists","floor":24,"turns":6},{"damage":83,"enemies":"Chosen and Byrds","floor":27,"turns":6}],"seed_played":"4884250679245204228","potions_obtained":[{"floor":14,"key":"Elixir"}],"is_trial":false,"path_per_floor":["M","?","$","$","?","R","?","M","T","M","$","$","R","M","R_BF","B",null,"M","?","PTL","PTL","M","?","M","R","$","M"],"character_chosen":"IRONCLAD","items_purchased":["Evolve","Inflame"],"campfire_rested":0,"item_purchase_floors":[11,12],"current_hp_per_floor":[80,80,80,80,68,68,68,74,74,79,79,79,79,73,73,22,80,56,80,80,80,64,64,51,51,51,0,0],"gold":33,"neow_bonus":"","is_daily":false,"chose_seed":false,"campfire_upgraded":3,"win_rate":0.0,"timestamp":1614376730,"path_taken":["M","?","?","$","?","R","?","M","T","M","?","$","R","M","R_BF","BOSS","M","?","PTL","PTL","M","?","M","R","$","M"],"items_purchased_type":["Card","Card"],"build_version":"2020-12-22","purchased_purges":3,"victory":false,"max_hp_per_floor":[80,80,80,80,80,80,80,80,80,80,80,80,80,80,80,80,80,80,80,80,80,80,80,80,80,80,80,80],"card_choices":[{"not_picked":["ReplayTheSpireMod:Corrosion Curse","Run Through"],"picked":"Flame Barrier","floor":1},{"not_picked":["BigBadWolf","Wellcheers"],"picked":"Bloodbath","floor":1},{"not_picked":["Run Through","Blood for Blood"],"picked":"True Grit","floor":8},{"not_picked":["MeltingLove","PunishingBird"],"picked":"Murderer","floor":8},{"not_picked":["Body Slam","Armaments"],"picked":"Pommel Strike","floor":10},{"not_picked":["OSAHOGD","Laetitia"],"picked":"CherryBlossoms","floor":10},{"not_picked":["FairyFestival","SpiderBud"],"picked":"LittleHelper","floor":14},{"not_picked":["ReplayTheSpireMod:Strike From Hell","Perfected Strike","Clash"],"picked":"SKIP","floor":14},{"not_picked":["ReplayTheSpireMod:Strike From Hell","Perfected Strike","Clash"],"picked":"SKIP","floor":14},{"not_picked":["Laetitia","CrumblingArmor"],"picked":"Rudolta","floor":16},{"not_picked":["MHz","RedShoes"],"picked":"SpiderBud","floor":18},{"not_picked":["Wild Strike","Entrench","Twin Strike"],"picked":"SKIP","floor":18},{"not_picked":["FairyFestival","Scorched"],"picked":"BlackArmy","floor":22},{"not_picked":["Replay:Undeath\u0027s Touch","Shockwave+1","Clothesline+1"],"picked":"SKIP","floor":22},{"not_picked":["Scorched","HeroicMonk"],"picked":"DreamingCurrent","floor":24},{"not_picked":["Cleave","Clothesline+1","Dropkick"],"picked":"SKIP","floor":24},{"not_picked":["Cleave","Clothesline+1","Dropkick"],"picked":"SKIP","floor":24}],"player_experience":109716,"relics_obtained":[{"floor":1,"key":"LetterFromLob"},{"floor":9,"key":"Mummified Hand"},{"floor":15,"key":"Replay:Accelerometer"}],"event_choices":[{"cards_removed":["Strike_R"],"damage_healed":0,"gold_gain":0,"player_choice":"Offered Basic","damage_taken":0,"max_hp_gain":0,"max_hp_loss":0,"event_name":"Bonfire Elementals","floor":2,"gold_loss":0},{"damage_healed":0,"gold_gain":0,"player_choice":"Success","damage_taken":12,"relics_obtained":["Pet Ghost"],"max_hp_gain":0,"max_hp_loss":0,"event_name":"Scrap Ooze","floor":5,"gold_loss":0},{"damage_healed":0,"gold_gain":175,"player_choice":"AGREE","damage_taken":0,"max_hp_gain":0,"max_hp_loss":0,"event_name":"Liars Game","floor":7,"gold_loss":0,"cards_obtained":["Doubt"]},{"damage_healed":26,"gold_gain":0,"player_choice":"Heal","damage_taken":0,"max_hp_gain":0,"max_hp_loss":0,"event_name":"The Library","floor":19,"gold_loss":0}],"is_beta":false,"boss_relics":[{"not_picked":["Replay:Wanted Poster","Kintsugi"],"picked":"Sozu"}],"items_purged_floors":[3,11,26],"is_endless":false,"potions_floor_spawned":[14,18],"killed_by":"Chosen and Byrds","ascension_level":0}}