{"host":"5vxoi0a3x57fg5l4","time":1614298762,"event":{"mods":["Act Like it!","BaseMod","GifTheSpireLib","Hallownest","Minty Spire (QoL Compilation)","Permanent Neow","Quick Restart","Relic Sorter","Relic Stats","StSLib","The Bug Knight","UnlockEverythingMod"],"gold_per_floor":[20,20,20,20,32,32,42,42,67,95,0,0,10,45,45,145,145,158,39,59,59,70,70,70,86,86,86,105,69,82,98,98,196,196,207,137,137,147,0,29,29,55,55,74,84,94,94,14,14,14,14,14,14,47,47,47],"floor_reached":55,"language":"ENG","playtime":5683,"items_purged":[],"score":714,"play_id":"d1994142-30ec-49c9-b2f8-1d2b8bb053bd","local_time":"20210225211921","is_ascension_mode":false,"campfire_choices":[{"data":"HollowMod:ZotesMagnificence","floor":6.0,"key":"SMITH"},{"floor":8.0,"key":"RECALL"},{"data":"HollowMod:FocusHealStart","floor":12.0,"key":"SMITH"},{"floor":15.0,"key":"REST"},{"data":"HollowMod:PureNailStrike","floor":23.0,"key":"SMITH"},{"floor":32.0,"key":"REST"},{"floor":41.0,"key":"REST"},{"data":"HollowMod:Hiveblood","floor":47.0,"key":"SMITH"},{"floor":49.0,"key":"REST"},{"data":"HollowMod:Weaversong","floor":52.0,"key":"SMITH"}],"circlet_count":0,"master_deck":["HollowMod:NailStrikeStart","HollowMod:NailStrikeStart","HollowMod:NailStrikeStart","HollowMod:QuickDashStart","HollowMod:QuickDashStart","HollowMod:QuickDashStart","HollowMod:FocusHealStart+1","HollowMod:PogoStrike","HollowMod:ZotesMagnificence+1","HollowMod:CycloneSlash","HollowMod:GoodIntentions","HollowMod:PureNailStrike+1","HollowMod:DesolateDive","HollowMod:NewGlowingWomb","HollowMod:GreatSlash","HollowMod:Hiveblood+1","HollowMod:SoulEater","HollowMod:GrimmsGift","HollowMod:HeavyBlow","HollowMod:HowlingWraiths","HollowMod:HeavyBlow","HollowMod:SoulEater","Hallownest:curseDreamersLament","HollowMod:SoulVessel+1","HollowMod:MothsMistake","HollowMod:SiblingsSouls+1","HollowMod:RecoilStrike","HollowMod:CycloneSlash","HollowMod:Weaversong+1","CurseOfTheBell","HollowMod:HeavyBlow+1","HollowMod:SoulStrike","HollowMod:GoodIntentions","HollowMod:DoubleDash+1","HollowMod:InfectedCysts+1","HollowMod:PerfectDash+1","HollowMod:ShapeofUnn+1","HollowMod:TaintedHusks+1","HollowMod:PureNailStrike","HollowMod:NewJinnsSoul+1","Hallownest:attackMasterDashSlash","HollowMod:VengefulSpirit","HollowMod:MantisMark+1"],"relics":["HollowMod:VesselMask","StoneCalendar","Dream Catcher","Pear","Anchor","White Beast Statue","Snecko Eye","Ice Cream","Hallownest:WatcherSealRelic","Calling Bell","Lantern","HollowMod:LumaflyLanternRelic","Potion Belt","Happy Flower","Bird Faced Urn","Gambling Chip","Bottled Tornado"],"acts_visited":["Hallownest:Greenpath","Hallownest:CityofTears","Hallownest:KingdomsEdge","TheEnding"],"potions_floor_usage":[55,55],"damage_taken":[{"damage":0.0,"enemies":"2_ Uuma","floor":1.0,"turns":2.0},{"damage":12.0,"enemies":"Hallownest:monsterMarmu","floor":2.0,"turns":3.0},{"damage":1.0,"enemies":"Hallownest:2_Baldur","floor":5.0,"turns":3.0},{"damage":0.0,"enemies":"Hallownest:monsterHuskWarrior","floor":7.0,"turns":2.0},{"damage":13.0,"enemies":"Hallownest:eliteVengeflyKing","floor":10.0,"turns":4.0},{"damage":9.0,"enemies":"Hallownest:MossCreep_and_Mosskin","floor":13.0,"turns":4.0},{"damage":5.0,"enemies":"Hallownest:eliteVengeflyKing","floor":14.0,"turns":4.0},{"damage":75.0,"enemies":"Hallownest:BossHornet","floor":16.0,"turns":13.0},{"damage":20.0,"enemies":"Hallownest:2_Mistakes","floor":18.0,"turns":3.0},{"damage":0.0,"enemies":"Hallownest:Guard_and_Sentry","floor":20.0,"turns":3.0},{"damage":0.0,"enemies":"Hallownest:monsterShrumalOgre","floor":21.0,"turns":2.0},{"damage":28.0,"enemies":"Hallownest:2_Husk_Sentries","floor":22.0,"turns":4.0},{"damage":3.0,"enemies":"Hallownest:Warrior_and_Youth","floor":25.0,"turns":3.0},{"damage":17.0,"enemies":"Hallownest:3_Mistakes","floor":28.0,"turns":4.0},{"damage":35.0,"enemies":"Hallownest:monsterShrumalOgre","floor":30.0,"turns":6.0},{"damage":15.0,"enemies":"Hallownest:2_Flukemon","floor":31.0,"turns":4.0},{"damage":41.0,"enemies":"Hallownest:BossSoulMaster","floor":33.0,"turns":7.0},{"damage":45.0,"enemies":"Hallownest:Shield_Heavy","floor":35.0,"turns":5.0},{"damage":22.0,"enemies":"Hallownest:2_Littles","floor":38.0,"turns":4.0},{"damage":16.0,"enemies":"Hallownest:eliteHiveKnight","floor":40.0,"turns":7.0},{"damage":11.0,"enemies":"Hallownest:StalkingDevout","floor":42.0,"turns":5.0},{"damage":0.0,"enemies":"Hallownest:2_Soldiers_and_1_Guardian","floor":44.0,"turns":4.0},{"damage":18.0,"enemies":"Hallownest:2_Wandering_and_1_Horned","floor":45.0,"turns":5.0},{"damage":25.0,"enemies":"Hallownest:Shield_Sturdy","floor":46.0,"turns":5.0},{"damage":38.0,"enemies":"Hallownest:Radiance","floor":50.0,"turns":10.0},{"damage":21.0,"enemies":"Shield and Spear","floor":54.0,"turns":5.0},{"damage":147,"enemies":"The Heart","floor":55,"turns":8}],"seed_played":"-2176003134509508685","potions_obtained":[{"floor":7.0,"key":"Fire Potion"},{"floor":13.0,"key":"CultistPotion"},{"floor":16.0,"key":"CultistPotion"},{"floor":18.0,"key":"FairyPotion"},{"floor":20.0,"key":"SmokeBomb"},{"floor":22.0,"key":"SpeedPotion"},{"floor":25.0,"key":"LiquidBronze"},{"floor":30.0,"key":"Block Potion"},{"floor":31.0,"key":"SneckoOil"},{"floor":33.0,"key":"EssenceOfSteel"},{"floor":35.0,"key":"EssenceOfSteel"},{"floor":38.0,"key":"DuplicationPotion"},{"floor":40.0,"key":"DistilledChaos"},{"floor":42.0,"key":"Explosive Potion"},{"floor":44.0,"key":"SkillPotion"},{"floor":45.0,"key":"ColorlessPotion"},{"floor":46.0,"key":"Weak Potion"},{"floor":54.0,"key":"Strength Potion"}],"is_trial":false,"path_per_floor":["M","?","?","?","M","R","M","R","T","?","?","R","M","E","R","B",null,"M","$","M","M","M","R","?","M","T","?","M","$","M","M","R","B",null,"M","$","T","M","$","E","R","E","T","M","M","M","R","?","R","B",null,"R","$","E","B"],"character_chosen":"THE_BUGKNIGHT","items_purchased":["HollowMod:SoulEater","HollowMod:GrimmsGift","HollowMod:MothsMistake","HollowMod:SoulStrike","HollowMod:GoodIntentions","Potion Belt"],"campfire_rested":4,"item_purchase_floors":[19,19,29,36,36,39],"current_hp_per_floor":[75,63,63,63,68,68,68,68,68,71,71,71,68,69,85,35,85,70,70,76,76,58,58,58,61,61,61,50,50,33,28,53,37,85,54,54,54,38,38,31,56,59,59,67,67,60,60,60,85,71,85,85,85,75,0,0],"gold":47,"neow_bonus":"THREE_RARE_CARDS","is_daily":false,"chose_seed":false,"campfire_upgraded":5,"win_rate":0.0,"timestamp":1614298761,"path_taken":["M","?","?","?","M","R","M","R","T","?","?","R","?","E","R","BOSS","M","$","M","M","?","R","?","M","T","?","M","$","M","?","R","BOSS","M","$","?","M","$","E","R","E","T","M","M","M","R","?","R","BOSS","R","$","E","BOSS"],"items_purchased_type":["Card","Card","Card","Card","Card","Relic"],"build_version":"2020-12-22","purchased_purges":0,"victory":false,"max_hp_per_floor":[75,75,75,75,75,75,75,75,75,85,85,85,85,85,85,85,85,85,85,85,85,85,85,85,85,85,85,85,85,85,85,85,85,85,85,85,85,85,85,85,85,85,85,85,85,85,85,85,85,85,85,85,85,85,85,85],"relic_stats":{"Dream Catcher":4,"Happy Flower":[14],"counters":[27,129],"Bird Faced Urn":[64],"Gambling Chip":[22],"Snecko Eye":[202,188,174,180],"StoneCalendar":[139],"obtain_stats":[{"Ice Cream":26,"Potion Belt":39,"Lantern":34,"Pear":10,"Happy Flower":40,"HollowMod:LumaflyLanternRelic":34,"HollowMod:VesselMask":0,"StoneCalendar":34,"Bottled Tornado":54,"White Beast Statue":14,"Calling Bell":34,"Dream Catcher":9,"Anchor":11,"Hallownest:WatcherSealRelic":27,"Bird Faced Urn":42,"Gambling Chip":43,"Snecko Eye":17},{"Ice Cream":13,"Potion Belt":19,"Lantern":17,"Pear":5,"Happy Flower":20,"HollowMod:LumaflyLanternRelic":17,"HollowMod:VesselMask":0,"StoneCalendar":17,"Bottled Tornado":26,"White Beast Statue":7,"Calling Bell":17,"Dream Catcher":4,"Anchor":5,"Hallownest:WatcherSealRelic":13,"Bird Faced Urn":21,"Gambling Chip":21,"Snecko Eye":8},{"Ice Cream":50,"Potion Belt":80,"Lantern":71,"Pear":14,"Happy Flower":87,"HollowMod:LumaflyLanternRelic":71,"HollowMod:VesselMask":0,"StoneCalendar":71,"Bottled Tornado":121,"White Beast Statue":22,"Calling Bell":71,"Dream Catcher":10,"Anchor":14,"Hallownest:WatcherSealRelic":50,"Bird Faced Urn":92,"Gambling Chip":92,"Snecko Eye":35}]},"card_choices":[{"not_picked":["HollowMod:HornetsHelp","HollowMod:LifebloodCore"],"picked":"HollowMod:ZotesMagnificence","floor":0.0},{"not_picked":["HollowMod:DescendingDark","HollowMod:SharpenedNail"],"picked":"HollowMod:CycloneSlash","floor":1.0},{"not_picked":["HollowMod:ShapeofUnn","HollowMod:InfectedAttack"],"picked":"HollowMod:GoodIntentions","floor":5.0},{"not_picked":["HollowMod:InfectedAttack","HollowMod:SiblingsShadow"],"picked":"HollowMod:PureNailStrike","floor":7.0},{"not_picked":["HollowMod:TaintedHusks","HollowMod:NewInfectedGuardian","HollowMod:DescendingDark"],"picked":"SKIP","floor":10.0},{"not_picked":["HollowMod:DungDefenderAura","HollowMod:DescendingDark"],"picked":"HollowMod:DesolateDive","floor":13.0},{"not_picked":["HollowMod:VoidDash","HollowMod:DoubleDash"],"picked":"HollowMod:NewGlowingWomb","floor":14.0},{"not_picked":["HollowMod:SoulShaman","HollowMod:InfectedAttack"],"picked":"HollowMod:GreatSlash","floor":15.0},{"not_picked":["HollowMod:Weaversong","HollowMod:LifebloodCore"],"picked":"HollowMod:Hiveblood","floor":16.0},{"not_picked":["HollowMod:WraithStrike","HollowMod:VengefulVoid","HollowMod:SiblingsShadow"],"picked":"SKIP","floor":18.0},{"not_picked":["HollowMod:DesolateDive","HollowMod:DashSlash"],"picked":"HollowMod:HeavyBlow","floor":20.0},{"not_picked":["HollowMod:QuirrelsAssistance+1","HollowMod:DoubleDash"],"picked":"HollowMod:HowlingWraiths","floor":22.0},{"not_picked":["HollowMod:DescendingDark","HollowMod:SoulSplash"],"picked":"HollowMod:HeavyBlow","floor":24.0},{"not_picked":["HollowMod:SoulSplash+1","HollowMod:NewLittleFool+1"],"picked":"HollowMod:SoulEater","floor":24.0},{"not_picked":["HollowMod:DescendingDark","HollowMod:ChannelNail+1","HollowMod:WraithStrike"],"picked":"SKIP","floor":25.0},{"not_picked":["HollowMod:GoodIntentions+1","HollowMod:SharpenedNail"],"picked":"HollowMod:SoulVessel+1","floor":28.0},{"not_picked":["HollowMod:CloakDash","HollowMod:ShadowDash"],"picked":"HollowMod:SiblingsSouls+1","floor":30.0},{"not_picked":["HollowMod:NewInfectedGuardian","HollowMod:DescendingDark"],"picked":"HollowMod:RecoilStrike","floor":31.0},{"not_picked":["HollowMod:DoubleDash","HollowMod:LifebloodCocoon"],"picked":"HollowMod:CycloneSlash","floor":32.0},{"not_picked":["HollowMod:VoidDash","HollowMod:NewInfectedGuardian"],"picked":"HollowMod:Weaversong","floor":33.0},{"not_picked":["HollowMod:TaintedHusks","HollowMod:BaldurShell"],"picked":"HollowMod:HeavyBlow+1","floor":35.0},{"not_picked":["HollowMod:BlackTendrils+1","HollowMod:SharpenedNail"],"picked":"HollowMod:DoubleDash+1","floor":38.0},{"not_picked":["HollowMod:SiblingsSouls+1","HollowMod:QuirrelsAssistance+1"],"picked":"HollowMod:InfectedCysts+1","floor":40.0},{"not_picked":["HollowMod:CrystalDash+1","HollowMod:LifebloodCore"],"picked":"HollowMod:PerfectDash+1","floor":41.0},{"not_picked":["HollowMod:SoulShaman","HollowMod:AbyssShriek"],"picked":"HollowMod:ShapeofUnn+1","floor":42.0},{"not_picked":["HollowMod:HeavyBlow","HollowMod:FallenFury+1"],"picked":"HollowMod:TaintedHusks+1","floor":44.0},{"not_picked":["HollowMod:HuntersJournal","HollowMod:SoulStrike+1"],"picked":"HollowMod:PureNailStrike","floor":45.0},{"not_picked":["HollowMod:DreamGate","HollowMod:HeavyBlow"],"picked":"HollowMod:NewJinnsSoul+1","floor":46.0},{"not_picked":["HollowMod:NewJinnsSoul+1","HollowMod:LifebloodCocoon+1"],"picked":"HollowMod:VengefulSpirit","floor":49.0},{"not_picked":["HollowMod:ElderbugsWisdom","HollowMod:DoubleDash"],"picked":"HollowMod:MantisMark+1","floor":54.0}],"player_experience":16707,"relics_obtained":[{"floor":9.0,"key":"Dream Catcher"},{"floor":10.0,"key":"Pear"},{"floor":14.0,"key":"White Beast Statue"},{"floor":26.0,"key":"Ice Cream"},{"floor":34.0,"key":"Lantern"},{"floor":34.0,"key":"HollowMod:LumaflyLanternRelic"},{"floor":34.0,"key":"StoneCalendar"},{"floor":40.0,"key":"Happy Flower"},{"floor":42.0,"key":"Bird Faced Urn"},{"floor":43.0,"key":"Gambling Chip"},{"floor":54.0,"key":"Bottled Tornado"}],"event_choices":[],"is_beta":false,"boss_relics":[{"not_picked":["Astrolabe","Tiny House"],"picked":"Snecko Eye"},{"not_picked":["Velvet Choker","Black Star"],"picked":"Calling Bell"}],"items_purged_floors":[],"is_endless":false,"potions_floor_spawned":[7,13,16,18,20,21,22,25,28,30,31,33,35,38,40,42,44,45,46,54],"killed_by":"The Heart","ascension_level":0}}