{"host":"cfv8orgc8997ql4r","time":1614321811,"event":{"mods":["AchievementEnabler","BaseMod","DeckTracker","Keyboard Shortcuts","Minty Spire (QoL Compilation)"],"gold_per_floor":[116,128,140,150,45,45,58,75,75,91,125,144,111,130,130,130,130],"floor_reached":16,"language":"KOR","playtime":455,"items_purged":[],"score":135,"play_id":"de15c3e3-fa4c-44dd-812d-68a38a58c696","local_time":"20210226154331","is_ascension_mode":true,"campfire_choices":[{"data":"Spot Weakness","floor":6.0,"key":"SMITH"},{"data":"Havoc","floor":15.0,"key":"SMITH"}],"circlet_count":0,"master_deck":["Strike_R","Strike_R","Strike_R","Strike_R","Strike_R","Defend_R","Defend_R","Defend_R","Defend_R","Bash","Pommel Strike","Whirlwind","Shrug It Off","Pommel Strike","Spot Weakness+1","Dual Wield","True Grit","Havoc+1","Sword Boomerang","Sword Boomerang","Fire Breathing","Rage"],"relics":["Burning Blood","Bottled Flame","Smiling Mask"],"acts_visited":["Exordium"],"potions_floor_usage":[],"damage_taken":[{"damage":6.0,"enemies":"Cultist","floor":1.0,"turns":3.0},{"damage":9.0,"enemies":"Jaw Worm","floor":2.0,"turns":4.0},{"damage":4.0,"enemies":"2 Louse","floor":3.0,"turns":2.0},{"damage":10.0,"enemies":"Exordium Wildlife","floor":4.0,"turns":4.0},{"damage":13.0,"enemies":"Blue Slaver","floor":7.0,"turns":3.0},{"damage":9.0,"enemies":"Large Slime","floor":8.0,"turns":7.0},{"damage":4.0,"enemies":"Looter","floor":10.0,"turns":3.0},{"damage":27.0,"enemies":"Lagavulin","floor":11.0,"turns":6.0},{"damage":13.0,"enemies":"Blue Slaver","floor":12.0,"turns":2.0},{"damage":10.0,"enemies":"Gremlin Gang","floor":14.0,"turns":2.0},{"damage":44,"enemies":"Hexaghost","floor":16,"turns":9}],"seed_played":"-9023217827362130647","potions_obtained":[{"floor":4.0,"key":"BlessingOfTheForge"},{"floor":7.0,"key":"Swift Potion"},{"floor":10.0,"key":"SmokeBomb"},{"floor":11.0,"key":"SteroidPotion"}],"is_trial":false,"path_per_floor":["M","M","M","M","$","R","M","M","T","M","E","M","$","M","R","B"],"character_chosen":"IRONCLAD","items_purchased":["Spot Weakness","Dual Wield","Fire Breathing"],"campfire_rested":0,"item_purchase_floors":[5,5,13],"current_hp_per_floor":[88,85,87,83,83,83,76,73,73,75,54,47,47,43,43,0,0],"gold":130,"neow_bonus":"TEN_PERCENT_HP_BONUS","is_daily":false,"chose_seed":false,"campfire_upgraded":2,"win_rate":0.0,"timestamp":1614321811,"path_taken":["M","M","M","M","$","R","M","M","T","M","E","M","$","?","R","BOSS"],"items_purchased_type":["Card","Card","Card"],"build_version":"2020-12-22","purchased_purges":0,"victory":false,"max_hp_per_floor":[88,88,88,88,88,88,88,88,88,88,88,88,88,88,88,88,88],"card_choices":[{"not_picked":["Shrug It Off","Sentinel"],"picked":"Pommel Strike","floor":1.0},{"not_picked":["True Grit","Body Slam"],"picked":"Whirlwind","floor":2.0},{"not_picked":["Headbutt","Thunderclap"],"picked":"Shrug It Off","floor":3.0},{"not_picked":["Heavy Blade","Bloodletting"],"picked":"Pommel Strike","floor":4.0},{"not_picked":["Dropkick","Sever Soul"],"picked":"True Grit","floor":7.0},{"not_picked":["Clash","Combust"],"picked":"Havoc","floor":8.0},{"not_picked":["Twin Strike","Shrug It Off"],"picked":"Sword Boomerang","floor":10.0},{"not_picked":["Sentinel","Warcry"],"picked":"Sword Boomerang","floor":11.0},{"not_picked":["Warcry","Berserk","Whirlwind"],"picked":"SKIP","floor":12.0},{"not_picked":["Sword Boomerang","True Grit"],"picked":"Rage","floor":14.0}],"player_experience":214620,"relics_obtained":[{"floor":9.0,"key":"Bottled Flame"},{"floor":11.0,"key":"Smiling Mask"}],"event_choices":[],"is_beta":false,"boss_relics":[],"items_purged_floors":[],"is_endless":false,"potions_floor_spawned":[4,7,10,11],"killed_by":"Hexaghost","ascension_level":5}}