{"host":"5bsc0nab6whpyrbj","time":1614311127,"event":{"mods":["AchievementEnabler","BaseMod","BetterRewards","Colored Map","Dark Map","Downfall","Highlight Path","Infinite Spire","Minty Spire (QoL Compilation)","StSLib"],"gold_per_floor":[118,118,133,145,158,158,158,177,177,193,193,204,204,223,223,319,319,330,347,347,38,57,57,73,73,73],"floor_reached":25,"language":"ENG","playtime":1028,"items_purged":["Decay"],"score":224,"play_id":"21bb8791-9f4a-4a2d-804d-ed4f7b1ee718","local_time":"20210225224527","is_ascension_mode":false,"campfire_choices":[{"floor":6.0,"key":"RECALL"},{"floor":11.0,"key":"REST"},{"floor":13.0,"key":"REST"},{"data":"Scrape","floor":15.0,"key":"SMITH"},{"floor":23.0,"key":"REST"}],"circlet_count":0,"master_deck":["Strike_B","Strike_B","Strike_B","Strike_B","Defend_B","Defend_B","Defend_B","Defend_B","Zap","Dualcast","Defragment","Gash+1","Gash","Gash","Scrape+1","BootSequence","All For One","Steam","Gash","Panache","Go for the Eyes","Stack+1"],"relics":["Cracked Core","NeowsBlessing"],"acts_visited":["Exordium","TheCity"],"potions_floor_usage":[24],"damage_taken":[{"damage":0.0,"enemies":"Jaw Worm","floor":1.0,"turns":1.0},{"damage":0.0,"enemies":"Cultist","floor":3.0,"turns":1.0},{"damage":0.0,"enemies":"Small Slimes","floor":4.0,"turns":1.0},{"damage":12.0,"enemies":"Exordium Thugs","floor":5.0,"turns":4.0},{"damage":19.0,"enemies":"Large Slime","floor":8.0,"turns":4.0},{"damage":13.0,"enemies":"3 Louse","floor":10.0,"turns":2.0},{"damage":11.0,"enemies":"Exordium Thugs","floor":12.0,"turns":5.0},{"damage":0.0,"enemies":"Large Slime","floor":14.0,"turns":4.0},{"damage":41.0,"enemies":"Hexaghost","floor":16.0,"turns":8.0},{"damage":70.0,"enemies":"3 Byrds","floor":18.0,"turns":7.0},{"damage":2.0,"enemies":"Spheric Guardian","floor":19.0,"turns":4.0},{"damage":0.0,"enemies":"Chosen and Byrds","floor":22.0,"turns":3.0},{"damage":21,"enemies":"Snake Plant","floor":24,"turns":4},{"damage":4,"enemies":"Centurion and Healer","floor":25,"turns":2}],"seed_played":"5598094415110494084","potions_obtained":[{"floor":1.0,"key":"BlessingOfTheForge"},{"floor":5.0,"key":"Fire Potion"},{"floor":10.0,"key":"FocusPotion"},{"floor":12.0,"key":"FocusPotion"},{"floor":19.0,"key":"SneckoOil"},{"floor":24,"key":"CultistPotion"}],"is_trial":false,"path_per_floor":["M","?","M","M","M","R","?","M","T","M","R","M","R","M","R","B",null,"M","M","?","$","M","R","M","M"],"character_chosen":"DEFECT","items_purchased":["Gash","Panache"],"campfire_rested":3,"item_purchase_floors":[21,21],"current_hp_per_floor":[75,75,75,75,63,63,63,44,44,31,53,42,64,64,64,23,75,5,3,3,3,3,25,4,0,0],"gold":73,"neow_bonus":"THREE_ENEMY_KILL","is_daily":false,"chose_seed":false,"campfire_upgraded":1,"win_rate":0.0,"timestamp":1614311127,"path_taken":["M","?","M","M","?","R","?","?","T","M","R","M","R","M","R","BOSS","M","M","?","?","M","R","M","M"],"items_purchased_type":["Card","Card"],"build_version":"2020-12-22","purchased_purges":1,"victory":false,"max_hp_per_floor":[75,75,75,75,75,75,75,75,75,75,75,75,75,75,75,75,75,75,75,75,75,75,75,75,75,75],"card_choices":[{"not_picked":["Lockon","Barrage"],"picked":"Defragment","floor":1.0},{"not_picked":["Compile Driver","Hologram","Turbo"],"picked":"SKIP","floor":3.0},{"not_picked":["Genetic Algorithm","Steam"],"picked":"Gash","floor":4.0},{"not_picked":["Force Field","Thunder Strike"],"picked":"Gash","floor":5.0},{"not_picked":["Rip and Tear","Conserve Battery","Steam"],"picked":"SKIP","floor":8.0},{"not_picked":["Rebound","Conserve Battery"],"picked":"Gash","floor":10.0},{"not_picked":["Barrage","Doom and Gloom"],"picked":"Scrape","floor":12.0},{"not_picked":["Melter","Chill"],"picked":"BootSequence","floor":14.0},{"not_picked":["Meteor Strike","Fission"],"picked":"All For One","floor":16.0},{"not_picked":["Ball Lightning","Storm"],"picked":"Steam","floor":18.0},{"not_picked":["Compile Driver+1","Capacitor","Turbo"],"picked":"SKIP","floor":19.0},{"not_picked":["Static Discharge","Tempest+1"],"picked":"Go for the Eyes","floor":22.0},{"not_picked":["Conserve Battery+1","Biased Cognition"],"picked":"Stack+1","floor":24}],"player_experience":128769,"relics_obtained":[],"event_choices":[{"damage_healed":0.0,"max_hp_gain":0.0,"max_hp_loss":0.0,"gold_gain":0.0,"event_name":"Wheel of Change","player_choice":"Cursed","floor":2.0,"gold_loss":0.0,"damage_taken":0.0,"cards_obtained":["Decay"]},{"damage_healed":0.0,"max_hp_gain":0.0,"max_hp_loss":0.0,"gold_gain":0.0,"event_name":"Accursed Blacksmith","player_choice":"Forge","floor":7.0,"gold_loss":0.0,"damage_taken":0.0,"cards_upgraded":["Gash"]},{"damage_healed":0.0,"max_hp_gain":0.0,"max_hp_loss":0.0,"gold_gain":0.0,"event_name":"Vampires","player_choice":"Ignored","floor":20.0,"gold_loss":0.0,"damage_taken":0.0}],"is_beta":false,"boss_relics":[{"not_picked":["Ectoplasm","Runic Dome","Velvet Choker"]}],"items_purged_floors":[21],"is_endless":false,"potions_floor_spawned":[1,5,10,12,19,24],"killed_by":"Centurion and Healer","ascension_level":0}}