{"host":"3vww328me7evlv6h","time":1614330307,"event":{"mods":["BaseMod","BetterRewards","Minty Spire (QoL Compilation)","Relic Stats","StSLib","SuperFastMode"],"gold_per_floor":[114,128,128,128,53,53,89,113,166,185,203,203,239,253,253,342,342,355,280,357,377,395,395,395,395],"floor_reached":24,"language":"ENG","playtime":1099,"items_purged":["Strike_B"],"score":495,"play_id":"d9630ae2-c6b0-4ecd-91c7-f9599359cec6","local_time":"20210226100507","is_ascension_mode":true,"campfire_choices":[{"data":"Ball Lightning","floor":6.0,"key":"SMITH"},{"floor":12.0,"key":"REST"},{"data":"Buffer","floor":15.0,"key":"SMITH"},{"floor":23,"key":"REST"}],"circlet_count":0,"master_deck":["AscendersBane","Strike_B","Strike_B","Defend_B","Defend_B","Defend_B","Defend_B","Zap","Dualcast","Cold Snap","Ball Lightning+1","Buffer+1","Coolheaded","Ball Lightning","Fission"],"relics":["SlaversCollar","Golden Idol","Bronze Scales","Oddly Smooth Stone","Blue Candle","Black Star","Gremlin Horn"],"acts_visited":["Exordium","TheCity"],"potions_floor_usage":[],"damage_taken":[{"damage":0.0,"enemies":"2 Louse","floor":1.0,"turns":3.0},{"damage":4.0,"enemies":"Small Slimes","floor":2.0,"turns":5.0},{"damage":14.0,"enemies":"3 Sentries","floor":7.0,"turns":6.0},{"damage":2.0,"enemies":"Jaw Worm","floor":8.0,"turns":3.0},{"damage":10.0,"enemies":"Lots of Slimes","floor":10.0,"turns":4.0},{"damage":9.0,"enemies":"3 Louse","floor":11.0,"turns":3.0},{"damage":0.0,"enemies":"Lagavulin","floor":13.0,"turns":7.0},{"damage":0.0,"enemies":"Large Slime","floor":14.0,"turns":5.0},{"damage":0.0,"enemies":"Slime Boss","floor":16.0,"turns":8.0},{"damage":0.0,"enemies":"Spheric Guardian","floor":18.0,"turns":5.0},{"damage":12.0,"enemies":"3 Byrds","floor":21.0,"turns":3.0},{"damage":43,"enemies":"Shelled Parasite and Fungi","floor":22,"turns":9},{"damage":0,"enemies":"Slavers","floor":24,"turns":1}],"seed_played":"-3363792797172482113","potions_obtained":[{"floor":10.0,"key":"SteroidPotion"},{"floor":11.0,"key":"Fruit Juice"},{"floor":13.0,"key":"PowerPotion"},{"floor":18.0,"key":"PotionOfCapacity"}],"is_trial":false,"path_per_floor":["M","M","?","?","?","R","E","M","T","M","M","R","E","M","R","B",null,"M","$","T","M","M","R","E"],"character_chosen":"DEFECT","items_purchased":[],"campfire_rested":2,"item_purchase_floors":[],"current_hp_per_floor":[64,60,60,60,60,60,46,44,44,34,25,44,49,49,49,49,64,64,64,64,52,9,29,29,29],"gold":395,"neow_bonus":"BOSS_RELIC","is_daily":false,"chose_seed":false,"campfire_upgraded":2,"win_rate":0.0,"timestamp":1614330307,"path_taken":["M","M","?","?","?","R","E","?","T","?","M","R","E","M","R","BOSS","M","$","?","M","M","R","E"],"items_purchased_type":[],"build_version":"2020-12-22","purchased_purges":1,"victory":false,"max_hp_per_floor":[71,71,64,64,64,64,64,64,64,64,64,64,69,69,69,69,69,69,69,69,69,69,69,69,69],"relic_stats":{"Gremlin Horn":[3,3],"counters":[13,62],"Golden Idol":66,"Bronze Scales":[117],"Blue Candle":[0],"Black Star":0,"obtain_stats":[{"SlaversCollar":0,"Gremlin Horn":20,"Golden Idol":3,"Bronze Scales":7,"Blue Candle":13,"Oddly Smooth Stone":9,"Black Star":17,"Cracked Core":0},{"SlaversCollar":0,"Gremlin Horn":10,"Golden Idol":2,"Bronze Scales":3,"Blue Candle":7,"Oddly Smooth Stone":4,"Black Star":9,"Cracked Core":0},{"SlaversCollar":0,"Gremlin Horn":49,"Golden Idol":8,"Bronze Scales":14,"Blue Candle":31,"Oddly Smooth Stone":17,"Black Star":44,"Cracked Core":0}]},"card_choices":[{"not_picked":["Barrage","Redo"],"picked":"Cold Snap","floor":1.0},{"not_picked":["Hologram","Aggregate"],"picked":"Ball Lightning","floor":2.0},{"not_picked":["Conserve Battery","Lockon"],"picked":"Buffer","floor":7.0},{"not_picked":["Hologram","Conserve Battery","Recycle"],"picked":"SKIP","floor":8.0},{"not_picked":["Fusion","Barrage","Stack"],"picked":"SKIP","floor":10.0},{"not_picked":["Beam Cell","Scrape"],"picked":"Coolheaded","floor":11.0},{"not_picked":["Cold Snap","Beam Cell","Sunder"],"picked":"SKIP","floor":13.0},{"not_picked":["Skim","Leap"],"picked":"Ball Lightning","floor":14.0},{"not_picked":["Machine Learning","Multi-Cast"],"picked":"Fission","floor":16.0},{"not_picked":["Stack","Reprogram","Heatsinks"],"picked":"SKIP","floor":18.0},{"not_picked":["Streamline","Reprogram","Fusion"],"picked":"SKIP","floor":21.0},{"not_picked":["Gash","Sweeping Beam","Ball Lightning"],"picked":"SKIP","floor":22}],"player_experience":336562,"relics_obtained":[{"floor":7.0,"key":"Bronze Scales"},{"floor":9.0,"key":"Oddly Smooth Stone"},{"floor":13.0,"key":"Blue Candle"},{"floor":20.0,"key":"Gremlin Horn"}],"event_choices":[{"damage_healed":0.0,"max_hp_gain":0.0,"max_hp_loss":7.0,"gold_gain":0.0,"event_name":"Golden Idol","player_choice":"Lose Max HP","floor":3.0,"gold_loss":0.0,"damage_taken":0.0,"relics_obtained":["Golden Idol"]},{"damage_healed":0.0,"max_hp_gain":0.0,"max_hp_loss":0.0,"gold_gain":0.0,"event_name":"Liars Game","player_choice":"Ignored","floor":4.0,"gold_loss":0.0,"damage_taken":0.0},{"cards_removed":["Strike_B"],"damage_healed":0.0,"max_hp_gain":0.0,"max_hp_loss":0.0,"gold_gain":0.0,"event_name":"The Cleric","player_choice":"Card Removal","floor":5.0,"gold_loss":75.0,"damage_taken":0.0}],"is_beta":false,"boss_relics":[{"not_picked":["Coffee Dripper","Runic Dome"],"picked":"Black Star"}],"items_purged_floors":[19],"is_endless":false,"potions_floor_spawned":[10,11,13,18],"killed_by":"Slavers","ascension_level":15}}