{"host":"skr63qsdfgeey3it","time":1614298627,"event":{"mods":["BaseMod","Colored Map","Hubris","Minty Spire (QoL Compilation)","Monster B Gone","Reliquary","Replay The Spire","Spicy Shops","StSLib"],"gold_per_floor":[109,109,128,203,2,32,50,63,141,175,198,218,48,65,65,142,142,152,172,172,172,172,202,202,30,30,30,49,409,409,444,444,444,444],"floor_reached":33,"language":"ENG","playtime":1925,"items_purged":[],"score":527,"play_id":"98327b20-56b4-48c2-ab49-c247a90fffd7","local_time":"20210225181707","is_ascension_mode":true,"campfire_choices":[{"floor":15,"key":"REST"},{"floor":24,"key":"REST"},{"floor":30,"key":"REST"},{"floor":32,"key":"REST"}],"circlet_count":0,"master_deck":["AscendersBane","Strike_B","Strike_B","Strike_B","Defend_B+1","Defend_B","Defend_B","Zap","Dualcast+1","Lockon","Auto Shields+1","Conserve Battery","Cold Snap","Thunder Strike","Undo","hubris:PowerSurge","Glacier","ReplayTheSpireMod:Omega Cannon","Madness","Hologram","CurseOfTheBell","Ball Lightning+1","Blizzard","Pot Of Greed","Pot Of Greed","Self Repair","Pot Of Greed","Capacitor","Streamline+1","BasicCrystalCard"],"relics":["Cracked Core","hubris:HerbalPaste","War Paint","hubris:Reverence","Gambling Chip","Odd Mushroom","Calling Bell","Nunchaku","Carrot","hubris:Potato","Prayer Wheel","hubris:Towel","Grinning Jar","Replay:Antivirus Software","Pocketwatch","MutagenicStrength","Ginger"],"acts_visited":["Exordium","TheCity"],"potions_floor_usage":[8,10,16,16,18,33,33],"damage_taken":[{"damage":6,"enemies":"Cultist","floor":1,"turns":3},{"damage":12,"enemies":"Jaw Worm","floor":3,"turns":2},{"damage":20,"enemies":"Gremlin Nob","floor":6,"turns":4},{"damage":0,"enemies":"Small Slimes","floor":7,"turns":3},{"damage":0,"enemies":"Looter","floor":8,"turns":3},{"damage":18,"enemies":"Lagavulin","floor":10,"turns":7},{"damage":0,"enemies":"The Mushroom Lair","floor":11,"turns":5},{"damage":2,"enemies":"3 Louse","floor":12,"turns":5},{"damage":0,"enemies":"Large Slime","floor":14,"turns":5},{"damage":13,"enemies":"The Guardian","floor":16,"turns":12},{"damage":0,"enemies":"3 Byrds","floor":18,"turns":2},{"damage":18,"enemies":"Shell Parasite","floor":19,"turns":8},{"damage":42,"enemies":"Gremlin Leader","floor":23,"turns":9},{"damage":0,"enemies":"3 Cultists","floor":28,"turns":2},{"damage":2,"enemies":"Replay:Snechameleon","floor":31,"turns":4},{"damage":93,"enemies":"Automaton","floor":33,"turns":6}],"seed_played":"-7411955425371217730","potions_obtained":[{"floor":7,"key":"Adrenaline Potion"},{"floor":8,"key":"Energy Potion"},{"floor":10,"key":"LifebloodPotion"},{"floor":12,"key":"EssenceOfSteel"},{"floor":16,"key":"BlessingOfTheForge"},{"floor":23,"key":"Dexterity Potion"},{"floor":31,"key":"SkillPotion"}],"is_trial":false,"path_per_floor":["M","?","M","?","$","E","M","M","T","E","?","M","$","M","R","B",null,"M","M","?","?","?","E","R","$","T","?","M","?","R","E","R","B"],"character_chosen":"DEFECT","items_purchased":["Conserve Battery","hubris:HerbalPaste","ReplayTheSpireMod:Omega Cannon","Madness","Replay:Antivirus Software"],"campfire_rested":4,"item_purchase_floors":[5,5,13,13,25],"current_hp_per_floor":[40,40,28,17,17,3,8,13,13,1,7,11,11,17,38,31,61,64,52,52,52,52,16,37,37,37,37,47,11,32,36,57,0,0],"gold":444,"neow_bonus":"REMOVE_TWO","is_daily":false,"chose_seed":false,"campfire_upgraded":0,"win_rate":0.0,"timestamp":1614298627,"path_taken":["M","?","M","?","$","E","M","M","T","E","?","M","$","M","R","BOSS","M","M","?","?","?","E","R","$","T","?","M","?","R","E","R","BOSS"],"items_purchased_type":["Card","Relic","Card","Card","Relic"],"build_version":"2020-12-22","purchased_purges":0,"victory":false,"max_hp_per_floor":[71,71,71,71,71,71,71,71,71,71,71,71,71,71,71,71,71,71,71,71,71,71,71,71,71,71,71,71,71,71,71,71,71,71],"card_choices":[{"not_picked":["Coolheaded","Static Discharge"],"picked":"Lockon","floor":1},{"not_picked":["White Noise","Stack"],"picked":"Auto Shields","floor":3},{"not_picked":["Ball Lightning","Fusion"],"picked":"Cold Snap","floor":6},{"not_picked":["Cold Snap","Coolheaded"],"picked":"Thunder Strike","floor":7},{"not_picked":["Consume","Barrage"],"picked":"Undo","floor":8},{"not_picked":["Rebound","Gash"],"picked":"hubris:PowerSurge","floor":10},{"not_picked":["FIFO Queue","Conserve Battery"],"picked":"Glacier","floor":11},{"not_picked":["Gash","ReplaySort","Turbo"],"picked":"SKIP","floor":12},{"not_picked":["Leap","Sweeping Beam"],"picked":"Hologram","floor":14},{"not_picked":["Rainbow","Seek"],"picked":"ReplayTheSpireMod:Fabricate Wheel","floor":16},{"not_picked":["Steam","Static Discharge","Sweeping Beam"],"picked":"SKIP","floor":18},{"not_picked":["Rebound+1","Streamline"],"picked":"Ball Lightning+1","floor":19},{"not_picked":["Steam Power","Turbo","Compile Driver"],"picked":"SKIP","floor":19},{"not_picked":["Force Field+1","ReplayTheSpireMod:GoodbyeWorld"],"picked":"Self Repair","floor":23},{"not_picked":["Stack","Redo"],"picked":"Capacitor","floor":28},{"not_picked":["Reprogram","Reinforced Body"],"picked":"Streamline+1","floor":28},{"not_picked":["Conserve Battery","hubris:Ukulele"],"picked":"BasicCrystalCard","floor":31}],"player_experience":1018306,"relics_obtained":[{"floor":6,"key":"War Paint"},{"floor":9,"key":"hubris:Reverence"},{"floor":10,"key":"Gambling Chip"},{"floor":11,"key":"Odd Mushroom"},{"floor":17,"key":"Nunchaku"},{"floor":17,"key":"Carrot"},{"floor":17,"key":"hubris:Potato"},{"floor":23,"key":"Grinning Jar"},{"floor":26,"key":"Pocketwatch"},{"floor":31,"key":"Ginger"}],"event_choices":[{"damage_healed":0,"gold_gain":75,"player_choice":"Gather Gold","damage_taken":11,"max_hp_gain":0,"max_hp_loss":0,"event_name":"World of Goop","floor":4,"gold_loss":0},{"damage_healed":0,"gold_gain":0,"player_choice":"Fought Mushrooms","damage_taken":0,"max_hp_gain":0,"max_hp_loss":0,"event_name":"Mushrooms","floor":11,"gold_loss":0},{"damage_healed":0,"gold_gain":0,"player_choice":"Ignored","damage_taken":0,"max_hp_gain":0,"max_hp_loss":0,"event_name":"Ghosts","floor":20,"gold_loss":0},{"damage_healed":0,"gold_gain":0,"player_choice":"Read","damage_taken":0,"max_hp_gain":0,"max_hp_loss":0,"event_name":"The Library","floor":21,"gold_loss":0,"cards_obtained":["Blizzard"]},{"damage_healed":0,"gold_gain":0,"player_choice":"Inject Mutagens","damage_taken":0,"relics_obtained":["MutagenicStrength"],"max_hp_gain":0,"max_hp_loss":0,"event_name":"Drug Dealer","floor":27,"gold_loss":0},{"damage_healed":0,"gold_gain":360,"player_choice":"GOLD GOLD GOLD GOLD ","damage_taken":36,"max_hp_gain":0,"max_hp_loss":0,"event_name":"Knowing Skull","floor":29,"potions_obtained":[],"gold_loss":0,"cards_obtained":[]}],"is_beta":false,"boss_relics":[{"not_picked":["Coffee Dripper","reliquary:RedCape"],"picked":"Calling Bell"}],"items_purged_floors":[],"is_endless":false,"potions_floor_spawned":[7,8,10,12,14,16,23,31],"killed_by":"Automaton","ascension_level":16}}