{"host":"dkr0dog13pegamnp","time":1614320291,"event":{"mods":["AchievementEnabler","BaseMod","Minty Spire (QoL Compilation)","Rare Cards Sparkle","StSLib","SuperFastMode","everything is the same but u backflip on backflip"],"gold_per_floor":[216,391,88,88,102,129,148,167,193,193,193,208,226,74,74,173,173,193,212,227,227,252,252,152,152,176,176,225,252,252,279,279,372,372,387,411,426,444,444,444],"floor_reached":39,"language":"KOR","playtime":1183,"items_purged":["Doubt","Strike_G"],"score":862,"play_id":"2371cef8-1478-4c77-abd5-75fd03fe748c","local_time":"20210226151811","is_ascension_mode":true,"campfire_choices":[{"data":"Noxious Fumes","floor":11,"key":"SMITH"},{"data":"Malaise","floor":15,"key":"SMITH"},{"data":"Venomology","floor":23,"key":"SMITH"},{"data":"Bouncing Flask","floor":27,"key":"SMITH"},{"data":"Burst","floor":30,"key":"SMITH"},{"data":"Calculated Gamble","floor":32,"key":"SMITH"}],"circlet_count":0,"master_deck":["AscendersBane","Strike_G","Strike_G","Strike_G","Strike_G","Defend_G","Defend_G","Defend_G","Defend_G","Defend_G","Survivor","Neutralize","Calculated Gamble+1","Burst+1","Noxious Fumes+1","Bouncing Flask+1","Blur","Bane","Malaise+1","Venomology+1","Escape Plan","PiercingWail","Footwork","Blur+1","Blur","Outmaneuver+1"],"relics":["Ring of the Snake","Lantern","Snake Skull","Golden Idol","Medical Kit","Runic Pyramid","CeramicFish","Oddly Smooth Stone","Busted Crown"],"acts_visited":["Exordium","TheCity","TheBeyond"],"potions_floor_usage":[6,12,16,18,19,28,28,29,31,33,33,36,37,37,38,38,39],"damage_taken":[{"damage":1,"enemies":"Small Slimes","floor":1,"turns":5},{"damage":1,"enemies":"2 Louse","floor":5,"turns":6},{"damage":24,"enemies":"Gremlin Nob","floor":6,"turns":4},{"damage":0,"enemies":"Cultist","floor":7,"turns":3},{"damage":12,"enemies":"Large Slime","floor":8,"turns":6},{"damage":6,"enemies":"Lots of Slimes","floor":12,"turns":2},{"damage":0,"enemies":"Looter","floor":13,"turns":4},{"damage":0,"enemies":"Hexaghost","floor":16,"turns":7},{"damage":9,"enemies":"Shell Parasite","floor":18,"turns":6},{"damage":30,"enemies":"3 Byrds","floor":19,"turns":6},{"damage":0,"enemies":"Snecko","floor":20,"turns":5},{"damage":3,"enemies":"Snake Plant","floor":22,"turns":5},{"damage":7,"enemies":"Book of Stabbing","floor":28,"turns":4},{"damage":22,"enemies":"Cultist and Chosen","floor":29,"turns":5},{"damage":0,"enemies":"Chosen and Byrds","floor":31,"turns":7},{"damage":0,"enemies":"Automaton","floor":33,"turns":10},{"damage":7,"enemies":"3 Shapes","floor":35,"turns":6},{"damage":4,"enemies":"3 Darklings","floor":36,"turns":5},{"damage":0,"enemies":"Spire Growth","floor":37,"turns":8},{"damage":24,"enemies":"Sphere and 2 Shapes","floor":38,"turns":8},{"damage":40,"enemies":"Transient","floor":39,"turns":3}],"seed_played":"-4570792153537152230","potions_obtained":[{"floor":1,"key":"AttackPotion"},{"floor":6,"key":"SkillPotion"},{"floor":7,"key":"Ancient Potion"},{"floor":22,"key":"Energy Potion"},{"floor":28,"key":"Poison Potion"},{"floor":29,"key":"SkillPotion"},{"floor":35,"key":"LiquidBronze"}],"is_trial":false,"path_per_floor":["M","?","$","?","M","E","M","M","T","?","R","M","M","$","R","B",null,"M","M","M","?","M","R","$","?","T","R","E","M","R","M","R","B",null,"M","M","M","M","M"],"character_chosen":"THE_SILENT","items_purchased":["Burst","Noxious Fumes","Medical Kit"],"campfire_rested":0,"item_purchase_floors":[3,3,14],"current_hp_per_floor":[58,58,58,63,62,38,38,26,26,26,26,20,20,20,20,20,55,46,16,16,38,35,35,35,66,66,66,59,37,37,37,37,37,59,52,48,48,24,0,0],"gold":444,"neow_bonus":"HUNDRED_GOLD","is_daily":false,"chose_seed":false,"campfire_upgraded":6,"win_rate":0.0,"timestamp":1614320291,"path_taken":["M","?","$","?","M","E","M","M","T","?","R","M","M","$","R","BOSS","M","M","M","?","M","R","$","?","T","R","E","M","R","M","R","BOSS","M","M","M","M","M"],"items_purchased_type":["Card","Card","Relic"],"build_version":"2020-12-22","purchased_purges":2,"victory":false,"max_hp_per_floor":[66,66,66,71,71,71,71,71,71,66,66,66,66,66,66,66,66,66,66,66,66,66,66,66,66,66,66,66,66,66,66,66,66,66,66,66,66,66,66,66],"card_choices":[{"not_picked":["Well Laid Plans","Reflex"],"picked":"Calculated Gamble","floor":1},{"not_picked":["All Out Attack","Backflip"],"picked":"Bouncing Flask","floor":5},{"not_picked":["Blade Dance","Poisoned Stab"],"picked":"Blur","floor":6},{"not_picked":["Dagger Throw","Cloak And Dagger","Bane"],"picked":"SKIP","floor":7},{"not_picked":["Dagger Throw","Cloak And Dagger"],"picked":"Bane","floor":7},{"not_picked":["All Out Attack","Riddle With Holes","Predator"],"picked":"SKIP","floor":8},{"not_picked":["Prepared","Poisoned Stab","Blade Dance"],"picked":"SKIP","floor":12},{"not_picked":["Dagger Spray","Deadly Poison"],"picked":"Malaise","floor":13},{"not_picked":["Glass Knife","Envenom"],"picked":"Venomology","floor":16},{"not_picked":["Flying Knee","Bouncing Flask"],"picked":"Escape Plan","floor":18},{"not_picked":["Blade Dance","Accuracy","Flechettes+1"],"picked":"SKIP","floor":19},{"not_picked":["Flying Knee","Backflip","Terror"],"picked":"SKIP","floor":20},{"not_picked":["Quick Slash","Dodge and Roll"],"picked":"PiercingWail","floor":22},{"not_picked":["Dodge and Roll","Distraction"],"picked":"Footwork","floor":28},{"not_picked":["Expertise+1","Acrobatics"],"picked":"Blur+1","floor":29},{"not_picked":["Backflip","Sucker Punch+1"],"picked":"Blur","floor":31},{"not_picked":["Bane"],"picked":"SKIP","floor":35},{"not_picked":[],"picked":"Outmaneuver+1","floor":36},{"not_picked":["Backflip"],"picked":"SKIP","floor":37},{"not_picked":["Well Laid Plans"],"picked":"SKIP","floor":38}],"player_experience":118656,"relics_obtained":[{"floor":6,"key":"Lantern"},{"floor":9,"key":"Snake Skull"},{"floor":26,"key":"CeramicFish"},{"floor":28,"key":"Oddly Smooth Stone"}],"event_choices":[{"damage_healed":0,"gold_gain":175,"player_choice":"AGREE","damage_taken":0,"max_hp_gain":0,"max_hp_loss":0,"event_name":"Liars Game","floor":2,"gold_loss":0,"cards_obtained":["Doubt"]},{"damage_healed":0,"gold_gain":0,"player_choice":"Donut","damage_taken":0,"max_hp_gain":5,"max_hp_loss":0,"event_name":"Big Fish","floor":4,"gold_loss":0},{"damage_healed":0,"gold_gain":0,"player_choice":"Lose Max HP","damage_taken":0,"relics_obtained":["Golden Idol"],"max_hp_gain":0,"max_hp_loss":5,"event_name":"Golden Idol","floor":10,"gold_loss":0},{"damage_healed":22,"gold_gain":0,"player_choice":"Heal","damage_taken":0,"max_hp_gain":0,"max_hp_loss":0,"event_name":"The Library","floor":21,"gold_loss":0},{"damage_healed":31,"gold_gain":0,"player_choice":"Full Heal","damage_taken":0,"max_hp_gain":0,"max_hp_loss":0,"event_name":"Wheel of Change","floor":25,"gold_loss":0}],"is_beta":false,"boss_relics":[{"not_picked":["WristBlade","Pandora\u0027s Box"],"picked":"Runic Pyramid"},{"not_picked":["SlaversCollar","Runic Dome"],"picked":"Busted Crown"}],"items_purged_floors":[3,24],"is_endless":false,"potions_floor_spawned":[1,6,7,8,22,28,29,35],"killed_by":"Transient","ascension_level":14}}