{"host":"xg4r5pv6chpuampg","time":1614345772,"event":{"mods":["AchievementEnabler","BaseMod","Googly Eyes","Minty Spire (QoL Compilation)","StSLib","Together in Spire"],"gold_per_floor":[116,116,291,303,378,410,410,429,456,471,490,490,490],"floor_reached":12,"language":"ENG","playtime":287,"items_purged":[],"score":88,"play_id":"9dfbcf24-97dd-4c55-8f27-61a8c26e4f80","local_time":"20210226162252","is_ascension_mode":true,"campfire_choices":[{"floor":7,"key":"REST"}],"circlet_count":0,"master_deck":["Strike_P","Strike_P","Strike_P","Strike_P","Defend_P","Defend_P","Defend_P","Eruption","Vigilance","TalkToTheHand","Doubt","FlurryOfBlows","Wallop","Halt","ForeignInfluence"],"relics":["SlaversCollar","Orichalcum"],"acts_visited":["Exordium"],"potions_floor_usage":[6,12],"damage_taken":[{"damage":2,"enemies":"Jaw Worm","floor":1,"turns":3},{"damage":28,"enemies":"Small Slimes","floor":4,"turns":4},{"damage":5,"enemies":"Gremlin Nob","floor":6,"turns":3},{"damage":0,"enemies":"Cultist","floor":8,"turns":2},{"damage":13,"enemies":"2 Fungi Beasts","floor":10,"turns":4},{"damage":4,"enemies":"Looter","floor":11,"turns":3},{"damage":14,"enemies":"3 Sentries","floor":12,"turns":4}],"seed_played":"8866556921327382251","potions_obtained":[{"floor":4,"key":"LiquidMemories"},{"floor":6,"key":"Ancient Potion"},{"floor":11,"key":"LiquidMemories"}],"is_trial":false,"path_per_floor":["M","?","?","M","?","E","R","M","T","M","M","E"],"character_chosen":"WATCHER","items_purchased":[],"campfire_rested":1,"item_purchase_floors":[],"current_hp_per_floor":[70,63,63,35,24,19,40,40,40,27,23,9,9],"gold":490,"neow_bonus":"BOSS_RELIC","is_daily":false,"chose_seed":false,"campfire_upgraded":0,"win_rate":0.0,"timestamp":1614345772,"path_taken":["M","?","?","M","?","E","R","M","T","?","M","E"],"items_purchased_type":[],"build_version":"2020-12-22","purchased_purges":0,"victory":false,"max_hp_per_floor":[72,72,72,72,72,72,72,72,72,72,72,72,72],"card_choices":[{"not_picked":["CutThroughFate","FlurryOfBlows"],"picked":"TalkToTheHand","floor":1},{"not_picked":["Indignation","InnerPeace"],"picked":"FlurryOfBlows","floor":4},{"not_picked":["ThirdEye","Indignation","Meditate"],"picked":"SKIP","floor":6},{"not_picked":["CutThroughFate","FearNoEvil"],"picked":"Wallop","floor":8},{"not_picked":["CrushJoints","Prostrate"],"picked":"Halt","floor":10},{"not_picked":["Sanctity","BowlingBash"],"picked":"ForeignInfluence","floor":11}],"player_experience":172118,"relics_obtained":[{"floor":6,"key":"Orichalcum"}],"event_choices":[{"cards_removed":["Defend_P"],"damage_healed":0,"gold_gain":0,"player_choice":"Card Removal","damage_taken":7,"max_hp_gain":0,"max_hp_loss":0,"event_name":"Golden Wing","floor":2,"gold_loss":0},{"damage_healed":0,"gold_gain":175,"player_choice":"AGREE","damage_taken":0,"max_hp_gain":0,"max_hp_loss":0,"event_name":"Liars Game","floor":3,"gold_loss":0,"cards_obtained":["Doubt"]},{"damage_healed":0,"gold_gain":75,"player_choice":"Gather Gold","damage_taken":11,"max_hp_gain":0,"max_hp_loss":0,"event_name":"World of Goop","floor":5,"gold_loss":0}],"is_beta":false,"boss_relics":[],"items_purged_floors":[],"is_endless":false,"potions_floor_spawned":[4,6,11],"killed_by":"3 Sentries","ascension_level":2}}