{"host":"fnk117zi8wf5078t","time":1614307161,"event":{"mods":["AchievementEnabler","BaseMod","Colored Map","Minty Spire (QoL Compilation)","Rare Cards Sparkle","SuperFastMode","everything is the same but u backflip on backflip"],"gold_per_floor":[111,186,29,47,47,47,65,76,100,134,147,167,185,204,204,278,328,344,362,362,140,150,180,180,450,523,540,540,250,250,268,268,344,344,361,361,375,212,225,258,283,295,307,332,344,381,119,0,0,0],"floor_reached":51,"language":"KOR","playtime":1863,"items_purged":["Defend_B","Strike_B","Strike_B"],"score":1611,"play_id":"74f5e300-23eb-4a2c-b923-ba74ecd58a2a","local_time":"20210226113921","is_ascension_mode":true,"campfire_choices":[{"data":"Genetic Algorithm","floor":6,"key":"SMITH"},{"floor":15,"key":"REST"},{"floor":24,"key":"REST"},{"data":"Buffer","floor":28,"key":"SMITH"},{"floor":30,"key":"REST"},{"data":"Defragment","floor":32,"key":"SMITH"},{"data":"Seek","floor":42,"key":"SMITH"},{"floor":45,"key":"REST"},{"data":"Thunder Strike","floor":49,"key":"SMITH"}],"circlet_count":0,"master_deck":["AscendersBane","Strike_B","Defend_B+1","Defend_B","Defend_B","Zap","Dualcast","Electrodynamics","Genetic Algorithm+1","Leap","Ball Lightning","Melter","All For One","Static Discharge","Reinforced Body+1","Storm","Buffer+1","Turbo","Defragment+1","Thunder Strike+1","White Noise+1","Capacitor","Buffer+1","Double Energy","Seek+1","Aggregate","Madness","Madness+1","Master of Strategy","Double Energy","Steam Power"],"relics":["Cracked Core","Lee\u0027s Waffle","PreservedInsect","Art of War","Tiny House","OrangePellets","Cables","HornCleat","DollysMirror","Nuclear Battery","MawBank","Letter Opener","War Paint","Lantern","Red Mask"],"acts_visited":["Exordium","TheCity","TheBeyond"],"potions_floor_usage":[10,10,22,23,33,50,50],"damage_taken":[{"damage":7,"enemies":"Jaw Worm","floor":1,"turns":3},{"damage":2,"enemies":"2 Louse","floor":4,"turns":2},{"damage":0,"enemies":"Cultist","floor":7,"turns":3},{"damage":3,"enemies":"Blue Slaver","floor":8,"turns":4},{"damage":20,"enemies":"Lagavulin","floor":10,"turns":4},{"damage":7,"enemies":"Large Slime","floor":11,"turns":4},{"damage":0,"enemies":"3 Louse","floor":12,"turns":3},{"damage":8,"enemies":"Lots of Slimes","floor":13,"turns":3},{"damage":16,"enemies":"Large Slime","floor":14,"turns":5},{"damage":25,"enemies":"The Guardian","floor":16,"turns":12},{"damage":21,"enemies":"Shell Parasite","floor":18,"turns":6},{"damage":4,"enemies":"Spheric Guardian","floor":19,"turns":3},{"damage":18,"enemies":"Snecko","floor":22,"turns":7},{"damage":3,"enemies":"Gremlin Leader","floor":23,"turns":6},{"damage":0,"enemies":"Sentry and Sphere","floor":27,"turns":4},{"damage":0,"enemies":"Centurion and Healer","floor":31,"turns":3},{"damage":2,"enemies":"Automaton","floor":33,"turns":7},{"damage":1,"enemies":"3 Darklings","floor":35,"turns":5},{"damage":0,"enemies":"Orb Walker","floor":37,"turns":3},{"damage":4,"enemies":"4 Shapes","floor":39,"turns":5},{"damage":0,"enemies":"Reptomancer","floor":40,"turns":4},{"damage":0,"enemies":"Maw","floor":41,"turns":7},{"damage":18,"enemies":"Spire Growth","floor":44,"turns":5},{"damage":0,"enemies":"Giant Head","floor":46,"turns":8},{"damage":20,"enemies":"Time Eater","floor":50,"turns":7}],"seed_played":"-3259260698584138690","potions_obtained":[{"floor":1,"key":"FocusPotion"},{"floor":4,"key":"AttackPotion"},{"floor":17,"key":"FocusPotion"},{"floor":19,"key":"Regen Potion"},{"floor":22,"key":"LiquidMemories"},{"floor":31,"key":"Swift Potion"},{"floor":35,"key":"Swift Potion"}],"is_trial":false,"path_per_floor":["M","?","$","M","?","R","M","M","T","E","M","M","M","M","R","B",null,"M","M","?","$","M","E","R","?","T","M","R","$","R","M","R","B",null,"M","?","M","$","M","E","M","R","T","M","R","E","$","?","R","B",null],"character_chosen":"DEFECT","items_purchased":["Lee\u0027s Waffle","OrangePellets","Capacitor","DollysMirror","Master of Strategy","Lantern"],"campfire_rested":4,"item_purchase_floors":[3,21,29,29,38,47],"current_hp_per_floor":[61,50,82,80,80,80,80,77,77,57,50,50,42,26,50,25,73,52,48,48,48,45,42,68,41,41,41,41,41,67,67,67,65,82,81,70,70,70,66,66,66,66,66,48,74,74,74,74,74,54],"gold":0,"neow_bonus":"ONE_RANDOM_RARE_CARD","is_daily":false,"chose_seed":false,"campfire_upgraded":5,"win_rate":0.0,"timestamp":1614307161,"path_taken":["M","?","$","M","?","R","M","M","T","E","M","M","M","M","R","BOSS","M","M","?","$","M","E","R","?","T","M","R","$","R","?","R","BOSS","M","?","M","$","M","E","M","R","T","M","R","E","$","?","R","BOSS"],"items_purchased_type":["Relic","Relic","Card","Relic","Card","Relic"],"build_version":"2020-12-22","purchased_purges":3,"victory":true,"max_hp_per_floor":[75,75,82,82,82,82,82,82,82,82,82,82,82,82,82,82,87,87,87,87,87,87,87,87,87,87,87,87,87,87,87,87,87,87,87,87,87,87,87,87,87,87,87,87,87,87,87,87,87,87],"card_choices":[{"not_picked":["Steam Power","Darkness"],"picked":"Genetic Algorithm","floor":1},{"not_picked":["Coolheaded","Leap","Barrage"],"picked":"SKIP","floor":4},{"not_picked":["Rebound","Stack"],"picked":"Ball Lightning","floor":7},{"not_picked":["Sweeping Beam","Heatsinks"],"picked":"Melter","floor":8},{"not_picked":["Compile Driver","Hologram"],"picked":"All For One","floor":10},{"not_picked":["Glacier","Redo"],"picked":"Static Discharge","floor":11},{"not_picked":["Cold Snap","Go for the Eyes"],"picked":"Reinforced Body","floor":12},{"not_picked":["Rip and Tear","Glacier"],"picked":"Storm","floor":13},{"not_picked":["Leap","Rebound","Streamline"],"picked":"SKIP","floor":14},{"not_picked":["Hyperbeam","Rainbow"],"picked":"Buffer","floor":16},{"not_picked":["Steam","Streamline"],"picked":"Turbo","floor":17},{"not_picked":["Cold Snap","Steam","Ball Lightning"],"picked":"SKIP","floor":18},{"not_picked":["Genetic Algorithm","Rip and Tear","Steam"],"picked":"SKIP","floor":19},{"not_picked":["Hologram+1","Stack","Glacier"],"picked":"SKIP","floor":22},{"not_picked":["Fusion","Steam"],"picked":"Thunder Strike","floor":23},{"not_picked":["Rip and Tear+1","Conserve Battery"],"picked":"White Noise+1","floor":27},{"not_picked":["Stack","Compile Driver"],"picked":"Double Energy","floor":31},{"not_picked":["Electrodynamics","Multi-Cast"],"picked":"Seek","floor":33},{"not_picked":["Coolheaded","Genetic Algorithm+1"],"picked":"Aggregate","floor":35},{"not_picked":["Hologram","Hello World+1","Coolheaded+1"],"picked":"SKIP","floor":37},{"not_picked":["Hologram","Capacitor","Barrage"],"picked":"SKIP","floor":39},{"not_picked":["Reprogram","Chill"],"picked":"Double Energy","floor":40},{"not_picked":["Coolheaded","Cold Snap","Stack+1"],"picked":"SKIP","floor":41},{"not_picked":["Lockon","Static Discharge"],"picked":"Steam Power","floor":44},{"not_picked":["Electrodynamics","Scrape+1","Stack"],"picked":"SKIP","floor":46}],"player_experience":442733,"relics_obtained":[{"floor":9,"key":"PreservedInsect"},{"floor":10,"key":"Art of War"},{"floor":23,"key":"Cables"},{"floor":26,"key":"HornCleat"},{"floor":40,"key":"MawBank"},{"floor":43,"key":"Letter Opener"},{"floor":46,"key":"War Paint"}],"event_choices":[{"damage_healed":0,"gold_gain":75,"player_choice":"Gather Gold","damage_taken":11,"max_hp_gain":0,"max_hp_loss":0,"event_name":"World of Goop","floor":2,"gold_loss":0},{"damage_healed":0,"gold_gain":0,"cards_transformed":["Strike_B"],"player_choice":"Change","damage_taken":0,"max_hp_gain":0,"max_hp_loss":0,"event_name":"Living Wall","floor":5,"gold_loss":0,"cards_obtained":["Leap"]},{"damage_healed":0,"gold_gain":0,"player_choice":"Read","damage_taken":0,"max_hp_gain":0,"max_hp_loss":0,"event_name":"The Library","floor":20,"gold_loss":0,"cards_obtained":["Defragment"]},{"damage_healed":0,"gold_gain":270,"player_choice":"GOLD GOLD GOLD ","damage_taken":27,"max_hp_gain":0,"max_hp_loss":0,"event_name":"Knowing Skull","floor":25,"potions_obtained":[],"gold_loss":0,"cards_obtained":[]},{"damage_healed":0,"gold_gain":0,"player_choice":"Embrace Madness","damage_taken":11,"max_hp_gain":0,"max_hp_loss":0,"event_name":"Winding Halls","floor":36,"gold_loss":0,"cards_obtained":["Madness","Madness"]},{"damage_healed":0,"gold_gain":0,"player_choice":"Paid","damage_taken":0,"relics_obtained":["Red Mask"],"max_hp_gain":0,"max_hp_loss":0,"event_name":"Tomb of Lord Red Mask","floor":48,"gold_loss":119}],"is_beta":false,"boss_relics":[{"not_picked":["Ectoplasm","Snecko Eye"],"picked":"Tiny House"},{"not_picked":["Inserter","SlaversCollar"],"picked":"Nuclear Battery"}],"items_purged_floors":[21,29,47],"is_endless":false,"potions_floor_spawned":[1,4,8,19,22,31,35,40,44,46],"ascension_level":13}}