{"host":"qc8p2flj7wsy3zpg","time":1614359242,"event":{"mods":["BaseMod","Highlight Path","Minty Spire (QoL Compilation)","Monster List Patch","Relic Stats","StSLib"],"gold_per_floor":[109,109,124,38,55,81,81,113,113,133,133,144,144,158,158,229,229,247,263,277,277,277,277],"floor_reached":22,"language":"ENG","playtime":1190,"items_purged":[],"score":396,"play_id":"13caac37-2bc5-49b1-bbbf-794fa583dc96","local_time":"20210226110722","is_ascension_mode":true,"campfire_choices":[{"data":"Streamline","floor":7.0,"key":"SMITH"},{"floor":11.0,"key":"REST"},{"floor":15.0,"key":"REST"}],"circlet_count":0,"master_deck":["AscendersBane","Strike_B","Defend_B","Defend_B","Defend_B","Defend_B","Zap","Dualcast","Sweeping Beam","Streamline+1","Beam Cell","All For One","Ball Lightning","Hologram","Hologram","Seek","Static Discharge","Turbo","Gash","Ghostly","Ghostly","Ghostly"],"relics":["Cracked Core","Happy Flower","White Beast Statue","Bag of Marbles","Empty Cage"],"acts_visited":["Exordium","TheCity"],"potions_floor_usage":[20,20],"damage_taken":[{"damage":9.0,"enemies":"Jaw Worm","floor":1.0,"turns":3.0},{"damage":1.0,"enemies":"Cultist","floor":3.0,"turns":3.0},{"damage":1.0,"enemies":"2 Louse","floor":5.0,"turns":3.0},{"damage":12.0,"enemies":"3 Sentries","floor":6.0,"turns":6.0},{"damage":32.0,"enemies":"Gremlin Nob","floor":8.0,"turns":4.0},{"damage":3.0,"enemies":"Blue Slaver","floor":10.0,"turns":2.0},{"damage":0.0,"enemies":"2 Fungi Beasts","floor":12.0,"turns":2.0},{"damage":11.0,"enemies":"Lots of Slimes","floor":14.0,"turns":3.0},{"damage":21.0,"enemies":"Hexaghost","floor":16.0,"turns":6.0},{"damage":8.0,"enemies":"Spheric Guardian","floor":18.0,"turns":3.0},{"damage":32.0,"enemies":"3 Byrds","floor":19.0,"turns":4.0},{"damage":12,"enemies":"Snake Plant","floor":20,"turns":3},{"damage":13,"enemies":"Centurion and Healer","floor":22,"turns":3}],"seed_played":"8625455513594090390","potions_obtained":[{"floor":3.0,"key":"PowerPotion"},{"floor":8.0,"key":"SpeedPotion"},{"floor":10.0,"key":"ColorlessPotion"},{"floor":12.0,"key":"LiquidMemories"},{"floor":14.0,"key":"Weak Potion"},{"floor":16.0,"key":"Strength Potion"},{"floor":18.0,"key":"SpeedPotion"},{"floor":19.0,"key":"Block Potion"},{"floor":20,"key":"PowerPotion"}],"is_trial":false,"path_per_floor":["M","?","M","$","M","E","R","E","T","M","R","M","?","M","R","B",null,"M","M","M","?","M"],"character_chosen":"DEFECT","items_purchased":["LiquidMemories"],"campfire_rested":2,"item_purchase_floors":[4],"current_hp_per_floor":[62,55,54,54,53,41,41,9,9,6,29,29,25,14,37,16,63,55,23,11,11,0,0],"gold":277,"neow_bonus":"TEN_PERCENT_HP_BONUS","is_daily":false,"chose_seed":false,"campfire_upgraded":1,"win_rate":0.0,"timestamp":1614359242,"path_taken":["M","?","M","$","M","E","R","E","T","M","R","M","?","M","R","BOSS","M","M","?","?","M"],"items_purchased_type":["Potion"],"build_version":"2020-12-22","purchased_purges":0,"victory":false,"max_hp_per_floor":[78,78,78,78,78,78,78,78,78,78,78,78,78,78,78,78,78,78,78,78,39,39,39],"relic_stats":{"Happy Flower":[10],"counters":[13,45],"obtain_stats":[{"Happy Flower":6,"Bag of Marbles":9,"Cracked Core":0,"Empty Cage":17,"White Beast Statue":8},{"Happy Flower":4,"Bag of Marbles":5,"Cracked Core":0,"Empty Cage":9,"White Beast Statue":5},{"Happy Flower":15,"Bag of Marbles":19,"Cracked Core":0,"Empty Cage":32,"White Beast Statue":19}]},"card_choices":[{"not_picked":["Hologram","Conserve Battery"],"picked":"Sweeping Beam","floor":1.0},{"not_picked":["Conserve Battery","Static Discharge"],"picked":"Streamline","floor":3.0},{"not_picked":["Streamline","Genetic Algorithm"],"picked":"Beam Cell","floor":5.0},{"not_picked":["Defragment","Turbo"],"picked":"All For One","floor":6.0},{"not_picked":["Leap","Go for the Eyes"],"picked":"Ball Lightning","floor":10.0},{"not_picked":["Barrage","Fusion"],"picked":"Hologram","floor":12.0},{"not_picked":["Sweeping Beam","Lockon"],"picked":"Hologram","floor":14.0},{"not_picked":["Fission","Thunder Strike"],"picked":"Seek","floor":16.0},{"not_picked":["Fusion","Redo"],"picked":"Static Discharge","floor":18.0},{"not_picked":["Ball Lightning","Blizzard"],"picked":"Turbo","floor":19.0},{"not_picked":["Redo","Beam Cell"],"picked":"Gash","floor":20}],"player_experience":2436908,"relics_obtained":[{"floor":6.0,"key":"Happy Flower"},{"floor":8.0,"key":"White Beast Statue"},{"floor":9.0,"key":"Bag of Marbles"}],"event_choices":[{"cards_removed":["Strike_B"],"damage_healed":0.0,"max_hp_gain":0.0,"max_hp_loss":0.0,"gold_gain":0.0,"event_name":"Golden Wing","player_choice":"Card Removal","floor":2.0,"gold_loss":0.0,"damage_taken":7.0},{"damage_healed":0.0,"max_hp_gain":0.0,"max_hp_loss":0.0,"gold_gain":0.0,"event_name":"The Woman in Blue","player_choice":"Bought 0 Potions","floor":13.0,"gold_loss":0.0,"damage_taken":0.0},{"damage_healed":0,"gold_gain":0,"player_choice":"Became a Ghost","damage_taken":0,"max_hp_gain":0,"max_hp_loss":39,"event_name":"Ghosts","floor":21,"gold_loss":0,"cards_obtained":["Ghostly","Ghostly","Ghostly"]}],"is_beta":false,"boss_relics":[{"not_picked":["Calling Bell","Velvet Choker"],"picked":"Empty Cage"}],"items_purged_floors":[],"is_endless":false,"potions_floor_spawned":[3,5,8,10,12,14,16,18,19,20],"killed_by":"Centurion and Healer","ascension_level":20}}