{"host":"onk0sru1v5nf4gev","time":1614352799,"event":{"mods":["AchievementEnabler","BaseMod","Colored Map","Colored Powertips","Downfall","Googly Eyes","Infinite Spire","Minty Spire (QoL Compilation)","Quick Restart","Replay The Spire","StSLib","SuperFastMode","The Cursed"],"gold_per_floor":[109,184,236,310,325,359,359,267,290,290,300,310,310,310,310,411,411,421,421,440,454,454,454],"floor_reached":22,"language":"FRA","playtime":1172,"items_purged":[],"score":209,"play_id":"1255ad81-f1ae-4ac3-97c7-955dc3322810","local_time":"20210226161959","is_ascension_mode":false,"campfire_choices":[{"data":"Replay:Vibes","floor":7.0,"key":"SMITH"},{"data":"CrushJoints","floor":13.0,"key":"SMITH"},{"data":"Eruption","floor":15.0,"key":"SMITH"}],"circlet_count":0,"master_deck":["Strike_P","Strike_P","Strike_P","Strike_P","Defend_P","Defend_P","Defend_P","Defend_P","Eruption+1","Vigilance","Replay:Vibes+1","EmptyFist","Halt+1","CrushJoints+1","Evaluate","WreathOfFlame","Ragnarok","JustLucky","infinitespire:NeuralNetwork","Replay:AtTheReady+1","ClearTheMind"],"relics":["PureWater","NeowsBlessing","Oddly Smooth Stone","Replay:Bottled Flurry","Centennial Puzzle","Strawberry","SacredBark"],"acts_visited":["Exordium","TheCity"],"potions_floor_usage":[21,21],"damage_taken":[{"damage":0.0,"enemies":"Jaw Worm","floor":1.0,"turns":1.0},{"damage":0.0,"enemies":"Cultist","floor":5.0,"turns":1.0},{"damage":0.0,"enemies":"Replay:BlueRogue","floor":6.0,"turns":1.0},{"damage":0.0,"enemies":"2 Louse","floor":11.0,"turns":1.0},{"damage":0.0,"enemies":"Red Slaver","floor":12.0,"turns":4.0},{"damage":6.0,"enemies":"Slime Boss","floor":16.0,"turns":10.0},{"damage":3.0,"enemies":"Shell Parasite","floor":18.0,"turns":2.0},{"damage":4,"enemies":"Chosen","floor":20,"turns":3},{"damage":50,"enemies":"Shelled Parasite and Fungi","floor":21,"turns":7},{"damage":7,"enemies":"Snecko","floor":22,"turns":3}],"seed_played":"-7696774061668447510","potions_obtained":[{"floor":1.0,"key":"LiquidMemories"},{"floor":6.0,"key":"Block Potion"},{"floor":11.0,"key":"Toxic Potion"},{"floor":16.0,"key":"BlessingOfTheForge"}],"is_trial":false,"path_per_floor":["M","?","T","T","M","E","R","$","T","?","M","M","R","?","R","B",null,"M","?","M","M","M"],"character_chosen":"WATCHER","items_purchased":["Halt+1","CrushJoints"],"campfire_rested":0,"item_purchase_floors":[8,8],"current_hp_per_floor":[72,61,61,61,61,61,61,61,68,68,68,68,68,68,68,62,79,76,57,53,3,0,0],"gold":454,"neow_bonus":"THREE_ENEMY_KILL","is_daily":false,"chose_seed":false,"campfire_upgraded":3,"win_rate":0.0,"timestamp":1614352799,"path_taken":["M","?","?","?","M","E","R","$","T","?","?","M","R","?","R","BOSS","M","?","M","M","M"],"items_purchased_type":["Card","Card"],"build_version":"2020-12-22","purchased_purges":0,"victory":false,"max_hp_per_floor":[72,72,72,72,72,72,72,72,79,79,79,79,79,79,79,79,79,79,79,79,79,79,79],"card_choices":[{"not_picked":["EmptyBody","Protect","Wallop"],"picked":"SKIP","floor":1.0},{"not_picked":["Consecrate","CutThroughFate"],"picked":"Replay:Vibes","floor":5.0},{"not_picked":["BowlingBash","Halt"],"picked":"EmptyFist","floor":6.0},{"not_picked":["Meditate","Wallop"],"picked":"Evaluate","floor":11.0},{"not_picked":["FollowUp","Replay:BluntJabs"],"picked":"WreathOfFlame","floor":12.0},{"not_picked":["Establishment","MasterReality"],"picked":"Ragnarok","floor":16.0},{"not_picked":["Replay:BluntJabs","FlyingSleeves"],"picked":"JustLucky","floor":18.0},{"not_picked":["Replay:Fractal Strike","ReplayTheSpireMod:Echoes of Time"],"picked":"infinitespire:NeuralNetwork","floor":19.0},{"not_picked":["Replay:ManipulateFuture","Replay:DivineShield+1"],"picked":"Replay:AtTheReady+1","floor":20},{"not_picked":["Halt","JustLucky"],"picked":"ClearTheMind","floor":21}],"player_experience":317160,"relics_obtained":[{"floor":3.0,"key":"Oddly Smooth Stone"},{"floor":4.0,"key":"Replay:Bottled Flurry"},{"floor":6.0,"key":"Centennial Puzzle"},{"floor":9.0,"key":"Strawberry"}],"event_choices":[{"damage_healed":0.0,"max_hp_gain":0.0,"max_hp_loss":0.0,"gold_gain":75.0,"event_name":"World of Goop","player_choice":"Gather Gold","floor":2.0,"gold_loss":0.0,"damage_taken":11.0},{"damage_healed":0.0,"max_hp_gain":0.0,"max_hp_loss":0.0,"gold_gain":0.0,"event_name":"NoteForYourself","player_choice":"Ignored","floor":10.0,"gold_loss":0.0,"damage_taken":0.0},{"damage_healed":0.0,"max_hp_gain":0.0,"max_hp_loss":0.0,"gold_gain":0.0,"event_name":"Golden Idol","player_choice":"Ignored","floor":14.0,"gold_loss":0.0,"damage_taken":0.0}],"is_beta":false,"boss_relics":[{"not_picked":["Abe\u0027s Treasure","Snecko Eye"],"picked":"SacredBark"}],"items_purged_floors":[],"is_endless":false,"potions_floor_spawned":[1,6,11,16],"killed_by":"Snecko","ascension_level":0}}