{"host":"mydft8i2zzydgggw","time":1614358243,"event":{"mods":["AchievementEnabler","BaseMod","Colored Map","Colored Powertips","DeckTracker","Keyboard Shortcuts","Minty Spire (QoL Compilation)","Rare Cards Sparkle","Relic Stats","StSLib","SuperFastMode","Together in Spire","everything is the same but u backflip on backflip"],"gold_per_floor":[113,131,131,144,144,144,175,175,226,250,250,325,345,11,11,137,137,161,210,135,150,150,150],"floor_reached":22,"language":"KOR","playtime":449,"items_purged":["Strike_P"],"score":334,"play_id":"8ceb4c01-0bce-4715-b552-83d9666f4cb9","local_time":"20210227015043","is_ascension_mode":true,"campfire_choices":[{"data":"Study","floor":6.0,"key":"SMITH"},{"data":"WindmillStrike","floor":8.0,"key":"SMITH"},{"data":"Evaluate","floor":15.0,"key":"SMITH"}],"circlet_count":0,"master_deck":["AscendersBane","Strike_P","Strike_P","Defend_P","Defend_P","Defend_P+1","Defend_P","Eruption+1","Vigilance","Evaluate+1","ClearTheMind","Study+1","WindmillStrike+1","Prostrate+1","FollowUp","LessonLearned","EmptyFist","CrushJoints"],"relics":["PureWater","NeowsBlessing","Golden Idol","Tiny Chest","PreservedInsect","Mummified Hand","Fusion Hammer","Bronze Scales"],"acts_visited":["Exordium","TheCity"],"potions_floor_usage":[22],"damage_taken":[{"damage":0.0,"enemies":"Cultist","floor":1.0,"turns":1.0},{"damage":0.0,"enemies":"Small Slimes","floor":2.0,"turns":1.0},{"damage":0.0,"enemies":"2 Louse","floor":4.0,"turns":1.0},{"damage":20.0,"enemies":"3 Sentries","floor":7.0,"turns":8.0},{"damage":3.0,"enemies":"2 Fungi Beasts","floor":10.0,"turns":3.0},{"damage":2.0,"enemies":"Looter","floor":13.0,"turns":4.0},{"damage":26,"enemies":"Hexaghost","floor":16,"turns":11},{"damage":18,"enemies":"Shell Parasite","floor":18,"turns":6},{"damage":18,"enemies":"Spheric Guardian","floor":21,"turns":4},{"damage":15,"enemies":"Snake Plant","floor":22,"turns":4}],"seed_played":"-8625490983663834420","potions_obtained":[{"floor":1.0,"key":"BottledMiracle"},{"floor":4.0,"key":"Ancient Potion"},{"floor":16,"key":"Weak Potion"}],"is_trial":false,"path_per_floor":["M","M","?","M","?","R","E","R","T","M","?","?","M","$","R","B",null,"M","T","?","M","M"],"character_chosen":"WATCHER","items_purchased":["Mummified Hand"],"campfire_rested":0,"item_purchase_floors":[14],"current_hp_per_floor":[65,65,65,65,65,65,45,45,45,42,42,31,29,29,29,3,51,33,33,33,15,0,0],"gold":150,"neow_bonus":"THREE_ENEMY_KILL","is_daily":false,"chose_seed":false,"campfire_upgraded":3,"win_rate":0.0,"timestamp":1614358243,"path_taken":["M","?","?","M","?","R","E","R","T","M","?","?","M","?","R","BOSS","M","?","?","M","M"],"items_purchased_type":["Relic"],"build_version":"2020-12-22","purchased_purges":1,"victory":false,"max_hp_per_floor":[72,72,72,72,67,67,67,67,67,67,67,67,67,67,67,67,67,67,67,67,67,67,67],"relic_stats":{"counters":[10,43],"Golden Idol":48,"Mummified Hand":[6],"Bronze Scales":[21],"Tiny Chest":1,"PreservedInsect":0,"obtain_stats":[{"NeowsBlessing":0,"Golden Idol":5,"Mummified Hand":14,"Bronze Scales":19,"Tiny Chest":7,"PreservedInsect":9,"Fusion Hammer":17,"PureWater":0},{"NeowsBlessing":0,"Golden Idol":3,"Mummified Hand":6,"Bronze Scales":8,"Tiny Chest":4,"PreservedInsect":4,"Fusion Hammer":7,"PureWater":0},{"NeowsBlessing":0,"Golden Idol":3,"Mummified Hand":18,"Bronze Scales":35,"Tiny Chest":11,"PreservedInsect":11,"Fusion Hammer":29,"PureWater":0}]},"card_choices":[{"not_picked":["Nirvana","Crescendo"],"picked":"Evaluate","floor":1.0},{"not_picked":["FlyingSleeves","LikeWater"],"picked":"ClearTheMind","floor":2.0},{"not_picked":["FlurryOfBlows","BattleHymn"],"picked":"Study","floor":4.0},{"not_picked":["DeceiveReality","Nirvana"],"picked":"WindmillStrike","floor":7.0},{"not_picked":["ThirdEye","Worship"],"picked":"Prostrate","floor":10.0},{"not_picked":["Tantrum","FlurryOfBlows"],"picked":"FollowUp","floor":13.0},{"not_picked":["ConjureBlade","Alpha"],"picked":"LessonLearned","floor":16},{"not_picked":["BowlingBash","CutThroughFate"],"picked":"EmptyFist","floor":18},{"not_picked":["Protect","Evaluate+1"],"picked":"CrushJoints","floor":21}],"player_experience":312064,"relics_obtained":[{"floor":7.0,"key":"Tiny Chest"},{"floor":9.0,"key":"PreservedInsect"},{"floor":19,"key":"Bronze Scales"}],"event_choices":[{"damage_healed":0.0,"max_hp_gain":0.0,"max_hp_loss":0.0,"gold_gain":0.0,"event_name":"Living Wall","player_choice":"Grow","floor":3.0,"gold_loss":0.0,"damage_taken":0.0,"cards_upgraded":["Eruption"]},{"damage_healed":0.0,"max_hp_gain":0.0,"max_hp_loss":5.0,"gold_gain":0.0,"event_name":"Golden Idol","player_choice":"Lose Max HP","floor":5.0,"gold_loss":0.0,"damage_taken":0.0,"relics_obtained":["Golden Idol"]},{"damage_healed":0.0,"max_hp_gain":0.0,"max_hp_loss":0.0,"gold_gain":0.0,"event_name":"Liars Game","player_choice":"Ignored","floor":11.0,"gold_loss":0.0,"damage_taken":0.0},{"damage_healed":0.0,"max_hp_gain":0.0,"max_hp_loss":0.0,"gold_gain":75.0,"event_name":"World of Goop","player_choice":"Gather Gold","floor":12.0,"gold_loss":0.0,"damage_taken":11.0},{"cards_removed":["Strike_P"],"damage_healed":0,"gold_gain":0,"player_choice":"Gave Gold","damage_taken":0,"max_hp_gain":0,"max_hp_loss":0,"event_name":"Beggar","floor":20,"gold_loss":75}],"is_beta":false,"boss_relics":[{"not_picked":["Busted Crown","Sozu"],"picked":"Fusion Hammer"}],"items_purged_floors":[14],"is_endless":false,"potions_floor_spawned":[1,4,16],"killed_by":"Snake Plant","ascension_level":12}}