{"host":"7fyy23rucerupe6i","time":1614321945,"event":{"mods":["AchievementEnabler","Act Like it!","Aspiration","BaseMod","Better Note","BetterRewards","Colored Map","Colored Powertips","Conspire","Curses Come First","Custom Start","Downfall","Googly Eyes","Marisa£®ÏF”Í°°ƒß¿Ì…≥£©","Minty Spire (QoL Compilation)","Quick Restart","Relic Stats","Shop Mod","ShortenTheSpire","Spicy Shops","StSLib","SuperFastMode","The Blackbeard","The Construct","The Cursed","The Senshi","The Servant 0.9.4"],"gold_per_floor":[118,118,154,166,12,40,55,85,85,102,128,141,161,23,23,123,123,134,103,18,18,18,18,50,50,50,50],"floor_reached":25,"language":"ZHS","playtime":8032,"items_purged":["champ:Defend","champ:Strike","champ:Defend","champ:Strike"],"score":332,"play_id":"ed1e44d9-f2f7-4086-8e18-c58da15bd67b","local_time":"20210226144545","is_ascension_mode":true,"campfire_choices":[{"data":"champ:Duel","floor":15,"key":"SMITH"}],"circlet_count":0,"master_deck":["champ:Strike","champ:Strike","champ:Defend","champ:Defend","champ:Execute","champ:Taunt","champ:DefensiveStyle","champ:FocusedDefense","champ:ShieldSlam","champ:Duel+1","champ:FlashCut","champ:LastStand","champ:UltimateStance+1","champ:EnchantShield+1","champ:Improvising","champ:Circumvent+1","champ:IronFortress+1","champ:HoldFirm+1","downfall:Bewildered","champ:FocusedDefense+1"],"relics":["champ:ChampionCrown","HandDrill","Art of War","Bag of Preparation","Question Card","Singing Bowl","Membership Card","Happy Flower","aspiration:AnachronicSnailShell","conspire:Dentures","Toxic Egg 2","Black Star","conspire:GiftBox","sneckomod:BabySnecko","aspiration:HatOfInfinitePower","bronze:BronzeIdol"],"acts_visited":["Exordium","TheCity"],"potions_floor_usage":[8,8,16,16],"damage_taken":[{"damage":15,"enemies":"Cultist","floor":1,"turns":3},{"damage":35,"enemies":"conspire:MimicChest","floor":3,"turns":4},{"damage":15,"enemies":"2 Louse","floor":4,"turns":3},{"damage":23,"enemies":"3 Sentries","floor":6,"turns":8},{"damage":1,"enemies":"Jaw Worm","floor":7,"turns":2},{"damage":1,"enemies":"Gremlin Nob","floor":8,"turns":2},{"damage":12,"enemies":"Exordium Thugs","floor":10,"turns":4},{"damage":5,"enemies":"Lagavulin","floor":11,"turns":5},{"damage":14,"enemies":"Looter","floor":12,"turns":2},{"damage":0,"enemies":"3 Louse","floor":13,"turns":3},{"damage":36,"enemies":"Slime Boss","floor":16,"turns":9},{"damage":20,"enemies":"Chosen","floor":18,"turns":4},{"damage":41,"enemies":"2 Thieves","floor":19,"turns":5},{"damage":28,"enemies":"Book of Stabbing","floor":24,"turns":6},{"damage":0,"enemies":"3 Cultists","floor":25,"turns":1}],"seed_played":"5517121239824655571","potions_obtained":[{"floor":6,"key":"champ:TechniquePotion"},{"floor":7,"key":"DuplicationPotion"},{"floor":8,"key":"Block Potion"},{"floor":11,"key":"SteroidPotion"},{"floor":13,"key":"AttackPotion"},{"floor":18,"key":"Dexterity Potion"},{"floor":24,"key":"AttackPotion"}],"is_trial":false,"path_per_floor":["M","T","?","M","$","E","M","E","T","M","E","M","M","$","R","B",null,"M","M","?","$","?","R","E","M"],"character_chosen":"THE_CHAMP","items_purchased":["HandDrill","Art of War","champ:DefensiveStyle","Bag of Preparation","champ:FocusedDefense","Membership Card"],"campfire_rested":0,"item_purchase_floors":[0,0,0,0,0,5],"current_hp_per_floor":[49,49,29,24,24,13,14,13,13,15,15,17,17,17,17,17,96,96,85,85,85,85,85,72,72,72,72],"gold":50,"neow_bonus":"","is_daily":false,"chose_seed":false,"campfire_upgraded":1,"win_rate":0.0,"timestamp":1614321945,"path_taken":["M","?","?","M","$","E","M","E","T","M","E","?","M","$","R","BOSS","M","M","?","$","?","R","E","M"],"items_purchased_type":["Relic","Relic","Card","Relic","Card","Relic"],"build_version":"2020-12-22","purchased_purges":4,"victory":false,"max_hp_per_floor":[90,90,90,90,90,90,92,92,92,94,94,96,96,96,96,96,96,96,96,96,96,96,96,96,96,96,96],"relic_stats":{"Singing Bowl":6,"Happy Flower":[14],"counters":[30,121],"HandDrill":[4],"Art of War":[4],"Bag of Preparation":[46],"Black Star":1,"Question Card":13,"obtain_stats":[{"Singing Bowl":3,"champ:ChampionCrown":0,"StoneCalendar":7,"expansioncontent:StudyCardRelic":17,"Bag of Preparation":0,"Nunchaku":8,"aspiration:AnachronicSnailShell":8,"HandDrill":0,"Toxic Egg 2":4,"conspire:Dentures":9,"Lee\u0027s Waffle":0,"Happy Flower":6,"The Courier":11,"PreservedInsect":0,"Question Card":2,"Akabeko":0,"bronze:BronzeIdol":24,"sneckomod:BabySnecko":22,"conspire:GiftBox":20,"Ornamental Fan":13,"MutagenicStrength":21,"conspire:BottledYoYo":13,"Art of War":0,"Black Star":17,"Membership Card":5,"hexamod:BolsterEngine":0,"aspiration:HatOfInfinitePower":24},{"Singing Bowl":17,"champ:ChampionCrown":0,"StoneCalendar":3,"expansioncontent:StudyCardRelic":11,"Bag of Preparation":15,"Nunchaku":4,"aspiration:AnachronicSnailShell":21,"HandDrill":15,"Toxic Egg 2":2,"conspire:Dentures":21,"Lee\u0027s Waffle":15,"Happy Flower":19,"The Courier":7,"PreservedInsect":15,"Question Card":16,"Akabeko":15,"bronze:BronzeIdol":29,"sneckomod:BabySnecko":28,"conspire:GiftBox":28,"Ornamental Fan":8,"MutagenicStrength":13,"conspire:BottledYoYo":8,"Art of War":15,"Black Star":26,"Membership Card":18,"hexamod:BolsterEngine":15,"aspiration:HatOfInfinitePower":29},{"Singing Bowl":67,"champ:ChampionCrown":0,"StoneCalendar":9,"expansioncontent:StudyCardRelic":41,"Bag of Preparation":60,"Nunchaku":13,"aspiration:AnachronicSnailShell":82,"HandDrill":60,"Toxic Egg 2":5,"conspire:Dentures":82,"Lee\u0027s Waffle":60,"Happy Flower":78,"The Courier":23,"PreservedInsect":60,"Question Card":63,"Akabeko":60,"bronze:BronzeIdol":120,"sneckomod:BabySnecko":114,"conspire:GiftBox":114,"Ornamental Fan":27,"MutagenicStrength":50,"conspire:BottledYoYo":27,"Art of War":60,"Black Star":105,"Membership Card":70,"hexamod:BolsterEngine":60,"aspiration:HatOfInfinitePower":120}]},"card_choices":[{"not_picked":["champ:BladeFlurry","champ:SetATrap","champ:Shatter"],"picked":"SKIP","floor":1},{"not_picked":["champ:BringItOn","champ:AdrenalArmor","champ:RapidStrikes"],"picked":"champ:ShieldSlam","floor":3},{"not_picked":["champ:HeavySlash","champ:FocusedBerserking","champ:TornadoPunch"],"picked":"champ:Duel","floor":4},{"not_picked":["champ:RapidStrikes","champ:FocusedBerserking","champ:Devastate"],"picked":"champ:FlashCut","floor":6},{"not_picked":["champ:PreemptiveStrike","champ:CrownThrow","champ:Shatter","champ:BerserkersShout"],"picked":"Singing Bowl","floor":7},{"not_picked":["champ:AdrenalArmor","champ:Duel","champ:RapidStrikes"],"picked":"champ:LastStand","floor":8},{"not_picked":["champ:FocusedBerserking","champ:RapidStrikes","champ:StanceDance","champ:EnragedBash"],"picked":"Singing Bowl","floor":10},{"not_picked":["champ:Shatter","champ:EnGarde+1","champ:Haymaker"],"picked":"champ:UltimateStance+1","floor":11},{"not_picked":["champ:BladeFlurry","champ:Encircle","champ:FanOfKnives","champ:TornadoPunch"],"picked":"Singing Bowl","floor":12},{"not_picked":["champ:FlashCut","champ:FalseCounter+1","champ:TornadoPunch"],"picked":"champ:EnchantShield+1","floor":13},{"not_picked":["champ:Devastate","champ:SwordThrow","champ:EnchantSword+1"],"picked":"champ:Improvising","floor":16},{"not_picked":["champ:PerfectedStrike","champ:BringItOn+1","champ:TornadoPunch"],"picked":"champ:Circumvent+1","floor":18},{"not_picked":["champ:Haymaker","champ:BerserkersShout+1","champ:StanceDance+1"],"picked":"champ:IronFortress+1","floor":19},{"not_picked":["champ:ShieldThrow","champ:LastStand","champ:EnchantSword+1"],"picked":"champ:HoldFirm+1","floor":20},{"not_picked":["champ:RisingSlash","champ:PerfectedStrike","champ:PreciseThrust"],"picked":"champ:FocusedDefense+1","floor":24}],"player_experience":627605,"relics_obtained":[{"floor":2,"key":"Question Card"},{"floor":3,"key":"Singing Bowl"},{"floor":6,"key":"Happy Flower"},{"floor":8,"key":"aspiration:AnachronicSnailShell"},{"floor":9,"key":"conspire:Dentures"},{"floor":11,"key":"Toxic Egg 2"},{"floor":24,"key":"aspiration:HatOfInfinitePower"},{"floor":24,"key":"bronze:BronzeIdol"}],"event_choices":[{"damage_healed":0,"gold_gain":0,"player_choice":"Obtained Relic","damage_taken":0,"relics_obtained":["conspire:GiftBox"],"max_hp_gain":0,"max_hp_loss":0,"event_name":"Addict","floor":20,"gold_loss":85}],"is_beta":false,"boss_relics":[{"not_picked":["aspiration:RitualDagger","Velvet Choker"],"picked":"Black Star"}],"items_purged_floors":[0,0,14,14],"is_endless":false,"potions_floor_spawned":[6,7,8,11,13,18,24],"killed_by":"3 Cultists","ascension_level":1}}