{"host":"kky6uciv0w70iwp6","time":1614305396,"event":{"mods":["Act Like it!","Aspiration","BaseMod","Colored Map","Colored Powertips","Downfall","Gensokyo","Hallownest","Hermit","Koishi","Lobotomy","Marisa£®ÏF”Í°°ƒß¿Ì…≥£©","Minty Spire (QoL Compilation)","Quick Restart","Reimu£®≤©¿ˆ¡È√Œ£©","Remilia£®¿Ÿ√◊¿Ú—«£©","Replay The Spire","StSLib","The Animator","The Bug Knight","The Cursed","The Gatherer","The Hierophant","The Mystic","The Poker Player","The Runesmith","The Servant 0.9.4","Waifu the Spire","Youmu£®ªÍ∆«—˝√Œ£©","Yuyuko"],"gold_per_floor":[215,15,115,128,141,167,167,167],"floor_reached":7,"language":"ZHS","playtime":523,"items_purged":[],"score":151,"play_id":"355af1c7-559c-41a3-a7f0-87c64bc579d8","local_time":"20210226100956","is_ascension_mode":false,"campfire_choices":[],"circlet_count":0,"master_deck":["Strike_P","Strike_P","Strike_P+1","Strike_P","Defend_P","Defend_P","Defend_P","Defend_P+1","Eruption","Vigilance","JustLucky","Replay:ManipulateFuture","CurseOfTheBell","CurseOfTheBell","downfall:Haunted","Alpha","downfall:Malfunctioning","animator:Curse_Nutcracker","BattleHymn","FlurryOfBlows","Crescendo"],"relics":["PureWater","PreservedInsect","downfall:ExtraCursedBell","Simple Rune","Ornamental Fan","Replay:Towering Pillar of Hats","ScarletDevilRocket"],"acts_visited":["Exordium"],"potions_floor_usage":[],"damage_taken":[{"damage":0,"enemies":"Cultist","floor":1,"turns":2},{"damage":1,"enemies":"Jaw Worm","floor":4,"turns":3},{"damage":0,"enemies":"2 Louse","floor":5,"turns":5},{"damage":44,"enemies":"Gremlin Nob","floor":6,"turns":4},{"damage":0,"enemies":"Hexaghost","floor":7,"turns":1}],"seed_played":"2218614169715096308","potions_obtained":[{"floor":1,"key":"BottledMiracle"}],"is_trial":false,"path_per_floor":["M","$","?","M","M","E","B"],"character_chosen":"WATCHER","items_purchased":["PreservedInsect","Replay:ManipulateFuture"],"campfire_rested":0,"item_purchase_floors":[2,2],"current_hp_per_floor":[72,72,77,76,76,32,32,32],"gold":167,"neow_bonus":"HUNDRED_GOLD","is_daily":false,"chose_seed":false,"campfire_upgraded":0,"win_rate":0.0,"timestamp":1614305396,"path_taken":["M","$","?","M","M","E","BOSS"],"items_purchased_type":["Relic","Card"],"build_version":"2020-12-22","purchased_purges":0,"victory":false,"max_hp_per_floor":[72,72,77,77,77,77,77,77],"card_choices":[{"not_picked":["Fasting2","Replay:BluntJabs"],"picked":"JustLucky","floor":1},{"not_picked":["EmptyBody","ClearTheMind"],"picked":"BattleHymn","floor":4},{"not_picked":["Replay:ManipulateFuture","Meditate"],"picked":"FlurryOfBlows","floor":5},{"not_picked":["TalkToTheHand","Fasting2"],"picked":"Crescendo","floor":6}],"player_experience":102987,"relics_obtained":[{"floor":3,"key":"Simple Rune"},{"floor":3,"key":"Ornamental Fan"},{"floor":3,"key":"Replay:Towering Pillar of Hats"},{"floor":6,"key":"ScarletDevilRocket"}],"event_choices":[],"is_beta":false,"boss_relics":[],"items_purged_floors":[],"is_endless":false,"potions_floor_spawned":[1],"killed_by":"Hexaghost","ascension_level":0}}