{"host":"mnpd8gh7cwxsn5kh","time":1614382254,"event":{"mods":["BaseMod","Minty Spire (QoL Compilation)","Spire with Friends"],"gold_per_floor":[110,110,130,149,44,44,76,89,89,89,99,111,111,144,107,107,210,210,221,19,33,46,64,64,87,107,132,145,177,29,29,54,54,54,156,512,1094,1094,1108,300,324,397,397,397,421,431,8,22,22,40,40,40,40,40,40,40,68,31,31],"floor_reached":60,"language":"ENG","playtime":6096,"items_purged":[],"score":1353,"play_id":"59929893-b080-4310-be7b-2e4932ed220a","local_time":"20210227003054","is_ascension_mode":true,"campfire_choices":[{"data":"Skewer","floor":6,"key":"SMITH"},{"data":"Terror","floor":10,"key":"SMITH"},{"data":"Neutralize","floor":13,"key":"SMITH"},{"data":"Dash","floor":16,"key":"SMITH"},{"data":"Venomology","floor":24,"key":"SMITH"},{"data":"Wraith Form v2","floor":34,"key":"SMITH"},{"data":"Footwork","floor":43,"key":"SMITH"},{"floor":52,"key":"RECALL"},{"data":"Deadly Poison","floor":55,"key":"SMITH"}],"circlet_count":0,"master_deck":["Strike_G+1","Defend_G+1","Defend_G+1","Defend_G+1","Defend_G+1","Defend_G+1","Survivor","Neutralize+1","Shiv","Shiv","Shiv","Poisoned Stab","Dash+1","Terror+1","Skewer+1","Deflect","PiercingWail","Quick Slash","Dash","Catalyst+1","Backstab+1","Catalyst+1","Deadly Poison+1","Adrenaline","Footwork+1","Dagger Throw+1","Backflip+1","Deadly Poison+1","All Out Attack+1","Wraith Form v2+1","Adrenaline","PiercingWail","Footwork+1","Escape Plan+1","Deadly Poison+1","PiercingWail","Calculated Gamble","Acrobatics","PiercingWail+1"],"relics":["Ring of the Snake","Bag of Preparation","Astrolabe","Boot","Smiling Mask","Art of War","Lantern","Ancient Tea Set","Coffee Dripper","Bag of Marbles","Vajra","Oddly Smooth Stone","OrangePellets","Gremlin Horn"],"acts_visited":["Exordium","TheCity","TheBeyond","TheEnding"],"potions_floor_usage":[11,19,22,22,26,28,29,35,40,41,48,53,57,59,59,59,59],"damage_taken":[{"damage":0,"enemies":"Small Slimes","floor":1,"turns":3},{"damage":1,"enemies":"Cultist","floor":3,"turns":3},{"damage":3,"enemies":"Jaw Worm","floor":4,"turns":3},{"damage":24,"enemies":"Lagavulin","floor":7,"turns":6},{"damage":0,"enemies":"Large Slime","floor":8,"turns":3},{"damage":1,"enemies":"Lots of Slimes","floor":11,"turns":4},{"damage":0,"enemies":"Blue Slaver","floor":12,"turns":2},{"damage":1,"enemies":"3 Sentries","floor":14,"turns":9},{"damage":12,"enemies":"The Guardian","floor":17,"turns":12},{"damage":2,"enemies":"2 Thieves","floor":19,"turns":4},{"damage":0,"enemies":"Chosen","floor":21,"turns":3},{"damage":0,"enemies":"Snecko","floor":22,"turns":4},{"damage":3,"enemies":"Centurion and Healer","floor":23,"turns":8},{"damage":2,"enemies":"Shelled Parasite and Fungi","floor":26,"turns":2},{"damage":2,"enemies":"Snake Plant","floor":28,"turns":3},{"damage":0,"enemies":"Gremlin Leader","floor":29,"turns":3},{"damage":6,"enemies":"Book of Stabbing","floor":32,"turns":5},{"damage":29,"enemies":"Champ","floor":35,"turns":11},{"damage":0,"enemies":"3 Darklings","floor":37,"turns":5},{"damage":0,"enemies":"Orb Walker","floor":39,"turns":2},{"damage":0,"enemies":"Writhing Mass","floor":40,"turns":5},{"damage":0,"enemies":"4 Shapes","floor":41,"turns":4},{"damage":0,"enemies":"Giant Head","floor":42,"turns":7},{"damage":0,"enemies":"Spire Growth","floor":46,"turns":4},{"damage":4,"enemies":"Writhing Mass","floor":48,"turns":4},{"damage":0,"enemies":"Maw","floor":50,"turns":3},{"damage":11,"enemies":"Time Eater","floor":53,"turns":12},{"damage":3,"enemies":"Shield and Spear","floor":57,"turns":4},{"damage":83,"enemies":"The Heart","floor":59,"turns":11}],"seed_played":"7251565938811053420","potions_obtained":[{"floor":3,"key":"BlessingOfTheForge"},{"floor":7,"key":"ColorlessPotion"},{"floor":8,"key":"LiquidMemories"},{"floor":17,"key":"SteroidPotion"},{"floor":19,"key":"BlessingOfTheForge"},{"floor":21,"key":"PowerPotion"},{"floor":26,"key":"PowerPotion"},{"floor":39,"key":"Fire Potion"},{"floor":41,"key":"FearPotion"},{"floor":42,"key":"SneckoOil"},{"floor":46,"key":"CunningPotion"},{"floor":50,"key":"SpeedPotion"},{"floor":57,"key":"EssenceOfSteel"}],"is_trial":false,"path_per_floor":["M","?","M","M","$","R","E","M","T","R","M","M","R","E","C","R","B",null,"M","$","M","M","M","R","T","M","T","M","E","$","?","E","C","R","B",null,"M","C","M","M","M","E","R","?","T","M","$","M","?","M","C","R","B",null,"R","$","E","C","B",null],"character_chosen":"THE_SILENT","items_purchased":["Skewer","Deflect","Adrenaline","Footwork","Poison Potion","Lantern","Oddly Smooth Stone","Acrobatics","OrangePellets","Regen Potion"],"campfire_rested":0,"item_purchase_floors":[5,5,20,20,20,30,47,47,47,47],"current_hp_per_floor":[70,70,69,66,66,66,42,42,42,42,41,41,41,40,40,40,28,70,68,68,68,68,65,65,65,63,63,61,61,61,61,55,55,55,26,70,70,70,70,70,70,70,70,66,66,66,66,62,62,62,62,62,51,66,66,66,63,63,29],"gold":31,"neow_bonus":"","is_daily":false,"chose_seed":true,"campfire_upgraded":8,"win_rate":0.0,"timestamp":1614382254,"path_taken":["M","?","M","M","$","R","E","?","T","R","M","M","R","E","C","R","BOSS","M","?","?","M","M","R","?","M","T","M","E","?","?","E","C","R","BOSS","M","C","M","M","M","E","R","?","T","M","$","M","?","M","C","R","BOSS","R","$","E","C","BOSS"],"items_purchased_type":["Card","Card","Card","Card","Potion","Relic","Relic","Card","Relic","Potion"],"build_version":"2020-12-22","purchased_purges":0,"victory":true,"max_hp_per_floor":[70,70,70,70,70,70,70,70,70,70,70,70,70,70,70,70,70,70,70,70,70,70,70,70,70,70,70,70,70,70,70,70,70,70,70,70,70,70,70,70,70,70,70,66,66,66,66,66,66,66,66,66,66,66,66,66,66,66,33],"card_choices":[{"not_picked":["Deadly Poison","Underhanded Strike"],"picked":"Poisoned Stab","floor":1},{"not_picked":["Well Laid Plans","Setup"],"picked":"Dash","floor":3},{"not_picked":["Blur","Well Laid Plans"],"picked":"Terror","floor":4},{"not_picked":["Escape Plan","Poisoned Stab"],"picked":"PiercingWail","floor":7},{"not_picked":["Bane","Underhanded Strike"],"picked":"Quick Slash","floor":8},{"not_picked":["Deadly Poison","Sucker Punch"],"picked":"Dash","floor":11},{"not_picked":["Dodge and Roll","A Thousand Cuts","Deflect"],"picked":"SKIP","floor":12},{"not_picked":["Expertise","Flying Knee","Heel Hook"],"picked":"SKIP","floor":14},{"not_picked":["Wraith Form v2","Malaise"],"picked":"Venomology","floor":17},{"not_picked":["Bane","Prepared+1"],"picked":"Deadly Poison","floor":19},{"not_picked":["Underhanded Strike+1","Concentrate"],"picked":"Dagger Throw+1","floor":21},{"not_picked":["PiercingWail","Outmaneuver"],"picked":"Backflip+1","floor":22},{"not_picked":["Blade Dance","Sucker Punch"],"picked":"Deadly Poison+1","floor":23},{"not_picked":["Bane","Sucker Punch"],"picked":"All Out Attack+1","floor":26},{"not_picked":["Well Laid Plans","Backflip","Acrobatics"],"picked":"SKIP","floor":28},{"not_picked":["Skewer+1","Flying Knee"],"picked":"Wraith Form v2","floor":29},{"not_picked":["Dodge and Roll","Slice","Quick Slash"],"picked":"SKIP","floor":32},{"not_picked":["Glass Knife","Phantasmal Killer"],"picked":"Adrenaline","floor":35},{"not_picked":["Sucker Punch+1","Heel Hook"],"picked":"PiercingWail","floor":37},{"not_picked":["Flying Knee+1","Quick Slash+1"],"picked":"Footwork","floor":39},{"not_picked":["Dagger Spray+1","Slice"],"picked":"Escape Plan+1","floor":40},{"not_picked":["Slice","Crippling Poison"],"picked":"Deadly Poison+1","floor":41},{"not_picked":["Doppelganger","Reflex+1"],"picked":"PiercingWail","floor":42},{"not_picked":["Blade Dance","Cloak And Dagger"],"picked":"Calculated Gamble","floor":46},{"not_picked":["Accuracy","Outmaneuver","Slice"],"picked":"SKIP","floor":48},{"not_picked":["Heel Hook","Sucker Punch+1","Catalyst"],"picked":"SKIP","floor":50},{"not_picked":["Outmaneuver+1","Endless Agony+1"],"picked":"PiercingWail+1","floor":57}],"player_experience":723588,"relics_obtained":[{"floor":7,"key":"Akabeko"},{"floor":14,"key":"Bag of Preparation"},{"floor":25,"key":"Boot"},{"floor":27,"key":"Smiling Mask"},{"floor":29,"key":"Art of War"},{"floor":32,"key":"Ancient Tea Set"},{"floor":42,"key":"Bag of Marbles"},{"floor":45,"key":"Vajra"},{"floor":57,"key":"Gremlin Horn"}],"event_choices":[{"damage_healed":0,"gold_gain":0,"player_choice":"Full Heal","damage_taken":0,"max_hp_gain":0,"max_hp_loss":0,"event_name":"Wheel of Change","floor":2,"gold_loss":0},{"damage_healed":0,"gold_gain":0,"player_choice":"Simplicity","damage_taken":0,"max_hp_gain":0,"max_hp_loss":0,"event_name":"Back to Basics","floor":31,"gold_loss":0,"cards_upgraded":["Strike_G","Defend_G","Defend_G","Defend_G","Defend_G","Defend_G"]},{"damage_healed":0,"gold_gain":0,"player_choice":"Max HP","damage_taken":0,"max_hp_gain":0,"max_hp_loss":4,"event_name":"Winding Halls","floor":44,"gold_loss":0},{"damage_healed":0,"gold_gain":0,"player_choice":"Upgraded","damage_taken":0,"max_hp_gain":0,"max_hp_loss":0,"event_name":"Upgrade Shrine","floor":49,"gold_loss":0,"cards_upgraded":["Footwork"]}],"is_beta":false,"boss_relics":[{"not_picked":["Fusion Hammer","SlaversCollar"],"picked":"Astrolabe"},{"not_picked":["Empty Cage","Pandora\u0027s Box"],"picked":"Coffee Dripper"}],"items_purged_floors":[],"is_endless":false,"potions_floor_spawned":[3,7,8,17,19,21,26,39,41,42,46,50,57],"ascension_level":1}}