{"host":"jyt72nbfoih0mxuq","time":1614305086,"event":{"mods":["BaseMod","Minty Spire (QoL Compilation)","Relic Stats"],"gold_per_floor":[119,119,119,137,152,152,29,44,44,78,78,78,112,126,126,227,227,240,256,176,193,193,193,222,222,270,287,287,321,337,337,337],"floor_reached":31,"language":"ENG","playtime":1448,"items_purged":["Strike_B","Reprogram"],"score":469,"play_id":"60f073dc-45c9-4b70-8113-2241c34f0d9c","local_time":"20210226030446","is_ascension_mode":true,"campfire_choices":[{"data":"Defragment","floor":6,"key":"SMITH"},{"data":"Echo Form","floor":11,"key":"SMITH"},{"data":"Loop","floor":15,"key":"SMITH"},{"floor":23,"key":"REST"},{"floor":25,"key":"REST"},{"floor":28,"key":"REST"}],"circlet_count":0,"master_deck":["Strike_B","Strike_B","Defend_B","Defend_B","Defend_B","Defend_B","Zap","Dualcast","Cold Snap","Leap","Defragment+1","Ball Lightning","Echo Form+1","Loop+1","Coolheaded","Shame","Doom and Gloom+1"],"relics":["Cracked Core","NeowsBlessing","HornCleat","Ornamental Fan","Akabeko","PreservedInsect","The Courier","Cursed Key","Bronze Scales","Regal Pillow","Eternal Feather"],"acts_visited":["Exordium","TheCity"],"potions_floor_usage":[13],"damage_taken":[{"damage":0,"enemies":"Jaw Worm","floor":1,"turns":1},{"damage":0,"enemies":"Small Slimes","floor":4,"turns":1},{"damage":0,"enemies":"Cultist","floor":5,"turns":1},{"damage":0,"enemies":"Large Slime","floor":8,"turns":4},{"damage":16,"enemies":"Lagavulin","floor":10,"turns":6},{"damage":10,"enemies":"3 Sentries","floor":13,"turns":4},{"damage":0,"enemies":"3 Louse","floor":14,"turns":3},{"damage":0,"enemies":"Hexaghost","floor":16,"turns":9},{"damage":21,"enemies":"3 Byrds","floor":18,"turns":6},{"damage":4,"enemies":"Spheric Guardian","floor":19,"turns":4},{"damage":15,"enemies":"3 Cultists","floor":21,"turns":5},{"damage":29,"enemies":"Gremlin Leader","floor":24,"turns":10},{"damage":14,"enemies":"Snake Plant","floor":27,"turns":3},{"damage":33,"enemies":"Book of Stabbing","floor":29,"turns":4},{"damage":8,"enemies":"Centurion and Healer","floor":30,"turns":6},{"damage":22,"enemies":"Cultist and Chosen","floor":31,"turns":4}],"seed_played":"-1732321158144184430","potions_obtained":[{"floor":1,"key":"SteroidPotion"},{"floor":10,"key":"Fire Potion"},{"floor":14,"key":"PowerPotion"},{"floor":16,"key":"SmokeBomb"},{"floor":19,"key":"SpeedPotion"},{"floor":27,"key":"FocusPotion"}],"is_trial":false,"path_per_floor":["M","?","?","M","M","R","$","M","T","E","R","?","E","M","R","B",null,"M","M","$","M","?","R","E","R","T","M","R","E","M","M"],"character_chosen":"DEFECT","items_purchased":["Ball Lightning"],"campfire_rested":3,"item_purchase_floors":[7],"current_hp_per_floor":[68,61,61,61,61,61,61,61,61,45,45,45,35,35,35,35,65,44,40,40,25,25,47,18,40,40,26,63,30,22,0,0],"gold":337,"neow_bonus":"THREE_ENEMY_KILL","is_daily":false,"chose_seed":false,"campfire_upgraded":3,"win_rate":0.0,"timestamp":1614305086,"path_taken":["M","?","?","M","M","R","$","M","T","E","R","?","E","M","R","BOSS","M","M","?","M","?","R","E","R","T","M","R","E","M","M"],"items_purchased_type":["Card"],"build_version":"2020-12-22","purchased_purges":2,"victory":false,"max_hp_per_floor":[75,75,75,75,75,75,75,75,75,75,75,75,75,75,75,75,75,75,75,75,75,75,75,75,75,75,75,75,75,75,75,75],"relic_stats":{"Regal Pillow":15,"counters":[16,69],"Ornamental Fan":[40],"Bronze Scales":[59],"Eternal Feather":0,"PreservedInsect":125,"Cursed Key":1,"obtain_stats":[{"Regal Pillow":26,"HornCleat":2,"NeowsBlessing":0,"Ornamental Fan":9,"Bronze Scales":24,"Eternal Feather":29,"PreservedInsect":12,"The Courier":13,"Cracked Core":0,"Cursed Key":17,"Akabeko":10},{"Regal Pillow":12,"HornCleat":1,"NeowsBlessing":0,"Ornamental Fan":4,"Bronze Scales":12,"Eternal Feather":14,"PreservedInsect":5,"The Courier":6,"Cracked Core":0,"Cursed Key":8,"Akabeko":5},{"Regal Pillow":53,"HornCleat":1,"NeowsBlessing":0,"Ornamental Fan":7,"Bronze Scales":53,"Eternal Feather":59,"PreservedInsect":13,"The Courier":17,"Cracked Core":0,"Cursed Key":29,"Akabeko":13}]},"card_choices":[{"not_picked":["Barrage","Go for the Eyes"],"picked":"Cold Snap","floor":1},{"not_picked":["Rebound","Go for the Eyes"],"picked":"Leap","floor":4},{"not_picked":["Stack","Hyperbeam"],"picked":"Defragment","floor":5},{"not_picked":["Beam Cell","Auto Shields","Stack"],"picked":"SKIP","floor":8},{"not_picked":["Gash","Undo"],"picked":"Echo Form","floor":10},{"not_picked":["Capacitor","Melter"],"picked":"Loop","floor":13},{"not_picked":["Rebound","Beam Cell","Hologram"],"picked":"SKIP","floor":14},{"not_picked":["Stack","Capacitor"],"picked":"Coolheaded","floor":18},{"not_picked":["Coolheaded","Turbo","Aggregate"],"picked":"SKIP","floor":19},{"not_picked":["FTL","Consume","Beam Cell"],"picked":"SKIP","floor":21},{"not_picked":["Turbo","Tempest","Streamline"],"picked":"SKIP","floor":24},{"not_picked":["Reprogram","Hello World+1"],"picked":"Doom and Gloom+1","floor":27},{"not_picked":["Reinforced Body","Tempest","Gash"],"picked":"SKIP","floor":29},{"not_picked":["Chill","Capacitor","Streamline"],"picked":"SKIP","floor":30}],"player_experience":240912,"relics_obtained":[{"floor":9,"key":"Ornamental Fan"},{"floor":10,"key":"Akabeko"},{"floor":13,"key":"The Courier"},{"floor":24,"key":"Bronze Scales"},{"floor":26,"key":"Regal Pillow"},{"floor":29,"key":"Eternal Feather"}],"event_choices":[{"damage_healed":0,"gold_gain":0,"player_choice":"Success","damage_taken":7,"relics_obtained":["HornCleat"],"max_hp_gain":0,"max_hp_loss":0,"event_name":"Scrap Ooze","floor":2,"gold_loss":0},{"damage_healed":0,"gold_gain":0,"cards_transformed":["Strike_B"],"player_choice":"Change","damage_taken":0,"max_hp_gain":0,"max_hp_loss":0,"event_name":"Living Wall","floor":3,"gold_loss":0,"cards_obtained":["Reprogram"]},{"damage_healed":0,"gold_gain":0,"player_choice":"Gave Potion","damage_taken":0,"relics_obtained":["PreservedInsect"],"max_hp_gain":0,"max_hp_loss":0,"event_name":"WeMeetAgain","floor":12,"gold_loss":0},{"damage_healed":0,"gold_gain":0,"player_choice":"Ignored","damage_taken":0,"max_hp_gain":0,"max_hp_loss":0,"event_name":"Ghosts","floor":22,"gold_loss":0}],"is_beta":false,"boss_relics":[{"not_picked":["Fusion Hammer","Snecko Eye"],"picked":"Cursed Key"}],"items_purged_floors":[7,20],"is_endless":false,"potions_floor_spawned":[1,10,14,16,19,24,27],"killed_by":"Cultist and Chosen","ascension_level":8}}