{"host":"x1qj4d8ympd5jdqh","time":1614347987,"event":{"mods":["AchievementEnabler","AlwaysNeverKeys","BaseMod","Colored Map","Custom Start","DeckTracker","Highlight Path","Minty Spire (QoL Compilation)","StSLib","SuperFastMode"],"gold_per_floor":[109,123,136,136,136,136,147,178,203,203,215,61,75,75,75,152,152,164,175,194,244,21,49,49,69,139,139,164,214,159,174,174,174,174],"floor_reached":33,"language":"KOR","playtime":1108,"items_purged":["Strike_G"],"score":574,"play_id":"060d4542-3126-4c8a-8ded-92a737b5e1f3","local_time":"20210226225947","is_ascension_mode":true,"campfire_choices":[{"floor":6.0,"key":"REST"},{"data":"Poisoned Stab","floor":10.0,"key":"SMITH"},{"data":"Neutralize","floor":15.0,"key":"SMITH"},{"floor":24,"key":"REST"},{"floor":27,"key":"REST"},{"floor":32,"key":"REST"}],"circlet_count":0,"master_deck":["AscendersBane","Strike_G+1","Strike_G+1","Defend_G","Defend_G","Defend_G","Defend_G","Defend_G","Survivor","Neutralize+1","Finesse","Flying Knee","Bane","Dash","Poisoned Stab+1","Noxious Fumes","Crippling Poison+1","Crippling Poison","Bouncing Flask","Riddle With Holes","Phantasmal Killer","Underhanded Strike"],"relics":["Ring of the Snake","Nunchaku","Whetstone","Snecko Eye","PreservedInsect","Strawberry","Paper Crane","Bag of Marbles","White Beast Statue"],"acts_visited":["Exordium","TheCity"],"potions_floor_usage":[20,23,23,33],"damage_taken":[{"damage":4.0,"enemies":"2 Louse","floor":1.0,"turns":2.0},{"damage":0.0,"enemies":"Cultist","floor":2.0,"turns":3.0},{"damage":22.0,"enemies":"Jaw Worm","floor":3.0,"turns":7.0},{"damage":6.0,"enemies":"Lots of Slimes","floor":7.0,"turns":6.0},{"damage":6.0,"enemies":"3 Sentries","floor":8.0,"turns":9.0},{"damage":0.0,"enemies":"3 Louse","floor":11.0,"turns":4.0},{"damage":0.0,"enemies":"Looter","floor":13.0,"turns":3.0},{"damage":4.0,"enemies":"Hexaghost","floor":16.0,"turns":9.0},{"damage":2,"enemies":"Chosen","floor":18,"turns":4},{"damage":16,"enemies":"Shell Parasite","floor":19,"turns":5},{"damage":13,"enemies":"Snake Plant","floor":20,"turns":4},{"damage":18,"enemies":"Gremlin Leader","floor":23,"turns":6},{"damage":8,"enemies":"3 Cultists","floor":25,"turns":5},{"damage":36,"enemies":"Slavers","floor":28,"turns":4},{"damage":3,"enemies":"Cultist and Chosen","floor":31,"turns":4},{"damage":38,"enemies":"Automaton","floor":33,"turns":8}],"seed_played":"-2601158555290083818","potions_obtained":[{"floor":2.0,"key":"Fruit Juice"},{"floor":7.0,"key":"SkillPotion"},{"floor":8.0,"key":"Block Potion"},{"floor":18,"key":"Energy Potion"},{"floor":20,"key":"GhostInAJar"},{"floor":31,"key":"BlessingOfTheForge"}],"is_trial":false,"path_per_floor":["M","M","M","?","?","R","M","E","T","R","M","$","M","?","R","B",null,"M","M","M","?","$","E","R","M","T","R","E","?","?","M","R","B"],"character_chosen":"THE_SILENT","items_purchased":["Noxious Fumes","PreservedInsect","PowerPotion"],"campfire_rested":4,"item_purchase_floors":[12,22,22],"current_hp_per_floor":[55,60,38,38,28,49,43,37,37,37,37,37,37,30,30,26,60,58,42,29,29,29,18,41,33,33,56,20,20,20,17,40,2,2],"gold":174,"neow_bonus":"RANDOM_COLORLESS","is_daily":false,"chose_seed":false,"campfire_upgraded":2,"win_rate":0.0,"timestamp":1614347987,"path_taken":["M","M","M","?","?","R","?","E","T","R","M","$","M","?","R","BOSS","M","M","M","?","$","E","R","?","T","R","E","?","?","M","R","BOSS"],"items_purchased_type":["Card","Relic","Potion"],"build_version":"2020-12-22","purchased_purges":1,"victory":false,"max_hp_per_floor":[66,71,71,71,71,71,71,71,71,71,71,71,71,71,71,71,71,71,71,71,71,71,78,78,78,78,78,78,78,78,78,78,78,78],"card_choices":[{"not_picked":["Dramatic Entrance","Impatience"],"picked":"Finesse","floor":0.0},{"not_picked":["Backflip","Escape Plan"],"picked":"Flying Knee","floor":1.0},{"not_picked":["Prepared","Doppelganger"],"picked":"Bane","floor":2.0},{"not_picked":["Choke","All Out Attack"],"picked":"Dash","floor":3.0},{"not_picked":["Bane","Dodge and Roll"],"picked":"Poisoned Stab","floor":7.0},{"not_picked":["Night Terror","Bane","Doppelganger"],"picked":"SKIP","floor":8.0},{"not_picked":["Slice","Flying Knee","Underhanded Strike"],"picked":"SKIP","floor":11.0},{"not_picked":["Poisoned Stab","Escape Plan","Dash"],"picked":"SKIP","floor":13.0},{"not_picked":["Noxious Fumes","Infinite Blades"],"picked":"Crippling Poison+1","floor":18},{"not_picked":["Poisoned Stab","Masterful Stab","Blade Dance"],"picked":"SKIP","floor":19},{"not_picked":["Cloak And Dagger","Poisoned Stab"],"picked":"Crippling Poison","floor":20},{"not_picked":["Flying Knee","Backstab"],"picked":"Bouncing Flask","floor":23},{"not_picked":["Underhanded Strike","Blade Dance"],"picked":"Riddle With Holes","floor":25},{"not_picked":["Quick Slash","Caltrops"],"picked":"Phantasmal Killer","floor":28},{"not_picked":["Quick Slash","Acrobatics"],"picked":"Underhanded Strike","floor":31}],"player_experience":1335595,"relics_obtained":[{"floor":8.0,"key":"Nunchaku"},{"floor":9.0,"key":"Whetstone"},{"floor":23,"key":"Strawberry"},{"floor":26,"key":"Paper Crane"},{"floor":28,"key":"Bag of Marbles"}],"event_choices":[{"cards_removed":["Strike_G"],"damage_healed":0.0,"max_hp_gain":0.0,"max_hp_loss":0.0,"gold_gain":0.0,"event_name":"Living Wall","player_choice":"Forget","floor":4.0,"gold_loss":0.0,"damage_taken":0.0},{"damage_healed":0.0,"max_hp_gain":0.0,"max_hp_loss":0.0,"gold_gain":0.0,"event_name":"Wheel of Change","player_choice":"Damaged","floor":5.0,"gold_loss":0.0,"damage_taken":10.0},{"cards_removed":["Strike_G"],"damage_healed":0.0,"max_hp_gain":0.0,"max_hp_loss":0.0,"gold_gain":0.0,"event_name":"Golden Wing","player_choice":"Card Removal","floor":14.0,"gold_loss":0.0,"damage_taken":7.0},{"damage_healed":0,"gold_gain":100,"player_choice":"Bet on Murderer","damage_taken":0,"max_hp_gain":0,"max_hp_loss":0,"event_name":"The Joust","floor":21,"gold_loss":50},{"damage_healed":0,"gold_gain":50,"player_choice":"Stole From Cult","damage_taken":0,"max_hp_gain":0,"max_hp_loss":0,"event_name":"Nest","floor":29,"gold_loss":0},{"damage_healed":0,"gold_gain":0,"player_choice":"Paid Gold","damage_taken":0,"relics_obtained":["White Beast Statue"],"max_hp_gain":0,"max_hp_loss":0,"event_name":"WeMeetAgain","floor":30,"gold_loss":55}],"is_beta":false,"boss_relics":[{"not_picked":["SlaversCollar","Pandora\u0027s Box"],"picked":"Snecko Eye"}],"items_purged_floors":[12],"is_endless":false,"potions_floor_spawned":[2,7,8,18,20,31],"killed_by":"Automaton","ascension_level":20}}