{"host":"y2d5jdk6et74e3ks","time":1614372398,"event":{"mods":["BaseMod","Colored Map","Downfall","Hubris","Minty Spire (QoL Compilation)","Replay The Spire","StSLib"],"gold_per_floor":[0,13,32,132,33,46,46,46,63,82,102,102,102,117,127,127,127,127],"floor_reached":16,"language":"ENG","playtime":1098,"items_purged":[],"score":96,"play_id":"f860982d-3bc8-413e-89e5-1527cf6670d9","local_time":"20210226154638","is_ascension_mode":false,"campfire_choices":[{"data":"hexamod:Sear","floor":1,"key":"SMITH"},{"data":"hexamod:SoulSteal","floor":8,"key":"SMITH"},{"floor":13,"key":"REST"}],"circlet_count":0,"master_deck":["hexamod:Strike","hexamod:Strike","hexamod:Strike","hexamod:Strike","hexamod:Defend","hexamod:Defend","hexamod:Defend","hexamod:Defend","hexamod:Sear+1","hexamod:Float","hexamod:EmpoweredFlame","hexamod:ExtraCrispy","hexamod:SoulSteal+1","hexamod:PhantomFireball","hexamod:FastForward","hexamod:ThermalTransfer","hexamod:RadiantFlame","hexamod:ThermalTransfer","hexamod:SearingWound","hexamod:ExtraCrispy","hexamod:FastForward","hexamod:HeatShield"],"relics":["hexamod:SpiritBrand","hubris:64BitClover","hubris:BottledRain","hubris:SlimyHat"],"acts_visited":["Exordium"],"potions_floor_usage":[11,15,16,16,16,16,16,16],"damage_taken":[{"damage":3,"enemies":"Jaw Worm","floor":2,"turns":4},{"damage":1,"enemies":"Cultist","floor":3,"turns":3},{"damage":0,"enemies":"downfall:FleeingMerchant","floor":5,"turns":4},{"damage":0,"enemies":"Small Slimes","floor":6,"turns":3},{"damage":9,"enemies":"3 Louse","floor":9,"turns":3},{"damage":8,"enemies":"Red Slaver","floor":10,"turns":3},{"damage":11,"enemies":"Lots of Slimes","floor":11,"turns":3},{"damage":14,"enemies":"Blue Slaver","floor":14,"turns":4},{"damage":7,"enemies":"Gremlin Gang","floor":15,"turns":5},{"damage":46,"enemies":"WA_ARCHETYPE_RETAIN","floor":16,"turns":6}],"seed_played":"6677727000046661290","potions_obtained":[{"floor":2,"key":"Languid Potion"},{"floor":9,"key":"EntropicBrew"},{"floor":10,"key":"Block Potion"},{"floor":14,"key":"Explosive Potion"},{"floor":15,"key":"Guardian:BlockOnCardUsePotion"}],"is_trial":false,"path_per_floor":["R","M","M","?","$","M","T","R","M","M","M","?","R","M","M","B"],"character_chosen":"THE_SPIRIT","items_purchased":["hexamod:PhantomFireball","hexamod:FastForward"],"campfire_rested":1,"item_purchase_floors":[5,5],"current_hp_per_floor":[70,67,66,66,66,66,66,66,57,49,38,38,59,45,38,0,0,0],"gold":127,"neow_bonus":"ONE_RARE_RELIC","is_daily":false,"chose_seed":false,"campfire_upgraded":2,"win_rate":0.0,"timestamp":1614372398,"path_taken":["R","M","M","?","$","M","T","R","M","?","M","?","R","?","M","BOSS"],"items_purchased_type":["Card","Card"],"build_version":"2020-12-22","purchased_purges":0,"victory":false,"max_hp_per_floor":[70,70,70,70,70,70,70,70,70,70,70,70,70,70,70,70,70,70],"card_choices":[{"not_picked":["hexamod:ThermalTransfer","hexamod:HauntingEcho"],"picked":"hexamod:EmpoweredFlame","floor":2},{"not_picked":["hexamod:HeatMetal","hexamod:GhostOfSpirePast"],"picked":"hexamod:ExtraCrispy","floor":3},{"not_picked":["hexamod:NightmareStrike","hexamod:FastForward"],"picked":"hexamod:SoulSteal","floor":5},{"not_picked":["hexamod:FastForward","hexamod:GhostShield"],"picked":"hexamod:ThermalTransfer","floor":6},{"not_picked":["hexamod:NightmareStrike","hexamod:HauntingEcho"],"picked":"hexamod:RadiantFlame","floor":9},{"not_picked":["hexamod:EtherealExpedition","hexamod:FourthSeal"],"picked":"hexamod:ThermalTransfer","floor":10},{"not_picked":["hexamod:FourthSeal","hexamod:SpectersWail"],"picked":"hexamod:SearingWound","floor":11},{"not_picked":["hexamod:BacktrackSmack","hexamod:FourthSeal"],"picked":"hexamod:FastForward","floor":14},{"not_picked":["hexamod:NightmareStrike","hexamod:UnleashSpirits"],"picked":"hexamod:HeatShield","floor":15}],"player_experience":127497,"relics_obtained":[{"floor":7,"key":"hubris:BottledRain"},{"floor":14,"key":"hubris:SlimyHat"}],"event_choices":[],"is_beta":false,"boss_relics":[],"items_purged_floors":[],"is_endless":false,"potions_floor_spawned":[2,9,10,14,15],"killed_by":"WA_ARCHETYPE_RETAIN","ascension_level":0}}