{"host":"m3txpv198clqze8f","time":1614308815,"event":{"mods":["ATMod(°¢èªMod)","Act Like it!","BaseMod","Colored Powertips","Friendly Minions","Library of Ruina","Library of Ruina Extra","Lobotomy","Minty Spire (QoL Compilation)","MostiFishMod","Quick Restart","Relic Filter Mod","StSLib"],"gold_per_floor":[117,132,132,132,151,181,198,229,253,282,282,352,415,492,492,637,637,655,655,672,69,162,270,270,335,362,1029,1029,1059,1059,404,404,404,404],"floor_reached":33,"language":"ZHS","playtime":1827,"items_purged":["LightDefense","LightDefense"],"score":588,"play_id":"4dbb771a-99a5-4c76-8f8c-d44319c477f8","local_time":"20210226110655","is_ascension_mode":true,"campfire_choices":[{"data":"ForTheFamily","floor":11.0,"key":"SMITH"},{"data":"GutHarvesting","floor":15,"key":"SMITH"},{"data":"FocusedStrikes","floor":24,"key":"SMITH"},{"data":"ChargeAndCover","floor":28,"key":"SMITH"},{"data":"Dodge","floor":30,"key":"SMITH"},{"floor":32,"key":"RECALL"}],"circlet_count":0,"master_deck":["Dodge+1","LightAttack","LightAttack","LightAttack","LightDefense","LightDefense","ChargeAndCover+1","FocusedStrikes+1","AT_FamilyPortrait+1","ForTheFamily+1","GutHarvesting+1","ChargeUp+1","QuickAttack+1"],"relics":["PageOfLibrarian","AT_ATBox","Civilization","CogitoBucket","SynthV:TestCard","PageOfScarecrow","AT_BellDemon","Smiling Mask","Frozen Egg 2","Bronze Scales","ThornShield","PageOfPorccubus","PageOfPinocchio","TreeSap","AT_DeathDance","Strawberry","Boot","PageOfJudgementBird","GreenFoldingFan","AT_ForceNature","Nloth\u0027s Gift","AT_SunfireAegis","AspirationHeart","PageOfFairyFestival","PageOfScorchedGirl","Omamori","HornCleat","Matryoshka","Meat on the Bone","Oddly Smooth Stone","ImprovedEquipment","PageOfBloodbath","MostiFishMod:Haymaker","PageOfWrath","AT_EbonyIvory","PageOfTheQueenOfHatred","AT_SpeedBoots","TheAbacus","DaCapo"],"acts_visited":["Exordium","TheCity"],"potions_floor_usage":[20],"damage_taken":[{"damage":0.0,"enemies":"Small Slimes","floor":1.0,"turns":3.0},{"damage":0.0,"enemies":"Cultist","floor":2.0,"turns":2.0},{"damage":0.0,"enemies":"Jaw Worm","floor":5.0,"turns":3.0},{"damage":7.0,"enemies":"Gremlin Nob","floor":6.0,"turns":3.0},{"damage":23.0,"enemies":"Gremlin Gang","floor":7.0,"turns":3.0},{"damage":34.0,"enemies":"3 Sentries","floor":8.0,"turns":4.0},{"damage":20.0,"enemies":"Lagavulin","floor":10.0,"turns":5.0},{"damage":28.0,"enemies":"Red Slaver","floor":12.0,"turns":5.0},{"damage":0,"enemies":"Gremlin Nob","floor":13,"turns":2},{"damage":0,"enemies":"3 Louse","floor":14,"turns":2},{"damage":32,"enemies":"Hexaghost","floor":16,"turns":6},{"damage":8,"enemies":"Shell Parasite","floor":18,"turns":2},{"damage":32,"enemies":"Spheric Guardian","floor":20,"turns":5},{"damage":3,"enemies":"Cultist and Chosen","floor":22,"turns":3},{"damage":51,"enemies":"Slavers","floor":23,"turns":3},{"damage":23,"enemies":"Book of Stabbing","floor":25,"turns":3},{"damage":30,"enemies":"Slavers","floor":27,"turns":5},{"damage":3,"enemies":"Gremlin Leader","floor":29,"turns":3},{"damage":31,"enemies":"RedHoodMercenary","floor":33,"turns":4}],"seed_played":"-2976057536364087489","potions_obtained":[{"floor":1.0,"key":"Weak Potion"},{"floor":2.0,"key":"Explosive Potion"},{"floor":6.0,"key":"DistilledChaos"},{"floor":8.0,"key":"Regen Potion"},{"floor":13,"key":"BlessingOfTheForge"},{"floor":22,"key":"Swift Potion"},{"floor":23,"key":"SpeedPotion"}],"is_trial":false,"path_per_floor":["M","M","?","?","M","E","M","E","T","E","R","M","E","M","R","B",null,"M","?","M","$","M","E","R","E","T","E","R","E","R","$","R","B"],"character_chosen":"Librarian","items_purchased":["PageOfFairyFestival","PageOfScorchedGirl","AT_SpeedBoots","TheAbacus","DaCapo"],"campfire_rested":0,"item_purchase_floors":[21,21,31,31,31],"current_hp_per_floor":[62,65,62,62,66,66,48,24,24,32,32,15,36,41,41,44,135,140,140,133,133,156,134,134,151,151,159,159,180,180,180,180,180,180],"gold":404,"neow_bonus":"","is_daily":false,"chose_seed":false,"campfire_upgraded":5,"win_rate":0.0,"timestamp":1614308815,"path_taken":["M","M","?","?","M","E","M","E","T","E","R","?","E","M","R","BOSS","M","?","?","$","M","E","R","E","T","E","R","E","R","$","R","BOSS"],"items_purchased_type":["Relic","Relic","Relic","Relic","Card"],"build_version":"2020-12-22","purchased_purges":2,"victory":false,"max_hp_per_floor":[67,70,70,70,74,79,84,89,89,94,94,113,125,130,130,135,135,140,140,155,155,160,165,165,170,170,175,175,180,180,180,180,180,180],"card_choices":[{"not_picked":["Multislash","MultiHit","GrazeTheGrass","FocusFire"],"picked":"SKIP","floor":1.0},{"not_picked":["InkOver","PinpointShot","MultiBlock","SnakeSlit","Pound","Duel_lor"],"picked":"SKIP","floor":2.0},{"not_picked":["BindingChains","Clone","EnergyCycle","MultiHit","ToWhereThePrescriptPoints","QuickSuppression"],"picked":"SKIP","floor":5.0},{"not_picked":["SomberProcuration","BulkyImpact","QuickSuppression","FocusFire","RipSpace"],"picked":"ForTheFamily","floor":6.0},{"not_picked":["Pound","StrongStrike","MultiBlock","InkOver","Laceration"],"picked":"GutHarvesting","floor":7.0},{"not_picked":["SuppressingShot","Overcharge","CleanUp","QuickAttack","Unlock1","BackstreetsDash"],"picked":"SKIP","floor":8.0},{"not_picked":["EnergyCycle","DarkCloud+1","Multislash","QuickAttack","RhinoRam","SkyClearingCut"],"picked":"SKIP","floor":10.0},{"not_picked":["Collision","GuardingStance","DarkCloud+1","WillOfThePrescript","HighSpeedStabbing","Eliminate"],"picked":"SKIP","floor":12.0},{"not_picked":["Tttonst","Collision","GreatSerpentsImpact","BiteOff","SerpentineBarrier","Eliminate"],"picked":"SKIP","floor":13},{"not_picked":["SavageMode","VenomousFangs","SerpentineBarrier","FocusFire","SunsetBlade+1","ShrineToMusic+1"],"picked":"SKIP","floor":14},{"not_picked":["Decapitation","SenseQuarry","SavageMode","Eradication"],"picked":"ChargeUp+1","floor":16},{"not_picked":["StrongStrike","MultiBlock","GreatSerpentsImpact","ProselytesBlade","Ripple","Pound"],"picked":"SKIP","floor":18},{"not_picked":["ShockRound","Reload","Pound+1","ClassAndRespect","PinpointShot+1","LeRegole"],"picked":"SKIP","floor":20},{"not_picked":["GroundSmash","MultiHit","BindingChains","SkitterAway","ConcentratedFire"],"picked":"QuickAttack+1","floor":22},{"not_picked":["MirageStorm","Clone","GutHarvesting","MultiHit","BindingChains+1","MultiBlock+1"],"picked":"SKIP","floor":23},{"not_picked":["Leap_lor","SweepTheBackstreets","ScatteringSlash","Clone","Eliminate","Duel_lor"],"picked":"SKIP","floor":25},{"not_picked":["SnakesPrey+1","QuickAttack","RhinoRam","GuardingStance","GutHarvesting","BattleCommand"],"picked":"SKIP","floor":27},{"not_picked":["ClassAndRespect+1","Eradication","SweepTheBackstreets","EnergyStrike","Collision","StrikeDown"],"picked":"SKIP","floor":29}],"player_experience":148381,"relics_obtained":[{"floor":1.0,"key":"SynthV:TestCard"},{"floor":6.0,"key":"AT_BellDemon"},{"floor":8.0,"key":"Smiling Mask"},{"floor":8.0,"key":"Frozen Egg 2"},{"floor":9.0,"key":"Bronze Scales"},{"floor":10.0,"key":"ThornShield"},{"floor":10.0,"key":"PageOfPorccubus"},{"floor":12.0,"key":"PageOfPinocchio"},{"floor":13,"key":"AT_DeathDance"},{"floor":13,"key":"Strawberry"},{"floor":14,"key":"Boot"},{"floor":16,"key":"PageOfJudgementBird"},{"floor":18,"key":"AT_ForceNature"},{"floor":20,"key":"AT_SunfireAegis"},{"floor":22,"key":"Omamori"},{"floor":23,"key":"HornCleat"},{"floor":23,"key":"Matryoshka"},{"floor":25,"key":"Meat on the Bone"},{"floor":25,"key":"Oddly Smooth Stone"},{"floor":26,"key":"ImprovedEquipment"},{"floor":26,"key":"PageOfBloodbath"},{"floor":27,"key":"MostiFishMod:Haymaker"},{"floor":27,"key":"PageOfWrath"},{"floor":29,"key":"AT_EbonyIvory"},{"floor":29,"key":"PageOfTheQueenOfHatred"}],"event_choices":[{"damage_healed":0.0,"max_hp_gain":0.0,"max_hp_loss":0.0,"gold_gain":0.0,"event_name":"Scrap Ooze","player_choice":"Success","floor":3.0,"gold_loss":0.0,"damage_taken":3.0,"relics_obtained":["PageOfScarecrow"]},{"damage_healed":0.0,"max_hp_gain":0.0,"max_hp_loss":0.0,"gold_gain":0.0,"event_name":"Upgrade Shrine","player_choice":"Upgraded","floor":4.0,"gold_loss":0.0,"damage_taken":0.0,"cards_upgraded":["AT_FamilyPortrait"]},{"damage_healed":0,"gold_gain":0,"player_choice":"Traded Relic","damage_taken":0,"relics_obtained":["Nloth\u0027s Gift"],"max_hp_gain":0,"max_hp_loss":0,"event_name":"N\u0027loth","floor":19,"relics_lost":["DaveBox"],"gold_loss":0}],"is_beta":false,"boss_relics":[{"not_picked":["SlaversCollar","PatriotShield"],"picked":"GreenFoldingFan"}],"items_purged_floors":[21,31],"is_endless":false,"potions_floor_spawned":[1,2,6,8,13,22,23,29],"killed_by":"RedHoodMercenary","ascension_level":3}}