{"host":"aaqofma31c3gm2hj","time":1614306413,"event":{"mods":["BaseMod","GungeonMod","Minty Spire (QoL Compilation)","Replay The Spire","Spicy Shops","StSLib"],"gold_per_floor":[109,167,179,179,179,207,207,207,239,239,239,85,108,108,120,137,167,167,167,280,280,304,304,304,55,69,69,114,125,125,152,190,190,211,231,257,257,368,368,389,418,435,435,435,463,463,490,490,514,536,570,570,588,588,588,588,588,588,21,58,58],"floor_reached":62,"language":"ZHS","playtime":2231,"items_purged":["DemoMod:RustySidearm","DemoMod:Strike_Huntress"],"score":1765,"play_id":"24b2a981-0ed2-4c72-85d3-016305f715ad","local_time":"20210226102653","is_ascension_mode":true,"campfire_choices":[{"data":"DemoMod:AWP","floor":7.0,"key":"SMITH"},{"data":"DemoMod:FinishedGun","floor":10.0,"key":"SMITH"},{"data":"DemoMod:TableSutra","floor":14.0,"key":"SMITH"},{"data":"DemoMod:Casey","floor":18.0,"key":"SMITH"},{"floor":19.0,"key":"RECALL"},{"data":"DemoMod:HungryBullets","floor":27.0,"key":"SMITH"},{"data":"DemoMod:Gungine","floor":37.0,"key":"SMITH"},{"data":"DemoMod:Gungine","floor":46.0,"key":"SMITH"},{"data":"DemoMod:PracticeMakesPerfect","floor":48.0,"key":"SMITH"},{"data":"DemoMod:PracticeMakesPerfect","floor":55.0,"key":"SMITH"},{"data":"DemoMod:FightSabre","floor":58.0,"key":"SMITH"}],"circlet_count":0,"master_deck":["DemoMod:Defend_Huntress","DemoMod:Defend_Huntress","DemoMod:Roll","DemoMod:ManualReload+1","DemoMod:CrossBow","DemoMod:AWP+1","DemoMod:FinishedGun+1","DemoMod:TableSutra+1","DemoMod:GunslingerForm","DemoMod:PracticeMakesPerfect+1","DemoMod:Gungine+1","DemoMod:TeaPot","DemoMod:HungryBullets+1","DemoMod:TableSutra","DemoMod:Gungine+1","DemoMod:ChanceBullets+1","DemoMod:PracticeMakesPerfect+1","DemoMod:FightSabre+1","DemoMod:FullFirepower","DemoMod:TableSutra","DemoMod:TableSutra+1"],"relics":["DemoMod:Dog","NeowsBlessing","DemoMod:PinkGuonStone","Meat on the Bone","Ornamental Fan","ReplayTheSpireMod:Ninjato","DemoMod:SuperHotWatch","Replay:Grab Bag","Sozu","SlaversCollar","Snecko Heart","DemoMod:SilverBullets","Bottled Tornado","Happy Flower","DemoMod:ClearGuonStone","Chameleon Ring","Kunai","DemoMod:ElasticCartridgeClip","ReplayTheSpireMod:Ring of Collecting","Ring of Fury","Du-Vu Doll","Ring of Searing","FossilizedHelix","Orrery","DemoMod:RedGuonStone","Centennial Puzzle"],"acts_visited":["Exordium","TheCity","TheBeyond","TheEnding"],"potions_floor_usage":[61,61,61],"damage_taken":[{"damage":0.0,"enemies":"Small Slimes","floor":1.0,"turns":1.0},{"damage":0.0,"enemies":"Jaw Worm","floor":3.0,"turns":1.0},{"damage":0.0,"enemies":"3 Sentries","floor":6.0,"turns":1.0},{"damage":25.0,"enemies":"Gremlin Nob","floor":9.0,"turns":5.0},{"damage":0.0,"enemies":"2 Louse","floor":13.0,"turns":1.0},{"damage":0.0,"enemies":"Looter","floor":15.0,"turns":1.0},{"damage":9.0,"enemies":"3 Louse","floor":16.0,"turns":2.0},{"damage":1.0,"enemies":"Gremlin Gang","floor":17.0,"turns":3.0},{"damage":1.0,"enemies":"Fading Forest","floor":20.0,"turns":13.0},{"damage":18.0,"enemies":"Shell Parasite","floor":22.0,"turns":6.0},{"damage":0.0,"enemies":"Spheric Guardian","floor":26.0,"turns":3.0},{"damage":42.0,"enemies":"Gremlin Leader","floor":28.0,"turns":5.0},{"damage":0.0,"enemies":"Snake Plant","floor":29.0,"turns":2.0},{"damage":10.0,"enemies":"Book of Stabbing","floor":32.0,"turns":2.0},{"damage":12.0,"enemies":"Centurion and Healer","floor":34.0,"turns":2.0},{"damage":0.0,"enemies":"3 Cultists","floor":35.0,"turns":3.0},{"damage":9.0,"enemies":"Gremlin Leader","floor":36.0,"turns":4.0},{"damage":0.0,"enemies":"Pondfish","floor":38.0,"turns":6.0},{"damage":9.0,"enemies":"Orb Walker","floor":40.0,"turns":2.0},{"damage":0.0,"enemies":"3 Darklings","floor":41.0,"turns":3.0},{"damage":10.0,"enemies":"Maw","floor":42.0,"turns":5.0},{"damage":0.0,"enemies":"R_Hoarder","floor":45.0,"turns":5.0},{"damage":8.0,"enemies":"4 Shapes","floor":47.0,"turns":4.0},{"damage":6.0,"enemies":"Jaw Worm Horde","floor":50.0,"turns":3.0},{"damage":0.0,"enemies":"Nemesis","floor":51.0,"turns":3.0},{"damage":0.0,"enemies":"3 Darklings","floor":53.0,"turns":4.0},{"damage":0.0,"enemies":"Replay:Hell Engine","floor":56.0,"turns":3.0},{"damage":22.0,"enemies":"Shield and Spear","floor":60.0,"turns":3.0},{"damage":2,"enemies":"The Heart","floor":61,"turns":3}],"seed_played":"-8240436498644774844","potions_obtained":[{"floor":2.0,"key":"Cursed Concoction"},{"floor":3.0,"key":"EssenceOfSteel"},{"floor":15.0,"key":"DistilledChaos"},{"floor":16.0,"key":"Weak Potion"},{"floor":20.0,"key":"DuplicationPotion"},{"floor":20.0,"key":"Reflective Coating"}],"is_trial":false,"path_per_floor":["M","?","M","?","?","E","R","?","E","R","T","$","M","R","M","M","M","R","R","B",null,"M","?","?","$","M","R","E","M","T","T","E","?","M","M","E","R","B",null,"M","M","M","?","?","E","R","M","R","T","M","E","?","M","?","R","B",null,"R","$","E","B",null],"character_chosen":"HUNTRESS","items_purchased":["DemoMod:TableSutra","DemoMod:SilverBullets","DemoMod:Purify","Orrery","DemoMod:RedGuonStone","DemoMod:TableSutra"],"campfire_rested":0,"item_purchase_floors":[12,25,59,59,59,59],"current_hp_per_floor":[70,77,77,74,79,79,79,79,54,54,54,54,54,54,54,45,44,44,44,43,82,64,64,64,64,64,64,34,46,46,46,48,82,70,70,61,61,61,82,73,73,63,63,63,63,63,55,55,55,49,49,49,49,49,49,49,82,82,82,60,58],"gold":58,"neow_bonus":"THREE_ENEMY_KILL","is_daily":false,"chose_seed":false,"campfire_upgraded":10,"win_rate":0.0,"timestamp":1614306413,"path_taken":["M","?","M","?","?","E","R","?","E","R","T","$","M","R","M","M","?","R","R","BOSS","M","?","?","$","M","R","E","M","T","T","E","?","M","?","E","R","BOSS","M","M","M","?","?","E","R","M","R","T","M","E","?","?","?","R","BOSS","R","$","E","BOSS"],"items_purchased_type":["Card","Relic","Card","Relic","Relic","Card"],"build_version":"2020-12-22","purchased_purges":2,"victory":true,"max_hp_per_floor":[70,77,77,77,82,82,82,82,82,82,82,82,82,82,82,82,82,82,82,82,82,82,82,82,82,82,82,82,82,82,82,82,82,82,82,82,82,82,82,82,82,82,82,82,82,82,82,82,82,82,82,82,82,82,82,82,82,82,82,82,82],"card_choices":[{"not_picked":["DemoMod:Ejector","DemoMod:BattleInHaste"],"picked":"DemoMod:AWP","floor":1.0},{"not_picked":["DemoMod:JK47","DemoMod:ConditionalReflex"],"picked":"DemoMod:Casey","floor":2.0},{"not_picked":["DemoMod:BoxingGlove","DemoMod:SniperShot","DemoMod:HuntsMan"],"picked":"SKIP","floor":3.0},{"not_picked":["DemoMod:GunShield","DemoMod:AWP"],"picked":"DemoMod:DirectionalPad","floor":6.0},{"not_picked":["DemoMod:Replace","DemoMod:ChanceBullets"],"picked":"DemoMod:FinishedGun","floor":9.0},{"not_picked":["DemoMod:Polaris","DemoMod:ConditionalReflex","DemoMod:StrategicReserve"],"picked":"SKIP","floor":13.0},{"not_picked":["DemoMod:StickyCrossBow","DemoMod:CursedBullets","DemoMod:GunstockTap"],"picked":"SKIP","floor":15.0},{"not_picked":["DemoMod:SAA","DemoMod:EasyReloadBullets","DemoMod:BoxingGlove"],"picked":"SKIP","floor":16.0},{"not_picked":["DemoMod:Replace","DemoMod:Casey","DemoMod:DirectionalPad"],"picked":"SKIP","floor":17.0},{"not_picked":["DemoMod:BalloonGun","DemoMod:SuppressiveFire"],"picked":"DemoMod:GunslingerForm","floor":20.0},{"not_picked":["DemoMod:BoxingGlove","DemoMod:DirectionalPad"],"picked":"DemoMod:PracticeMakesPerfect","floor":22.0},{"not_picked":["DemoMod:ProbeStrike","DemoMod:Camera"],"picked":"DemoMod:HungryBullets","floor":26.0},{"not_picked":["DemoMod:GunstockTap","DemoMod:Replace+1","DemoMod:DirectionalPad+1"],"picked":"SKIP","floor":28.0},{"not_picked":["DemoMod:RadGun","DemoMod:Casey","DemoMod:Replace"],"picked":"SKIP","floor":29.0},{"not_picked":["DemoMod:TeaPot","DemoMod:Ejector","DemoMod:SpreadAmmo"],"picked":"SKIP","floor":32.0},{"not_picked":["DemoMod:MachoBrace","DemoMod:SkilledReload"],"picked":"DemoMod:TableSutra","floor":34.0},{"not_picked":["DemoMod:TeaPot","DemoMod:Unmoved"],"picked":"DemoMod:Gungine","floor":35.0},{"not_picked":["DemoMod:Rummage+1","DemoMod:DoubleSwitch","DemoMod:Replace"],"picked":"SKIP","floor":36.0},{"not_picked":["DemoMod:HardPowerCard+1","DemoMod:Evolver","DemoMod:LifeOrb+1"],"picked":"SKIP","floor":40.0},{"not_picked":["DemoMod:MegaHand+1","DemoMod:MachoBrace+1","DemoMod:Ejector+1"],"picked":"SKIP","floor":41.0},{"not_picked":["DemoMod:Unmoved","DemoMod:StickyCrossBow+1","DemoMod:Ejector+1"],"picked":"SKIP","floor":42.0},{"not_picked":["DemoMod:BoxingGlove+1","DemoMod:DoubleSwitch","DemoMod:CombinedRifle+1"],"picked":"SKIP","floor":45.0},{"not_picked":["DemoMod:FortunesFavor+1","DemoMod:GunShield+1","DemoMod:HighKaliber"],"picked":"SKIP","floor":47.0},{"not_picked":["DemoMod:BoxingGlove","DemoMod:LifeOrb+1"],"picked":"DemoMod:ChanceBullets+1","floor":50.0},{"not_picked":["DemoMod:Rummage","DemoMod:BattleInHaste","DemoMod:AbyssalTentacle"],"picked":"SKIP","floor":51.0},{"not_picked":["DemoMod:FortunesFavor","DemoMod:Camera+1","DemoMod:FeignSurrender"],"picked":"SKIP","floor":53.0},{"not_picked":["DemoMod:FortunesFavor","DemoMod:SniperShot+1"],"picked":"DemoMod:FullFirepower","floor":59.0},{"not_picked":["DemoMod:GunstockTap","DemoMod:HighKaliber"],"picked":"DemoMod:TableSutra+1","floor":60.0}],"player_experience":701313,"relics_obtained":[{"floor":2.0,"key":"DemoMod:PinkGuonStone"},{"floor":6.0,"key":"Ornamental Fan"},{"floor":9.0,"key":"ReplayTheSpireMod:Ninjato"},{"floor":11.0,"key":"DemoMod:SuperHotWatch"},{"floor":28.0,"key":"Bottled Tornado"},{"floor":30.0,"key":"Happy Flower"},{"floor":31.0,"key":"DemoMod:ClearGuonStone"},{"floor":32.0,"key":"Chameleon Ring"},{"floor":36.0,"key":"Kunai"},{"floor":44.0,"key":"ReplayTheSpireMod:Ring of Collecting"},{"floor":44.0,"key":"Ring of Fury"},{"floor":45.0,"key":"Du-Vu Doll"},{"floor":49.0,"key":"Ring of Searing"},{"floor":51.0,"key":"FossilizedHelix"},{"floor":60.0,"key":"Centennial Puzzle"}],"event_choices":[{"damage_healed":0.0,"max_hp_gain":0.0,"max_hp_loss":0.0,"gold_gain":0.0,"event_name":"Scrap Ooze","player_choice":"Success","floor":4.0,"gold_loss":0.0,"damage_taken":3.0,"relics_obtained":["Meat on the Bone"]},{"damage_healed":0.0,"max_hp_gain":5.0,"max_hp_loss":0.0,"gold_gain":0.0,"event_name":"Big Fish","player_choice":"Donut","floor":5.0,"gold_loss":0.0,"damage_taken":0.0},{"damage_healed":0.0,"max_hp_gain":0.0,"max_hp_loss":0.0,"gold_gain":0.0,"event_name":"Upgrade Shrine","player_choice":"Upgraded","floor":8.0,"gold_loss":0.0,"damage_taken":0.0,"cards_upgraded":["DemoMod:ManualReload"]},{"damage_healed":0.0,"max_hp_gain":0.0,"max_hp_loss":0.0,"gold_gain":0.0,"cards_transformed":["DemoMod:Casey","DemoMod:Strike_Huntress"],"event_name":"Drug Dealer","player_choice":"Became Test Subject","floor":23.0,"gold_loss":0.0,"damage_taken":0.0,"cards_obtained":["DemoMod:Gungine","DemoMod:TeaPot"]},{"damage_healed":34.0,"max_hp_gain":0.0,"max_hp_loss":0.0,"gold_gain":0.0,"event_name":"Wheel of Change","player_choice":"Full Heal","floor":33.0,"gold_loss":0.0,"damage_taken":0.0},{"cards_removed":["DemoMod:Strike_Huntress"],"damage_healed":0.0,"max_hp_gain":0.0,"max_hp_loss":0.0,"gold_gain":0.0,"event_name":"Falling","player_choice":"Removed Attack","floor":43.0,"gold_loss":0.0,"damage_taken":0.0},{"damage_healed":0.0,"max_hp_gain":0.0,"max_hp_loss":0.0,"gold_gain":0.0,"event_name":"Match and Keep!","player_choice":"2 cards matched","floor":52.0,"gold_loss":0.0,"damage_taken":0.0,"cards_obtained":["DemoMod:PracticeMakesPerfect","DemoMod:FightSabre"]},{"damage_healed":0.0,"max_hp_gain":0.0,"max_hp_loss":0.0,"gold_gain":0.0,"event_name":"Tomb of Lord Red Mask","player_choice":"Ignored","floor":54.0,"gold_loss":0.0,"damage_taken":0.0}],"is_beta":false,"boss_relics":[{"not_picked":["DemoMod:RiddleOfLead","Ectoplasm"],"picked":"Replay:Grab Bag"},{"not_picked":["Fusion Hammer","Busted Crown"],"picked":"Sozu"},{"not_picked":["Coffee Dripper","Velvet Choker"],"picked":"SlaversCollar"},{"not_picked":["DemoMod:Wolf","SacredBark"],"picked":"Snecko Heart"},{"not_picked":["Abe\u0027s Treasure","Replay:Ancient Bell"],"picked":"DemoMod:ElasticCartridgeClip"}],"items_purged_floors":[12,59],"is_endless":false,"potions_floor_spawned":[3,15,16,17,20,20,22,26,34,35,35,42,47,50,53],"ascension_level":3}}