{"host":"by2xx8ri294xcjpl","time":1614301746,"event":{"mods":["Act Like it!","BaseMod","Dota2Spire","Downfall","Minty Spire (QoL Compilation)","Relic Stats","Replay The Spire","StSLib","【功能Mod】混沌之环修复补丁","【功能Mod】精心准备","【遗物Mod】简单游戏","【遗物卡牌】REMEMod"],"gold_per_floor":[99,112,112,125,136,155,237,237,247,265,165,194,94,110,123,223,223,223,238,238,67,126,137,162,174,174,124,150,169,169,169],"floor_reached":29,"language":"ZHS","playtime":1632,"items_purged":[],"score":276,"play_id":"f85cf490-98db-49a3-96f3-83b32c29a1db","local_time":"20210226090906","is_ascension_mode":false,"campfire_choices":[{"data":"bronze:Replicate","floor":1,"key":"SMITH"},{"floor":8,"key":"RECALL"},{"data":"bronze:FineTuning","floor":11,"key":"SMITH"},{"data":"bronze:Boost","floor":13,"key":"SMITH"},{"data":"bronze:Strike","floor":18,"key":"PURGE"}],"circlet_count":0,"master_deck":["bronze:Strike","bronze:Strike","bronze:Strike","bronze:Defend","bronze:Defend","bronze:Defend","bronze:Defend","bronze:Replicate+1","bronze:Goto","bronze:Fortify","bronze:DelayedSlice","bronze:FineTuning+1","bronze:Turbo","bronze:Boost+1","bronze:WhirlingStrike","bronze:RecursiveStrike","bronze:FollowUp","ks:0","bronze:Shell","bronze:Iterate","bronze:Overload+1","bronze:GetLatest+1"],"relics":["bronze:BronzeCore","REME_ComplimentaryCards","EasyRelic","CaptainsWheel","Dota2Spire:AghanimScepter","downfall:HeartBlessingRed","Sundial","downfall:HeartBlessingGreen","Dota2Spire:Bloodstone","downfall:KnowingSkull","REME_PuzzleBoxRelic","ReplayTheSpireMod:TigerMarble","ReplayTheSpireMod:Ring of Exchange","ReplayTheSpireMod:Ring of Challenge","Dota2Spire:ArcaneBoots"],"acts_visited":["Exordium","TheCity"],"potions_floor_usage":[22,22,22,28,28,29],"damage_taken":[{"damage":0,"enemies":"Cultist","floor":2,"turns":3},{"damage":0,"enemies":"Jaw Worm","floor":4,"turns":3},{"damage":0,"enemies":"2 Louse","floor":5,"turns":3},{"damage":4,"enemies":"Large Slime","floor":6,"turns":2},{"damage":0,"enemies":"3 Louse","floor":9,"turns":3},{"damage":5,"enemies":"Blue Slaver","floor":10,"turns":2},{"damage":2,"enemies":"Replay:BlueRogue","floor":12,"turns":5},{"damage":0,"enemies":"2 Fungi Beasts","floor":14,"turns":2},{"damage":2,"enemies":"Lots of Slimes","floor":15,"turns":3},{"damage":8,"enemies":"SI_SHIV_ARCHETYPE","floor":16,"turns":6},{"damage":2,"enemies":"Chosen","floor":19,"turns":3},{"damage":0,"enemies":"downfall:FleeingMerchant","floor":21,"turns":4},{"damage":4,"enemies":"Spheric Guardian","floor":22,"turns":20},{"damage":14,"enemies":"Snake Plant","floor":23,"turns":3},{"damage":1,"enemies":"Snecko","floor":25,"turns":2},{"damage":1,"enemies":"REME_1_Revenger","floor":28,"turns":2},{"damage":1,"enemies":"Centurion and Healer","floor":29,"turns":3}],"seed_played":"1271464320046575181","potions_obtained":[{"floor":9,"key":"Explosive Potion"},{"floor":12,"key":"Block Potion"},{"floor":16,"key":"Adrenaline Potion"},{"floor":22,"key":"Block Potion"},{"floor":29,"key":"Fruit Juice"}],"is_trial":false,"path_per_floor":["R","M","T","M","M","M","T","R","M","M","R","E","R","M","M","B",null,"R","M","?","$","M","M","T","M","?","?","E","M"],"character_chosen":"THE_AUTOMATON","items_purchased":["REME_PuzzleBoxRelic"],"campfire_rested":0,"item_purchase_floors":[21],"current_hp_per_floor":[77,77,77,77,77,73,73,73,73,68,68,66,66,66,64,56,77,77,75,68,68,64,60,60,59,59,77,76,80,80,80],"gold":169,"neow_bonus":"TEN_PERCENT_HP_BONUS","is_daily":false,"chose_seed":false,"campfire_upgraded":3,"win_rate":0.0,"timestamp":1614301746,"path_taken":["R","M","?","M","M","M","T","R","M","M","R","E","R","M","M","BOSS","R","M","?","$","M","?","T","M","?","?","E","M"],"items_purchased_type":["Relic"],"build_version":"2020-12-22","purchased_purges":0,"victory":false,"max_hp_per_floor":[77,77,77,77,77,77,77,77,77,77,77,77,77,77,77,77,77,77,77,77,77,77,77,77,77,77,77,77,82,82,82],"relic_stats":{"counters":[17,69],"Sundial":[8],"obtain_stats":[{"ReplayTheSpireMod:Ring of Exchange":26,"bronze:BronzeCore":0,"downfall:HeartBlessingRed":11,"downfall:HeartBlessingGreen":13,"Dota2Spire:Bloodstone":17,"EasyRelic":0,"CaptainsWheel":3,"Dota2Spire:AghanimScepter":7,"Sundial":12,"downfall:KnowingSkull":20,"ReplayTheSpireMod:TigerMarble":24,"Dota2Spire:ArcaneBoots":28,"REME_PuzzleBoxRelic":21,"ReplayTheSpireMod:Ring of Challenge":26,"REME_ComplimentaryCards":0},{"ReplayTheSpireMod:Ring of Exchange":15,"bronze:BronzeCore":0,"downfall:HeartBlessingRed":6,"downfall:HeartBlessingGreen":7,"Dota2Spire:Bloodstone":10,"EasyRelic":0,"CaptainsWheel":1,"Dota2Spire:AghanimScepter":4,"Sundial":7,"downfall:KnowingSkull":11,"ReplayTheSpireMod:TigerMarble":14,"Dota2Spire:ArcaneBoots":16,"REME_PuzzleBoxRelic":12,"ReplayTheSpireMod:Ring of Challenge":15,"REME_ComplimentaryCards":0},{"ReplayTheSpireMod:Ring of Exchange":64,"bronze:BronzeCore":0,"downfall:HeartBlessingRed":16,"downfall:HeartBlessingGreen":21,"Dota2Spire:Bloodstone":32,"EasyRelic":0,"CaptainsWheel":3,"Dota2Spire:AghanimScepter":11,"Sundial":21,"downfall:KnowingSkull":35,"ReplayTheSpireMod:TigerMarble":62,"Dota2Spire:ArcaneBoots":66,"REME_PuzzleBoxRelic":39,"ReplayTheSpireMod:Ring of Challenge":64,"REME_ComplimentaryCards":0}]},"card_choices":[{"not_picked":["bronze:NullPointer","bronze:BitShift","bronze:BugBarrage"],"picked":"SKIP","floor":2},{"not_picked":["bronze:Iterate","bronze:Invalidate"],"picked":"bronze:Fortify","floor":4},{"not_picked":["bronze:BuggyMess","bronze:ShipIt"],"picked":"bronze:DelayedSlice","floor":5},{"not_picked":["bronze:Backtrace","bronze:BitShift","bronze:CutThrough"],"picked":"SKIP","floor":6},{"not_picked":["bronze:Backtrace","bronze:BitShift","bronze:CutThrough"],"picked":"SKIP","floor":6},{"not_picked":["bronze:CutThrough","bronze:Return"],"picked":"bronze:FineTuning","floor":9},{"not_picked":["bronze:Optimize","bronze:Boost"],"picked":"bronze:Turbo","floor":10},{"not_picked":["bronze:Repulsor","bronze:Deprecate"],"picked":"bronze:Boost","floor":12},{"not_picked":["bronze:Philosophize","bronze:Overload"],"picked":"bronze:WhirlingStrike","floor":14},{"not_picked":["bronze:Shield","bronze:BronzeArmor","bronze:ForceShield"],"picked":"SKIP","floor":15},{"not_picked":["bronze:Assembly","bronze:BurnOut"],"picked":"bronze:RecursiveStrike","floor":16},{"not_picked":["bronze:BitShift","bronze:BuggyMess"],"picked":"bronze:FollowUp","floor":19},{"not_picked":["bronze:BitShift+1","bronze:Fortify"],"picked":"bronze:Shell","floor":21},{"not_picked":["bronze:WhirlingStrike","bronze:NullPointer+1"],"picked":"bronze:Iterate","floor":22},{"not_picked":["bronze:Iterate","bronze:MaxOutput","bronze:Assembly"],"picked":"SKIP","floor":23},{"not_picked":["bronze:DelayedGuard","bronze:BitShift"],"picked":"bronze:Overload+1","floor":25},{"not_picked":["bronze:Repair","bronze:Overheat"],"picked":"bronze:GetLatest+1","floor":28},{"not_picked":["bronze:Iterate","bronze:WildBeam","bronze:ForLoop"],"picked":"SKIP","floor":29}],"player_experience":44289,"relics_obtained":[{"floor":3,"key":"CaptainsWheel"},{"floor":7,"key":"Dota2Spire:AghanimScepter"},{"floor":12,"key":"Sundial"},{"floor":24,"key":"ReplayTheSpireMod:TigerMarble"},{"floor":26,"key":"ReplayTheSpireMod:Ring of Exchange"},{"floor":26,"key":"ReplayTheSpireMod:Ring of Challenge"},{"floor":28,"key":"Dota2Spire:ArcaneBoots"}],"event_choices":[],"is_beta":false,"boss_relics":[{"not_picked":["Honey Jar","bronze:PlatinumCore"],"picked":"Dota2Spire:Bloodstone"}],"items_purged_floors":[],"is_endless":false,"potions_floor_spawned":[9,12,16,19,22,23,29],"killed_by":"Centurion and Healer","ascension_level":0}}