{"host":"wbn3xdfsa5pc2kse","time":1614343209,"event":{"mods":["AchievementEnabler","BaseMod","Bestiary","Colored Map","Colored Powertips","Curses Come First","Highlight Path","Minty Spire (QoL Compilation)","Permanent Neow","Rare Cards Sparkle","Relic Stats","StSLib"],"gold_per_floor":[112,131,131,131,144,144,169,182,251,251,251,284,295,305,305,305,305],"floor_reached":16,"language":"ZHT","playtime":425,"items_purged":[],"score":202,"play_id":"384f4bbb-46d5-494e-b295-f53616eba7b8","local_time":"20210226204009","is_ascension_mode":true,"campfire_choices":[{"data":"Bash","floor":6.0,"key":"SMITH"},{"floor":15.0,"key":"DIG"}],"circlet_count":0,"master_deck":["AscendersBane","Strike_R","Strike_R","Strike_R","Strike_R","Defend_R","Defend_R","Defend_R","Defend_R","Bash+1","Shrug It Off","Pommel Strike","Ghostly Armor","Carnage","Dropkick","Thunderclap","Flame Barrier"],"relics":["Burning Blood","NeowsBlessing","Shovel","Kunai","Orichalcum","Mummified Hand"],"acts_visited":["Exordium"],"potions_floor_usage":[16],"damage_taken":[{"damage":0.0,"enemies":"Small Slimes","floor":1.0,"turns":1.0},{"damage":0.0,"enemies":"Cultist","floor":2.0,"turns":1.0},{"damage":0.0,"enemies":"2 Louse","floor":5.0,"turns":1.0},{"damage":40.0,"enemies":"Lagavulin","floor":7.0,"turns":9.0},{"damage":1.0,"enemies":"2 Fungi Beasts","floor":8.0,"turns":5.0},{"damage":14.0,"enemies":"Gremlin Nob","floor":12.0,"turns":4.0},{"damage":1.0,"enemies":"Gremlin Gang","floor":13.0,"turns":6.0},{"damage":10.0,"enemies":"Lots of Slimes","floor":14.0,"turns":5.0},{"damage":55,"enemies":"Hexaghost","floor":16,"turns":10}],"seed_played":"9030798488318856728","potions_obtained":[{"floor":1.0,"key":"Block Potion"},{"floor":5.0,"key":"Regen Potion"},{"floor":7.0,"key":"ColorlessPotion"},{"floor":11.0,"key":"Fruit Juice"},{"floor":11.0,"key":"LiquidMemories"},{"floor":13.0,"key":"DuplicationPotion"}],"is_trial":false,"path_per_floor":["M","M","?","?","M","R","E","M","T","?","?","E","M","M","R","B"],"character_chosen":"IRONCLAD","items_purchased":[],"campfire_rested":0,"item_purchase_floors":[],"current_hp_per_floor":[74,75,80,80,80,80,60,65,65,65,70,62,67,63,63,8,8],"gold":305,"neow_bonus":"THREE_ENEMY_KILL","is_daily":false,"chose_seed":false,"campfire_upgraded":1,"win_rate":0.0,"timestamp":1614343209,"path_taken":["M","M","?","?","?","R","E","?","T","?","?","E","M","M","R","BOSS"],"items_purchased_type":[],"build_version":"2020-12-22","purchased_purges":0,"victory":false,"max_hp_per_floor":[75,75,80,80,80,80,80,80,80,80,85,85,85,85,85,85,85],"relic_stats":{"Shovel":0,"counters":[9,42],"Mummified Hand":[0],"Kunai":[8],"Orichalcum":[60],"obtain_stats":[{"Shovel":7,"NeowsBlessing":0,"Mummified Hand":15,"Kunai":9,"Orichalcum":12,"Burning Blood":0},{"Shovel":4,"NeowsBlessing":0,"Mummified Hand":8,"Kunai":5,"Orichalcum":6,"Burning Blood":0},{"Shovel":12,"NeowsBlessing":0,"Mummified Hand":32,"Kunai":17,"Orichalcum":21,"Burning Blood":0}],"Burning Blood":37},"card_choices":[{"not_picked":["Dark Embrace","Flex"],"picked":"Shrug It Off","floor":1.0},{"not_picked":["Burning Pact","Iron Wave"],"picked":"Pommel Strike","floor":2.0},{"not_picked":["Dual Wield","Havoc"],"picked":"Ghostly Armor","floor":5.0},{"not_picked":["Sever Soul","Dropkick"],"picked":"Carnage","floor":7.0},{"not_picked":["Blood for Blood","Sentinel"],"picked":"Dropkick","floor":8.0},{"not_picked":["Offering","Heavy Blade"],"picked":"Thunderclap","floor":12.0},{"not_picked":["Clash","Perfected Strike"],"picked":"Flame Barrier","floor":13.0},{"not_picked":["Warcry","Pommel Strike","Flex"],"picked":"SKIP","floor":14.0}],"player_experience":901434,"relics_obtained":[{"floor":7.0,"key":"Shovel"},{"floor":9.0,"key":"Kunai"},{"floor":12.0,"key":"Orichalcum"},{"floor":15.0,"key":"Mummified Hand"}],"event_choices":[{"damage_healed":0.0,"max_hp_gain":5.0,"max_hp_loss":0.0,"gold_gain":0.0,"event_name":"Big Fish","player_choice":"Donut","floor":3.0,"gold_loss":0.0,"damage_taken":0.0},{"cards_removed":["Strike_R"],"damage_healed":0.0,"max_hp_gain":0.0,"max_hp_loss":0.0,"gold_gain":0.0,"event_name":"Bonfire Elementals","player_choice":"Offered Basic","floor":4.0,"gold_loss":0.0,"damage_taken":0.0},{"damage_healed":0.0,"max_hp_gain":0.0,"max_hp_loss":0.0,"gold_gain":0.0,"event_name":"Liars Game","player_choice":"Ignored","floor":10.0,"gold_loss":0.0,"damage_taken":0.0},{"damage_healed":0.0,"max_hp_gain":0.0,"max_hp_loss":0.0,"gold_gain":0.0,"event_name":"Lab","player_choice":"Got Potions","floor":11.0,"gold_loss":0.0,"damage_taken":0.0}],"is_beta":false,"boss_relics":[],"items_purged_floors":[],"is_endless":false,"potions_floor_spawned":[1,5,7,13],"killed_by":"Hexaghost","ascension_level":16}}