{"host":"hrtq1r2z0jdgxy6l","time":1614317611,"event":{"mods":["2.2 Compatiblity","AchievementEnabler","BaseMod","BetterRewards","Colored Map","Colored Powertips","Downfall","Duelist Mod","Hermit","Highlight Path","Infinite Spire","Minty Spire (QoL Compilation)","Permanent Neow","Quick Restart","Relic Filter Mod","Replay The Spire","Shop Mod","StSLib","The Cursed","The Senshi","Transform Curses"],"gold_per_floor":[140,140,182,181,181,181,213,232,232,250,250,305,331,411,411,510,510,523,537,452,464,481,481,481,535,535,535,535,535,535,569,569,688,688,765,856,924,924,948,1093,1218,1343,1343,1363,1363],"floor_reached":44,"language":"ENG","playtime":32349,"items_purged":["theDuelist:Sparks","theDuelist:Sparks","theDuelist:CastleWalls"],"score":1066,"play_id":"6f35b90b-efcd-43ce-9be2-b2a546bf9950","local_time":"20210226133331","is_ascension_mode":true,"campfire_choices":[{"data":"theDuelist:Eva","floor":6.0,"key":"SMITH"},{"floor":11.0,"key":"REST"},{"data":"theDuelist:DunamesDarkWitch","floor":15.0,"key":"SMITH"},{"data":"theDuelist:MonsterReborn","floor":23.0,"key":"SMITH"},{"data":"theDuelist:ClearKuriboh+1","floor":27.0,"key":"SMITH"},{"data":"theDuelist:RainbowKuribohBasic","floor":29.0,"key":"SMITH"}],"circlet_count":0,"master_deck":["theDuelist:Eva+1","theDuelist:DunamesDarkWitch+1","theDuelist:RainbowFlower","theDuelist:MonsterReborn+1","AscendersBane","theDuelist:RainbowKuribohBasic+1","theDuelist:RainbowOverdragon+1","theDuelist:RainbowMagician+1","theDuelist:RainbowNeos","theDuelist:ClearKuriboh+2","theDuelist:Nameless:Greed:GracefulCharity","theDuelist:Nameless:War:BlueEyes+1","theDuelist:Nameless:Power:AssaultArmor+1","theDuelist:SwordsRevealing","theDuelist:RainbowGravity+1","theDuelist:MillenniumScorpion","theDuelist:RainbowMagician+1","theDuelist:Wiretap"],"relics":["theDuelist:MillenniumPuzzle","Molten Egg 2","theDuelist:SolderToken","theDuelist:AknamkanonsEssence","Replay:Bottled Snecko","MerchantsRug","theDuelist:CardRewardRelicF","Chameleon Ring","theDuelist:DuelistLetterOpener","infinitespire:BottledMercury","Tiny Chest","Ooze Armor","Charon\u0027s Ashes","Bronze Scales","infinitespire:Eraser","Mercury Hourglass","infinitespire:EvilPickle","Coffee Dripper","Toy Ornithopter","theSenshi:SpiralHeartMoonRodRelic","Blood Vial","Juzu Bracelet"],"acts_visited":["Exordium","TheCity","TheBeyond"],"potions_floor_usage":[],"damage_taken":[{"damage":0.0,"enemies":"Small Slimes","floor":1.0,"turns":3.0},{"damage":6.0,"enemies":"Gremlin Nob","floor":7.0,"turns":4.0},{"damage":0.0,"enemies":"2 Louse","floor":8.0,"turns":1.0},{"damage":0.0,"enemies":"Jaw Worm","floor":10.0,"turns":3.0},{"damage":0.0,"enemies":"Lagavulin Event","floor":12.0,"turns":3.0},{"damage":8.0,"enemies":"Lagavulin","floor":13.0,"turns":5.0},{"damage":14.0,"enemies":"Hexaghost","floor":16.0,"turns":5.0},{"damage":11.0,"enemies":"2 Thieves","floor":18.0,"turns":3.0},{"damage":0.0,"enemies":"3 Byrds","floor":19.0,"turns":2.0},{"damage":18.0,"enemies":"Snecko","floor":21.0,"turns":4.0},{"damage":0.0,"enemies":"Centurion and Healer","floor":22.0,"turns":4.0},{"damage":0.0,"enemies":"Nightmare","floor":25.0,"turns":3.0},{"damage":0.0,"enemies":"Shelled Parasite and Fungi","floor":31.0,"turns":2.0},{"damage":1.0,"enemies":"Pondfish","floor":33.0,"turns":7.0},{"damage":0.0,"enemies":"3 Darklings","floor":35.0,"turns":2.0},{"damage":0.0,"enemies":"3 Shapes","floor":36.0,"turns":3.0},{"damage":3.0,"enemies":"3 Darklings","floor":37.0,"turns":2.0},{"damage":9,"enemies":"Giant Head","floor":40,"turns":7},{"damage":24,"enemies":"Writhing Mass","floor":41,"turns":4},{"damage":0,"enemies":"Reptomancer","floor":42,"turns":5},{"damage":48,"enemies":"Nightmare","floor":44,"turns":4}],"seed_played":"-4223290342766302410","potions_obtained":[{"floor":7.0,"key":"Weak Potion"},{"floor":12.0,"key":"theDuelist:WhiteBottle"},{"floor":16.0,"key":"Elixir"},{"floor":22.0,"key":"hexamod:SoulburnPotion"},{"floor":25.0,"key":"sneckomod:MuddlingPotion"},{"floor":33.0,"key":"SteroidPotion"},{"floor":35.0,"key":"theDuelist:BigTributeBottle"},{"floor":42,"key":"Swift Potion"}],"is_trial":false,"path_per_floor":["M","?","?","$","?","R","E","M","T","M","R","?","E","?","R","B",null,"M","M","?","M","M","R","?","NM","T","R","T","R","?","M","R_BF","B",null,"M","M","M","?","T","E","M","E","T","NM"],"character_chosen":"THE_DUELIST","items_purchased":["Molten Egg 2","theDuelist:SolderToken","theDuelist:AknamkanonsEssence","MerchantsRug","theDuelist:CardRewardRelicF"],"campfire_rested":1,"item_purchase_floors":[0,0,0,4,4],"current_hp_per_floor":[36,29,9,9,9,9,3,3,3,3,27,27,19,19,19,5,61,50,50,50,32,32,32,32,32,32,32,32,32,36,36,41,40,73,73,73,70,70,70,61,39,41,41,0,0],"gold":1363,"neow_bonus":"","is_daily":false,"chose_seed":false,"campfire_upgraded":5,"win_rate":0.0,"timestamp":1614317611,"path_taken":["M","?","?","$","?","R","E","M","T","M","R","?","E","?","R","BOSS","M","M","?","M","M","R","?","NM","T","R","?","R","?","M","R_BF","BOSS","M","?","M","?","?","E","M","E","T","NM"],"items_purchased_type":["Relic","Relic","Relic","Relic","Relic"],"build_version":"2020-12-22","purchased_purges":3,"victory":false,"max_hp_per_floor":[80,80,80,80,80,80,80,80,80,80,80,80,80,80,80,80,80,80,80,80,80,80,80,80,80,80,80,80,80,84,84,84,84,84,84,84,84,84,84,84,84,84,84,84,84],"card_choices":[{"not_picked":["theDuelist:Zombyra+1","theDuelist:VanityFiend+1","theDuelist:CharcoalInpachi","theDuelist:Eva","theDuelist:GemKnightAmethyst+1"],"picked":"SKIP","floor":1.0},{"not_picked":["theDuelist:FortressWarrior+1","theDuelist:GaiaFierce+1","theDuelist:LightningVortex+1","theDuelist:PowerGiant+1"],"picked":"theDuelist:RainbowOverdragon+1","floor":3.0},{"not_picked":["theDuelist:GoblinZombie+1","theDuelist:Lajinn+1","theDuelist:CatShark+1","theDuelist:CurseDragon+1","theDuelist:BlizzardWarrior+1"],"picked":"SKIP","floor":7.0},{"not_picked":["theDuelist:Kasha+1","theDuelist:SpiritHarp","theDuelist:Eva","theDuelist:ShallowGrave","theDuelist:YamataDragon+1"],"picked":"SKIP","floor":8.0},{"not_picked":["theDuelist:CardSafeReturn","theDuelist:Jinzo","theDuelist:VioletCrystal","theDuelist:RainbowRuins"],"picked":"SKIP","floor":10.0},{"not_picked":["theDuelist:Zombyra+1","theDuelist:SummonedSkull+1","theDuelist:SpiritPharaoh+1","theDuelist:GravityBlaster+1","theDuelist:DarkEnergy+1"],"picked":"SKIP","floor":13.0},{"not_picked":["theDuelist:RainbowNeos+1","theDuelist:HappyLover","theDuelist:MaleficRainbowDragon+1","theDuelist:KamionTimelord+1"],"picked":"theDuelist:RainbowMagician+1","floor":16.0},{"not_picked":["theDuelist:CosmicHorrorGangiel+1","theDuelist:ZombieMammoth+1","theDuelist:FiendMegacyber","theDuelist:BabyDragon","theDuelist:BeastTalwar+1"],"picked":"SKIP","floor":18.0},{"not_picked":["theDuelist:FortressWarrior+1","theDuelist:GaiaFierce+1","theDuelist:PowerGiant+1","theDuelist:LightningVortex+1","theDuelist:RainbowOverdragon+1"],"picked":"SKIP","floor":19.0},{"not_picked":["theDuelist:LightningVortex+1","theDuelist:RedMedicine","theDuelist:GolemSentry+1","theDuelist:OneForOne","theDuelist:ChangeHeart"],"picked":"SKIP","floor":21.0},{"not_picked":["theDuelist:FortressWarrior+1","theDuelist:GaiaFierce+1","theDuelist:WingedKuriboh+1","theDuelist:RainbowOverdragon+1","theDuelist:SmashingGround+1"],"picked":"SKIP","floor":22.0},{"not_picked":["theDuelist:SangaEarth+1","theDuelist:CrystalEmeraldTortoise","theDuelist:HappyLover","theDuelist:RainbowMagician+1"],"picked":"theDuelist:ClearKuriboh+1","floor":25.0},{"not_picked":["theDuelist:SummonedSkull+1","theDuelist:RainbowFlower+1","theDuelist:SuperSolarNutrient","theDuelist:BlizzardThunderbird","theDuelist:CrystalEmeraldTortoise"],"picked":"SKIP","floor":31.0},{"not_picked":["theDuelist:Metronome","theDuelist:DarkMasterZorc+1","theDuelist:IceQueen","theDuelist:WingedKuribohLv10"],"picked":"theDuelist:SwordsRevealing","floor":33.0},{"not_picked":["theDuelist:WhiteNinja+1","theDuelist:CallMummy+1","theDuelist:ShadowVampire+1","theDuelist:LegendaryFisherman"],"picked":"theDuelist:RainbowGravity+1","floor":35.0},{"not_picked":["theDuelist:PatricianDarkness+1","theDuelist:Lajinn+1","theDuelist:NeoMagic+1","theDuelist:CurseDragon+1","theDuelist:VanityFiend+1"],"picked":"SKIP","floor":36.0},{"not_picked":["theDuelist:GoblinZombie+1","theDuelist:AlphaMagnet+1","theDuelist:DesLacooda+1","theDuelist:WhiteMagicalHat+1","theDuelist:VampireLord+1"],"picked":"SKIP","floor":37.0},{"not_picked":["theDuelist:GoblinZombie+1","theDuelist:AlphaMagnet+1","theDuelist:DesLacooda+1","theDuelist:WhiteMagicalHat+1","theDuelist:VampireLord+1"],"picked":"SKIP","floor":37.0},{"not_picked":["theDuelist:GaiaFierce+1","theDuelist:WingedKuriboh+1","theDuelist:EarthEffigy+1","theDuelist:BigKoala+1"],"picked":"theDuelist:MillenniumScorpion","floor":40},{"not_picked":["theDuelist:GarbageLord+1","theDuelist:LegendaryFisherman","theDuelist:CommandKnight","theDuelist:IrisEarthMother+1"],"picked":"theDuelist:RainbowMagician+1","floor":41},{"not_picked":["theDuelist:CharcoalInpachi+1","theDuelist:SpiralSpearStrike+1","theDuelist:TyrantWing","theDuelist:ClearKuriboh+1"],"picked":"theDuelist:Wiretap","floor":42}],"player_experience":415189,"relics_obtained":[{"floor":3.0,"key":"Replay:Bottled Snecko"},{"floor":7.0,"key":"Chameleon Ring"},{"floor":9.0,"key":"theDuelist:DuelistLetterOpener"},{"floor":12.0,"key":"infinitespire:BottledMercury"},{"floor":13.0,"key":"Tiny Chest"},{"floor":25.0,"key":"Bronze Scales"},{"floor":26.0,"key":"infinitespire:Eraser"},{"floor":28.0,"key":"Mercury Hourglass"},{"floor":39,"key":"Toy Ornithopter"},{"floor":40,"key":"theSenshi:SpiralHeartMoonRodRelic"},{"floor":42,"key":"Blood Vial"},{"floor":43,"key":"Juzu Bracelet"}],"event_choices":[{"cards_removed":["theDuelist:CastleWalls"],"damage_healed":0.0,"max_hp_gain":0.0,"max_hp_loss":0.0,"gold_gain":0.0,"event_name":"Golden Wing","player_choice":"Card Removal","floor":2.0,"gold_loss":0.0,"damage_taken":7.0},{"damage_healed":0.0,"max_hp_gain":0.0,"max_hp_loss":0.0,"gold_gain":0.0,"event_name":"Battle City","player_choice":"Leave","duelist":true,"floor":5.0,"gold_loss":0.0,"damage_taken":0.0},{"damage_healed":0.0,"max_hp_gain":0.0,"max_hp_loss":0.0,"gold_gain":0.0,"event_name":"Dead Adventurer","player_choice":"Searched \u00271\u0027 times","floor":12.0,"gold_loss":0.0,"damage_taken":0.0},{"damage_healed":0.0,"max_hp_gain":0.0,"max_hp_loss":0.0,"gold_gain":0.0,"event_name":"Addict","player_choice":"Obtained Relic","floor":20.0,"gold_loss":85.0,"damage_taken":0.0,"relics_obtained":["Charon\u0027s Ashes"]},{"cards_removed":["Delirium"],"damage_healed":0.0,"max_hp_gain":0.0,"max_hp_loss":0.0,"gold_gain":0.0,"event_name":"Fountain of Cleansing","player_choice":"Removed Curses","floor":24.0,"gold_loss":0.0,"damage_taken":0.0},{"power_reward":4.0,"total_magic_score":33.0,"gold_gain":0.0,"greed_reward":4.0,"duelist":true,"damage_taken":0.0,"relics_obtained":[],"points":17.0,"war_reward":4.0,"max_hp_gain":4.0,"max_hp_loss":0.0,"spent_points":{"magic":0.0,"greed":4.0,"war":4.0,"power":4.0,"hunger":4.0},"event_name":"Nameless Tomb","hunger_reward":4.0,"floor":30.0,"gold_loss":0.0,"cards_obtained":["theDuelist:Nameless:Greed:GracefulCharity","theDuelist:Nameless:War:BlueEyes","theDuelist:Nameless:Power:AssaultArmor"]},{"power_reward":4.0,"total_magic_score":33.0,"gold_gain":0.0,"greed_reward":4.0,"duelist":true,"damage_taken":0.0,"relics_obtained":[],"points":17.0,"war_reward":4.0,"max_hp_gain":4.0,"max_hp_loss":0.0,"spent_points":{"magic":0.0,"greed":4.0,"war":4.0,"power":4.0,"hunger":4.0},"event_name":"Nameless Tomb","hunger_reward":4.0,"floor":30.0,"gold_loss":0.0,"cards_obtained":["theDuelist:Nameless:Greed:GracefulCharity","theDuelist:Nameless:War:BlueEyes","theDuelist:Nameless:Power:AssaultArmor"]},{"cards_removed":["theDuelist:Hayate"],"damage_healed":5.0,"max_hp_gain":0.0,"max_hp_loss":0.0,"gold_gain":0.0,"event_name":"Bonfire Elementals","player_choice":"Offered Common","floor":32.0,"gold_loss":0.0,"damage_taken":0.0},{"cards_removed":["theDuelist:Hayate"],"damage_healed":5.0,"max_hp_gain":0.0,"max_hp_loss":0.0,"gold_gain":0.0,"event_name":"Bonfire Elementals","player_choice":"Offered Special","floor":32.0,"gold_loss":0.0,"damage_taken":0.0},{"damage_healed":0,"gold_gain":0,"player_choice":"Memory 1","damage_taken":0,"max_hp_gain":0,"max_hp_loss":0,"event_name":"SensoryStone","floor":38,"gold_loss":0}],"is_beta":false,"boss_relics":[{"not_picked":["Abe\u0027s Treasure","Electric Blood"],"picked":"Ooze Armor"},{"not_picked":["Mark of Pain","Kintsugi"],"picked":"Coffee Dripper"}],"items_purged_floors":[0,0,4],"is_endless":true,"potions_floor_spawned":[7,12,16,22,25,33,35,42],"killed_by":"Nightmare","ascension_level":10}}