{"host":"qfskrnw3pl1q86j0","time":1614381439,"event":{"mods":["BaseMod","Block Reminder","Hermit","Marisa????????","Minty Spire (QoL Compilation)","Quick Restart","Random Character Button","Relic Stats","StSLib","The Poker Player","slay the spire mod where everything is the same but ironclad has a cowboy hat"],"gold_per_floor":[113,127,127,143,155,155,166,166,189,216,65,82,82,116,116,219,219,239,239,154,154,77,77,95,109,109,109,109,109],"floor_reached":28,"language":"ENG","playtime":719,"items_purged":["Strike_R"],"score":228,"play_id":"b087ad49-7b2a-4b81-89e7-bd7d627c6b3d","local_time":"20210227001719","is_ascension_mode":false,"campfire_choices":[{"data":"Cleave","floor":6,"key":"SMITH"},{"data":"Dropkick","floor":8,"key":"SMITH"},{"data":"Flame Barrier","floor":13,"key":"SMITH"},{"data":"Rupture","floor":15,"key":"SMITH"},{"data":"Combust","floor":23,"key":"SMITH"},{"data":"Rupture","floor":27,"key":"SMITH"}],"circlet_count":0,"master_deck":["Strike_R","Strike_R+1","Strike_R","Defend_R","Defend_R","Defend_R","Defend_R","Bash+1","Cleave+1","Dropkick+1","Rupture+1","Flame Barrier+1","Headbutt","Thunderclap","Combust+1","Thunderclap+1","Rupture+1","Blood for Blood","True Grit+1"],"relics":["Burning Blood","Art of War","Dream Catcher","Whetstone","Cursed Key","Red Skull"],"acts_visited":["Exordium","TheCity"],"potions_floor_usage":[10,10,10,24],"damage_taken":[{"damage":8,"enemies":"Jaw Worm","floor":1,"turns":4},{"damage":1,"enemies":"Cultist","floor":2,"turns":4},{"damage":2,"enemies":"Small Slimes","floor":4,"turns":2},{"damage":5,"enemies":"Looter","floor":5,"turns":3},{"damage":32,"enemies":"Exordium Thugs","floor":7,"turns":7},{"damage":5,"enemies":"Lagavulin","floor":10,"turns":3},{"damage":8,"enemies":"Red Slaver","floor":12,"turns":2},{"damage":11,"enemies":"3 Sentries","floor":14,"turns":4},{"damage":20,"enemies":"Slime Boss","floor":16,"turns":6},{"damage":21,"enemies":"Shell Parasite","floor":18,"turns":4},{"damage":11,"enemies":"3 Byrds","floor":24,"turns":4},{"damage":28,"enemies":"Sentry and Sphere","floor":25,"turns":5},{"damage":45,"enemies":"Gremlin Leader","floor":28,"turns":3}],"seed_played":"-9127626409063013655","potions_obtained":[{"floor":2,"key":"AttackPotion"},{"floor":4,"key":"PowerPotion"},{"floor":7,"key":"Strength Potion"},{"floor":10,"key":"Energy Potion"},{"floor":18,"key":"Ancient Potion"},{"floor":21,"key":"Energy Potion"},{"floor":21,"key":"FearPotion"}],"is_trial":false,"path_per_floor":["M","M","?","M","M","R","M","R","T","E","$","M","R","E","R","B",null,"M","?","?","?","$","R","M","M","T","R","E"],"character_chosen":"IRONCLAD","items_purchased":["Combust","Blood for Blood"],"campfire_rested":0,"item_purchase_floors":[11,22],"current_hp_per_floor":[78,80,80,80,80,80,54,54,54,55,55,53,53,48,48,34,80,65,65,65,65,65,65,60,38,38,38,0,0],"gold":109,"neow_bonus":"REMOVE_CARD","is_daily":false,"chose_seed":false,"campfire_upgraded":6,"win_rate":0.0,"timestamp":1614381439,"path_taken":["M","M","?","M","?","R","M","R","T","E","$","M","R","E","R","BOSS","M","?","?","?","$","R","?","M","T","R","E"],"items_purchased_type":["Card","Card"],"build_version":"2020-12-22","purchased_purges":1,"victory":false,"max_hp_per_floor":[80,80,80,80,80,80,80,80,80,80,80,80,80,80,80,80,80,80,80,80,80,80,80,80,80,80,80,80,80],"relic_stats":{"Dream Catcher":0,"counters":[13,51],"Art of War":[3],"Whetstone":["Strike_R","Thunderclap"],"Cursed Key":0,"obtain_stats":[{"Dream Catcher":10,"Art of War":9,"Whetstone":14,"Cursed Key":17,"Burning Blood":0,"Red Skull":20},{"Dream Catcher":6,"Art of War":5,"Whetstone":8,"Cursed Key":9,"Burning Blood":0,"Red Skull":10},{"Dream Catcher":23,"Art of War":20,"Whetstone":29,"Cursed Key":35,"Burning Blood":0,"Red Skull":39}],"Burning Blood":64},"card_choices":[{"not_picked":["True Grit","Spot Weakness"],"picked":"Cleave","floor":1},{"not_picked":["Iron Wave","Searing Blow"],"picked":"Dropkick","floor":2},{"not_picked":["Iron Wave","Wild Strike"],"picked":"Rupture","floor":4},{"not_picked":["Warcry","Inflame"],"picked":"Flame Barrier","floor":5},{"not_picked":["Reckless Charge","Warcry"],"picked":"Headbutt","floor":7},{"not_picked":["Feed","Bloodletting"],"picked":"Thunderclap","floor":10},{"not_picked":["Iron Wave","Perfected Strike"],"picked":"Thunderclap","floor":12},{"not_picked":["Cleave","Juggernaut"],"picked":"Rupture","floor":14},{"not_picked":["Sentinel","Rage","Warcry"],"picked":"SKIP","floor":18},{"not_picked":["Dark Embrace","Havoc"],"picked":"True Grit+1","floor":24},{"not_picked":["Blood for Blood","Thunderclap","Shockwave"],"picked":"SKIP","floor":25}],"player_experience":1121452,"relics_obtained":[{"floor":9,"key":"Art of War"},{"floor":10,"key":"Dream Catcher"},{"floor":14,"key":"Whetstone"}],"event_choices":[{"damage_healed":0,"gold_gain":0,"player_choice":"Forge","damage_taken":0,"max_hp_gain":0,"max_hp_loss":0,"event_name":"Accursed Blacksmith","floor":3,"gold_loss":0,"cards_upgraded":["Bash"]},{"damage_healed":0,"gold_gain":0,"player_choice":"Ignored","damage_taken":0,"max_hp_gain":0,"max_hp_loss":0,"event_name":"Cursed Tome","floor":19,"gold_loss":0},{"damage_healed":0,"gold_gain":0,"player_choice":"Obtained Relic","damage_taken":0,"relics_obtained":["Red Skull"],"max_hp_gain":0,"max_hp_loss":0,"event_name":"Addict","floor":20,"gold_loss":85},{"damage_healed":0,"gold_gain":0,"player_choice":"Got Potions","damage_taken":0,"max_hp_gain":0,"max_hp_loss":0,"event_name":"Lab","floor":21,"gold_loss":0}],"is_beta":false,"boss_relics":[{"not_picked":["Fusion Hammer","Tiny House"],"picked":"Cursed Key"}],"items_purged_floors":[11],"is_endless":false,"potions_floor_spawned":[2,4,7,10,18],"killed_by":"Gremlin Leader","ascension_level":0}}