{"host":"fbdlh90rovbiajun","time":1614317820,"event":{"mods":["AchievementEnabler","BaseMod","Colored Map","Keyboard Shortcuts","Minty Spire (QoL Compilation)","SuperFastMode"],"gold_per_floor":[111,111,76,26,42,42,81,1,28,72,147,147,191,191,191,319,319,333,371,394,319,229,229,229],"floor_reached":23,"language":"KOR","playtime":556,"items_purged":["Defend_P"],"score":342,"play_id":"842a895b-0ff6-4576-985f-89be68181ae2","local_time":"20210226143700","is_ascension_mode":true,"campfire_choices":[{"data":"Eruption","floor":6.0,"key":"SMITH"},{"floor":12.0,"key":"REST"},{"data":"Judgement","floor":15.0,"key":"SMITH"}],"circlet_count":0,"master_deck":["AscendersBane","Strike_P","Strike_P","Strike_P","Defend_P","Defend_P","Eruption+1","Vigilance+1","MentalFortress","Judgement+1","FearNoEvil"],"relics":["PureWater","NeowsBlessing","Golden Idol","Nunchaku","MealTicket","Yang","Happy Flower","Pantograph","VioletLotus","Red Mask"],"acts_visited":["Exordium","TheCity"],"potions_floor_usage":[23],"damage_taken":[{"damage":0.0,"enemies":"2 Louse","floor":1.0,"turns":1.0},{"damage":0.0,"enemies":"Jaw Worm","floor":5.0,"turns":1.0},{"damage":0.0,"enemies":"Lagavulin","floor":7.0,"turns":1.0},{"damage":22.0,"enemies":"3 Sentries","floor":10.0,"turns":4.0},{"damage":8.0,"enemies":"Gremlin Nob","floor":13.0,"turns":3.0},{"damage":46.0,"enemies":"Slime Boss","floor":16.0,"turns":14.0},{"damage":2.0,"enemies":"3 Byrds","floor":18.0,"turns":4.0},{"damage":16.0,"enemies":"Masked Bandits","floor":19.0,"turns":4.0},{"damage":2.0,"enemies":"Chosen","floor":20.0,"turns":4.0},{"damage":56,"enemies":"Book of Stabbing","floor":23,"turns":4}],"seed_played":"-8131442315770795608","potions_obtained":[{"floor":5.0,"key":"Block Potion"},{"floor":13.0,"key":"DuplicationPotion"},{"floor":16.0,"key":"Ancient Potion"},{"floor":18.0,"key":"Fire Potion"},{"floor":20.0,"key":"EntropicBrew"}],"is_trial":false,"path_per_floor":["M","?","$","?","M","R","E","$","T","E","?","R","E","T","R","B",null,"M","?","M","$","?","E"],"character_chosen":"WATCHER","items_purchased":["MentalFortress","FearNoEvil"],"campfire_rested":1,"item_purchase_floors":[3,8],"current_hp_per_floor":[65,47,47,47,47,47,47,47,47,25,14,35,27,27,27,6,56,54,38,36,51,51,0,0],"gold":229,"neow_bonus":"THREE_ENEMY_KILL","is_daily":false,"chose_seed":false,"campfire_upgraded":2,"win_rate":0.0,"timestamp":1614317820,"path_taken":["M","?","$","?","M","R","E","$","T","E","?","R","E","?","R","BOSS","M","?","M","$","?","E"],"items_purchased_type":["Card","Card"],"build_version":"2020-12-22","purchased_purges":1,"victory":false,"max_hp_per_floor":[72,72,72,72,72,72,72,72,72,72,72,72,72,72,72,72,72,72,72,72,72,72,72,72],"card_choices":[{"not_picked":["EmptyBody","PathToVictory","CutThroughFate"],"picked":"SKIP","floor":1.0},{"not_picked":["Protect","Evaluate","Prostrate"],"picked":"SKIP","floor":5.0},{"not_picked":["EmptyBody","PathToVictory"],"picked":"Judgement","floor":7.0},{"not_picked":["FlyingSleeves","Vengeance","CrushJoints"],"picked":"SKIP","floor":10.0},{"not_picked":["Wireheading","SandsOfTime","ThirdEye"],"picked":"SKIP","floor":13.0},{"not_picked":["WheelKick","Swivel","SandsOfTime+1"],"picked":"SKIP","floor":18.0},{"not_picked":["FollowUp","CutThroughFate+1","EmptyFist"],"picked":"SKIP","floor":20.0}],"player_experience":132960,"relics_obtained":[{"floor":7.0,"key":"Nunchaku"},{"floor":9.0,"key":"MealTicket"},{"floor":10.0,"key":"Yang"},{"floor":13.0,"key":"Happy Flower"},{"floor":14.0,"key":"Pantograph"},{"floor":19.0,"key":"Red Mask"}],"event_choices":[{"damage_healed":0.0,"max_hp_gain":0.0,"max_hp_loss":0.0,"gold_gain":0.0,"event_name":"Golden Idol","player_choice":"Take Damage","floor":2.0,"gold_loss":0.0,"damage_taken":18.0,"relics_obtained":["Golden Idol"]},{"cards_removed":["Defend_P"],"damage_healed":0.0,"max_hp_gain":0.0,"max_hp_loss":0.0,"gold_gain":0.0,"event_name":"The Cleric","player_choice":"Card Removal","floor":4.0,"gold_loss":50.0,"damage_taken":0.0},{"damage_healed":0.0,"max_hp_gain":0.0,"max_hp_loss":0.0,"gold_gain":75.0,"event_name":"World of Goop","player_choice":"Gather Gold","floor":11.0,"gold_loss":0.0,"damage_taken":11.0},{"damage_healed":0.0,"max_hp_gain":0.0,"max_hp_loss":0.0,"gold_gain":0.0,"event_name":"Masked Bandits","player_choice":"Fought Bandits","floor":19.0,"gold_loss":0.0,"damage_taken":0.0},{"cards_removed":["Strike_P"],"damage_healed":0.0,"max_hp_gain":0.0,"max_hp_loss":0.0,"gold_gain":0.0,"event_name":"Designer","player_choice":"Upgrade and Remove","floor":22.0,"gold_loss":90.0,"damage_taken":0.0,"cards_upgraded":["Vigilance"]}],"is_beta":false,"boss_relics":[{"not_picked":["HolyWater","Sozu"],"picked":"VioletLotus"}],"items_purged_floors":[21],"is_endless":false,"potions_floor_spawned":[5,13,16,18,20],"killed_by":"Book of Stabbing","ascension_level":10}}