{"host":"70zhvo5nwrhp1mbg","time":1614298173,"event":{"mods":["AchievementEnabler","BaseMod","Bestiary","Colored Map","Colored Powertips","Minty Spire (QoL Compilation)","Rare Cards Sparkle","Relic Stats","StSLib","ojb\u0027s Better Paths Mod","ojb\u0027s Info Mod: The sequel"],"gold_per_floor":[115,134,34,51,66,66,76,110,164,164,164],"floor_reached":10,"language":"ENG","playtime":1483,"items_purged":[],"score":137,"play_id":"6862430e-c536-49fb-bf12-251194a044e6","local_time":"20210225190933","is_ascension_mode":true,"campfire_choices":[{"data":"Armaments","floor":6,"key":"SMITH"}],"circlet_count":0,"master_deck":["AscendersBane","Strike_R","Strike_R","Strike_R","Strike_R","Strike_R","Defend_R","Defend_R","Defend_R","Defend_R","Bash","Double Tap","Second Wind","Feel No Pain","Armaments+1","Shrug It Off","Wild Strike","Immolate","True Grit"],"relics":["Burning Blood","Darkstone Periapt","Anchor"],"acts_visited":["Exordium"],"potions_floor_usage":[8],"damage_taken":[{"damage":13,"enemies":"Cultist","floor":1,"turns":5},{"damage":11,"enemies":"Jaw Worm","floor":2,"turns":5},{"damage":5,"enemies":"Small Slimes","floor":4,"turns":5},{"damage":6,"enemies":"Looter","floor":5,"turns":3},{"damage":15,"enemies":"Exordium Thugs","floor":7,"turns":5},{"damage":16,"enemies":"Lagavulin","floor":8,"turns":8},{"damage":58,"enemies":"Gremlin Nob","floor":10,"turns":4}],"seed_played":"7744832052338224647","potions_obtained":[{"floor":1,"key":"FearPotion"},{"floor":7,"key":"LiquidBronze"}],"is_trial":false,"path_per_floor":["M","M","$","M","M","R","M","E","T","E"],"character_chosen":"IRONCLAD","items_purchased":["Armaments","Shrug It Off"],"campfire_rested":0,"item_purchase_floors":[3,3],"current_hp_per_floor":[61,56,56,57,57,57,48,38,38,0,0],"gold":164,"neow_bonus":"THREE_RARE_CARDS","is_daily":false,"chose_seed":false,"campfire_upgraded":1,"win_rate":0.0,"timestamp":1614298173,"path_taken":["M","M","$","M","M","R","M","E","T","E"],"items_purchased_type":["Card","Card"],"build_version":"2020-12-22","purchased_purges":0,"victory":false,"max_hp_per_floor":[68,68,68,68,68,68,68,68,68,68,68],"relic_stats":{"Darkstone Periapt":0,"counters":[7,35],"obtain_stats":[{"Darkstone Periapt":8,"Anchor":9,"Burning Blood":0},{"Darkstone Periapt":6,"Anchor":6,"Burning Blood":0},{"Darkstone Periapt":31,"Anchor":31,"Burning Blood":0}],"Burning Blood":36},"card_choices":[{"not_picked":["Juggernaut","Limit Break"],"picked":"Double Tap","floor":0},{"not_picked":["Clash","Reckless Charge"],"picked":"Second Wind","floor":1},{"not_picked":["Headbutt","Pommel Strike"],"picked":"Feel No Pain","floor":2},{"not_picked":["Rampage","Shrug It Off"],"picked":"Wild Strike","floor":4},{"not_picked":["Shockwave","Thunderclap"],"picked":"Immolate","floor":5},{"not_picked":["Sword Boomerang","Rupture"],"picked":"True Grit","floor":7},{"not_picked":["Rampage","Rupture","Uppercut"],"picked":"SKIP","floor":8}],"player_experience":729169,"relics_obtained":[{"floor":8,"key":"Darkstone Periapt"},{"floor":9,"key":"Anchor"}],"event_choices":[],"is_beta":false,"boss_relics":[],"items_purged_floors":[],"is_endless":false,"potions_floor_spawned":[1,7],"killed_by":"Gremlin Nob","ascension_level":19}}