{"host":"o3b7ow6d1xe49css","time":1614297639,"event":{"mods":["Act Like it!","Aspiration","BaseMod","Bestiary","Better Altar","Better Match","Better Note","Better Sensory Stone","Better Skull","Better Third Choice","Colored Powertips","Conspire","Energized Spire","Force Act Four","GifTheSpireLib","Halation","Hermit","Hubris","Infinite Spire","Lobotomy","Minty Spire (QoL Compilation)","Quick Restart","Rare Cards Sparkle","Relic Filter Mod","Reliquary","Replay The Spire","Spicy Shops","Spikes Relics","StSLib","Stuff the Spire","The Blue Laboratory","The Jungle","Wandering Minibosses"],"gold_per_floor":[110,123,143,143,123,123,123,123],"floor_reached":7,"language":"ENG","playtime":181,"items_purged":[],"score":82,"play_id":"a20f23b3-85c8-4d9b-86c0-e379bab5e450","local_time":"20210225150039","daily_mods":["Heirloom","Flight"],"is_ascension_mode":true,"campfire_choices":[{"data":"Zap","floor":6,"key":"SMITH"}],"circlet_count":0,"master_deck":["AscendersBane","Strike_B","Strike_B","Strike_B","Strike_B","Defend_B","Defend_B","Defend_B","Defend_B","Zap+1","Dualcast","Steam","Sweeping Beam","BasicCrystalCard"],"relics":["Ring of Chaos","Bird Faced Urn","CogitoBucket","Cracked Core"],"acts_visited":["Exordium"],"potions_floor_usage":[7,7],"damage_taken":[{"damage":7,"enemies":"Small Slimes","floor":1,"turns":4},{"damage":1,"enemies":"Cultist","floor":2,"turns":4},{"damage":2,"enemies":"Jaw Worm","floor":3,"turns":4},{"damage":31,"enemies":"Gremlin Nob","floor":7,"turns":4}],"seed_played":"4135775257459239571","potions_obtained":[{"floor":3,"key":"SteroidPotion"},{"floor":5,"key":"SteroidPotion"}],"is_trial":true,"path_per_floor":["M","M","M","?","?","R","E"],"character_chosen":"DEFECT","items_purchased":[],"campfire_rested":0,"item_purchase_floors":[],"current_hp_per_floor":[57,56,54,54,54,54,23,23],"gold":123,"neow_bonus":"","is_daily":false,"chose_seed":false,"campfire_upgraded":1,"win_rate":0.0,"timestamp":1614297639,"path_taken":["M","M","M","?","?","R","E"],"items_purchased_type":[],"build_version":"2020-12-22","purchased_purges":0,"victory":false,"max_hp_per_floor":[71,71,71,71,71,71,71,71],"card_choices":[{"not_picked":["Turbo","Barrage"],"picked":"Steam","floor":1},{"not_picked":["BeautyBeast","Variant","OldLady"],"picked":"Singing Bowl","floor":1},{"not_picked":["Rebound","Conserve Battery"],"picked":"Sweeping Beam","floor":2},{"not_picked":["DreamingCurrent","Woodsman","MHz"],"picked":"Singing Bowl","floor":2},{"not_picked":["Stack","aspiration:Polymerization"],"picked":"BasicCrystalCard","floor":3},{"not_picked":["Murderer","RedShoes","CherryBlossoms"],"picked":"Singing Bowl","floor":3}],"player_experience":1496926,"relics_obtained":[],"event_choices":[{"damage_healed":0,"gold_gain":0,"player_choice":"Bought 1 Potion","damage_taken":0,"max_hp_gain":0,"max_hp_loss":0,"event_name":"The Woman in Blue","floor":5,"gold_loss":0}],"is_beta":false,"boss_relics":[],"items_purged_floors":[],"is_endless":false,"potions_floor_spawned":[3],"killed_by":"Gremlin Nob","ascension_level":20}}