{"host":"d2gh6suihlstufn7","time":1614340459,"event":{"mods":["AchievementEnabler","BaseMod","Colored Map","Colored Powertips","Minty Spire (QoL Compilation)","Permanent Neow","Quick Restart","StSLib","SuperFastMode"],"gold_per_floor":[119,43,43,59,75,75,94,94,94,104,118,118,118,133,133,230,230,246,246,266,6,26,26,40,56,56,20,20,39,39,53,53,153,153,163,175,190,241,241,241,241,251,326,358,376,50,50,50,50,50,50,50,50,75,75],"floor_reached":56,"language":"KOR","playtime":1823,"items_purged":["Writhe"],"score":1273,"play_id":"af1d8488-0da5-4f1a-a4c5-7ed43a1ca2fe","local_time":"20210226205419","is_ascension_mode":false,"campfire_choices":[{"data":"Zap","floor":6.0,"key":"SMITH"},{"data":"Dualcast","floor":8.0,"key":"SMITH"},{"data":"Defragment","floor":12.0,"key":"SMITH"},{"floor":15.0,"key":"REST"},{"data":"Defragment","floor":23.0,"key":"SMITH"},{"data":"Machine Learning","floor":28.0,"key":"SMITH"},{"data":"Hello World","floor":32.0,"key":"SMITH"},{"data":"Electrodynamics","floor":40,"key":"SMITH"},{"floor":47,"key":"RECALL"},{"data":"Apotheosis","floor":49,"key":"SMITH"},{"data":"Thunder Strike","floor":52,"key":"SMITH"}],"circlet_count":0,"master_deck":["Strike_B","Strike_B","Strike_B","Defend_B","Defend_B","Zap+1","Dualcast+1","Genetic Algorithm","Defragment+1","Coolheaded","Capacitor","Defragment+1","Self Repair","Storm+1","Chill","Buffer","Leap+1","Machine Learning+1","Ball Lightning","Hello World+1","Loop","Coolheaded+1","Glacier","Chaos+1","Thunder Strike+1","Electrodynamics+1","Hologram+1","Defragment","Reboot","Apotheosis+1","Static Discharge","Capacitor+1"],"relics":["Cracked Core","NeowsBlessing","FaceOfCleric","Mummified Hand","Sozu","Symbiotic Virus","Prayer Wheel","Runic Pyramid","Torii","Turnip","Bottled Flame"],"acts_visited":["Exordium","TheCity","TheBeyond","TheEnding"],"potions_floor_usage":[33],"damage_taken":[{"damage":0.0,"enemies":"Jaw Worm","floor":1.0,"turns":1.0},{"damage":0.0,"enemies":"Cultist","floor":4.0,"turns":1.0},{"damage":0.0,"enemies":"2 Louse","floor":5.0,"turns":1.0},{"damage":2.0,"enemies":"Looter","floor":7.0,"turns":4.0},{"damage":15.0,"enemies":"Exordium Thugs","floor":10.0,"turns":6.0},{"damage":18.0,"enemies":"Lots of Slimes","floor":11.0,"turns":5.0},{"damage":18.0,"enemies":"Gremlin Gang","floor":14.0,"turns":4.0},{"damage":10.0,"enemies":"The Guardian","floor":16.0,"turns":7.0},{"damage":10.0,"enemies":"3 Byrds","floor":18.0,"turns":5.0},{"damage":0.0,"enemies":"Shell Parasite","floor":20.0,"turns":7.0},{"damage":30.0,"enemies":"Snake Plant","floor":22.0,"turns":4.0},{"damage":5.0,"enemies":"Cultist and Chosen","floor":24.0,"turns":6.0},{"damage":13.0,"enemies":"3 Cultists","floor":25.0,"turns":4.0},{"damage":0.0,"enemies":"Snake Plant","floor":29.0,"turns":3.0},{"damage":0.0,"enemies":"Cultist and Chosen","floor":31.0,"turns":5.0},{"damage":0,"enemies":"Collector","floor":33,"turns":7},{"damage":0,"enemies":"3 Darklings","floor":35,"turns":2},{"damage":10,"enemies":"Orb Walker","floor":36,"turns":3},{"damage":0,"enemies":"Transient","floor":37,"turns":5},{"damage":25,"enemies":"2 Orb Walkers","floor":38,"turns":2},{"damage":20,"enemies":"Sphere and 2 Shapes","floor":42,"turns":3},{"damage":0,"enemies":"Nemesis","floor":44,"turns":7},{"damage":11,"enemies":"Jaw Worm Horde","floor":45,"turns":2},{"damage":43,"enemies":"Donu and Deca","floor":50,"turns":5},{"damage":13,"enemies":"Shield and Spear","floor":54,"turns":3},{"damage":83,"enemies":"The Heart","floor":55,"turns":7}],"seed_played":"-2507954877000001014","potions_obtained":[{"floor":1.0,"key":"SpeedPotion"},{"floor":10.0,"key":"SteroidPotion"},{"floor":16.0,"key":"Swift Potion"}],"is_trial":false,"path_per_floor":["M","$","?","M","M","R","M","R","T","M","M","R","?","M","R","B",null,"M","?","M","$","M","R","M","M","T","$","R","M","?","M","R","B",null,"M","M","M","?","?","R","?","M","T","E","M","$","R","?","R","B",null,"R","$","E","B",null],"character_chosen":"DEFECT","items_purchased":["Defragment","Symbiotic Virus","Glacier","Apotheosis","Static Discharge"],"campfire_rested":1,"item_purchase_floors":[2,21,27,46,46],"current_hp_per_floor":[75,75,75,76,77,77,76,76,76,62,52,52,45,35,59,57,82,80,80,84,84,62,62,65,60,60,60,60,68,68,76,76,84,90,91,82,90,73,94,94,94,82,82,90,87,87,87,87,87,52,98,98,98,93,21],"gold":75,"neow_bonus":"THREE_ENEMY_KILL","is_daily":false,"chose_seed":false,"campfire_upgraded":9,"win_rate":0.0,"timestamp":1614340459,"path_taken":["M","$","?","?","M","R","M","R","T","?","M","R","?","M","R","BOSS","M","?","?","?","M","R","M","M","T","$","R","?","?","M","R","BOSS","M","?","M","?","?","R","?","M","T","E","?","$","R","?","R","BOSS","R","$","E","BOSS"],"items_purchased_type":["Card","Relic","Card","Card","Card"],"build_version":"2020-12-22","purchased_purges":1,"victory":true,"max_hp_per_floor":[75,75,75,76,77,77,78,78,78,79,80,80,80,81,81,82,82,83,83,84,84,85,85,86,87,87,87,87,88,88,89,89,90,90,91,92,93,94,94,94,94,95,95,96,97,97,97,97,97,98,98,98,98,99,100],"card_choices":[{"not_picked":["White Noise","FTL"],"picked":"Genetic Algorithm","floor":1.0},{"not_picked":["Streamline","Steam"],"picked":"Coolheaded","floor":4.0},{"not_picked":["Loop","Hologram"],"picked":"Capacitor","floor":5.0},{"not_picked":["Compile Driver","Stack"],"picked":"Defragment","floor":7.0},{"not_picked":["Steam","Auto Shields"],"picked":"Self Repair","floor":10.0},{"not_picked":["Steam Power","Barrage"],"picked":"Storm","floor":11.0},{"not_picked":["Sweeping Beam","Stack"],"picked":"Chill","floor":14.0},{"not_picked":["Meteor Strike","Multi-Cast"],"picked":"Buffer","floor":16.0},{"not_picked":["Turbo","Gash"],"picked":"Leap+1","floor":18.0},{"not_picked":["Barrage","Steam+1"],"picked":"Ball Lightning","floor":20.0},{"not_picked":["Redo","Hologram"],"picked":"Hello World","floor":22.0},{"not_picked":["Barrage","Compile Driver"],"picked":"Loop","floor":24.0},{"not_picked":["All For One","Stack"],"picked":"Coolheaded+1","floor":25.0},{"not_picked":["Glacier","FTL","Cold Snap"],"picked":"SKIP","floor":29.0},{"not_picked":["Leap","Streamline","Gash+1"],"picked":"SKIP","floor":29.0},{"not_picked":["Ball Lightning+1","Go for the Eyes+1"],"picked":"Chaos+1","floor":31.0},{"not_picked":["Fusion","Coolheaded"],"picked":"Thunder Strike","floor":31.0},{"not_picked":["Buffer","Fission"],"picked":"Electrodynamics","floor":33},{"not_picked":["Streamline+1","Go for the Eyes","Steam"],"picked":"SKIP","floor":35},{"not_picked":["Coolheaded","Barrage","Hologram"],"picked":"SKIP","floor":35},{"not_picked":["Leap+1","Barrage"],"picked":"Hologram+1","floor":36},{"not_picked":["Sweeping Beam+1","Doom and Gloom","Streamline+1"],"picked":"SKIP","floor":36},{"not_picked":["Chaos","Undo","Recycle"],"picked":"SKIP","floor":37},{"not_picked":["Hello World+1","Cold Snap+1","Lockon"],"picked":"SKIP","floor":37},{"not_picked":["Rip and Tear+1","Lockon","Glacier"],"picked":"SKIP","floor":42},{"not_picked":["Auto Shields","Barrage","Chaos+1"],"picked":"SKIP","floor":42},{"not_picked":["Scrape+1","Rebound"],"picked":"Reboot","floor":44},{"not_picked":["Chill","Fusion","Cold Snap+1"],"picked":"SKIP","floor":45},{"not_picked":["Darkness+1","FTL","Go for the Eyes"],"picked":"SKIP","floor":45},{"not_picked":["Beam Cell+1","Multi-Cast"],"picked":"Capacitor+1","floor":54}],"player_experience":64949,"relics_obtained":[{"floor":9.0,"key":"Mummified Hand"},{"floor":26.0,"key":"Prayer Wheel"},{"floor":38,"key":"Torii"},{"floor":44,"key":"Turnip"},{"floor":54,"key":"Bottled Flame"}],"event_choices":[{"damage_healed":0.0,"max_hp_gain":0.0,"max_hp_loss":0.0,"gold_gain":0.0,"event_name":"FaceTrader","player_choice":"Trade","floor":3.0,"gold_loss":0.0,"damage_taken":0.0,"relics_obtained":["FaceOfCleric"]},{"cards_removed":["Defend_B"],"damage_healed":0.0,"max_hp_gain":0.0,"max_hp_loss":0.0,"gold_gain":0.0,"event_name":"Golden Wing","player_choice":"Card Removal","floor":13.0,"gold_loss":0.0,"damage_taken":7.0},{"damage_healed":0.0,"max_hp_gain":0.0,"max_hp_loss":0.0,"gold_gain":0.0,"cards_transformed":["Strike_B"],"event_name":"Transmorgrifier","player_choice":"Transformed","floor":19.0,"gold_loss":0.0,"damage_taken":0.0,"cards_obtained":["Machine Learning"]},{"damage_healed":0.0,"max_hp_gain":0.0,"max_hp_loss":0.0,"gold_gain":0.0,"event_name":"Accursed Blacksmith","player_choice":"Forge","floor":30.0,"gold_loss":0.0,"damage_taken":0.0,"cards_upgraded":["Storm"]},{"damage_healed":0,"gold_gain":0,"player_choice":"Fight","damage_taken":0,"max_hp_gain":0,"max_hp_loss":0,"event_name":"Mysterious Sphere","floor":38,"gold_loss":0},{"damage_healed":24,"gold_gain":0,"player_choice":"Writhe","damage_taken":0,"max_hp_gain":0,"max_hp_loss":0,"event_name":"Winding Halls","floor":39,"gold_loss":0,"cards_obtained":["Writhe"]},{"damage_healed":0,"gold_gain":0,"cards_transformed":["Defend_B"],"player_choice":"Transformed","damage_taken":0,"max_hp_gain":0,"max_hp_loss":0,"event_name":"Transmorgrifier","floor":41,"gold_loss":0,"cards_obtained":["Defragment"]},{"damage_healed":0,"gold_gain":0,"player_choice":"Memory 1","damage_taken":0,"max_hp_gain":0,"max_hp_loss":0,"event_name":"SensoryStone","floor":48,"gold_loss":0}],"is_beta":false,"boss_relics":[{"not_picked":["Empty Cage","Calling Bell"],"picked":"Sozu"},{"not_picked":["SacredBark","Busted Crown"],"picked":"Runic Pyramid"}],"items_purged_floors":[46],"is_endless":false,"potions_floor_spawned":[1,10,16,20,24,31,33,38,44,45,54],"ascension_level":0}}