{"host":"3c8x8j1h2jyrixpf","time":1614372760,"event":{"mods":["BaseMod","Minty Spire (QoL Compilation)","StSLib"],"gold_per_floor":[116,47,47,47,60,60,85,85,85,35,46,77,87,148,148,223,223,237,237,248,248,248,248,273,285,354,354,373,288,288,321,321,397,397,408,256,309,309,319,319,339,374,399,430,400,360,360,370,370,370,370,370,62,88,88],"floor_reached":56,"language":"ENG","playtime":2553,"items_purged":[],"score":2163,"play_id":"471e2b6c-0846-4e56-aa17-5b383785167f","local_time":"20210226145240","is_ascension_mode":true,"campfire_choices":[{"data":"Lockon","floor":6.0,"key":"SMITH"},{"data":"Zap","floor":8.0,"key":"SMITH"},{"floor":15.0,"key":"REST"},{"data":"Defragment","floor":23.0,"key":"SMITH"},{"data":"Consume","floor":27.0,"key":"SMITH"},{"data":"Self Repair","floor":32.0,"key":"SMITH"},{"floor":40.0,"key":"RECALL"},{"data":"Seek","floor":47.0,"key":"SMITH"},{"data":"Ghostly","floor":49.0,"key":"SMITH"},{"data":"Ghostly","floor":52.0,"key":"SMITH"}],"circlet_count":0,"master_deck":["AscendersBane","Defend_B+1","Defend_B+1","Defend_B+1","Zap+1","Dualcast","Ball Lightning","Lockon+1","Compile Driver","Genetic Algorithm","Consume+1","Defragment+1","Hologram","FTL","Machine Learning","Self Repair+1","Conserve Battery","Ghostly+1","Ghostly+1","Ghostly","Ghostly","Ghostly+1","Electrodynamics","Cold Snap+1","Heatsinks+1","Amplify","Seek+1","Hyperbeam+1","Darkness+1","Capacitor+1","Chill","Fusion+1","Seek","Ghostly+1","Dark Shackles"],"relics":["Cracked Core","NeowsBlessing","Ice Cream","Anchor","PreservedInsect","Cables","Philosopher\u0027s Stone","Juzu Bracelet","Frozen Egg 2","Smiling Mask","Bird Faced Urn","Art of War","Astrolabe","DataDisk","Calipers","Dead Branch","Potion Belt","DollysMirror","Incense Burner"],"acts_visited":["Exordium","TheCity","TheBeyond","TheEnding"],"potions_floor_usage":[55,55],"damage_taken":[{"damage":0.0,"enemies":"Cultist","floor":1.0,"turns":1.0},{"damage":0.0,"enemies":"Jaw Worm","floor":5.0,"turns":1.0},{"damage":0.0,"enemies":"Gremlin Nob","floor":7.0,"turns":1.0},{"damage":0.0,"enemies":"Small Slimes","floor":11.0,"turns":3.0},{"damage":24.0,"enemies":"3 Sentries","floor":12.0,"turns":6.0},{"damage":17.0,"enemies":"Gremlin Gang","floor":13.0,"turns":6.0},{"damage":18.0,"enemies":"Gremlin Nob","floor":14.0,"turns":3.0},{"damage":16.0,"enemies":"Hexaghost","floor":16.0,"turns":6.0},{"damage":37.0,"enemies":"3 Byrds","floor":18.0,"turns":5.0},{"damage":0.0,"enemies":"Chosen","floor":20.0,"turns":3.0},{"damage":0.0,"enemies":"Slavers","floor":24.0,"turns":5.0},{"damage":0.0,"enemies":"Centurion and Healer","floor":25.0,"turns":6.0},{"damage":0.0,"enemies":"Snecko","floor":28.0,"turns":4.0},{"damage":0.0,"enemies":"Gremlin Leader","floor":31.0,"turns":4.0},{"damage":28.0,"enemies":"Collector","floor":33.0,"turns":9.0},{"damage":0.0,"enemies":"3 Darklings","floor":35.0,"turns":3.0},{"damage":0.0,"enemies":"2 Orb Walkers","floor":37.0,"turns":5.0},{"damage":0.0,"enemies":"Orb Walker","floor":39.0,"turns":3.0},{"damage":2.0,"enemies":"Maw","floor":41.0,"turns":5.0},{"damage":2.0,"enemies":"Reptomancer","floor":42.0,"turns":6.0},{"damage":0.0,"enemies":"Nemesis","floor":44.0,"turns":7.0},{"damage":0.0,"enemies":"4 Shapes","floor":48.0,"turns":3.0},{"damage":0.0,"enemies":"Time Eater","floor":50.0,"turns":10.0},{"damage":4.0,"enemies":"Shield and Spear","floor":54.0,"turns":7.0},{"damage":32,"enemies":"The Heart","floor":55,"turns":9}],"seed_played":"-6163561767415424630","potions_obtained":[{"floor":5.0,"key":"Weak Potion"},{"floor":7.0,"key":"SpeedPotion"},{"floor":16.0,"key":"DuplicationPotion"},{"floor":19.0,"key":"Regen Potion"},{"floor":19.0,"key":"FocusPotion"},{"floor":28.0,"key":"PotionOfCapacity"},{"floor":37.0,"key":"DistilledChaos"},{"floor":41.0,"key":"EssenceOfDarkness"},{"floor":42.0,"key":"Swift Potion"},{"floor":45.0,"key":"SpeedPotion"},{"floor":45.0,"key":"SteroidPotion"},{"floor":48.0,"key":"SkillPotion"}],"is_trial":false,"path_per_floor":["M","$","?","$","M","R","E","R","T","?","M","E","M","?","R","B",null,"M","?","M","?","?","R","E","M","T","R","M","?","?","E","R","B",null,"M","$","?","?","M","R","M","E","T","E","?","?","R","M","R","B",null,"R","$","E","B",null],"character_chosen":"DEFECT","items_purchased":["Lockon","DataDisk","DollysMirror","LiquidBronze","Dark Shackles"],"campfire_rested":1,"item_purchase_floors":[2,36,53,53,53],"current_hp_per_floor":[68,68,68,68,68,68,68,68,68,68,68,44,27,9,31,15,60,23,23,30,30,30,30,37,37,37,37,37,37,37,37,37,27,35,37,37,37,37,37,37,36,37,37,37,37,37,37,37,37,37,37,37,37,37,30],"gold":88,"neow_bonus":"THREE_ENEMY_KILL","is_daily":false,"chose_seed":false,"campfire_upgraded":8,"win_rate":0.0,"timestamp":1614372760,"path_taken":["M","$","?","?","M","R","E","R","T","?","M","E","M","?","R","BOSS","M","?","?","?","?","R","E","M","T","R","M","?","?","E","R","BOSS","M","$","?","?","M","R","M","E","T","E","?","?","R","M","R","BOSS","R","$","E","BOSS"],"items_purchased_type":["Card","Relic","Relic","Potion","Card"],"build_version":"2020-12-22","purchased_purges":0,"victory":true,"max_hp_per_floor":[75,75,75,75,75,75,75,75,75,75,75,75,75,75,75,75,75,75,75,75,37,37,37,37,37,37,37,37,37,37,37,37,37,37,37,37,37,37,37,37,37,37,37,37,37,37,37,37,37,37,37,37,37,37,37],"card_choices":[{"not_picked":["Compile Driver","Streamline"],"picked":"Ball Lightning","floor":1.0},{"not_picked":["Steam","Redo"],"picked":"Compile Driver","floor":5.0},{"not_picked":["Stack","Ball Lightning"],"picked":"Genetic Algorithm","floor":7.0},{"not_picked":["Stack","FTL"],"picked":"Consume","floor":11.0},{"not_picked":["Storm","Compile Driver"],"picked":"Defragment","floor":12.0},{"not_picked":["Genetic Algorithm","Sweeping Beam"],"picked":"Hologram","floor":13.0},{"not_picked":["Fission","Barrage"],"picked":"FTL","floor":14.0},{"not_picked":["Hyperbeam","Thunder Strike"],"picked":"Machine Learning","floor":16.0},{"not_picked":["Defragment","Skim"],"picked":"Self Repair","floor":18.0},{"not_picked":["Heatsinks+1","Streamline+1"],"picked":"Conserve Battery","floor":20.0},{"not_picked":["BootSequence","FTL"],"picked":"Electrodynamics","floor":24.0},{"not_picked":["Leap","Barrage"],"picked":"Cold Snap","floor":25.0},{"not_picked":["Go for the Eyes","Conserve Battery"],"picked":"Heatsinks+1","floor":28.0},{"not_picked":["Streamline","Force Field"],"picked":"Amplify","floor":31.0},{"not_picked":["Electrodynamics+1","Multi-Cast"],"picked":"Seek","floor":33.0},{"not_picked":["Aggregate","Beam Cell"],"picked":"Chill","floor":35.0},{"not_picked":["Hologram","Compile Driver+1","White Noise"],"picked":"SKIP","floor":39.0},{"not_picked":["Consume","Leap"],"picked":"Fusion+1","floor":41.0},{"not_picked":["Tempest","Consume","Reprogram"],"picked":"SKIP","floor":42.0},{"not_picked":["Ball Lightning","Streamline","Go for the Eyes"],"picked":"SKIP","floor":44.0},{"not_picked":["Chill","Leap"],"picked":"Seek","floor":48.0},{"not_picked":["Hyperbeam","Rebound","Leap"],"picked":"SKIP","floor":54.0}],"player_experience":310971,"relics_obtained":[{"floor":7.0,"key":"Ice Cream"},{"floor":9.0,"key":"Anchor"},{"floor":12.0,"key":"PreservedInsect"},{"floor":14.0,"key":"Cables"},{"floor":24.0,"key":"Juzu Bracelet"},{"floor":26.0,"key":"Frozen Egg 2"},{"floor":31.0,"key":"Art of War"},{"floor":37.0,"key":"Calipers"},{"floor":42.0,"key":"Dead Branch"},{"floor":44.0,"key":"Potion Belt"},{"floor":54.0,"key":"Incense Burner"}],"event_choices":[{"damage_healed":0.0,"max_hp_gain":0.0,"max_hp_loss":0.0,"gold_gain":0.0,"event_name":"Liars Game","player_choice":"Ignored","floor":3.0,"gold_loss":0.0,"damage_taken":0.0},{"cards_removed":["Strike_B"],"damage_healed":0.0,"max_hp_gain":0.0,"max_hp_loss":0.0,"gold_gain":0.0,"event_name":"The Cleric","player_choice":"Card Removal","floor":10.0,"gold_loss":50.0,"damage_taken":0.0},{"damage_healed":0.0,"max_hp_gain":0.0,"max_hp_loss":0.0,"gold_gain":0.0,"event_name":"Dead Adventurer","player_choice":"Searched \u00272\u0027 times","floor":14.0,"gold_loss":0.0,"damage_taken":0.0},{"damage_healed":0.0,"max_hp_gain":0.0,"max_hp_loss":0.0,"gold_gain":0.0,"event_name":"Lab","player_choice":"Got Potions","floor":19.0,"gold_loss":0.0,"damage_taken":0.0},{"damage_healed":0.0,"max_hp_gain":0.0,"max_hp_loss":38.0,"gold_gain":0.0,"event_name":"Ghosts","player_choice":"Became a Ghost","floor":21.0,"gold_loss":0.0,"damage_taken":0.0,"cards_obtained":["Ghostly","Ghostly","Ghostly","Ghostly","Ghostly"]},{"damage_healed":0.0,"max_hp_gain":0.0,"max_hp_loss":0.0,"gold_gain":0.0,"event_name":"Back to Basics","player_choice":"Simplicity","floor":22.0,"gold_loss":0.0,"damage_taken":0.0,"cards_upgraded":["Strike_B","Strike_B","Strike_B","Defend_B","Defend_B","Defend_B","Defend_B"]},{"damage_healed":0.0,"max_hp_gain":0.0,"max_hp_loss":0.0,"gold_gain":0.0,"event_name":"Addict","player_choice":"Obtained Relic","floor":29.0,"gold_loss":85.0,"damage_taken":0.0,"relics_obtained":["Smiling Mask"]},{"damage_healed":0.0,"max_hp_gain":0.0,"max_hp_loss":0.0,"gold_gain":0.0,"event_name":"The Mausoleum","player_choice":"Opened","floor":30.0,"gold_loss":0.0,"damage_taken":0.0,"relics_obtained":["Bird Faced Urn"]},{"damage_healed":0.0,"max_hp_gain":0.0,"max_hp_loss":0.0,"gold_gain":0.0,"event_name":"Mysterious Sphere","player_choice":"Fight","floor":37.0,"gold_loss":0.0,"damage_taken":0.0},{"cards_removed":["Defend_B"],"damage_healed":0.0,"max_hp_gain":0.0,"max_hp_loss":0.0,"gold_gain":0.0,"event_name":"Falling","player_choice":"Removed Skill","floor":38.0,"gold_loss":0.0,"damage_taken":0.0},{"damage_healed":0.0,"max_hp_gain":0.0,"max_hp_loss":0.0,"gold_gain":0.0,"event_name":"The Woman in Blue","player_choice":"Bought 2 Potions","floor":45.0,"gold_loss":0.0,"damage_taken":0.0},{"damage_healed":0.0,"max_hp_gain":0.0,"max_hp_loss":0.0,"gold_gain":0.0,"event_name":"Designer","player_choice":"Upgraded Two","floor":46.0,"gold_loss":40.0,"damage_taken":0.0,"cards_upgraded":["Ghostly","Cold Snap"]}],"is_beta":false,"boss_relics":[{"not_picked":["Ectoplasm","Tiny House"],"picked":"Philosopher\u0027s Stone"},{"not_picked":["Busted Crown","SlaversCollar"],"picked":"Astrolabe"}],"items_purged_floors":[],"is_endless":false,"potions_floor_spawned":[5,7,11,16,18,25,28,37,41,42,48],"ascension_level":13}}