{"host":"0r455zfix56tawas","time":1614328373,"event":{"mods":["AlwaysNeverKeys","BaseMod","Colored Powertips","Downfall","Highlight Path","Minty Spire (QoL Compilation)","Permanent Neow","StSLib","The Necromancer","The Servant 0.9.4"],"gold_per_floor":[99,111,126,143,243,258,258,258,258,258],"floor_reached":8,"language":"ENG","playtime":467,"items_purged":[],"score":48,"play_id":"20ed9c52-ad68-4a2a-a17d-cdc1cbc530f4","local_time":"20210226093253","is_ascension_mode":false,"campfire_choices":[{"data":"hexamod:Float","floor":1,"key":"SMITH"}],"circlet_count":0,"master_deck":["hexamod:Strike","hexamod:Strike","hexamod:Strike","hexamod:Strike","hexamod:Defend","hexamod:Defend","hexamod:Defend","hexamod:Defend","hexamod:Sear","hexamod:Float+1","hexamod:ApocalypseNow","hexamod:FastForward","hexamod:ThirdSeal","hexamod:ShieldOfDarkness","hexamod:GhostOfSpireFuture","CurseOfTheBell","CurseOfTheBell","Regret","hexamod:SearingWound","Regret","hexamod:ShieldOfDarkness"],"relics":["hexamod:SpiritBrand","downfall:ExtraCursedBell","Art of War","Molten Egg 2","Calipers","Shuriken"],"acts_visited":["Exordium"],"potions_floor_usage":[8],"damage_taken":[{"damage":1,"enemies":"Cultist","floor":2,"turns":4},{"damage":0,"enemies":"Small Slimes","floor":3,"turns":3},{"damage":7,"enemies":"2 Louse","floor":4,"turns":3},{"damage":28,"enemies":"Lots of Slimes","floor":6,"turns":6},{"damage":16,"enemies":"3 Sentries","floor":8,"turns":13}],"seed_played":"-4500399550235130475","potions_obtained":[{"floor":3,"key":"ColorlessPotion"}],"is_trial":false,"path_per_floor":["R","M","M","M","?","M","T","E"],"character_chosen":"THE_SPIRIT","items_purchased":[],"campfire_rested":0,"item_purchase_floors":[],"current_hp_per_floor":[49,48,48,41,41,13,13,0,0,0],"gold":258,"neow_bonus":"THREE_RARE_CARDS","is_daily":false,"chose_seed":false,"campfire_upgraded":1,"win_rate":0.0,"timestamp":1614328373,"path_taken":["R","M","M","?","?","M","T","E"],"items_purchased_type":[],"build_version":"2020-12-22","purchased_purges":0,"victory":false,"max_hp_per_floor":[70,70,70,70,70,70,70,70,70,70],"card_choices":[{"not_picked":["hexamod:TimeOfNeed","hexamod:VolcanoVisage"],"picked":"hexamod:ApocalypseNow","floor":0},{"not_picked":["hexamod:SuperheatedStrike","hexamod:ThermalTransfer"],"picked":"hexamod:FastForward","floor":2},{"not_picked":["hexamod:StepThrough","hexamod:GhostflameBarrier"],"picked":"hexamod:ThirdSeal","floor":3},{"not_picked":["hexamod:AdvancingGuard","hexamod:FlamesFromBeyond"],"picked":"hexamod:ShieldOfDarkness","floor":4},{"not_picked":["hexamod:HeatMetal","hexamod:ExtraCrispy"],"picked":"hexamod:GhostOfSpireFuture","floor":4},{"not_picked":["hexamod:HauntingEcho+1","hexamod:BurningTouch"],"picked":"hexamod:ShieldOfDarkness","floor":6},{"not_picked":["hexamod:Firestarter+1","hexamod:BacktrackSmack+1","hexamod:SuperheatedStrike+1"],"picked":"SKIP","floor":6}],"player_experience":1036659,"relics_obtained":[{"floor":5,"key":"Art of War"},{"floor":5,"key":"Molten Egg 2"},{"floor":5,"key":"Calipers"},{"floor":7,"key":"Shuriken"}],"event_choices":[],"is_beta":false,"boss_relics":[],"items_purged_floors":[],"is_endless":false,"potions_floor_spawned":[3],"killed_by":"3 Sentries","ascension_level":0}}