{"host":"d2gh6suihlstufn7","time":1614331598,"event":{"mods":["AchievementEnabler","BaseMod","Colored Map","Colored Powertips","Minty Spire (QoL Compilation)","Permanent Neow","Quick Restart","StSLib","SuperFastMode"],"gold_per_floor":[112,112,187,152,170,205,205,225,225,225,225,225,225,257,257,353,353,366,376,376,393,409,409,421,421,448,548,548,548,548,558,558,658,658,670,687,32,44,61,61,72,72,97,107,152,152,152,38,38,38,38,38,38,72,72],"floor_reached":56,"language":"KOR","playtime":2493,"items_purged":["Eviscerate"],"score":1155,"play_id":"4fa7ede8-8bcf-4709-a18e-0d2018d1c514","local_time":"20210226182638","is_ascension_mode":false,"campfire_choices":[{"data":"Blur","floor":7.0,"key":"SMITH"},{"data":"Caltrops","floor":10.0,"key":"SMITH"},{"data":"Leg Sweep","floor":13.0,"key":"SMITH"},{"data":"Survivor","floor":15.0,"key":"SMITH"},{"floor":23.0,"key":"REST"},{"data":"Die Die Die","floor":25.0,"key":"SMITH"},{"floor":28.0,"key":"REST"},{"floor":32.0,"key":"REST"},{"data":"Blade Dance","floor":40.0,"key":"SMITH"},{"floor":42,"key":"REST"},{"floor":46,"key":"REST"},{"floor":49,"key":"RECALL"},{"data":"Corpse Explosion","floor":52,"key":"SMITH"}],"circlet_count":0,"master_deck":["Survivor+1","Neutralize","Leg Sweep+1","Blur+1","Caltrops+1","Doppelganger","Blade Dance+1","Die Die Die+1","Malaise","Poisoned Stab","Corpse Explosion+1","Masterful Stab","Reflex","PiercingWail","Noxious Fumes+1","Footwork+1","PiercingWail","Flechettes","Expertise","Venomology","Cloak And Dagger+1","Crippling Poison","Sadistic Nature","Flechettes","Backstab","Terror+1"],"relics":["Ring of the Snake","NeowsBlessing","Dead Branch","Omamori","Gremlin Horn","Torii","Ninja Scroll","Mercury Hourglass","Pandora\u0027s Box","Enchiridion","Du-Vu Doll","Darkstone Periapt","Bottled Tornado","Snecko Eye","Ornamental Fan","Ancient Tea Set","Potion Belt","Incense Burner","Boot"],"acts_visited":["Exordium","TheCity","TheBeyond","TheEnding"],"potions_floor_usage":[41,45,50,50,54,55],"damage_taken":[{"damage":0.0,"enemies":"Small Slimes","floor":1.0,"turns":1.0},{"damage":0.0,"enemies":"2 Louse","floor":5.0,"turns":1.0},{"damage":0.0,"enemies":"Lagavulin","floor":6.0,"turns":1.0},{"damage":0.0,"enemies":"Jaw Worm","floor":8.0,"turns":8.0},{"damage":12.0,"enemies":"Gremlin Nob","floor":14.0,"turns":6.0},{"damage":38.0,"enemies":"The Guardian","floor":16.0,"turns":14.0},{"damage":7.0,"enemies":"Spheric Guardian","floor":18.0,"turns":3.0},{"damage":3.0,"enemies":"Chosen","floor":19.0,"turns":5.0},{"damage":10.0,"enemies":"Centurion and Healer","floor":21.0,"turns":5.0},{"damage":9.0,"enemies":"Shelled Parasite and Fungi","floor":22.0,"turns":5.0},{"damage":0.0,"enemies":"Chosen and Byrds","floor":24.0,"turns":4.0},{"damage":1.0,"enemies":"Colosseum Slavers","floor":27.0,"turns":2.0},{"damage":40.0,"enemies":"Colosseum Nobs","floor":27.0,"turns":5.0},{"damage":1.0,"enemies":"Snecko","floor":31.0,"turns":4.0},{"damage":39.0,"enemies":"Champ","floor":33.0,"turns":13.0},{"damage":2.0,"enemies":"3 Darklings","floor":35.0,"turns":3.0},{"damage":0.0,"enemies":"3 Shapes","floor":36.0,"turns":3.0},{"damage":25.0,"enemies":"Transient","floor":38.0,"turns":5.0},{"damage":0.0,"enemies":"3 Darklings","floor":39.0,"turns":2.0},{"damage":8,"enemies":"Maw","floor":41,"turns":4},{"damage":0,"enemies":"Transient","floor":44,"turns":5},{"damage":21,"enemies":"2 Orb Walkers","floor":45,"turns":5},{"damage":69,"enemies":"Time Eater","floor":50,"turns":11},{"damage":1,"enemies":"Shield and Spear","floor":54,"turns":5},{"damage":59,"enemies":"The Heart","floor":55,"turns":10}],"seed_played":"315821723832068399","potions_obtained":[{"floor":5.0,"key":"LiquidBronze"},{"floor":6.0,"key":"SneckoOil"},{"floor":14.0,"key":"EssenceOfSteel"},{"floor":18.0,"key":"Ancient Potion"},{"floor":19.0,"key":"Explosive Potion"},{"floor":27.0,"key":"BlessingOfTheForge"},{"floor":33.0,"key":"EssenceOfSteel"},{"floor":35.0,"key":"Dexterity Potion"},{"floor":39.0,"key":"SpeedPotion"},{"floor":41,"key":"SmokeBomb"},{"floor":54,"key":"Energy Potion"}],"is_trial":false,"path_per_floor":["M","?","?","?","M","E","R","M","T","R","?","T","R","E","R","B",null,"M","M","?","M","M","R","M","R","T","?","R","?","T","M","R","B",null,"M","M","$","M","M","R","M","R","T","M","?","R","?","$","R","B",null,"R","$","E","B",null],"character_chosen":"THE_SILENT","items_purchased":["Crippling Poison","Ornamental Fan","Ancient Tea Set","Sadistic Nature","Backstab"],"campfire_rested":5,"item_purchase_floors":[37,37,37,37,48],"current_hp_per_floor":[70,63,52,69,69,69,69,69,69,69,69,69,69,57,57,19,70,63,60,44,34,25,46,46,46,46,5,26,26,26,25,46,7,70,68,68,68,43,43,43,35,56,56,56,35,56,70,70,70,1,70,70,70,69,10],"gold":72,"neow_bonus":"THREE_ENEMY_KILL","is_daily":false,"chose_seed":false,"campfire_upgraded":7,"win_rate":0.0,"timestamp":1614331598,"path_taken":["M","?","?","?","M","E","R","M","T","R","?","?","R","E","R","BOSS","M","M","?","M","M","R","M","R","T","?","R","?","?","M","R","BOSS","M","?","$","M","M","R","M","R","T","M","?","R","?","?","R","BOSS","R","$","E","BOSS"],"items_purchased_type":["Card","Relic","Relic","Card","Card"],"build_version":"2020-12-22","purchased_purges":1,"victory":true,"max_hp_per_floor":[70,70,70,70,70,70,70,70,70,70,70,70,70,70,70,70,70,70,70,70,70,70,70,70,70,70,70,70,70,70,70,70,70,70,70,70,70,70,70,70,70,70,70,70,70,70,70,70,70,70,70,70,70,70,70],"card_choices":[{"not_picked":["Flying Knee","Bane"],"picked":"Leg Sweep","floor":1.0},{"not_picked":["Skewer","Slice","Bane"],"picked":"SKIP","floor":5.0},{"not_picked":["Flying Knee","Bane"],"picked":"Blur","floor":6.0},{"not_picked":["Acrobatics","Prepared"],"picked":"Caltrops","floor":8.0},{"not_picked":["Acrobatics","Predator","Endless Agony"],"picked":"SKIP","floor":14.0},{"not_picked":["Tools of the Trade","After Image"],"picked":"Doppelganger","floor":16.0},{"not_picked":["Masterful Stab","Calculated Gamble+1"],"picked":"PiercingWail","floor":18.0},{"not_picked":["Deadly Poison","Outmaneuver"],"picked":"Noxious Fumes+1","floor":19.0},{"not_picked":["Backstab","Catalyst"],"picked":"Footwork+1","floor":21.0},{"not_picked":["Prepared+1","All Out Attack"],"picked":"PiercingWail","floor":22.0},{"not_picked":["Deadly Poison","Skewer","Heel Hook+1"],"picked":"SKIP","floor":24.0},{"not_picked":["Well Laid Plans","Underhanded Strike","Bane+1"],"picked":"SKIP","floor":31.0},{"not_picked":["Bullet Time","After Image"],"picked":"Venomology","floor":33.0},{"not_picked":["Poisoned Stab+1","Sucker Punch"],"picked":"Cloak And Dagger+1","floor":35.0},{"not_picked":["Dodge and Roll+1","Heel Hook+1","Flying Knee"],"picked":"SKIP","floor":36.0},{"not_picked":["Deflect","Bane","Flying Knee"],"picked":"SKIP","floor":38.0},{"not_picked":["Cloak And Dagger","Noxious Fumes","Flying Knee+1"],"picked":"SKIP","floor":39.0},{"not_picked":["Sucker Punch+1","Poisoned Stab","Masterful Stab+1"],"picked":"SKIP","floor":41},{"not_picked":["Quick Slash+1","Poisoned Stab"],"picked":"Flechettes","floor":44},{"not_picked":["Riddle With Holes+1","Poisoned Stab"],"picked":"Terror+1","floor":54}],"player_experience":59711,"relics_obtained":[{"floor":6.0,"key":"Omamori"},{"floor":9.0,"key":"Gremlin Horn"},{"floor":12.0,"key":"Ninja Scroll"},{"floor":14.0,"key":"Mercury Hourglass"},{"floor":20.0,"key":"Enchiridion"},{"floor":27.0,"key":"Du-Vu Doll"},{"floor":27.0,"key":"Darkstone Periapt"},{"floor":30.0,"key":"Bottled Tornado"},{"floor":43,"key":"Potion Belt"},{"floor":45,"key":"Incense Burner"},{"floor":54,"key":"Boot"}],"event_choices":[{"damage_healed":0.0,"max_hp_gain":0.0,"max_hp_loss":0.0,"gold_gain":0.0,"event_name":"Scrap Ooze","player_choice":"Success","floor":2.0,"gold_loss":0.0,"damage_taken":7.0,"relics_obtained":["Dead Branch"]},{"damage_healed":0.0,"max_hp_gain":0.0,"max_hp_loss":0.0,"gold_gain":75.0,"event_name":"World of Goop","player_choice":"Gather Gold","floor":3.0,"gold_loss":0.0,"damage_taken":11.0},{"damage_healed":17.0,"max_hp_gain":0.0,"max_hp_loss":0.0,"gold_gain":0.0,"event_name":"The Cleric","player_choice":"Healed","floor":4.0,"gold_loss":35.0,"damage_taken":0.0},{"damage_healed":0.0,"max_hp_gain":0.0,"max_hp_loss":0.0,"gold_gain":0.0,"event_name":"Big Fish","player_choice":"Box","floor":11.0,"gold_loss":0.0,"damage_taken":0.0,"relics_obtained":["Torii"],"cards_obtained":["Regret"]},{"damage_healed":0.0,"max_hp_gain":0.0,"max_hp_loss":0.0,"gold_gain":0.0,"event_name":"Cursed Tome","player_choice":"Obtained Book","floor":20.0,"gold_loss":0.0,"damage_taken":16.0},{"damage_healed":0.0,"max_hp_gain":0.0,"max_hp_loss":0.0,"gold_gain":0.0,"event_name":"Colosseum","player_choice":"Fight","floor":27.0,"gold_loss":0.0,"damage_taken":0.0},{"damage_healed":0.0,"max_hp_gain":0.0,"max_hp_loss":0.0,"gold_gain":0.0,"event_name":"Colosseum","player_choice":"Fought Nobs","floor":27.0,"gold_loss":0.0,"damage_taken":0.0},{"damage_healed":0.0,"max_hp_gain":0.0,"max_hp_loss":0.0,"gold_gain":0.0,"cards_transformed":["Predator","Acrobatics"],"event_name":"Drug Dealer","player_choice":"Became Test Subject","floor":29.0,"gold_loss":0.0,"damage_taken":0.0,"cards_obtained":["Flechettes","Expertise"]},{"damage_healed":0,"gold_gain":0,"player_choice":"Fight","damage_taken":0,"max_hp_gain":0,"max_hp_loss":0,"event_name":"Mysterious Sphere","floor":45,"gold_loss":0},{"damage_healed":18,"gold_gain":0,"player_choice":"Writhe","damage_taken":0,"max_hp_gain":0,"max_hp_loss":0,"event_name":"Winding Halls","floor":47,"gold_loss":0,"cards_obtained":["Writhe"]}],"is_beta":false,"boss_relics":[{"not_picked":["Calling Bell","SacredBark"],"picked":"Pandora\u0027s Box"},{"not_picked":["Coffee Dripper","Fusion Hammer"],"picked":"Snecko Eye"}],"items_purged_floors":[48],"is_endless":false,"potions_floor_spawned":[5,6,14,18,19,27,33,35,39,41,54],"ascension_level":0}}