{"host":"5ljn7a5kkcj16tq5","time":1614369017,"event":{"mods":["BaseMod","Curses Come First","Hermit","Minty Spire (QoL Compilation)","StSLib","The Marked","The Runesmith","The Senshi","The Servant 0.9.4"],"gold_per_floor":[114,129,144,159,159,189,189,219,269,299,299,299,299,299,299,424,424,443,443,462,235,254,292,292,292,317,95,95,133,133,133,133,288,288,337,386,88,1087,637,637,637,637,662,700,700,700,738,738,738,738,738],"floor_reached":50,"language":"ENG","playtime":2295,"items_purged":["Strike_G+1","Bash","Strike_B+1","Normality"],"score":623,"play_id":"369d8063-cb74-4a69-af5c-01ea89c2ebde","local_time":"20210226145017","daily_mods":["Chimera","Time Dilation","Elite Swarm"],"is_ascension_mode":false,"campfire_choices":[{"data":"Zap","floor":7,"key":"SMITH"},{"floor":12,"key":"REST"},{"data":"Survivor","floor":15,"key":"SMITH"},{"data":"Prostrate","floor":24,"key":"SMITH"},{"data":"SashWhip","floor":25,"key":"SMITH"},{"data":"Apotheosis","floor":28,"key":"SMITH"},{"floor":32,"key":"REST"},{"floor":40,"key":"REST"},{"floor":42,"key":"REST"},{"floor":46,"key":"REST"},{"floor":49,"key":"REST"}],"circlet_count":0,"master_deck":["Survivor+1","Zap+1","Eruption+1","Defend_R+1","Defend_G+1","Defend_P+1","CrushJoints+1","SashWhip+1","Prostrate+1","DevaForm","Brilliance+1","DeusExMachina","DevaForm","ForeignInfluence","PathToVictory","PathToVictory","SashWhip+1","ConjureBlade","Apotheosis+1","Wish","SpiritShield","Bandage Up","Normality","Discovery","Devotion","Writhe"],"relics":["PureWater","Juzu Bracelet","Toy Ornithopter","Smiling Mask","Strawberry","Golden Idol","Runic Pyramid","Lee\u0027s Waffle","WingedGreaves","Blood Vial","Thread and Needle","Philosopher\u0027s Stone","Lantern","Orichalcum","HornCleat","Bronze Scales","Whetstone","Runesmith:Nanobots"],"acts_visited":["Exordium","TheCity","TheBeyond"],"potions_floor_usage":[6,6,8,18,29,29,35,44,47],"damage_taken":[{"damage":0,"enemies":"2 Louse","floor":1,"turns":2},{"damage":0,"enemies":"Small Slimes","floor":2,"turns":2},{"damage":3,"enemies":"Jaw Worm","floor":3,"turns":2},{"damage":10,"enemies":"3 Louse","floor":4,"turns":2},{"damage":0,"enemies":"Gremlin Nob","floor":6,"turns":1},{"damage":41,"enemies":"3 Sentries","floor":8,"turns":7},{"damage":4,"enemies":"Gremlin Nob","floor":10,"turns":3},{"damage":33,"enemies":"The Guardian","floor":16,"turns":8},{"damage":13,"enemies":"Spheric Guardian","floor":18,"turns":4},{"damage":10,"enemies":"Shell Parasite","floor":20,"turns":4},{"damage":45,"enemies":"Cultist and Chosen","floor":22,"turns":7},{"damage":20,"enemies":"Book of Stabbing","floor":23,"turns":4},{"damage":20,"enemies":"Slavers","floor":29,"turns":3},{"damage":47,"enemies":"Automaton","floor":33,"turns":8},{"damage":70,"enemies":"3 Darklings","floor":35,"turns":6},{"damage":17,"enemies":"3 Shapes","floor":36,"turns":6},{"damage":31,"enemies":"Reptomancer","floor":44,"turns":8},{"damage":62,"enemies":"Giant Head","floor":47,"turns":10},{"damage":100,"enemies":"Donu and Deca","floor":50,"turns":6}],"seed_played":"4728103701414758894","potions_obtained":[{"floor":2,"key":"SteroidPotion"},{"floor":3,"key":"Swift Potion"},{"floor":6,"key":"BottledMiracle"},{"floor":16,"key":"Fruit Juice"},{"floor":20,"key":"CultistPotion"},{"floor":22,"key":"SpeedPotion"},{"floor":23,"key":"BlessingOfTheForge"},{"floor":33,"key":"Weak Potion"},{"floor":44,"key":"AttackPotion"}],"is_trial":false,"path_per_floor":["M","M","M","M","?","E","R","E","T","E","?","R","?","?","R","B",null,"M","?","M","$","M","E","R","R","T","$","R","E","?","?","R","B",null,"M","M","$","?","$","R","?","R","T","E","?","R","E","?","R","B"],"character_chosen":"WATCHER","items_purchased":["Lee\u0027s Waffle","PathToVictory","Apotheosis","Bandage Up","Lantern","Orichalcum","HornCleat"],"campfire_rested":6,"item_purchase_floors":[21,21,27,37,37,39,39],"current_hp_per_floor":[72,72,69,59,59,59,59,18,18,21,2,25,51,35,35,2,79,71,71,61,91,46,26,26,26,26,26,26,18,18,48,75,30,91,21,6,6,6,6,33,33,60,60,42,42,69,20,43,70,0,0],"gold":738,"neow_bonus":"","is_daily":true,"chose_seed":false,"campfire_upgraded":5,"win_rate":0.0,"timestamp":1614369017,"path_taken":["M","M","M","M","?","E","R","E","T","E","?","R","?","?","R","BOSS","M","?","M","$","M","E","R","R","T","$","R","E","?","?","R","BOSS","M","M","$","?","$","R","?","R","T","E","?","R","E","?","R","BOSS"],"items_purchased_type":["Relic","Card","Card","Card","Relic","Relic","Relic"],"build_version":"2020-12-22","purchased_purges":4,"victory":false,"max_hp_per_floor":[72,72,72,72,72,72,72,72,72,79,79,79,79,79,79,79,79,84,84,84,91,91,91,91,91,91,91,91,91,91,91,91,91,91,91,91,91,91,91,91,91,91,91,91,91,91,91,91,91,91,91],"card_choices":[{"not_picked":["SashWhip","Collect"],"picked":"CrushJoints","floor":1},{"not_picked":["CrushJoints","WaveOfTheHand"],"picked":"SashWhip","floor":2},{"not_picked":["Consecrate","SashWhip"],"picked":"Prostrate","floor":3},{"not_picked":["Meditate","LikeWater","Protect"],"picked":"SKIP","floor":4},{"not_picked":["Wish","Devotion"],"picked":"DevaForm","floor":6},{"not_picked":["Vault","MasterReality"],"picked":"Brilliance","floor":8},{"not_picked":["Establishment","SpiritShield"],"picked":"DeusExMachina","floor":10},{"not_picked":["Brilliance","Blasphemy"],"picked":"DevaForm","floor":16},{"not_picked":["Adaptation","FollowUp"],"picked":"ForeignInfluence","floor":18},{"not_picked":["FlyingSleeves","Prostrate"],"picked":"PathToVictory","floor":20},{"not_picked":["Crescendo","Consecrate"],"picked":"SashWhip+1","floor":22},{"not_picked":["DeusExMachina","DevaForm"],"picked":"ConjureBlade","floor":23},{"not_picked":["DeusExMachina","Alpha"],"picked":"Wish","floor":29},{"not_picked":["Ragnarok","Alpha"],"picked":"SpiritShield","floor":33},{"not_picked":["Conclude","FlurryOfBlows+1","ThirdEye+1"],"picked":"SKIP","floor":35},{"not_picked":["WreathOfFlame","ReachHeaven","Conclude"],"picked":"SKIP","floor":36},{"not_picked":["Master of Strategy","The Bomb"],"picked":"Discovery","floor":41},{"not_picked":["Brilliance","Blasphemy","SpiritShield"],"picked":"SKIP","floor":44},{"not_picked":["Alpha","MasterReality"],"picked":"Devotion","floor":47}],"player_experience":267557,"relics_obtained":[{"floor":6,"key":"Juzu Bracelet"},{"floor":8,"key":"Toy Ornithopter"},{"floor":9,"key":"Smiling Mask"},{"floor":10,"key":"Strawberry"},{"floor":23,"key":"WingedGreaves"},{"floor":26,"key":"Blood Vial"},{"floor":29,"key":"Thread and Needle"},{"floor":43,"key":"Bronze Scales"},{"floor":44,"key":"Whetstone"},{"floor":47,"key":"Runesmith:Nanobots"}],"event_choices":[{"cards_removed":["Strike_R"],"damage_healed":0,"gold_gain":0,"player_choice":"Forget","damage_taken":0,"max_hp_gain":0,"max_hp_loss":0,"event_name":"Living Wall","floor":5,"gold_loss":0},{"damage_healed":0,"gold_gain":0,"player_choice":"Take Damage","damage_taken":19,"relics_obtained":["Golden Idol"],"max_hp_gain":0,"max_hp_loss":0,"event_name":"Golden Idol","floor":11,"gold_loss":0},{"damage_healed":26,"gold_gain":0,"player_choice":"Banana","damage_taken":0,"max_hp_gain":0,"max_hp_loss":0,"event_name":"Big Fish","floor":13,"gold_loss":0},{"damage_healed":0,"gold_gain":0,"player_choice":"Entered Light","damage_taken":16,"max_hp_gain":0,"max_hp_loss":0,"event_name":"Shining Light","floor":14,"gold_loss":0,"cards_upgraded":["Defend_P","Eruption"]},{"damage_healed":0,"gold_gain":0,"player_choice":"Simplicity","damage_taken":0,"max_hp_gain":0,"max_hp_loss":0,"event_name":"Back to Basics","floor":19,"gold_loss":0,"cards_upgraded":["Strike_G","Strike_B","Defend_R","Defend_G"]},{"damage_healed":0,"gold_gain":0,"player_choice":"Ignored","damage_taken":0,"max_hp_gain":0,"max_hp_loss":0,"event_name":"Ghosts","floor":30,"gold_loss":0},{"damage_healed":30,"gold_gain":0,"player_choice":"Heal","damage_taken":0,"max_hp_gain":0,"max_hp_loss":0,"event_name":"The Library","floor":31,"gold_loss":0},{"damage_healed":0,"gold_gain":999,"player_choice":"Gold","damage_taken":0,"max_hp_gain":0,"max_hp_loss":0,"event_name":"MindBloom","floor":38,"gold_loss":0,"cards_obtained":["Normality","Normality"]},{"damage_healed":0,"gold_gain":0,"player_choice":"Memory 1","damage_taken":0,"max_hp_gain":0,"max_hp_loss":0,"event_name":"SensoryStone","floor":41,"gold_loss":0},{"damage_healed":0,"gold_gain":0,"player_choice":"Ignored","damage_taken":0,"max_hp_gain":0,"max_hp_loss":0,"event_name":"Tomb of Lord Red Mask","floor":45,"gold_loss":0},{"damage_healed":23,"gold_gain":0,"player_choice":"Writhe","damage_taken":0,"max_hp_gain":0,"max_hp_loss":0,"event_name":"Winding Halls","floor":48,"gold_loss":0,"cards_obtained":["Writhe"]}],"is_beta":false,"boss_relics":[{"not_picked":["Coffee Dripper","Black Star"],"picked":"Runic Pyramid"},{"not_picked":["VioletLotus","Runic Dome"],"picked":"Philosopher\u0027s Stone"}],"items_purged_floors":[21,27,37,39],"is_endless":false,"potions_floor_spawned":[2,3,6,16,20,22,23,33,44],"killed_by":"Donu and Deca","ascension_level":0}}