{"host":"9slw7l0ws16384qq","time":1614367803,"event":{"mods":["A Penny For Your Troubles","BaseMod","Colored Map","Downfall","Evolution","Hubris","Minty Spire (QoL Compilation)","Replay The Spire","StS++","StSLib"],"gold_per_floor":[199,216,216,241,151,251,251,265,150,164,64,49,49,97,113,187,237,137,154,166,180,322,322,322,339,349,349,399,116,116,116,136,207,207,207,223,240,255,255,89,89,99,99,113,133,144,144,144,157,197,197,197],"floor_reached":50,"language":"FRA","playtime":3399,"items_purged":["Guardian:Defend_Guardian","downfall:Icky","Guardian:Defend_Guardian"],"score":878,"play_id":"3a37378e-1cca-4835-af88-cce8281084fc","local_time":"20210226203003","is_ascension_mode":true,"campfire_choices":[{"data":"Guardian:PrimingBeam","floor":1,"key":"SMITH"},{"floor":11,"key":"RECALL"},{"data":"Guardian:PiercingHide","floor":13,"key":"SMITH"},{"data":"Guardian:PrimingBeam","floor":18,"key":"SMITH"},{"floor":30,"key":"REST"},{"data":"Guardian:PrimingBeam","floor":35,"key":"SMITH"},{"data":"Guardian:PiercingHide","floor":43,"key":"SMITH"},{"floor":47,"key":"REST"}],"circlet_count":0,"master_deck":["AscendersBane","Guardian:PrimingBeam+1","Guardian:PrimingBeam+1","Guardian:PrimingBeam+1","Guardian:PrimingBeam+1","Guardian:PiercingHide+1","Guardian:PiercingHide+1","Guardian:CurlUp+1","Guardian:TwinSlam","Guardian:SentryBeam","Guardian:SentryBeam","Guardian:PiercingHide","Guardian:SentryBeam"],"relics":["Guardian:ModeShifter","EVO:Axolotl","Bag of Marbles","downfall:HeartBlessingBlue","hubris:ToyBattleship","Tiny House","downfall:HeartBlessingRed","downfall:KnowingSkull","Bottled Flame","MutagenicStrength","Singing Bowl","hubris:ScarierMask","Guardian:BottledStasis","hubris:BundleOfHerbs"],"acts_visited":["Exordium","TheCity","TheBeyond"],"potions_floor_usage":[14,33,38,50,50],"damage_taken":[{"damage":0,"enemies":"Small Slimes","floor":2,"turns":2},{"damage":0,"enemies":"downfall:FleeingMerchant","floor":5,"turns":4},{"damage":4,"enemies":"Jaw Worm","floor":8,"turns":2},{"damage":0,"enemies":"downfall:FleeingMerchant","floor":9,"turns":4},{"damage":1,"enemies":"2 Louse","floor":10,"turns":2},{"damage":3,"enemies":"downfall:FleeingMerchant","floor":12,"turns":4},{"damage":3,"enemies":"Lagavulin","floor":14,"turns":4},{"damage":1,"enemies":"Blue Slaver","floor":15,"turns":2},{"damage":43,"enemies":"IC_STATUS_ARCHETYPE","floor":16,"turns":10},{"damage":4,"enemies":"Shell Parasite","floor":19,"turns":3},{"damage":0,"enemies":"3 Byrds","floor":20,"turns":3},{"damage":3,"enemies":"Snake Plant","floor":21,"turns":3},{"damage":0,"enemies":"downfall:FleeingMerchant","floor":22,"turns":4},{"damage":2,"enemies":"Snecko","floor":25,"turns":3},{"damage":1,"enemies":"Chosen and Byrds","floor":26,"turns":4},{"damage":0,"enemies":"3 Cultists","floor":32,"turns":3},{"damage":6,"enemies":"WA_ARCHETYPE_CALM","floor":33,"turns":11},{"damage":1,"enemies":"Orb Walker","floor":36,"turns":2},{"damage":0,"enemies":"3 Darklings","floor":37,"turns":3},{"damage":23,"enemies":"Writhing Mass","floor":38,"turns":11},{"damage":0,"enemies":"4 Shapes","floor":42,"turns":3},{"damage":1,"enemies":"Spire Growth","floor":44,"turns":3},{"damage":0,"enemies":"Jaw Worm Horde","floor":45,"turns":1},{"damage":0,"enemies":"Sphere and 2 Shapes","floor":46,"turns":1},{"damage":2,"enemies":"Spire Growth","floor":49,"turns":5},{"damage":109,"enemies":"SI_POISON_ARCHETYPE","floor":50,"turns":22}],"seed_played":"3754565517094948070","potions_obtained":[{"floor":2,"key":"champ:CounterPotion"},{"floor":10,"key":"ColorlessPotion"},{"floor":14,"key":"Block Potion"},{"floor":37,"key":"AttackPotion"},{"floor":38,"key":"champ:CounterPotion"}],"is_trial":false,"path_per_floor":["R","M","?","T","$","?","T","M","$","M","R","$","R","E","M","B",null,"R","M","M","M","$","?","T","M","M","?","?","$","R","?","M","B",null,"R","M","M","M","?","$","T","M","R","M","M","M","R","$","M","B"],"character_chosen":"GUARDIAN","items_purchased":["Guardian:Gem_Fragmented","Singing Bowl","Guardian:BottledStasis"],"campfire_rested":2,"item_purchase_floors":[22,29,40],"current_hp_per_floor":[65,65,65,65,65,65,65,61,61,60,70,67,67,64,63,20,72,72,68,68,65,65,49,49,47,46,46,46,46,72,72,74,70,86,86,85,87,66,66,66,66,68,68,67,69,71,101,101,101,0,0,0],"gold":197,"neow_bonus":"HUNDRED_GOLD","is_daily":false,"chose_seed":false,"campfire_upgraded":5,"win_rate":0.0,"timestamp":1614367803,"path_taken":["R","M","?","?","$","?","T","M","$","M","R","?","R","E","M","BOSS","R","M","M","M","$","?","T","?","M","?","?","$","R","?","M","BOSS","R","M","M","M","?","$","T","M","R","M","M","?","R","$","M","BOSS"],"items_purchased_type":["Card","Relic","Relic"],"build_version":"2020-12-22","purchased_purges":3,"victory":false,"max_hp_per_floor":[72,72,72,72,72,72,72,72,72,72,82,82,82,82,82,82,87,87,87,87,87,87,87,87,87,87,87,87,87,87,87,89,91,91,91,91,93,95,95,95,95,97,97,97,99,101,101,101,103,103,103,103],"card_choices":[{"not_picked":["Guardian:RollAttack","Guardian:Gem_Lightblue"],"picked":"Guardian:Gem_White","floor":2},{"not_picked":["Guardian:WalkerClaw","Guardian:PiercingHide"],"picked":"Guardian:Gem_Cyan","floor":5},{"not_picked":["Guardian:Gem_Cyan","Guardian:WalkerClaw"],"picked":"Guardian:Gem_Fragmented","floor":8},{"not_picked":["Guardian:Recover","Guardian:Gem_Lightblue","Guardian:Suspension"],"picked":"SKIP","floor":9},{"not_picked":["Guardian:ShieldSpikes","Guardian:TemporalStrike","Guardian:RefractedBeam"],"picked":"SKIP","floor":10},{"not_picked":["Guardian:FloatingOrbs","Guardian:RefractedBeam","Guardian:Planning"],"picked":"SKIP","floor":12},{"not_picked":["Guardian:MultiBeam","Guardian:Harden"],"picked":"Guardian:SentryBeam","floor":14},{"not_picked":["Guardian:VentSteam","Guardian:FloatingOrbs"],"picked":"Guardian:SentryBeam","floor":15},{"not_picked":["Guardian:RollAttack","Guardian:ShieldSpikes"],"picked":"Guardian:Gem_Fragmented","floor":19},{"not_picked":["Guardian:VentSteam","Guardian:EvasiveProtocol+1","Guardian:Gem_Lightblue"],"picked":"SKIP","floor":20},{"not_picked":["Guardian:Gem_Crimson","Guardian:Incinerate+1","Guardian:PolyBeam"],"picked":"SKIP","floor":21},{"not_picked":["Guardian:PrimingBeam","Guardian:RollAttack","Guardian:Gem_Green"],"picked":"SKIP","floor":22},{"not_picked":["Guardian:Planning","Guardian:AncientConstruct"],"picked":"Guardian:PiercingHide","floor":25},{"not_picked":["Guardian:EvasiveProtocol+1","Guardian:GuardianWhirl"],"picked":"Guardian:SentryBeam","floor":26},{"not_picked":["Guardian:Gem_Cyan","Guardian:PiercingHide","Guardian:WalkerClaw"],"picked":"Singing Bowl","floor":32},{"not_picked":["Guardian:ExploitGems","Guardian:HyperBeam_Guardian","Guardian:FierceBash"],"picked":"Singing Bowl","floor":33},{"not_picked":["Guardian:WalkerClaw","Guardian:Incinerate+1"],"picked":"Guardian:Gem_Cyan","floor":36},{"not_picked":["Guardian:TimeCapacitor+1","Guardian:Planning","Guardian:TemporalStrike+1"],"picked":"Singing Bowl","floor":37},{"not_picked":["Guardian:ShieldCharger","Guardian:TemporalStrike","Guardian:Harden"],"picked":"Singing Bowl","floor":38},{"not_picked":["Guardian:RollAttack+1","Guardian:TemporalStrike+1","Guardian:Suspension"],"picked":"Singing Bowl","floor":42},{"not_picked":["Guardian:Recover","Guardian:Incinerate"],"picked":"Guardian:Gem_Cyan","floor":44},{"not_picked":["Guardian:StasisEngine","Guardian:Gem_Red","Guardian:CrystalBeam"],"picked":"Singing Bowl","floor":45},{"not_picked":["Guardian:Recover","Guardian:RollAttack","Guardian:VentSteam"],"picked":"Singing Bowl","floor":46},{"not_picked":["Guardian:PiercingHide","Guardian:RevengeProtocol","Guardian:PrismaticBeam"],"picked":"Singing Bowl","floor":49}],"player_experience":1735381,"relics_obtained":[{"floor":4,"key":"Bag of Marbles"},{"floor":14,"key":"hubris:ToyBattleship"},{"floor":24,"key":"Bottled Flame"},{"floor":41,"key":"hubris:BundleOfHerbs"}],"event_choices":[{"damage_healed":0,"gold_gain":0,"player_choice":"Inject Mutagens","damage_taken":0,"relics_obtained":["MutagenicStrength"],"max_hp_gain":0,"max_hp_loss":0,"event_name":"Drug Dealer","floor":27,"gold_loss":0}],"is_beta":false,"boss_relics":[{"not_picked":["Abe\u0027s Treasure","Kintsugi"],"picked":"Tiny House"},{"not_picked":["Replay:Drink Me","Fusion Hammer"],"picked":"hubris:ScarierMask"}],"items_purged_floors":[5,9,22],"is_endless":false,"potions_floor_spawned":[2,10,14,15,21,25,32,33,37,38,45,46],"killed_by":"SI_POISON_ARCHETYPE","ascension_level":16}}