{"host":"df48i9djcn92c5sx","time":1614344439,"event":{"mods":["Act Like it!","Arknights","BaseMod","Decade(王小明)","Downfall","Gensokyo","Marisa（F雨　魔理沙）","Minty Spire (QoL Compilation)","READ ME - Guardian Mod","READ ME - Snecko Mod","Reimu（博丽灵梦）","Remilia（蕾米莉亚）","Shop Mod","StSLib","The Jungle","The Servant 0.9.4"],"gold_per_floor":[110,110,120,151,151,151,184,184,184,219,144,144,144,162,162,162,162],"floor_reached":16,"language":"ZHS","playtime":541,"items_purged":["Strike_S"],"score":227,"play_id":"eb012ec9-2e3e-4ac0-a0ec-2a32e7c329ac","local_time":"20210226210039","is_ascension_mode":true,"campfire_choices":[{"data":"KidneyShot","floor":6,"key":"SMITH"},{"data":"SilverMatrix","floor":8,"key":"SMITH"},{"data":"Deny","floor":12,"key":"SMITH"},{"data":"Moondial","floor":15,"key":"SMITH"}],"circlet_count":0,"master_deck":["Strike_S","Strike_S","Strike_S","Defend_S","Defend_S","Defend_S","Defend_S","KidneyShot+1","Exchange","Defy","Deny+1","SilverMatrix+1","Moondial+1"],"relics":["Uniform","NeowsBlessing","Bronze Scales","Question Card","Letter Opener","Kunai","Gensokyo:Mercy"],"acts_visited":["Exordium"],"potions_floor_usage":[7,7,16],"damage_taken":[{"damage":0,"enemies":"Gensokyo:Gryphon","floor":1,"turns":1},{"damage":0,"enemies":"Gensokyo:2_Kodama","floor":3,"turns":1},{"damage":0,"enemies":"Gensokyo:Aya","floor":4,"turns":1},{"damage":0,"enemies":"Gensokyo:Cirno","floor":7,"turns":4},{"damage":34,"enemies":"Gensokyo:Mamizou","floor":10,"turns":11},{"damage":0,"enemies":"Gensokyo:3_Fairies","floor":14,"turns":4},{"damage":38,"enemies":"Gensokyo:Kokoro","floor":16,"turns":14}],"seed_played":"4705946598081431468","potions_obtained":[{"floor":1,"key":"ColorlessPotion"},{"floor":3,"key":"SneckoOil"},{"floor":10,"key":"Fire Potion"}],"is_trial":false,"path_per_floor":["M","?","M","?","T","R","E","R","T","E","$","R","?","M","R","B"],"character_chosen":"THE_SERVANT","items_purchased":[],"campfire_rested":0,"item_purchase_floors":[],"current_hp_per_floor":[59,53,53,53,53,53,53,53,53,19,19,19,19,19,19,0,0],"gold":162,"neow_bonus":"THREE_ENEMY_KILL","is_daily":false,"chose_seed":false,"campfire_upgraded":4,"win_rate":0.0,"timestamp":1614344439,"path_taken":["M","?","M","?","?","R","E","R","T","E","$","R","?","?","R","BOSS"],"items_purchased_type":[],"build_version":"2020-12-22","purchased_purges":1,"victory":false,"max_hp_per_floor":[65,65,65,65,65,65,65,65,65,65,65,65,65,65,65,65,65],"card_choices":[{"not_picked":["BestPractice","Revamp"],"picked":"Defy","floor":1},{"not_picked":["FastForward","Starlight","Orbit"],"picked":"SKIP","floor":3},{"not_picked":["ShatteredReality","Defy"],"picked":"Deny","floor":4},{"not_picked":["Orbit","Defy","ShatteredReality"],"picked":"SilverMatrix","floor":7},{"not_picked":["ShiftingGears","MoonPhase","Potential"],"picked":"Desolation","floor":10},{"not_picked":["ShatteredReality","WasteNot","Replace"],"picked":"Moondial","floor":14}],"player_experience":1631345,"relics_obtained":[{"floor":4,"key":"Bronze Scales"},{"floor":5,"key":"Question Card"},{"floor":7,"key":"Letter Opener"},{"floor":10,"key":"Kunai"}],"event_choices":[],"is_beta":false,"boss_relics":[],"items_purged_floors":[11],"is_endless":false,"potions_floor_spawned":[1,3,10],"killed_by":"Gensokyo:Kokoro","ascension_level":9}}