{"host":"6dypmz777xraikqf","time":1614366283,"event":{"mods":["AchievementEnabler","BaseMod","BetterRewards","Colored Map","Colored Powertips","Downfall","Highlight Path","Hubris","Infinite Spire","Minty Spire (QoL Compilation)","Replay The Spire","StSLib"],"gold_per_floor":[118,131,131,131,149,149,178,103,103,120,151,163,163,163,163,264,264,284,300,300,399,399,399,435,460,460,491,38,38,55,72,72,181,181,205,223,246,246,246],"floor_reached":38,"language":"ENG","playtime":1855,"items_purged":["Strike_P","Languid"],"score":601,"play_id":"b579c6b6-3208-4511-a17d-2638490e4619","local_time":"20210226190443","is_ascension_mode":true,"campfire_choices":[{"data":"BowlingBash","floor":6.0,"key":"SMITH"},{"data":"Eruption","floor":13.0,"key":"SMITH"},{"floor":15.0,"key":"REST"},{"data":"CutThroughFate","floor":23.0,"key":"SMITH"},{"floor":29.0,"key":"REST"},{"data":"LikeWater","floor":32.0,"key":"SMITH"}],"circlet_count":0,"master_deck":["Strike_P","Strike_P","Defend_P","Defend_P","Defend_P","Defend_P","Eruption+1","Vigilance","FollowUp+1","BowlingBash+1","JustLucky","Wallop","CutThroughFate+1","DeusExMachina","hubris:Greed","Crescendo+1","Halt+1","Study+1","EmptyFist+1","Consecrate","LikeWater+1","FlurryOfBlows","Replay:LoomingThreat","EmptyBody+1","LikeWater+1","Omniscience"],"relics":["Runic Pyramid","Blue Candle","Mummified Hand","Damaru","Replay:Ancient Bell","PreservedInsect","Gremlin Horn","FossilizedHelix","infinitespire:PuzzleCube","hubris:DeckOfHolding","hubris:CrystalStatue","ClockworkSouvenir","Regal Pillow","VioletLotus"],"acts_visited":["Exordium","TheCity","TheBeyond"],"potions_floor_usage":[38],"damage_taken":[{"damage":1.0,"enemies":"Small Slimes","floor":1.0,"turns":5.0},{"damage":2.0,"enemies":"Jaw Worm","floor":2.0,"turns":3.0},{"damage":0.0,"enemies":"2 Louse","floor":5.0,"turns":3.0},{"damage":12.0,"enemies":"Lagavulin","floor":7.0,"turns":3.0},{"damage":1.0,"enemies":"Red Slaver","floor":10.0,"turns":2.0},{"damage":10.0,"enemies":"Gremlin Nob","floor":11.0,"turns":3.0},{"damage":4.0,"enemies":"Large Slime","floor":12.0,"turns":4.0},{"damage":0.0,"enemies":"Slime Boss","floor":16.0,"turns":3.0},{"damage":35.0,"enemies":"Chosen","floor":18.0,"turns":5.0},{"damage":33.0,"enemies":"Shell Parasite","floor":19.0,"turns":4.0},{"damage":0.0,"enemies":"Gremlin Leader","floor":24.0,"turns":3.0},{"damage":17.0,"enemies":"Centurion and Healer","floor":25.0,"turns":4.0},{"damage":31.0,"enemies":"Slavers","floor":27.0,"turns":5.0},{"damage":0.0,"enemies":"Shelled Parasite and Fungi","floor":30.0,"turns":5.0},{"damage":0.0,"enemies":"Chosen and Byrds","floor":31.0,"turns":4.0},{"damage":4.0,"enemies":"Champ","floor":33.0,"turns":10.0},{"damage":6.0,"enemies":"Orb Walker","floor":35.0,"turns":4.0},{"damage":0.0,"enemies":"3 Shapes","floor":36.0,"turns":4.0},{"damage":8.0,"enemies":"Spire Growth","floor":37.0,"turns":5.0}],"seed_played":"-5680332379263381991","potions_obtained":[{"floor":5.0,"key":"FearPotion"},{"floor":7.0,"key":"Energy Potion"},{"floor":10.0,"key":"SpeedPotion"},{"floor":11.0,"key":"infinitespire:BlackPotion"},{"floor":14.0,"key":"StancePotion"},{"floor":24.0,"key":"SmokeBomb"},{"floor":31.0,"key":"SkillPotion"},{"floor":35.0,"key":"PowerPotion"},{"floor":36.0,"key":"StancePotion"}],"is_trial":false,"path_per_floor":["M","M","?","?","M","R","E","$","T","M","E","M","R","?","R","B",null,"M","M","?","?","?","R","E","M","T","E","$","R","M","M","R","B",null,"M","M","M","M"],"character_chosen":"WATCHER","items_purchased":["ClockworkSouvenir","Regal Pillow","Consecrate"],"campfire_rested":2,"item_purchase_floors":[28,28,28],"current_hp_per_floor":[71,69,69,62,62,62,50,50,50,49,39,35,35,35,56,56,72,37,4,4,4,72,72,72,55,55,24,24,60,60,60,60,56,72,66,66,58,58,58],"gold":246,"neow_bonus":"BOSS_RELIC","is_daily":false,"chose_seed":false,"campfire_upgraded":4,"win_rate":0.0,"timestamp":1614366283,"path_taken":["M","M","?","?","M","R","E","$","T","M","E","M","R","?","R","BOSS","M","M","?","?","?","R","E","?","T","E","$","R","M","M","R","BOSS","M","M","M","M"],"items_purchased_type":["Relic","Relic","Card"],"build_version":"2020-12-22","purchased_purges":2,"victory":false,"max_hp_per_floor":[72,72,72,72,72,72,72,72,72,72,72,72,72,72,72,72,72,72,72,72,72,72,72,72,72,72,72,72,72,72,72,72,72,72,72,72,72,72,72],"card_choices":[{"not_picked":["WaveOfTheHand","ClearTheMind"],"picked":"FollowUp","floor":1.0},{"not_picked":["Halt","CutThroughFate"],"picked":"BowlingBash","floor":2.0},{"not_picked":["EmptyMind","PathToVictory","FearNoEvil"],"picked":"SKIP","floor":5.0},{"not_picked":["LessonLearned","SandsOfTime","Replay:Hum"],"picked":"SKIP","floor":7.0},{"not_picked":["TalkToTheHand","ForeignInfluence"],"picked":"JustLucky","floor":10.0},{"not_picked":["Collect","EmptyFist"],"picked":"Wallop","floor":11.0},{"not_picked":["Replay:DivineShield","Study"],"picked":"CutThroughFate","floor":12.0},{"not_picked":["Wish","Blasphemy"],"picked":"DeusExMachina","floor":16.0},{"not_picked":["hubris:Compulsion","ReplayTheSpireMod:Doomed"],"picked":"hubris:Greed","floor":17.0},{"not_picked":["hubris:Disease","Hallucinations"],"picked":"Languid","floor":17.0},{"not_picked":["Regret","Doubt"],"picked":"Languid","floor":17.0},{"not_picked":["MentalFortress","Wish"],"picked":"Crescendo+1","floor":18.0},{"not_picked":["ThirdEye","Evaluate+1"],"picked":"Halt+1","floor":19.0},{"not_picked":["Evaluate","Protect"],"picked":"Study+1","floor":24.0},{"not_picked":["Collect","FlyingSleeves","Replay:AllIn"],"picked":"SKIP","floor":25.0},{"not_picked":["CutThroughFate","EmptyMind"],"picked":"EmptyFist+1","floor":27.0},{"not_picked":["Halt","Crescendo+1"],"picked":"LikeWater","floor":30.0},{"not_picked":["EmptyFist","LikeWater"],"picked":"FlurryOfBlows","floor":31.0},{"not_picked":["Replay:AllIn","Brilliance"],"picked":"Replay:LoomingThreat","floor":33.0},{"not_picked":["Halt","Consecrate+1"],"picked":"EmptyBody+1","floor":35.0},{"not_picked":["InnerPeace","FearNoEvil"],"picked":"LikeWater+1","floor":36.0},{"not_picked":["Replay:AtTheReady","Crescendo+1"],"picked":"Omniscience","floor":37.0}],"player_experience":295945,"relics_obtained":[{"floor":7.0,"key":"Blue Candle"},{"floor":9.0,"key":"Mummified Hand"},{"floor":11.0,"key":"Damaru"},{"floor":24.0,"key":"infinitespire:PuzzleCube"},{"floor":26.0,"key":"hubris:DeckOfHolding"},{"floor":27.0,"key":"hubris:CrystalStatue"}],"event_choices":[{"cards_removed":["Strike_P"],"damage_healed":0.0,"max_hp_gain":0.0,"max_hp_loss":0.0,"gold_gain":0.0,"event_name":"Golden Wing","player_choice":"Card Removal","floor":4.0,"gold_loss":0.0,"damage_taken":7.0},{"damage_healed":0.0,"max_hp_gain":0.0,"max_hp_loss":0.0,"gold_gain":0.0,"event_name":"Lab","player_choice":"Got Potions","floor":14.0,"gold_loss":0.0,"damage_taken":0.0},{"cards_removed":["Languid"],"damage_healed":0.0,"max_hp_gain":0.0,"max_hp_loss":0.0,"gold_gain":0.0,"event_name":"Back to Basics","player_choice":"Elegance","floor":20.0,"gold_loss":0.0,"damage_taken":0.0},{"damage_healed":0.0,"max_hp_gain":0.0,"max_hp_loss":0.0,"gold_gain":99.0,"event_name":"Nest","player_choice":"Stole From Cult","floor":21.0,"gold_loss":0.0,"damage_taken":0.0},{"damage_healed":68.0,"max_hp_gain":0.0,"max_hp_loss":0.0,"gold_gain":0.0,"event_name":"Wheel of Change","player_choice":"Full Heal","floor":22.0,"gold_loss":0.0,"damage_taken":0.0}],"is_beta":false,"boss_relics":[{"not_picked":["Honey Jar","SlaversCollar"],"picked":"Replay:Ancient Bell"},{"not_picked":["Vajra","infinitespire:Beetle Shell"],"picked":"PreservedInsect"},{"not_picked":["Replay:Bottled Eggs","hubris:DuctTape"],"picked":"Gremlin Horn"},{"not_picked":["infinitespire:Joker Card","Prayer Wheel"],"picked":"FossilizedHelix"},{"not_picked":["Coffee Dripper","Snecko Heart"],"picked":"VioletLotus"}],"items_purged_floors":[8,28],"is_endless":false,"potions_floor_spawned":[5,7,10,11,24,25,31,35,36],"killed_by":"3 Darklings","ascension_level":4}}