{"host":"dlqyscxstsnu98l1","time":1614325794,"event":{"mods":["AchievementEnabler","BaseMod","Colored Map","Colored Powertips","GifTheSpireLib","Highlight Path","Minty Spire (QoL Compilation)","Random Character Button","SacredBarkPlus","StSLib","everything is the same but u backflip on backflip"],"gold_per_floor":[112,129,145,164,177,203,203,203,203,203,203,203,203,231,231,334,334,344,45,45,45,62,90,90,90],"floor_reached":24,"language":"ENG","playtime":1341,"items_purged":[],"score":294,"play_id":"769e8464-302f-4bfa-9a29-3db77d91631f","local_time":"20210226014954","is_ascension_mode":true,"campfire_choices":[{"floor":7,"key":"REST"},{"floor":11,"key":"REST"},{"data":"Eruption","floor":13,"key":"SMITH"},{"data":"BattleHymn","floor":15,"key":"SMITH"}],"circlet_count":0,"master_deck":["Strike_P","Strike_P","Defend_P","Defend_P","Defend_P","Defend_P","Eruption+1","Vigilance","CutThroughFate","EmptyFist","FearNoEvil+1","Parasite","BattleHymn+1","LessonLearned","Protect+1","WindmillStrike","Wallop","EmptyFist+1"],"relics":["PureWater","Potion Belt","MealTicket","Gremlin Horn","Kunai","Snecko Eye","Ginger","Ancient Tea Set"],"acts_visited":["Exordium","TheCity"],"potions_floor_usage":[6,10,16,23,23],"damage_taken":[{"damage":0,"enemies":"Jaw Worm","floor":1,"turns":4},{"damage":11,"enemies":"Small Slimes","floor":2,"turns":2},{"damage":0,"enemies":"2 Louse","floor":3,"turns":1},{"damage":27,"enemies":"Large Slime","floor":4,"turns":5},{"damage":6,"enemies":"Exordium Thugs","floor":5,"turns":3},{"damage":17,"enemies":"Lagavulin","floor":6,"turns":4},{"damage":0,"enemies":"3 Louse","floor":10,"turns":1},{"damage":15,"enemies":"Gremlin Nob","floor":14,"turns":3},{"damage":22,"enemies":"The Guardian","floor":16,"turns":8},{"damage":32,"enemies":"Spheric Guardian","floor":18,"turns":5},{"damage":22,"enemies":"2 Thieves","floor":22,"turns":4},{"damage":31,"enemies":"Book of Stabbing","floor":23,"turns":7},{"damage":0,"enemies":"Snake Plant","floor":24,"turns":1}],"seed_played":"6836971109618031881","potions_obtained":[{"floor":4,"key":"LiquidMemories"},{"floor":5,"key":"BottledMiracle"},{"floor":6,"key":"SmokeBomb"},{"floor":18,"key":"Block Potion"},{"floor":22,"key":"Regen Potion"}],"is_trial":false,"path_per_floor":["M","M","M","M","M","E","R","?","T","M","R","?","R","E","R","B",null,"M","$","?","$","M","E","M"],"character_chosen":"WATCHER","items_purchased":["Ginger"],"campfire_rested":2,"item_purchase_floors":[19],"current_hp_per_floor":[65,54,54,27,21,4,25,25,25,25,46,64,64,49,49,27,61,29,44,44,59,37,20,20,20],"gold":90,"neow_bonus":"RANDOM_COMMON_RELIC","is_daily":false,"chose_seed":false,"campfire_upgraded":2,"win_rate":0.0,"timestamp":1614325794,"path_taken":["M","M","M","M","M","E","R","?","T","M","R","?","R","E","R","BOSS","M","$","?","$","M","E","M"],"items_purchased_type":["Relic"],"build_version":"2020-12-22","purchased_purges":0,"victory":false,"max_hp_per_floor":[72,72,72,72,72,72,72,72,72,72,72,72,72,72,72,72,72,72,72,72,72,72,72,72,72],"card_choices":[{"not_picked":["Crescendo","CrushJoints"],"picked":"CutThroughFate","floor":1},{"not_picked":["CutThroughFate","ReachHeaven","WindmillStrike"],"picked":"SKIP","floor":2},{"not_picked":["JustLucky","FlurryOfBlows","Meditate"],"picked":"SKIP","floor":3},{"not_picked":["Wireheading","Weave"],"picked":"EmptyFist","floor":4},{"not_picked":["WindmillStrike","EmptyBody"],"picked":"FearNoEvil","floor":5},{"not_picked":["EmptyBody","Meditate","Weave"],"picked":"SKIP","floor":6},{"not_picked":["Consecrate","Evaluate"],"picked":"BattleHymn","floor":14},{"not_picked":["DeusExMachina","Ragnarok"],"picked":"LessonLearned","floor":16},{"not_picked":["EmptyFist","PathToVictory"],"picked":"Protect+1","floor":18},{"not_picked":["Prostrate","PathToVictory"],"picked":"EmptyFist+1","floor":22},{"not_picked":["SandsOfTime","CutThroughFate","BowlingBash"],"picked":"SKIP","floor":23}],"player_experience":282049,"relics_obtained":[{"floor":6,"key":"MealTicket"},{"floor":9,"key":"Gremlin Horn"},{"floor":14,"key":"Kunai"},{"floor":23,"key":"Ancient Tea Set"}],"event_choices":[{"damage_healed":0,"gold_gain":0,"player_choice":"Ignored","damage_taken":0,"max_hp_gain":0,"max_hp_loss":0,"event_name":"Liars Game","floor":8,"gold_loss":0},{"damage_healed":18,"gold_gain":0,"player_choice":"Healed and dodged fight","damage_taken":0,"max_hp_gain":0,"max_hp_loss":0,"event_name":"Mushrooms","floor":12,"gold_loss":0,"cards_obtained":["Parasite"]},{"damage_healed":0,"gold_gain":0,"cards_transformed":["Strike_P","Strike_P"],"player_choice":"Became Test Subject","damage_taken":0,"max_hp_gain":0,"max_hp_loss":0,"event_name":"Drug Dealer","floor":20,"gold_loss":0,"cards_obtained":["WindmillStrike","Wallop"]}],"is_beta":false,"boss_relics":[{"not_picked":["Black Star","SacredBark"],"picked":"Snecko Eye"}],"items_purged_floors":[],"is_endless":false,"potions_floor_spawned":[4,5,6,10,18,22],"killed_by":"Snake Plant","ascension_level":6}}