{"host":"smvt3ad3q31g2j4m","time":1614373650,"event":{"mods":["BaseMod","Better Skull","Better Third Choice","Colored Map","Downfall","GifTheSpireLib","Minty Spire (QoL Compilation)","Replay The Spire","StSLib"],"gold_per_floor":[199,211,227,227,71,97,97,97,91,91,127,127,127,150,150,150,174,174,174,174],"floor_reached":18,"language":"ENG","playtime":841,"items_purged":["downfall:Aged"],"score":118,"play_id":"19857bc0-ac30-4125-9793-24a12d2a94b8","local_time":"20210226150730","is_ascension_mode":false,"campfire_choices":[{"data":"Guardian:TwinSlam","floor":1,"key":"SMITH"},{"data":"Guardian:BaubleBeam","floor":8,"key":"SMITH"},{"data":"Guardian:TimeCapacitor","floor":15,"key":"SMITH"}],"circlet_count":0,"master_deck":["Guardian:Strike_Guardian","Guardian:Strike_Guardian","Guardian:Strike_Guardian","Guardian:Defend_Guardian","Guardian:Defend_Guardian","Guardian:Defend_Guardian","Guardian:Defend_Guardian+1","Guardian:CurlUp","Guardian:TwinSlam+1","Guardian:Planning","Guardian:Planning","Guardian:BronzeOrb","Guardian:TimeCapacitor+1","Guardian:BaubleBeam+1","Guardian:Incinerate","Guardian:BronzeArmor"],"relics":["Guardian:ModeShifter","ReplayTheSpireMod:CursedCoin","Replay:Accelerometer","CeramicFish","Blue Candle","Blue Doll"],"acts_visited":["Exordium"],"potions_floor_usage":[],"damage_taken":[{"damage":10,"enemies":"Jaw Worm","floor":2,"turns":4},{"damage":0,"enemies":"Small Slimes","floor":3,"turns":3},{"damage":0,"enemies":"downfall:FleeingMerchant","floor":5,"turns":4},{"damage":17,"enemies":"Lagavulin","floor":6,"turns":8},{"damage":10,"enemies":"downfall:FleeingMerchant","floor":9,"turns":4},{"damage":13,"enemies":"Gremlin Nob","floor":11,"turns":5},{"damage":0,"enemies":"2 Louse","floor":14,"turns":2},{"damage":1,"enemies":"Blue Slaver","floor":17,"turns":4},{"damage":24,"enemies":"DF_ARCHETYPE_STREAMLINE","floor":18,"turns":8}],"seed_played":"-1971144852004268632","potions_obtained":[{"floor":3,"key":"sneckomod:MuddlingPotion"},{"floor":6,"key":"Ancient Potion"},{"floor":11,"key":"ColorlessPotion"},{"floor":14,"key":"Guardian:AcceleratePotion"}],"is_trial":false,"path_per_floor":["R","M","M","?","$","E","T","R","$","?","E","PTL","PTL","M","R","?","M","B"],"character_chosen":"GUARDIAN","items_purchased":["Guardian:TimeCapacitor","ReplayTheSpireMod:CursedCoin","Guardian:BaubleBeam"],"campfire_rested":0,"item_purchase_floors":[5,5,5],"current_hp_per_floor":[80,70,70,70,70,53,53,53,43,38,25,25,25,25,25,25,24,0,0,0],"gold":174,"neow_bonus":"HUNDRED_GOLD","is_daily":false,"chose_seed":false,"campfire_upgraded":3,"win_rate":0.0,"timestamp":1614373650,"path_taken":["R","M","M","?","$","E","T","R","$","?","E","PTL","PTL","M","R","?","M","BOSS"],"items_purchased_type":["Card","Relic","Card"],"build_version":"2020-12-22","purchased_purges":1,"victory":false,"max_hp_per_floor":[80,80,80,80,80,80,80,80,80,80,80,80,80,80,80,80,80,80,80,80],"card_choices":[{"not_picked":["Guardian:Reroute","Guardian:Gem_Green"],"picked":"Guardian:Planning","floor":2},{"not_picked":["Guardian:Gem_Cyan","Guardian:RefractedBeam"],"picked":"Guardian:Planning","floor":3},{"not_picked":["Guardian:Gem_Fragmented","Guardian:PiercingHide"],"picked":"Guardian:BronzeOrb","floor":5},{"not_picked":["Guardian:PrimingBeam","Guardian:PrismaticBarrier"],"picked":"Guardian:Incinerate","floor":6},{"not_picked":["Guardian:WalkerClaw","Guardian:TimeBomb"],"picked":"Guardian:Gem_Red","floor":9},{"not_picked":["Guardian:AncientConstruct","Guardian:DonusPower"],"picked":"Guardian:Gem_Green","floor":11},{"not_picked":["Guardian:VentSteam","Guardian:TemporalStrike"],"picked":"Guardian:Gem_White","floor":14},{"not_picked":["Guardian:PolyBeam","Guardian:Recover"],"picked":"Guardian:BronzeArmor","floor":17}],"player_experience":144411,"relics_obtained":[{"floor":6,"key":"Replay:Accelerometer"},{"floor":7,"key":"CeramicFish"},{"floor":11,"key":"Blue Doll"}],"event_choices":[{"cards_removed":["Guardian:Strike_Guardian"],"damage_healed":0,"gold_gain":0,"player_choice":"Card Removal","damage_taken":0,"max_hp_gain":0,"max_hp_loss":0,"event_name":"The Cleric","floor":16,"gold_loss":0}],"is_beta":false,"boss_relics":[],"items_purged_floors":[5],"is_endless":false,"potions_floor_spawned":[3,6,11,14],"killed_by":"DF_ARCHETYPE_STREAMLINE","ascension_level":0}}