{"host":"30jsp143e4v19aze","time":1614355203,"event":{"mods":["BaseMod","Colored Map","Colored Powertips","Curses Come First","DeckTracker","Highlight Path","Minty Spire (QoL Compilation)","Quick Restart","Relic Stats","StSLib","everything is the same but u backflip on backflip","slay the spire mod where everything is the same but ironclad has a cowboy hat"],"gold_per_floor":[110,122,135,135,49,80,93,124,151,186,206,216,227,260,260,331,331,342,542,156,175,189,216,216],"floor_reached":23,"language":"ENG","playtime":1154,"items_purged":["Strike_R"],"score":490,"play_id":"c2bbe925-34e8-4572-adab-846fd29c2f43","local_time":"20210226170003","is_ascension_mode":true,"campfire_choices":[{"data":"Inflame","floor":15,"key":"SMITH"}],"circlet_count":0,"master_deck":["AscendersBane","Strike_R+1","Strike_R+1","Strike_R","Strike_R","Defend_R","Defend_R","Defend_R","Defend_R","Bash","Bludgeon+1","Ghostly Armor","Carnage","Sword Boomerang","Inflame+1","Pummel","True Grit","Whirlwind","Sword Boomerang","Impervious","Metallicize","Intimidate"],"relics":["Burning Blood","Anchor","Bronze Scales","Whetstone","Lantern","PreservedInsect","Philosopher\u0027s Stone","Pear","Pen Nib"],"acts_visited":["Exordium","TheCity"],"potions_floor_usage":[6,11,14],"damage_taken":[{"damage":7,"enemies":"Jaw Worm","floor":1,"turns":2},{"damage":1,"enemies":"Cultist","floor":2,"turns":3},{"damage":0,"enemies":"Small Slimes","floor":3,"turns":2},{"damage":8,"enemies":"Gremlin Nob","floor":6,"turns":3},{"damage":4,"enemies":"Red Slaver","floor":7,"turns":2},{"damage":25,"enemies":"3 Sentries","floor":8,"turns":7},{"damage":8,"enemies":"Gremlin Nob","floor":10,"turns":3},{"damage":6,"enemies":"3 Louse","floor":11,"turns":3},{"damage":8,"enemies":"Blue Slaver","floor":12,"turns":3},{"damage":0,"enemies":"Looter","floor":13,"turns":2},{"damage":20,"enemies":"3 Sentries","floor":14,"turns":5},{"damage":41,"enemies":"The Guardian","floor":16,"turns":10},{"damage":12,"enemies":"Spheric Guardian","floor":18,"turns":3},{"damage":0,"enemies":"Chosen","floor":21,"turns":4},{"damage":35,"enemies":"3 Cultists","floor":22,"turns":5},{"damage":17,"enemies":"Slavers","floor":23,"turns":5}],"seed_played":"-4888589126030865558","potions_obtained":[{"floor":1,"key":"Fruit Juice"},{"floor":3,"key":"BloodPotion"},{"floor":6,"key":"DistilledChaos"},{"floor":11,"key":"EssenceOfSteel"},{"floor":14,"key":"DuplicationPotion"},{"floor":16,"key":"CultistPotion"}],"is_trial":false,"path_per_floor":["M","M","M","?","$","E","M","E","T","E","M","M","M","E","R","B",null,"M","?","$","M","M","E"],"character_chosen":"IRONCLAD","items_purchased":["Inflame","Metallicize","Pear"],"campfire_rested":0,"item_purchase_floors":[5,20,20],"current_hp_per_floor":[67,68,68,68,68,71,73,54,54,52,66,64,70,56,56,21,60,54,54,64,70,41,30,30],"gold":216,"neow_bonus":"THREE_RARE_CARDS","is_daily":false,"chose_seed":false,"campfire_upgraded":1,"win_rate":0.0,"timestamp":1614355203,"path_taken":["M","M","M","?","$","E","M","E","T","E","?","M","M","E","R","BOSS","M","?","$","M","?","E"],"items_purchased_type":["Card","Card","Relic"],"build_version":"2020-12-22","purchased_purges":1,"victory":false,"max_hp_per_floor":[68,68,68,68,68,73,73,73,73,73,73,73,73,73,73,73,73,73,73,83,83,83,83,83],"relic_stats":{"counters":[16,62],"Bronze Scales":[116],"PreservedInsect":41,"Pen Nib":[0],"Whetstone":["Strike_R","Strike_R"],"obtain_stats":[{"Anchor":6,"Lantern":10,"Pear":20,"Bronze Scales":8,"Philosopher\u0027s Stone":17,"PreservedInsect":14,"Pen Nib":23,"Whetstone":9,"Burning Blood":0},{"Anchor":4,"Lantern":7,"Pear":13,"Bronze Scales":6,"Philosopher\u0027s Stone":12,"PreservedInsect":11,"Pen Nib":16,"Whetstone":6,"Burning Blood":0},{"Anchor":10,"Lantern":22,"Pear":48,"Bronze Scales":19,"Philosopher\u0027s Stone":45,"PreservedInsect":35,"Pen Nib":62,"Whetstone":19,"Burning Blood":0}],"Burning Blood":86},"card_choices":[{"not_picked":["Exhume","Fiend Fire"],"picked":"Bludgeon","floor":0},{"not_picked":["Hemokinesis","Heavy Blade"],"picked":"Ghostly Armor","floor":1},{"not_picked":["True Grit","Clothesline"],"picked":"Carnage","floor":2},{"not_picked":["Body Slam","Heavy Blade"],"picked":"Sword Boomerang","floor":3},{"not_picked":["Clash","Shrug It Off"],"picked":"Pummel","floor":6},{"not_picked":["Pommel Strike","Rupture"],"picked":"True Grit","floor":7},{"not_picked":["Dark Embrace","Body Slam","Fiend Fire"],"picked":"SKIP","floor":8},{"not_picked":["Rage","Combust","Clothesline"],"picked":"SKIP","floor":10},{"not_picked":["Clothesline","Second Wind","Havoc"],"picked":"SKIP","floor":11},{"not_picked":["Iron Wave","Headbutt","Warcry"],"picked":"SKIP","floor":12},{"not_picked":["Sword Boomerang","Shrug It Off"],"picked":"Whirlwind","floor":13},{"not_picked":["Dropkick","Evolve"],"picked":"Sword Boomerang","floor":14},{"not_picked":["Double Tap","Immolate"],"picked":"Impervious","floor":16},{"not_picked":["Clash","Wild Strike","Perfected Strike"],"picked":"SKIP","floor":18},{"not_picked":["Sentinel","Wild Strike","Clothesline+1"],"picked":"SKIP","floor":21},{"not_picked":["Feel No Pain","Body Slam"],"picked":"Intimidate","floor":22}],"player_experience":3306633,"relics_obtained":[{"floor":6,"key":"Anchor"},{"floor":8,"key":"Bronze Scales"},{"floor":9,"key":"Whetstone"},{"floor":10,"key":"Lantern"},{"floor":14,"key":"PreservedInsect"},{"floor":23,"key":"Pen Nib"}],"event_choices":[{"damage_healed":0,"gold_gain":0,"player_choice":"Upgraded","damage_taken":0,"max_hp_gain":0,"max_hp_loss":0,"event_name":"Upgrade Shrine","floor":4,"gold_loss":0,"cards_upgraded":["Bludgeon"]},{"damage_healed":0,"gold_gain":250,"player_choice":"Bet on Owner","damage_taken":0,"max_hp_gain":0,"max_hp_loss":0,"event_name":"The Joust","floor":19,"gold_loss":50}],"is_beta":false,"boss_relics":[{"not_picked":["Astrolabe","Mark of Pain"],"picked":"Philosopher\u0027s Stone"}],"items_purged_floors":[20],"is_endless":false,"potions_floor_spawned":[1,3,6,11,14,16,21],"killed_by":"Slavers","ascension_level":20}}