{"host":"x1qj4d8ympd5jdqh","time":1614351882,"event":{"mods":["AchievementEnabler","AlwaysNeverKeys","BaseMod","Colored Map","Custom Start","DeckTracker","Highlight Path","Minty Spire (QoL Compilation)","StSLib","SuperFastMode"],"gold_per_floor":[109,122,138,138,138,169,8,23,68,68,99,19,45,57,57,136,136,151,164,176,194,244,244,276,276,276,293,293,218,247,264,264,341,341,356,381,400,300,312,347,360,378,452,42,42,62,62,62,62],"floor_reached":48,"language":"KOR","playtime":1469,"items_purged":["Strike_R","Strike_R","Strike_R"],"score":1198,"play_id":"d9ce8015-2810-4248-98cf-3188869b8998","local_time":"20210227000442","is_ascension_mode":true,"campfire_choices":[{"data":"Whirlwind","floor":10.0,"key":"SMITH"},{"data":"Evolve","floor":15.0,"key":"SMITH"},{"data":"Fiend Fire","floor":23,"key":"SMITH"},{"data":"1","floor":25,"key":"LIFT"},{"data":"2","floor":32,"key":"LIFT"},{"data":"3","floor":47,"key":"LIFT"}],"circlet_count":0,"master_deck":["AscendersBane","Defend_R","Defend_R","Defend_R","Defend_R","Bash+1","Anger","Pommel Strike+1","Battle Trance+1","Whirlwind+1","Bloodletting","Fire Breathing","Evolve+1","Fiend Fire+1","Feel No Pain","Shrug It Off","Armaments+1","Inflame","Reaper","Blood for Blood+1"],"relics":["Burning Blood","MealTicket","Meat on the Bone","Akabeko","Centennial Puzzle","White Beast Statue","SlaversCollar","Girya","Lizard Tail","Bronze Scales","Mark of Pain","Magic Flower","Ginger","Question Card","Sundial"],"acts_visited":["Exordium","TheCity","TheBeyond"],"potions_floor_usage":[30,33,33,37],"damage_taken":[{"damage":2.0,"enemies":"Cultist","floor":1.0,"turns":4.0},{"damage":7.0,"enemies":"Small Slimes","floor":2.0,"turns":3.0},{"damage":4.0,"enemies":"Jaw Worm","floor":3.0,"turns":3.0},{"damage":15.0,"enemies":"Lagavulin","floor":6.0,"turns":7.0},{"damage":0.0,"enemies":"Gremlin Gang","floor":8.0,"turns":1.0},{"damage":5.0,"enemies":"3 Sentries","floor":11.0,"turns":2.0},{"damage":23.0,"enemies":"Lagavulin","floor":13.0,"turns":3.0},{"damage":3.0,"enemies":"Lots of Slimes","floor":14.0,"turns":2.0},{"damage":6.0,"enemies":"Slime Boss","floor":16.0,"turns":3.0},{"damage":0,"enemies":"Shell Parasite","floor":18,"turns":1},{"damage":3,"enemies":"Chosen","floor":19,"turns":2},{"damage":0,"enemies":"3 Cultists","floor":20,"turns":2},{"damage":16,"enemies":"Snecko","floor":21,"turns":3},{"damage":0,"enemies":"Slavers","floor":24,"turns":1},{"damage":14,"enemies":"Snake Plant","floor":27,"turns":2},{"damage":14,"enemies":"Book of Stabbing","floor":30,"turns":3},{"damage":3,"enemies":"3 Cultists","floor":31,"turns":2},{"damage":53,"enemies":"Automaton","floor":33,"turns":8},{"damage":6,"enemies":"Orb Walker","floor":35,"turns":2},{"damage":3,"enemies":"Mind Bloom Boss Battle","floor":36,"turns":3},{"damage":67,"enemies":"3 Shapes","floor":37,"turns":4},{"damage":67,"enemies":"Writhing Mass","floor":39,"turns":7},{"damage":59,"enemies":"Nemesis","floor":40,"turns":5},{"damage":52,"enemies":"4 Shapes","floor":41,"turns":3},{"damage":3,"enemies":"Jaw Worm Horde","floor":42,"turns":1},{"damage":19,"enemies":"3 Darklings","floor":46,"turns":5},{"damage":19,"enemies":"Transient","floor":48,"turns":4}],"seed_played":"439470874795622588","potions_obtained":[{"floor":3.0,"key":"Explosive Potion"},{"floor":6.0,"key":"ElixirPotion"},{"floor":11.0,"key":"SmokeBomb"},{"floor":14.0,"key":"FearPotion"},{"floor":16.0,"key":"SpeedPotion"},{"floor":18,"key":"DistilledChaos"},{"floor":30,"key":"BlessingOfTheForge"},{"floor":31,"key":"Strength Potion"},{"floor":33,"key":"LiquidMemories"},{"floor":35,"key":"SpeedPotion"},{"floor":36,"key":"Ancient Potion"},{"floor":37,"key":"LiquidBronze"}],"is_trial":false,"path_per_floor":["M","M","M","?","?","E","$","M","T","R","E","$","E","M","R","B",null,"M","M","M","M","?","R","E","R","T","M","?","$","E","M","R","B",null,"M","?","M","$","M","E","M","M","T","$","?","M","R","M"],"character_chosen":"IRONCLAD","items_purchased":["Whirlwind","Bloodletting","Evolve","Sundial"],"campfire_rested":0,"item_purchase_floors":[7,7,12,44],"current_hp_per_floor":[72,71,73,50,43,34,49,55,55,55,56,71,54,57,57,57,71,75,75,75,65,65,65,71,71,71,63,63,75,67,70,70,35,65,65,68,55,70,44,65,40,69,69,75,75,75,75,56,56],"gold":62,"neow_bonus":"RANDOM_COMMON_RELIC","is_daily":false,"chose_seed":false,"campfire_upgraded":3,"win_rate":0.0,"timestamp":1614351882,"path_taken":["M","M","M","?","?","E","$","M","T","R","E","?","E","M","R","BOSS","M","?","?","M","?","R","E","R","T","M","?","$","E","?","R","BOSS","M","?","M","$","M","E","M","M","T","$","?","M","R","?"],"items_purchased_type":["Card","Card","Card","Relic"],"build_version":"2020-12-22","purchased_purges":3,"victory":false,"max_hp_per_floor":[75,75,75,75,75,75,75,75,75,75,75,75,75,75,75,75,75,75,75,75,75,75,75,75,75,75,75,75,75,75,75,75,75,75,75,75,75,75,75,75,75,75,75,75,75,75,75,75,75],"card_choices":[{"not_picked":["Cleave","Shrug It Off"],"picked":"Anger","floor":1.0},{"not_picked":["Shrug It Off","Warcry"],"picked":"Pommel Strike","floor":2.0},{"not_picked":["Impervious","Bloodletting"],"picked":"Battle Trance","floor":3.0},{"not_picked":["Spot Weakness","Juggernaut","Double Tap"],"picked":"SKIP","floor":6.0},{"not_picked":["Anger","Iron Wave","Wild Strike"],"picked":"SKIP","floor":8.0},{"not_picked":["Ghostly Armor","Iron Wave"],"picked":"Fire Breathing","floor":11.0},{"not_picked":["Fiend Fire","Entrench","Clash"],"picked":"SKIP","floor":13.0},{"not_picked":["Perfected Strike","Flame Barrier","Anger"],"picked":"SKIP","floor":14.0},{"not_picked":["Berserk","Brutality"],"picked":"Fiend Fire","floor":16.0},{"not_picked":["Blood for Blood","Anger","Headbutt"],"picked":"SKIP","floor":18},{"not_picked":["Thunderclap","Perfected Strike+1"],"picked":"Feel No Pain","floor":19},{"not_picked":["Whirlwind","Pommel Strike","Fiend Fire"],"picked":"SKIP","floor":20},{"not_picked":["Headbutt","Rupture"],"picked":"Shrug It Off","floor":21},{"not_picked":["Fiend Fire","Dual Wield"],"picked":"Armaments+1","floor":24},{"not_picked":["Anger+1","Flex","Clothesline"],"picked":"SKIP","floor":27},{"not_picked":["Anger+1","Flex","Clothesline"],"picked":"SKIP","floor":27},{"not_picked":["Iron Wave","Rupture"],"picked":"Inflame","floor":30},{"not_picked":["Ghostly Armor","Sword Boomerang","Warcry"],"picked":"SKIP","floor":31},{"not_picked":["Ghostly Armor","Sword Boomerang","Warcry"],"picked":"SKIP","floor":31},{"not_picked":["Limit Break","Fiend Fire"],"picked":"Reaper","floor":33},{"not_picked":["Combust","Clash","Headbutt+1"],"picked":"SKIP","floor":35},{"not_picked":["Havoc","Carnage","Clothesline"],"picked":"SKIP","floor":37},{"not_picked":["Twin Strike+1","Pommel Strike+1","Hemokinesis"],"picked":"SKIP","floor":39},{"not_picked":["Cleave","Bloodletting+1","Fire Breathing+1"],"picked":"SKIP","floor":40},{"not_picked":["Warcry","Headbutt"],"picked":"Blood for Blood+1","floor":41},{"not_picked":["Rampage","Pommel Strike","Hemokinesis+1"],"picked":"SKIP","floor":42},{"not_picked":["Exhume","Anger+1","Sword Boomerang+1","Flame Barrier"],"picked":"SKIP","floor":46}],"player_experience":1338995,"relics_obtained":[{"floor":6.0,"key":"Meat on the Bone"},{"floor":9.0,"key":"Akabeko"},{"floor":11.0,"key":"Centennial Puzzle"},{"floor":13.0,"key":"White Beast Statue"},{"floor":24,"key":"Girya"},{"floor":26,"key":"Lizard Tail"},{"floor":30,"key":"Bronze Scales"},{"floor":36,"key":"Magic Flower"},{"floor":40,"key":"Ginger"},{"floor":43,"key":"Question Card"}],"event_choices":[{"damage_healed":0.0,"max_hp_gain":0.0,"max_hp_loss":0.0,"gold_gain":0.0,"event_name":"Shining Light","player_choice":"Entered Light","floor":4.0,"gold_loss":0.0,"damage_taken":23.0,"cards_upgraded":["Bash","Battle Trance"]},{"cards_removed":["Strike_R"],"damage_healed":0.0,"max_hp_gain":0.0,"max_hp_loss":0.0,"gold_gain":0.0,"event_name":"Golden Wing","player_choice":"Card Removal","floor":5.0,"gold_loss":0.0,"damage_taken":7.0},{"damage_healed":0,"gold_gain":50,"player_choice":"Stole From Cult","damage_taken":0,"max_hp_gain":0,"max_hp_loss":0,"event_name":"Nest","floor":22,"gold_loss":0},{"cards_removed":["Strike_R"],"damage_healed":0,"gold_gain":0,"player_choice":"Offered Basic","damage_taken":0,"max_hp_gain":0,"max_hp_loss":0,"event_name":"Bonfire Elementals","floor":28,"gold_loss":0},{"damage_healed":0,"gold_gain":0,"player_choice":"Fight","damage_taken":0,"max_hp_gain":0,"max_hp_loss":0,"event_name":"MindBloom","floor":36,"gold_loss":0},{"damage_healed":0,"gold_gain":0,"player_choice":"Upgraded","damage_taken":0,"max_hp_gain":0,"max_hp_loss":0,"event_name":"Upgrade Shrine","floor":45,"gold_loss":0,"cards_upgraded":["Pommel Strike"]}],"is_beta":false,"boss_relics":[{"not_picked":["Sozu","Fusion Hammer"],"picked":"SlaversCollar"},{"not_picked":["Runic Dome","Black Blood"],"picked":"Mark of Pain"}],"items_purged_floors":[29,38,44],"is_endless":false,"potions_floor_spawned":[3,6,11,13,14,16,18,19,20,21,24,27,30,31,33,35,36,37,39,40,41,42,46],"killed_by":"Transient","ascension_level":20}}