{"host":"sncdgiue1dtzeg79","time":1614336102,"event":{"mods":["Aspiration","BaseMod","Beaked The Cultist","ChefMod","Colored Powertips","Hubris","Jorbs\u0027s Wanderer Trilogy","Minty Spire (QoL Compilation)","Reliquary","Shade Mod","StSLib","The Bladedancer","The Cursed","The Forsaken","The Hierophant","The Marked","The Necromancer","The Runesmith","The Wild Card","Weighted Paths"],"gold_per_floor":[119,194,204,215,215,215,215,215,260,285,295,295,310,76,76,184,184,204,204,214,230,249,249,276,286,313,313,313,353,17,54,54,165,165,178,196,208,208,226,226,226,241,241,241,134,144,164,178,178,178],"floor_reached":51,"language":"ENG","playtime":2605,"items_purged":["Pain"],"score":864,"play_id":"72a35592-49de-49a4-b99b-19d8fdc9a679","local_time":"20210226114142","daily_mods":["Draft","Vintage","Heirloom","Flight"],"is_ascension_mode":false,"campfire_choices":[{"data":"Shade:AuraOfUnlife","floor":6,"key":"SMITH"},{"data":"Shade:OpenGraves","floor":8,"key":"SMITH"},{"data":"Shade:LichForm","floor":12,"key":"SMITH"},{"data":"Shade:Carnophage","floor":15,"key":"SMITH"},{"data":"Shade:SensePrey","floor":23,"key":"SMITH"},{"data":"Shade:GreaterAnimation","floor":27,"key":"SMITH"},{"data":"Shade:PotionOfRestlessness","floor":32,"key":"SMITH"},{"data":"Shade:OminousRitual","floor":40,"key":"SMITH"},{"data":"Shade:CommandSoldier","floor":44,"key":"SMITH"},{"data":"Shade:CallOfTheGrave","floor":49,"key":"SMITH"}],"circlet_count":0,"master_deck":["Shade:LichForm+1","Shade:CommandSoldier+1","Shade:OpenGraves+1","Shade:Premonition","Shade:FleshToFlesh","Shade:FleshToFlesh","Shade:WallOfFlesh","Shade:ExtraLimbs","Shade:SensePrey+1","Shade:Bonestorm","Shade:AuraOfUnlife+1","Shade:PotionOfRestlessness+1","Shade:AblativeArmor","Shade:FleshToFlesh","Shade:Trample","Shade:Carnophage+1","Shade:Coordination","Shade:AnimateDead+1","hubris:Ssssneak+1","Shade:GreaterAnimation+1","Shade:FuneraryArmor+1","Shade:RitualOffering+1","Shade:PotionOfRestlessness+1","Shade:GoDigging+1","Shade:OminousRitual+1","Madness+1","Madness+1","Shade:CallOfTheGrave+1","Shade:GraveStillness+1"],"relics":["Shade:YorickSkull","Bird Faced Urn","Meat on the Bone","Blood Vial","hubris:ToyBattleship","WarpedTongs","theForsaken:Lifeblossom","CeramicFish","Shuriken","Toxic Egg 2","Busted Crown","Oddly Smooth Stone","Smiling Mask","Bag of Preparation","TungstenRod","Juzu Bracelet","reliquary:Boomerang","Nunchaku","Kunai","reliquary:SilkGlove","Sozu","hubris:MysteriousPyramids","reliquary:Aerogel","Centennial Puzzle","Incense Burner","Sundial","Potion Belt","reliquary:Knoch","aspiration:ChemicalBlood"],"acts_visited":["Exordium","TheCity","TheBeyond"],"potions_floor_usage":[10,16,31,33,50,50],"damage_taken":[{"damage":11,"enemies":"2 Louse","floor":1,"turns":3},{"damage":0,"enemies":"Jaw Worm","floor":3,"turns":3},{"damage":0,"enemies":"Small Slimes","floor":4,"turns":3},{"damage":6,"enemies":"3 Sentries","floor":10,"turns":6},{"damage":12,"enemies":"Exordium Thugs","floor":11,"turns":4},{"damage":9,"enemies":"Looter","floor":13,"turns":3},{"damage":12,"enemies":"Hexaghost","floor":16,"turns":5},{"damage":0,"enemies":"Shell Parasite","floor":18,"turns":4},{"damage":0,"enemies":"Spheric Guardian","floor":20,"turns":4},{"damage":1,"enemies":"Snake Plant","floor":21,"turns":5},{"damage":0,"enemies":"3 Cultists","floor":22,"turns":3},{"damage":0,"enemies":"Snecko","floor":25,"turns":5},{"damage":0,"enemies":"Gremlin Leader","floor":29,"turns":4},{"damage":5,"enemies":"Slavers","floor":31,"turns":4},{"damage":0,"enemies":"Collector","floor":33,"turns":7},{"damage":0,"enemies":"Orb Walker","floor":35,"turns":3},{"damage":0,"enemies":"3 Shapes","floor":36,"turns":4},{"damage":0,"enemies":"Jaw Worm Horde","floor":37,"turns":4},{"damage":0,"enemies":"Sphere and 2 Shapes","floor":42,"turns":3},{"damage":0,"enemies":"Spire Growth","floor":46,"turns":4},{"damage":0,"enemies":"4 Shapes","floor":47,"turns":3},{"damage":0,"enemies":"Maw","floor":48,"turns":6},{"damage":10,"enemies":"Time Eater","floor":50,"turns":8}],"seed_played":"-1571976975786912893","potions_obtained":[{"floor":3,"key":"Weak Potion"},{"floor":4,"key":"PowerPotion"},{"floor":16,"key":"BlessingOfTheForge"},{"floor":25,"key":"Energy Potion"},{"floor":31,"key":"Explosive Potion"}],"is_trial":true,"path_per_floor":["M","?","M","M","?","R","?","R","T","E","M","R","M","$","R","B",null,"M","?","M","M","M","R","?","M","T","R","?","E","$","E","R","B",null,"M","M","M","?","?","R","?","M","T","R","$","M","M","M","R","B",null],"character_chosen":"SHADE","items_purchased":["Shade:Carnophage","Dexterity Potion","Ancient Potion","Kunai","Shade:RitualOffering+1","Shade:PotionOfRestlessness","Shade:CallOfTheGrave","Shade:GraveStillness+1"],"campfire_rested":0,"item_purchase_floors":[14,14,14,30,30,30,45,45],"current_hp_per_floor":[58,47,55,65,65,65,65,65,65,62,62,62,65,65,65,58,65,65,65,65,65,65,65,65,65,65,65,65,65,65,65,65,65,65,65,65,65,65,58,58,58,65,65,65,65,65,65,65,65,65],"gold":178,"neow_bonus":"","is_daily":false,"chose_seed":false,"campfire_upgraded":10,"win_rate":0.0,"timestamp":1614336102,"path_taken":["M","?","M","M","?","R","?","R","T","E","M","R","?","$","R","BOSS","M","?","M","?","M","R","?","M","T","R","?","E","$","E","R","BOSS","M","M","M","?","?","R","?","M","T","R","$","M","M","M","R","BOSS"],"items_purchased_type":["Card","Potion","Potion","Relic","Card","Card","Card","Card"],"build_version":"2020-12-22","purchased_purges":1,"victory":true,"max_hp_per_floor":[65,65,65,65,65,65,65,65,65,65,65,65,65,65,65,65,65,65,65,65,65,65,65,65,65,65,65,65,65,65,65,65,65,65,65,65,65,65,65,65,65,65,65,65,65,65,65,65,65,65],"card_choices":[{"not_picked":["Shade:PoundOfFlesh","Shade:PotionOfRestlessness"],"picked":"Shade:CommandSoldier","floor":0},{"not_picked":["Shade:CommandSoldier","Shade:Excise"],"picked":"Shade:OpenGraves","floor":0},{"not_picked":["Shade:CommandSoldier","Shade:StitchTogether"],"picked":"Shade:Premonition","floor":0},{"not_picked":["Shade:BoneShards","Shade:Trample"],"picked":"Shade:FleshToFlesh","floor":0},{"not_picked":["Shade:CoffinDance","Shade:Haruspicy"],"picked":"Shade:FleshToFlesh","floor":0},{"not_picked":["Shade:FleshOffering","Shade:CloudOfShrapnel"],"picked":"Shade:WallOfFlesh","floor":0},{"not_picked":["Shade:Premonition","Shade:BoneShards"],"picked":"Shade:Asphyxiate","floor":0},{"not_picked":["Shade:SoulToxin","Shade:Awaken"],"picked":"Shade:ExtraLimbs","floor":0},{"not_picked":["Shade:GreyBargain","Shade:SkeletonHug"],"picked":"Shade:SensePrey","floor":0},{"not_picked":["Shade:PressTheAttack","Shade:CommandSoldier"],"picked":"Shade:Bonestorm","floor":0},{"not_picked":["Shade:BoneShards","Shade:SkeletonHug"],"picked":"Shade:AuraOfUnlife","floor":0},{"not_picked":["Shade:ScuttlingHand","Shade:BoneShards"],"picked":"Shade:PotionOfRestlessness","floor":0},{"not_picked":["Shade:GoDigging","Shade:CoffinDance"],"picked":"Shade:AblativeArmor","floor":0},{"not_picked":["Shade:BoneShards","Shade:LyeBath"],"picked":"Shade:FleshToFlesh","floor":0},{"not_picked":["Shade:CoffinDance","Shade:ClawBack"],"picked":"Shade:Trample","floor":0},{"not_picked":["Shade:OneIsEnough","Shade:SkeletonArmy","Shade:LyeBath"],"picked":"SKIP","floor":10},{"not_picked":["Shade:OminousRitual","Shade:SoulPierce"],"picked":"Shade:Coordination","floor":16},{"not_picked":[],"picked":"Shade:FuneraryArmor+1","floor":29},{"not_picked":[],"picked":"Shade:GoDigging+1","floor":31},{"not_picked":[],"picked":"Shade:OminousRitual","floor":33}],"player_experience":555408,"relics_obtained":[{"floor":1,"key":"Meat on the Bone"},{"floor":3,"key":"Blood Vial"},{"floor":4,"key":"hubris:ToyBattleship"},{"floor":9,"key":"theForsaken:Lifeblossom"},{"floor":10,"key":"CeramicFish"},{"floor":11,"key":"Shuriken"},{"floor":13,"key":"Toxic Egg 2"},{"floor":18,"key":"Oddly Smooth Stone"},{"floor":20,"key":"Smiling Mask"},{"floor":21,"key":"Bag of Preparation"},{"floor":22,"key":"TungstenRod"},{"floor":25,"key":"Juzu Bracelet"},{"floor":26,"key":"reliquary:Boomerang"},{"floor":29,"key":"Nunchaku"},{"floor":31,"key":"reliquary:SilkGlove"},{"floor":35,"key":"hubris:MysteriousPyramids"},{"floor":36,"key":"reliquary:Aerogel"},{"floor":37,"key":"Centennial Puzzle"},{"floor":42,"key":"Incense Burner"},{"floor":43,"key":"Sundial"},{"floor":46,"key":"Potion Belt"},{"floor":47,"key":"reliquary:Knoch"},{"floor":48,"key":"aspiration:ChemicalBlood"}],"event_choices":[{"damage_healed":0,"gold_gain":75,"player_choice":"Gather Gold","damage_taken":11,"max_hp_gain":0,"max_hp_loss":0,"event_name":"World of Goop","floor":2,"gold_loss":0},{"damage_healed":0,"gold_gain":0,"player_choice":"Rummage","damage_taken":0,"relics_obtained":["WarpedTongs"],"max_hp_gain":0,"max_hp_loss":0,"event_name":"Accursed Blacksmith","floor":7,"gold_loss":0,"cards_obtained":["Pain"]},{"cards_removed":["Shade:Asphyxiate"],"damage_healed":0,"gold_gain":0,"player_choice":"Offered Uncommon","damage_taken":0,"max_hp_gain":0,"max_hp_loss":0,"event_name":"Bonfire Elementals","floor":19,"gold_loss":0},{"damage_healed":0,"gold_gain":0,"player_choice":"3 cards matched","damage_taken":0,"max_hp_gain":0,"max_hp_loss":0,"event_name":"Match and Keep!","floor":24,"gold_loss":0,"cards_obtained":["Shade:AnimateDead","hubris:Ssssneak","Shade:GreaterAnimation"]},{"damage_healed":0,"gold_gain":0,"player_choice":"Ignored","damage_taken":0,"max_hp_gain":0,"max_hp_loss":0,"event_name":"SecretPortal","floor":38,"gold_loss":0},{"damage_healed":0,"gold_gain":0,"player_choice":"Embrace Madness","damage_taken":8,"max_hp_gain":0,"max_hp_loss":0,"event_name":"Winding Halls","floor":39,"gold_loss":0,"cards_obtained":["Madness","Madness"]},{"damage_healed":0,"gold_gain":0,"player_choice":"Ignored","damage_taken":0,"max_hp_gain":0,"max_hp_loss":0,"event_name":"Tomb of Lord Red Mask","floor":41,"gold_loss":0}],"is_beta":false,"boss_relics":[{"not_picked":["Empty Cage","aspiration:SecretTechniqueScroll"],"picked":"Busted Crown"},{"not_picked":["Velvet Choker","aspiration:PoetsPen_weak"],"picked":"Sozu"}],"items_purged_floors":[14],"is_endless":false,"potions_floor_spawned":[3,4,16,20,25,29,31,36,37,42,48],"ascension_level":0}}