{"host":"gk5m6v7zec9neb0j","time":1614331507,"event":{"mods":["AchievementEnabler","AlwaysNeverKeys","BaseMod","BetterRewards","Block Reminder","Minty Spire (QoL Compilation)","RNG Fix","Rare Cards Sparkle","Relic Stats","StSLib"],"gold_per_floor":[116,16,16,16,29,54,69,87,87,121,133,153,153,186,186,290,340,360,360,21,39,39,65,65,79,106,122,157,175,175,90,90,186,186,203,203,216,229,229,229,259,272,299,312,312,158,172,182,182,182,182],"floor_reached":50,"language":"ENG","playtime":1918,"items_purged":["Strike_G","Strike_G","Strike_G"],"score":736,"play_id":"0a8b674f-8d24-45d1-855b-b4335e70d56d","local_time":"20210226042507","is_ascension_mode":false,"campfire_choices":[{"data":"Limit Break","floor":13.0,"key":"SMITH"},{"floor":15.0,"key":"REST"},{"data":"Study","floor":24.0,"key":"SMITH"},{"data":"Heavy Blade","floor":30.0,"key":"SMITH"},{"data":"Fusion","floor":32.0,"key":"SMITH"},{"data":"Judgement","floor":40.0,"key":"SMITH"},{"floor":45,"key":"REST"},{"floor":49,"key":"REST"}],"circlet_count":0,"master_deck":["Strike_G+1","Defend_G","Defend_G","Defend_G+1","Defend_G","Defend_G","Survivor","Neutralize+1","Judgement+1","Consecrate+1","Dramatic Entrance+1","Spot Weakness+1","Study+1","FlyingSleeves","Limit Break+1","Hyperbeam","Backstab","ThirdEye","Heavy Blade+1","Conserve Battery+1","Fusion+1","Headbutt+1","Shrug It Off+1","Flash of Steel+1","Warcry","Footwork","Outmaneuver","Double Energy","Vault","Wireheading","Leap+1"],"relics":["Ring of the Snake","Ninja Scroll","Prayer Wheel","PrismaticShard","Bag of Preparation","Vajra","Bottled Lightning","FossilizedHelix","Omamori","Tiny House","White Beast Statue","Torii","Orichalcum","Pear","StrikeDummy","Calling Bell","Smiling Mask","Darkstone Periapt","Turnip","Incense Burner","Whetstone"],"acts_visited":["Exordium","TheCity","TheBeyond"],"potions_floor_usage":[48,50,50],"damage_taken":[{"damage":0.0,"enemies":"Small Slimes","floor":1.0,"turns":5.0},{"damage":0.0,"enemies":"Jaw Worm","floor":5.0,"turns":2.0},{"damage":6.0,"enemies":"Lagavulin","floor":6.0,"turns":7.0},{"damage":0.0,"enemies":"2 Louse","floor":7.0,"turns":1.0},{"damage":0.0,"enemies":"Blue Slaver","floor":8.0,"turns":1.0},{"damage":6.0,"enemies":"Gremlin Nob","floor":10.0,"turns":3.0},{"damage":0.0,"enemies":"Exordium Thugs","floor":11.0,"turns":2.0},{"damage":0.0,"enemies":"2 Fungi Beasts","floor":12.0,"turns":1.0},{"damage":7.0,"enemies":"Lagavulin","floor":14.0,"turns":7.0},{"damage":3.0,"enemies":"The Guardian","floor":16.0,"turns":8.0},{"damage":0.0,"enemies":"3 Byrds","floor":18.0,"turns":2.0},{"damage":0.0,"enemies":"Shell Parasite","floor":21.0,"turns":2.0},{"damage":24.0,"enemies":"Gremlin Leader","floor":23.0,"turns":5.0},{"damage":0.0,"enemies":"Cultist and Chosen","floor":25.0,"turns":4.0},{"damage":0.0,"enemies":"Snecko","floor":27.0,"turns":5.0},{"damage":7.0,"enemies":"Slavers","floor":28.0,"turns":3.0},{"damage":0.0,"enemies":"Sentry and Sphere","floor":29.0,"turns":1.0},{"damage":55.0,"enemies":"Automaton","floor":33.0,"turns":9.0},{"damage":0.0,"enemies":"3 Shapes","floor":35.0,"turns":4.0},{"damage":9.0,"enemies":"3 Darklings","floor":37.0,"turns":5.0},{"damage":6.0,"enemies":"Writhing Mass","floor":38.0,"turns":6.0},{"damage":44.0,"enemies":"Giant Head","floor":41.0,"turns":9.0},{"damage":11,"enemies":"Spire Growth","floor":42,"turns":7},{"damage":0,"enemies":"Sphere and 2 Shapes","floor":44,"turns":2},{"damage":15,"enemies":"Maw","floor":47,"turns":8},{"damage":13,"enemies":"Spire Growth","floor":48,"turns":7},{"damage":37,"enemies":"Donu and Deca","floor":50,"turns":4}],"seed_played":"-7775235333330250770","potions_obtained":[{"floor":7.0,"key":"FairyPotion"},{"floor":14.0,"key":"Dexterity Potion"},{"floor":16.0,"key":"PowerPotion"},{"floor":17.0,"key":"Dexterity Potion"},{"floor":25.0,"key":"CultistPotion"},{"floor":33.0,"key":"Dexterity Potion"},{"floor":35.0,"key":"Strength Potion"},{"floor":37.0,"key":"Fire Potion"},{"floor":42,"key":"Explosive Potion"},{"floor":44,"key":"PowerPotion"}],"is_trial":false,"path_per_floor":["M","$","?","?","M","E","M","M","T","E","M","M","R","E","R","B",null,"M","?","$","M","$","E","R","M","T","M","E","M","R","?","R","B",null,"M","?","M","M","?","R","E","M","T","M","R","$","M","M","R","B"],"character_chosen":"THE_SILENT","items_purchased":["Ninja Scroll","Prayer Wheel","PrismaticShard","Bag of Preparation","Backstab","White Beast Statue","Footwork","Outmaneuver"],"campfire_rested":3,"item_purchase_floors":[0,0,0,0,20,20,46,46],"current_hp_per_floor":[36,36,36,22,22,16,16,16,16,10,10,10,10,3,24,21,75,75,75,75,75,75,51,51,51,51,51,54,54,54,54,54,25,85,85,85,76,70,70,70,26,15,15,15,40,40,25,12,37,0,0],"gold":182,"neow_bonus":"","is_daily":false,"chose_seed":false,"campfire_upgraded":5,"win_rate":0.0,"timestamp":1614331507,"path_taken":["M","$","?","?","M","E","M","M","T","E","?","M","R","E","R","BOSS","M","?","$","M","$","E","R","?","T","M","E","M","R","?","R","BOSS","M","?","?","?","?","R","E","M","T","M","R","$","?","M","R","BOSS"],"items_purchased_type":["Relic","Relic","Relic","Relic","Card","Relic","Card","Card"],"build_version":"2020-12-22","purchased_purges":3,"victory":false,"max_hp_per_floor":[70,70,70,70,70,70,70,70,70,70,70,70,70,70,70,70,75,75,75,75,75,75,75,75,75,75,75,85,85,85,85,85,85,85,85,85,85,85,85,85,85,85,85,85,85,85,85,85,85,85,85],"relic_stats":{"Darkstone Periapt":0,"Torii":8,"counters":[1023,5432],"Prayer Wheel":18,"Turnip":[3],"Bag of Preparation":[34],"Whetstone":["Slice","Backstab","Strike_G","Strike_G","Consecrate","Dramatic Entrance"],"Orichalcum":[90],"Smiling Mask":75,"obtain_stats":[{"TwistedFunnel":0,"Spirit Poop":30,"Ginger":0,"Whetstone":11,"Bottled Tornado":43,"Boot":25,"Sling":0,"Old Coin":34,"Blood Vial":17,"Sundial":24,"MealTicket":31,"HandDrill":48,"Kunai":0,"Pear":28,"Blue Candle":54,"Velvet Choker":17,"Eternal Feather":54,"Tingsha":0,"Pen Nib":11,"Paper Crane":43,"Akabeko":3,"SlaversCollar":17,"MutagenicStrength":19,"Bird Faced Urn":38,"StrikeDummy":27,"Unceasing Top":46,"Ring of the Serpent":17,"Regal Pillow":9,"Lantern":45,"Torii":0,"Singing Bowl":43,"StoneCalendar":42,"Bag of Preparation":26,"Ancient Tea Set":4,"Cursed Key":17,"Smiling Mask":41,"Matryoshka":37,"Shovel":38,"WristBlade":34,"Ninja Scroll":0,"Toolbox":45,"WingedGreaves":17,"Chemical X":37,"InkBottle":54,"Ring of the Snake":0,"Potion Belt":9,"Lee\u0027s Waffle":48,"The Specimen":0,"Golden Idol":3,"Thread and Needle":45,"The Courier":26,"PreservedInsect":38,"Omamori":39,"Frozen Egg 2":43,"MawBank":45,"Ornamental Fan":0,"Bloody Idol":31,"Orrery":0,"Turnip":38,"Art of War":17,"Bottled Lightning":43,"Toy Ornithopter":27,"Ice Cream":7,"Calipers":13,"Tiny House":34,"Gremlin Horn":26,"Nilry\u0027s Codex":31,"CeramicFish":0,"HoveringKite":34,"Vajra":43,"Sozu":34,"Centennial Puzzle":6,"Lizard Tail":10,"HornCleat":43,"DollysMirror":4,"Strawberry":26,"Prayer Wheel":38,"Toxic Egg 2":28,"Girya":0,"Happy Flower":13,"Astrolabe":34,"Oddly Smooth Stone":0,"Letter Opener":53,"War Paint":43,"Question Card":48,"Du-Vu Doll":47,"OrangePellets":22,"Bottled Flame":25,"Shuriken":0,"Bronze Scales":10,"Molten Egg 2":9,"Black Star":17,"Meat on the Bone":17,"Pocketwatch":17,"Darkstone Periapt":23,"SacredBark":17,"Enchiridion":22,"Mango":43,"Snake Skull":54,"Juzu Bracelet":43,"Incense Burner":29,"Empty Cage":17,"PrismaticShard":53,"ClockworkSouvenir":20,"Frozen Eye":39,"Tough Bandages":25,"Nunchaku":31,"Dream Catcher":9,"Mummified Hand":30,"Pantograph":12,"Gambling Chip":0,"Tiny Chest":26,"Red Mask":47,"Orichalcum":26,"Odd Mushroom":12,"Medical Kit":37,"White Beast Statue":9,"Mercury Hourglass":54,"Peace Pipe":9,"Calling Bell":17,"Cauldron":53,"Strange Spoon":53,"Anchor":34,"CaptainsWheel":54,"Bag of Marbles":43,"Coffee Dripper":34,"Membership Card":36,"FossilizedHelix":0,"TungstenRod":26},{"TwistedFunnel":381,"Spirit Poop":819,"Ginger":97,"Whetstone":100,"Bottled Tornado":52,"Boot":640,"Sling":741,"Old Coin":338,"Blood Vial":129,"Sundial":44,"MealTicket":616,"HandDrill":491,"Kunai":31,"Pear":315,"Blue Candle":249,"Velvet Choker":784,"Eternal Feather":146,"Tingsha":274,"Pen Nib":356,"Paper Crane":322,"Akabeko":575,"SlaversCollar":231,"MutagenicStrength":156,"Bird Faced Urn":189,"StrikeDummy":17,"Unceasing Top":193,"Ring of the Serpent":388,"Regal Pillow":36,"Lantern":269,"Torii":31,"Singing Bowl":116,"StoneCalendar":217,"Bag of Preparation":366,"Ancient Tea Set":2,"Cursed Key":281,"Smiling Mask":452,"Matryoshka":137,"Shovel":594,"WristBlade":112,"Ninja Scroll":172,"Toolbox":675,"WingedGreaves":80,"Chemical X":22,"InkBottle":57,"Ring of the Snake":0,"Potion Belt":3,"Lee\u0027s Waffle":676,"The Specimen":274,"Golden Idol":2,"Thread and Needle":245,"The Courier":183,"PreservedInsect":240,"Omamori":189,"Frozen Egg 2":398,"MawBank":245,"Ornamental Fan":72,"Bloody Idol":161,"Orrery":58,"Turnip":116,"Art of War":80,"Bottled Lightning":24,"Toy Ornithopter":17,"Ice Cream":11,"Calipers":154,"Tiny House":984,"Gremlin Horn":480,"Nilry\u0027s Codex":925,"CeramicFish":172,"HoveringKite":21,"Vajra":91,"Sozu":136,"Centennial Puzzle":278,"Lizard Tail":329,"HornCleat":621,"DollysMirror":123,"Strawberry":107,"Prayer Wheel":138,"Toxic Egg 2":108,"Girya":250,"Happy Flower":12,"Astrolabe":86,"Oddly Smooth Stone":122,"Letter Opener":272,"War Paint":191,"Question Card":94,"Du-Vu Doll":540,"OrangePellets":754,"Bottled Flame":16,"Shuriken":97,"Bronze Scales":36,"Molten Egg 2":151,"Black Star":13,"Meat on the Bone":80,"Pocketwatch":129,"Darkstone Periapt":182,"SacredBark":360,"Enchiridion":68,"Mango":538,"Snake Skull":273,"Juzu Bracelet":141,"Incense Burner":560,"Empty Cage":103,"PrismaticShard":272,"ClockworkSouvenir":41,"Frozen Eye":877,"Tough Bandages":16,"Nunchaku":85,"Dream Catcher":355,"Mummified Hand":110,"Pantograph":11,"Gambling Chip":197,"Tiny Chest":16,"Red Mask":54,"Orichalcum":235,"Odd Mushroom":499,"Medical Kit":188,"White Beast Statue":11,"Mercury Hourglass":349,"Peace Pipe":62,"Calling Bell":80,"Cauldron":625,"Strange Spoon":739,"Anchor":338,"CaptainsWheel":349,"Bag of Marbles":267,"Coffee Dripper":848,"Membership Card":163,"FossilizedHelix":250,"TungstenRod":416},{"TwistedFunnel":2158,"Spirit Poop":4420,"Ginger":599,"Whetstone":611,"Bottled Tornado":309,"Boot":3447,"Sling":3991,"Old Coin":1918,"Blood Vial":722,"Sundial":249,"MealTicket":3304,"HandDrill":2775,"Kunai":183,"Pear":1796,"Blue Candle":1454,"Velvet Choker":4248,"Eternal Feather":781,"Tingsha":1567,"Pen Nib":2009,"Paper Crane":1834,"Akabeko":3135,"SlaversCollar":1359,"MutagenicStrength":843,"Bird Faced Urn":1121,"StrikeDummy":100,"Unceasing Top":1141,"Ring of the Serpent":2183,"Regal Pillow":206,"Lantern":1539,"Torii":183,"Singing Bowl":676,"StoneCalendar":1281,"Bag of Preparation":2061,"Ancient Tea Set":5,"Cursed Key":1617,"Smiling Mask":2575,"Matryoshka":750,"Shovel":3206,"WristBlade":661,"Ninja Scroll":996,"Toolbox":3633,"WingedGreaves":500,"Chemical X":129,"InkBottle":364,"Ring of the Snake":0,"Potion Belt":9,"Lee\u0027s Waffle":3638,"The Specimen":1567,"Golden Idol":5,"Thread and Needle":1436,"The Courier":1085,"PreservedInsect":1411,"Omamori":1121,"Frozen Egg 2":2226,"MawBank":1436,"Ornamental Fan":459,"Bloody Idol":873,"Orrery":367,"Turnip":676,"Art of War":500,"Bottled Lightning":139,"Toy Ornithopter":100,"Ice Cream":57,"Calipers":823,"Tiny House":5251,"Gremlin Horn":2719,"Nilry\u0027s Codex":4904,"CeramicFish":996,"HoveringKite":124,"Vajra":558,"Sozu":746,"Centennial Puzzle":1590,"Lizard Tail":1866,"HornCleat":3329,"DollysMirror":699,"Strawberry":637,"Prayer Wheel":755,"Toxic Egg 2":643,"Girya":1462,"Happy Flower":68,"Astrolabe":533,"Oddly Smooth Stone":696,"Letter Opener":1557,"War Paint":1131,"Question Card":574,"Du-Vu Doll":2986,"OrangePellets":4053,"Bottled Flame":94,"Shuriken":599,"Bronze Scales":206,"Molten Egg 2":801,"Black Star":79,"Meat on the Bone":500,"Pocketwatch":722,"Darkstone Periapt":1075,"SacredBark":2027,"Enchiridion":435,"Mango":2979,"Snake Skull":1562,"Juzu Bracelet":766,"Incense Burner":3065,"Empty Cage":621,"PrismaticShard":1557,"ClockworkSouvenir":234,"Frozen Eye":4692,"Tough Bandages":94,"Nunchaku":521,"Dream Catcher":2005,"Mummified Hand":652,"Pantograph":57,"Gambling Chip":1176,"Tiny Chest":94,"Red Mask":329,"Orichalcum":1384,"Odd Mushroom":2819,"Medical Kit":1117,"White Beast Statue":57,"Mercury Hourglass":1972,"Peace Pipe":387,"Calling Bell":500,"Cauldron":3355,"Strange Spoon":3981,"Anchor":1918,"CaptainsWheel":1972,"Bag of Marbles":1530,"Coffee Dripper":4530,"Membership Card":899,"FossilizedHelix":1462,"TungstenRod":2337}],"Ring of the Snake":[174]},"card_choices":[{"not_picked":["Halt","Tantrum"],"picked":"Judgement","floor":1.0},{"not_picked":["Wild Strike","ClearTheMind","Concentrate"],"picked":"SKIP","floor":1.0},{"not_picked":["Dual Wield","Rebound"],"picked":"Consecrate","floor":5.0},{"not_picked":["Pommel Strike","Weave","Cloak And Dagger"],"picked":"SKIP","floor":5.0},{"not_picked":["Steam","Hemokinesis"],"picked":"Dramatic Entrance","floor":6.0},{"not_picked":["Cleave","Flex"],"picked":"Spot Weakness","floor":7.0},{"not_picked":["Accuracy","Glacier","Dagger Throw"],"picked":"SKIP","floor":7.0},{"not_picked":["Biased Cognition","Flex"],"picked":"Study","floor":8.0},{"not_picked":["Adaptation","Meditate","ForeignInfluence"],"picked":"SKIP","floor":8.0},{"not_picked":["Slice","Heatsinks"],"picked":"FlyingSleeves","floor":10.0},{"not_picked":["Wallop","Rebound"],"picked":"Limit Break","floor":11.0},{"not_picked":["Redo","Protect","Pummel"],"picked":"SKIP","floor":11.0},{"not_picked":["ClearTheMind","Uppercut","Crescendo"],"picked":"SKIP","floor":12.0},{"not_picked":["Dagger Spray","Aggregate","Clash"],"picked":"SKIP","floor":12.0},{"not_picked":["PiercingWail","Slice","Stack"],"picked":"SKIP","floor":14.0},{"not_picked":["Omniscience","MasterReality"],"picked":"Hyperbeam","floor":16.0},{"not_picked":["Doom and Gloom+1","Hemokinesis","Quick Slash"],"picked":"SKIP","floor":18.0},{"not_picked":["Deadly Poison","Slice","Stack"],"picked":"SKIP","floor":18.0},{"not_picked":["Venomology","Armaments+1","Underhanded Strike"],"picked":"SKIP","floor":21.0},{"not_picked":["Darkness","Clothesline","Endless Agony"],"picked":"SKIP","floor":21.0},{"not_picked":["Panacea","Sunder"],"picked":"ThirdEye","floor":23.0},{"not_picked":["Ball Lightning+1","Clothesline"],"picked":"Heavy Blade","floor":25.0},{"not_picked":["Anger","Swivel","Cleave"],"picked":"SKIP","floor":25.0},{"not_picked":["Caltrops","SpiritShield"],"picked":"Conserve Battery+1","floor":27.0},{"not_picked":["Dagger Throw","Compile Driver","Power Through+1"],"picked":"SKIP","floor":27.0},{"not_picked":["Sword Boomerang","Adaptation","Fusion"],"picked":"SKIP","floor":28.0},{"not_picked":["Sword Boomerang","Adaptation"],"picked":"Fusion","floor":28.0},{"not_picked":["EmptyBody","SignatureMove+1","Evaluate+1"],"picked":"SKIP","floor":29.0},{"not_picked":["Creative AI","Reprogram","Blind+1"],"picked":"SKIP","floor":29.0},{"not_picked":["DeceiveReality+1","Consecrate","Coolheaded"],"picked":"SKIP","floor":35.0},{"not_picked":["Trip","LikeWater","Terror"],"picked":"SKIP","floor":35.0},{"not_picked":["DeceiveReality+1","Consecrate","Coolheaded"],"picked":"SKIP","floor":35.0},{"not_picked":["Trip","LikeWater","Terror"],"picked":"SKIP","floor":35.0},{"not_picked":["Static Discharge","Dagger Throw+1","Crescendo+1"],"picked":"SKIP","floor":37.0},{"not_picked":["Double Energy","ThirdEye","Consecrate+1"],"picked":"SKIP","floor":37.0},{"not_picked":["Flying Knee","Streamline+1"],"picked":"Headbutt+1","floor":38.0},{"not_picked":["Quick Slash+1","Pommel Strike"],"picked":"Shrug It Off+1","floor":38.0},{"not_picked":["Worship","Underhanded Strike+1","Rip and Tear+1"],"picked":"SKIP","floor":41.0},{"not_picked":["Juggernaut","Armaments+1"],"picked":"Flash of Steel+1","floor":42},{"not_picked":["Underhanded Strike","Deflect+1","Dark Embrace"],"picked":"SKIP","floor":42},{"not_picked":["Dagger Throw+1","Good Instincts"],"picked":"Warcry","floor":44},{"not_picked":["Headbutt","Beam Cell+1","Flex+1"],"picked":"SKIP","floor":44},{"not_picked":["Armaments","Finesse+1"],"picked":"Double Energy","floor":47},{"not_picked":["Underhanded Strike+1","Spot Weakness"],"picked":"Vault","floor":47},{"not_picked":["FlyingSleeves+1","Thunderclap"],"picked":"Wireheading","floor":48},{"not_picked":["Jack Of All Trades","True Grit+1"],"picked":"Leap+1","floor":48}],"player_experience":865393,"relics_obtained":[{"floor":6.0,"key":"Vajra"},{"floor":9.0,"key":"Bottled Lightning"},{"floor":10.0,"key":"FossilizedHelix"},{"floor":14.0,"key":"Omamori"},{"floor":23.0,"key":"Torii"},{"floor":26.0,"key":"Orichalcum"},{"floor":28.0,"key":"Pear"},{"floor":34.0,"key":"Smiling Mask"},{"floor":34.0,"key":"Darkstone Periapt"},{"floor":34.0,"key":"Turnip"},{"floor":41.0,"key":"Incense Burner"},{"floor":43,"key":"Whetstone"}],"event_choices":[{"cards_removed":["Strike_G"],"damage_healed":0.0,"max_hp_gain":0.0,"max_hp_loss":0.0,"gold_gain":0.0,"event_name":"Living Wall","player_choice":"Forget","floor":3.0,"gold_loss":0.0,"damage_taken":0.0},{"damage_healed":0.0,"max_hp_gain":0.0,"max_hp_loss":0.0,"gold_gain":0.0,"event_name":"Shining Light","player_choice":"Entered Light","floor":4.0,"gold_loss":0.0,"damage_taken":14.0,"cards_upgraded":["Neutralize","Strike_G"]},{"damage_healed":0.0,"max_hp_gain":0.0,"max_hp_loss":0.0,"gold_gain":0.0,"event_name":"Vampires","player_choice":"Ignored","floor":19.0,"gold_loss":0.0,"damage_taken":0.0},{"damage_healed":0.0,"max_hp_gain":0.0,"max_hp_loss":0.0,"gold_gain":0.0,"event_name":"Addict","player_choice":"Obtained Relic","floor":31.0,"gold_loss":85.0,"damage_taken":0.0,"relics_obtained":["StrikeDummy"]},{"damage_healed":0.0,"max_hp_gain":0.0,"max_hp_loss":0.0,"gold_gain":0.0,"event_name":"NoteForYourself","player_choice":"Ignored","floor":36.0,"gold_loss":0.0,"damage_taken":0.0},{"damage_healed":0.0,"max_hp_gain":0.0,"max_hp_loss":0.0,"gold_gain":0.0,"event_name":"Accursed Blacksmith","player_choice":"Forge","floor":39.0,"gold_loss":0.0,"damage_taken":0.0,"cards_upgraded":["Spot Weakness"]}],"is_beta":false,"boss_relics":[{"not_picked":["Astrolabe","Runic Pyramid"],"picked":"Tiny House"},{"not_picked":["SlaversCollar","WristBlade"],"picked":"Calling Bell"}],"items_purged_floors":[0,2,46],"is_endless":false,"potions_floor_spawned":[1,7,10,14,16,18,21,23,25,27,28,29,33,35,37,38,41,42,44,47,48],"killed_by":"Donu and Deca","ascension_level":0}}