{"host":"sav7uxregyirlf69","time":1614342890,"event":{"mods":["AchievementEnabler","BaseMod","Colored Map","DeckTracker","Keyboard Shortcuts","Minty Spire (QoL Compilation)","READ ME - Guardian Mod","StSLib","SuperFastMode"],"gold_per_floor":[114,164,177,197,197,197,211,238,238,238,238,273,273,288,288,362,362,377,71,71,82,94,94,94,94,118,118,168,178,204,214,214,288,288,303,303,319,333,346,375,375,401,401,414,449,449,449,464,464,464,464],"floor_reached":50,"language":"KOR","playtime":973,"items_purged":[],"score":1199,"play_id":"4540587b-a880-4003-ae90-2298ee5efacb","local_time":"20210226213450","is_ascension_mode":true,"campfire_choices":[{"data":"Perfected Strike","floor":6.0,"key":"SMITH"},{"data":"Fire Breathing","floor":10.0,"key":"SMITH"},{"data":"Berserk","floor":15.0,"key":"SMITH"},{"data":"Perfected Strike","floor":23.0,"key":"SMITH"},{"floor":25.0,"key":"REST"},{"data":"Double Tap","floor":32.0,"key":"SMITH"},{"data":"Evolve","floor":41.0,"key":"SMITH"},{"data":"Offering","floor":46,"key":"SMITH"},{"floor":49,"key":"RECALL"}],"circlet_count":0,"master_deck":["AscendersBane","Strike_R","Strike_R","Strike_R","Strike_R","Strike_R","Defend_R","Defend_R","Defend_R","Bash","Wild Strike+1","Flame Barrier","Perfected Strike+1","Berserk+1","Fire Breathing+1","Offering","Perfected Strike+1","Double Tap+1","Perfected Strike+1","Shockwave","Shrug It Off","Evolve+1","Offering+1","Power Through+1","Warcry+1","Perfected Strike","Perfected Strike+1","Twin Strike","Second Wind"],"relics":["Burning Blood","MealTicket","Omamori","Meat on the Bone","Mango","Cursed Key","DollysMirror","Whetstone","MutagenicStrength","Charon\u0027s Ashes","Coffee Dripper","Darkstone Periapt","Orichalcum","Shuriken"],"acts_visited":["Exordium","TheCity","TheBeyond"],"potions_floor_usage":[42],"damage_taken":[{"damage":9.0,"enemies":"Jaw Worm","floor":1.0,"turns":4.0},{"damage":6.0,"enemies":"Cultist","floor":3.0,"turns":3.0},{"damage":2.0,"enemies":"Small Slimes","floor":4.0,"turns":4.0},{"damage":25.0,"enemies":"Gremlin Gang","floor":7.0,"turns":5.0},{"damage":8.0,"enemies":"Gremlin Nob","floor":8.0,"turns":3.0},{"damage":24.0,"enemies":"Lagavulin","floor":12.0,"turns":6.0},{"damage":12.0,"enemies":"Looter","floor":14.0,"turns":3.0},{"damage":55.0,"enemies":"The Guardian","floor":16.0,"turns":9.0},{"damage":28.0,"enemies":"Spheric Guardian","floor":18.0,"turns":4.0},{"damage":31.0,"enemies":"Shell Parasite","floor":21.0,"turns":3.0},{"damage":17.0,"enemies":"Centurion and Healer","floor":22.0,"turns":5.0},{"damage":6.0,"enemies":"Cultist and Chosen","floor":29.0,"turns":3.0},{"damage":13.0,"enemies":"Gremlin Leader","floor":30.0,"turns":2.0},{"damage":0.0,"enemies":"Sentry and Sphere","floor":31.0,"turns":2.0},{"damage":53.0,"enemies":"Collector","floor":33.0,"turns":9.0},{"damage":12.0,"enemies":"3 Shapes","floor":35.0,"turns":4.0},{"damage":23.0,"enemies":"3 Darklings","floor":37.0,"turns":4.0},{"damage":19.0,"enemies":"Maw","floor":38.0,"turns":5.0},{"damage":12.0,"enemies":"Jaw Worm Horde","floor":39.0,"turns":2.0},{"damage":50.0,"enemies":"Reptomancer","floor":40.0,"turns":5.0},{"damage":17,"enemies":"Giant Head","floor":42,"turns":5},{"damage":6,"enemies":"Spire Growth","floor":44,"turns":2},{"damage":28,"enemies":"Reptomancer","floor":45,"turns":3},{"damage":0,"enemies":"3 Darklings","floor":48,"turns":3},{"damage":82,"enemies":"Donu and Deca","floor":50,"turns":5}],"seed_played":"-8444965829945459963","potions_obtained":[{"floor":3.0,"key":"LiquidBronze"},{"floor":7.0,"key":"DuplicationPotion"},{"floor":8.0,"key":"AttackPotion"},{"floor":29.0,"key":"BloodPotion"},{"floor":33.0,"key":"Ancient Potion"},{"floor":38.0,"key":"HeartOfIron"},{"floor":42,"key":"BlessingOfTheForge"},{"floor":44,"key":"DuplicationPotion"}],"is_trial":false,"path_per_floor":["M","?","M","M","?","R","M","E","T","R","$","E","?","M","R","B",null,"M","$","?","M","M","R","?","R","T","?","?","M","E","M","R","B",null,"M","?","M","M","M","E","R","E","T","M","E","R","?","M","R","B"],"character_chosen":"IRONCLAD","items_purchased":["DollysMirror","Shockwave","Block Potion"],"campfire_rested":1,"item_purchase_floors":[19,19,19],"current_hp_per_floor":[65,58,58,62,62,62,43,41,41,41,56,64,64,58,58,21,72,62,77,77,52,53,53,27,55,55,55,55,55,60,66,66,49,83,77,77,60,59,65,33,33,34,34,46,36,36,77,77,77,0,0],"gold":464,"neow_bonus":"RANDOM_COMMON_RELIC","is_daily":false,"chose_seed":false,"campfire_upgraded":7,"win_rate":0.0,"timestamp":1614342890,"path_taken":["M","?","M","?","?","R","?","E","T","R","$","E","?","M","R","BOSS","M","$","?","M","M","R","?","R","T","?","?","M","E","M","R","BOSS","M","?","M","M","M","E","R","E","T","M","E","R","?","M","R","BOSS"],"items_purchased_type":["Relic","Card","Potion"],"build_version":"2020-12-22","purchased_purges":0,"victory":false,"max_hp_per_floor":[75,75,75,75,75,75,75,75,75,75,75,89,89,89,89,89,89,89,89,89,89,89,89,94,94,94,94,94,94,94,94,94,94,94,94,94,94,94,94,94,94,94,94,94,94,94,77,77,77,77,77],"card_choices":[{"not_picked":["Pommel Strike","Cleave"],"picked":"Wild Strike","floor":1.0},{"not_picked":["Seeing Red","Battle Trance"],"picked":"Flame Barrier","floor":3.0},{"not_picked":["Infernal Blade","Thunderclap"],"picked":"Perfected Strike","floor":4.0},{"not_picked":["Spot Weakness","Body Slam"],"picked":"Fire Breathing","floor":7.0},{"not_picked":["Rampage","Warcry"],"picked":"Offering","floor":8.0},{"not_picked":["Reckless Charge","Body Slam"],"picked":"Perfected Strike","floor":12.0},{"not_picked":["Iron Wave","Sword Boomerang","Spot Weakness"],"picked":"SKIP","floor":14.0},{"not_picked":["Reaper","Feed"],"picked":"Double Tap","floor":16.0},{"not_picked":["Dropkick","Anger","Sentinel"],"picked":"SKIP","floor":18.0},{"not_picked":["Shockwave","Power Through"],"picked":"Shrug It Off","floor":21.0},{"not_picked":["Intimidate","Headbutt"],"picked":"Pommel Strike","floor":22.0},{"not_picked":["Body Slam","Clothesline","Intimidate"],"picked":"SKIP","floor":29.0},{"not_picked":["Anger","Clash","Wild Strike"],"picked":"SKIP","floor":30.0},{"not_picked":["Anger","Juggernaut"],"picked":"Evolve","floor":31.0},{"not_picked":["Feed","Fiend Fire"],"picked":"Offering","floor":33.0},{"not_picked":["Rampage+1","Sword Boomerang","Iron Wave"],"picked":"SKIP","floor":35.0},{"not_picked":["Sever Soul","Fire Breathing+1","Body Slam"],"picked":"SKIP","floor":37.0},{"not_picked":["Anger","Thunderclap"],"picked":"Power Through+1","floor":38.0},{"not_picked":["Flex","Havoc"],"picked":"Warcry+1","floor":39.0},{"not_picked":["Cleave+1","Hemokinesis"],"picked":"Perfected Strike","floor":40.0},{"not_picked":["Twin Strike","Evolve+1"],"picked":"Perfected Strike+1","floor":42},{"not_picked":["Exhume","Heavy Blade"],"picked":"Twin Strike","floor":44},{"not_picked":["Evolve","Thunderclap"],"picked":"Second Wind","floor":45},{"not_picked":["Heavy Blade","Flame Barrier","Iron Wave"],"picked":"SKIP","floor":48}],"player_experience":1706853,"relics_obtained":[{"floor":8.0,"key":"Omamori"},{"floor":9.0,"key":"Meat on the Bone"},{"floor":12.0,"key":"Mango"},{"floor":26.0,"key":"Whetstone"},{"floor":30.0,"key":"Charon\u0027s Ashes"},{"floor":40.0,"key":"Darkstone Periapt"},{"floor":42,"key":"Orichalcum"},{"floor":45,"key":"Shuriken"}],"event_choices":[{"damage_healed":0.0,"max_hp_gain":0.0,"max_hp_loss":0.0,"gold_gain":50.0,"event_name":"FaceTrader","player_choice":"Touch","floor":2.0,"gold_loss":0.0,"damage_taken":7.0},{"damage_healed":0.0,"max_hp_gain":0.0,"max_hp_loss":0.0,"gold_gain":0.0,"cards_transformed":["Defend_R"],"event_name":"Transmorgrifier","player_choice":"Transformed","floor":5.0,"gold_loss":0.0,"damage_taken":0.0,"cards_obtained":["Berserk"]},{"damage_healed":0.0,"max_hp_gain":0.0,"max_hp_loss":0.0,"gold_gain":0.0,"event_name":"Liars Game","player_choice":"Ignored","floor":13.0,"gold_loss":0.0,"damage_taken":0.0},{"damage_healed":0.0,"max_hp_gain":0.0,"max_hp_loss":0.0,"gold_gain":0.0,"event_name":"Vampires","player_choice":"Ignored","floor":20.0,"gold_loss":0.0,"damage_taken":0.0},{"damage_healed":0.0,"max_hp_gain":5.0,"max_hp_loss":0.0,"gold_gain":0.0,"event_name":"Forgotten Altar","player_choice":"Shed Blood","floor":24.0,"gold_loss":0.0,"damage_taken":31.0},{"damage_healed":0.0,"max_hp_gain":0.0,"max_hp_loss":0.0,"gold_gain":0.0,"event_name":"Drug Dealer","player_choice":"Inject Mutagens","floor":27.0,"gold_loss":0.0,"damage_taken":0.0,"relics_obtained":["MutagenicStrength"]},{"damage_healed":0.0,"max_hp_gain":0.0,"max_hp_loss":0.0,"gold_gain":50.0,"event_name":"Nest","player_choice":"Stole From Cult","floor":28.0,"gold_loss":0.0,"damage_taken":0.0},{"cards_removed":["Pommel Strike"],"damage_healed":0.0,"max_hp_gain":0.0,"max_hp_loss":0.0,"gold_gain":0.0,"event_name":"Falling","player_choice":"Removed Attack","floor":36.0,"gold_loss":0.0,"damage_taken":0.0},{"damage_healed":77,"gold_gain":0,"player_choice":"Heal","damage_taken":0,"max_hp_gain":0,"max_hp_loss":17,"event_name":"The Moai Head","floor":47,"gold_loss":0}],"is_beta":false,"boss_relics":[{"not_picked":["Runic Dome","Sozu"],"picked":"Cursed Key"},{"not_picked":["Tiny House","Black Blood"],"picked":"Coffee Dripper"}],"items_purged_floors":[],"is_endless":false,"potions_floor_spawned":[3,7,8,29,33,38,42,44,48],"killed_by":"Donu and Deca","ascension_level":20}}