{"host":"4w9vompg42n13q24","time":1614340067,"event":{"mods":["Act Like it!","Aspiration","BaseMod","Better Third Choice","BetterRewards","Colored Map","Colored Powertips","Conspire","Downfall","Hermit","Highlight Path","Hubris","Minty Spire (QoL Compilation)","Replay The Spire","Ruina","StSLib","The Druid","The Necromancer","Trackpad"],"gold_per_floor":[112,12,60,80,95,95,95,95,122,122,24,58,58,68,68,168,168,179,179,179,179],"floor_reached":20,"language":"ENG","playtime":1797,"items_purged":["Strike_R","Defend_R"],"score":363,"play_id":"80dc3667-0c62-4cb4-aae7-f8916fe94719","local_time":"20210226124747","is_ascension_mode":true,"campfire_choices":[{"data":"conspire:Banana","floor":6.0,"key":"SMITH"},{"data":"Body Slam","floor":15.0,"key":"SMITH"}],"circlet_count":0,"master_deck":["Strike_R","Strike_R","Strike_R","Defend_R","Defend_R","Defend_R","Bash","conspire:Banana+1","Body Slam+1","Replay:Undeath\u0027s Touch","Feel No Pain","Fire Breathing","conspire:Purge","Doubt"],"relics":["Burning Blood","Medical Kit","FossilizedHelix","Replay:Accelerometer","Blue Candle","Replay:Bottled Snecko","trackpad:Coffee","Incense Burner"],"acts_visited":["Exordium","Exordium"],"potions_floor_usage":[16],"damage_taken":[{"damage":1.0,"enemies":"Jaw Worm","floor":1.0,"turns":6.0},{"damage":0.0,"enemies":"Small Slimes","floor":4.0,"turns":4.0},{"damage":0.0,"enemies":"Cultist","floor":5.0,"turns":4.0},{"damage":34.0,"enemies":"3 Sentries","floor":12.0,"turns":15.0},{"damage":8.0,"enemies":"Large Slime","floor":14.0,"turns":9.0},{"damage":11,"enemies":"Fading Forest","floor":16,"turns":11},{"damage":75,"enemies":"ruina:Nosferatu","floor":18,"turns":9},{"damage":15,"enemies":"ruina:3_Bats","floor":20,"turns":3}],"seed_played":"-1180877642775577237","potions_obtained":[{"floor":4.0,"key":"HeartOfIron"},{"floor":14.0,"key":"Elixir"},{"floor":16,"key":"Explosive Potion"}],"is_trial":false,"path_per_floor":["M","$","?","M","M","R","?","$","T","?","$","E","$","M","R","B",null,"M","?","M"],"character_chosen":"IRONCLAD","items_purchased":["Medical Kit","conspire:Banana","Fruit Juice"],"campfire_rested":0,"item_purchase_floors":[0,0,11],"current_hp_per_floor":[53,53,33,40,47,47,42,42,42,42,47,21,21,21,21,26,77,10,10,0,0],"gold":179,"neow_bonus":"","is_daily":false,"chose_seed":false,"campfire_upgraded":2,"win_rate":0.0,"timestamp":1614340067,"path_taken":["M","$","?","M","M","R","?","?","T","?","$","E","$","?","R","BOSS","M","?","M"],"items_purchased_type":["Relic","Card","Potion"],"build_version":"2020-12-22","purchased_purges":2,"victory":false,"max_hp_per_floor":[81,81,81,82,83,83,83,83,83,83,88,90,90,92,92,94,94,96,96,98,98],"card_choices":[{"not_picked":["Shrug It Off","Run Through"],"picked":"Body Slam","floor":1.0},{"not_picked":["Rupture","Heavy Blade"],"picked":"Replay:Undeath\u0027s Touch","floor":3.0},{"not_picked":["Heavy Blade","Pommel Strike"],"picked":"Feel No Pain","floor":4.0},{"not_picked":["Rage","Sword Boomerang","Massacre"],"picked":"SKIP","floor":5.0},{"not_picked":["conspire:Charge","ReplayTheSpireMod:LeadingStrike"],"picked":"Fire Breathing","floor":12.0},{"not_picked":["ReplayTheSpireMod:Limb From Limb","Sword Boomerang","Warcry"],"picked":"SKIP","floor":14.0},{"not_picked":["Berserk","Hemogenesis"],"picked":"conspire:Purge","floor":16},{"not_picked":["Flex+1","Sentinel","Clash"],"picked":"SKIP","floor":18}],"player_experience":683979,"relics_obtained":[{"floor":3.0,"key":"Replay:Accelerometer"},{"floor":12.0,"key":"Replay:Bottled Snecko"}],"event_choices":[{"cards_removed":["Strike_R"],"damage_healed":0.0,"max_hp_gain":0.0,"max_hp_loss":0.0,"gold_gain":0.0,"event_name":"Bonfire Elementals","player_choice":"Offered Basic","floor":10.0,"gold_loss":0.0,"damage_taken":0.0}],"is_beta":false,"boss_relics":[{"not_picked":["Kintsugi","hubris:CrackedHourglass"],"picked":"trackpad:Coffee"}],"items_purged_floors":[0,2],"is_endless":false,"potions_floor_spawned":[4,14,16],"killed_by":"ruina:3_Bats","ascension_level":5}}