{"host":"xo57gvsl7e0wfzti","time":1614338395,"event":{"mods":["BaseMod","Minty Spire (QoL Compilation)"],"gold_per_floor":[117,132,132,148,168,168,203,203,203,203,228,228,12,41,41,41,41],"floor_reached":16,"language":"ENG","playtime":274,"items_purged":["Strike_R"],"score":214,"play_id":"eb31006e-8c68-45ef-955b-08a7317528bd","local_time":"20210226031955","is_ascension_mode":true,"campfire_choices":[{"data":"Bash","floor":6,"key":"SMITH"},{"data":"Perfected Strike","floor":8,"key":"SMITH"},{"data":"Corruption","floor":10,"key":"SMITH"},{"data":"Twin Strike","floor":12,"key":"SMITH"},{"data":"Bludgeon","floor":15,"key":"SMITH"}],"circlet_count":0,"master_deck":["AscendersBane","Strike_R","Strike_R","Strike_R","Defend_R","Defend_R","Defend_R","Defend_R","Bash+1","Cleave","Cleave","Corruption+1","Cleave","Perfected Strike+1","Twin Strike+1","Wild Strike","Bludgeon+1","Cleave"],"relics":["Burning Blood","NeowsBlessing","MealTicket","CeramicFish"],"acts_visited":["Exordium"],"potions_floor_usage":[16,16],"damage_taken":[{"damage":0,"enemies":"Cultist","floor":1,"turns":1},{"damage":0,"enemies":"2 Louse","floor":2,"turns":1},{"damage":0,"enemies":"Jaw Worm","floor":4,"turns":1},{"damage":25,"enemies":"Large Slime","floor":5,"turns":6},{"damage":24,"enemies":"Gremlin Nob","floor":7,"turns":4},{"damage":14,"enemies":"2 Fungi Beasts","floor":11,"turns":3},{"damage":7,"enemies":"Looter","floor":14,"turns":3},{"damage":63,"enemies":"The Guardian","floor":16,"turns":9}],"seed_played":"7957639316203956039","potions_obtained":[{"floor":4,"key":"BloodPotion"},{"floor":11,"key":"PowerPotion"}],"is_trial":false,"path_per_floor":["M","M","?","M","M","R","E","R","T","R","M","R","$","M","R","B"],"character_chosen":"IRONCLAD","items_purchased":["Bludgeon"],"campfire_rested":0,"item_purchase_floors":[13],"current_hp_per_floor":[74,75,75,75,56,56,38,38,38,38,30,30,45,44,44,0,0],"gold":41,"neow_bonus":"THREE_ENEMY_KILL","is_daily":false,"chose_seed":false,"campfire_upgraded":5,"win_rate":0.0,"timestamp":1614338395,"path_taken":["M","?","?","?","M","R","E","R","T","R","M","R","$","M","R","BOSS"],"items_purchased_type":["Card"],"build_version":"2020-12-22","purchased_purges":1,"victory":false,"max_hp_per_floor":[75,75,75,75,75,75,75,75,75,75,75,75,75,75,75,75,75],"card_choices":[{"not_picked":["Warcry","Dark Embrace"],"picked":"Cleave","floor":1},{"not_picked":["Bloodletting","Infernal Blade"],"picked":"Cleave","floor":2},{"not_picked":["Sword Boomerang","Wild Strike"],"picked":"Cleave","floor":4},{"not_picked":["Juggernaut","Headbutt"],"picked":"Perfected Strike","floor":5},{"not_picked":["Heavy Blade","Metallicize"],"picked":"Twin Strike","floor":7},{"not_picked":["Iron Wave","Body Slam"],"picked":"Wild Strike","floor":11},{"not_picked":["Pommel Strike","Anger"],"picked":"Cleave","floor":14}],"player_experience":749362,"relics_obtained":[{"floor":7,"key":"MealTicket"},{"floor":9,"key":"CeramicFish"}],"event_choices":[{"damage_healed":0,"gold_gain":0,"cards_transformed":["Strike_R"],"player_choice":"Transformed","damage_taken":0,"max_hp_gain":0,"max_hp_loss":0,"event_name":"Transmorgrifier","floor":3,"gold_loss":0,"cards_obtained":["Corruption"]}],"is_beta":false,"boss_relics":[],"items_purged_floors":[13],"is_endless":false,"potions_floor_spawned":[4,11,14],"killed_by":"The Guardian","ascension_level":17}}