{"host":"pgavbdzzfv24grxe","time":1614369698,"event":{"mods":["Act Like it!","Aspiration","BaseMod","Better Note","Better Vampires","DeckTracker","Defuse TimeMaze Blight","Dio Mod","Dota2Spire","Gensokyo","GifTheSpireLib","Hallownest","Highlight Path","Kratos Character Expansion","Marisa（F雨　魔理沙）","Minty Spire (QoL Compilation)","SOS（斯巴达之子）","Shop Mod","StSLib","The Bug Knight","The Cursed","The Hierophant","Waifu the Spire","【功能Mod】聪明的最终Boss","篝火指南"],"gold_per_floor":[109,109,127,127,5,5,34,34,59,59,59],"floor_reached":10,"language":"ZHS","playtime":850,"items_purged":["HollowMod:NailStrikeStart"],"score":67,"play_id":"a662c0bd-9e60-4076-90d8-7d7321d3203b","local_time":"20210226150138","is_ascension_mode":true,"campfire_choices":[{"data":"HollowMod:SiblingsSouls","floor":6,"key":"SMITH"},{"data":"HollowMod:BlackTendrils","floor":8,"key":"SMITH"}],"circlet_count":0,"master_deck":["HollowMod:NailStrikeStart","HollowMod:NailStrikeStart","HollowMod:QuickDashStart","HollowMod:QuickDashStart","HollowMod:QuickDashStart","HollowMod:PogoStrike","HollowMod:HornetsHelp","HollowMod:BlackTendrils+1","HollowMod:SiblingsSouls+1","HollowMod:WraithStrike","HollowMod:CloakDash","HollowMod:VoidDash"],"relics":["HollowMod:VesselMask","Gambling Chip","Dota2Spire:HandOfMidas"],"acts_visited":["Gensokyo:Gensokyo"],"potions_floor_usage":[7],"damage_taken":[{"damage":3,"enemies":"Gensokyo:2_Kodama","floor":1,"turns":5},{"damage":3,"enemies":"Gensokyo:Python","floor":3,"turns":3},{"damage":44,"enemies":"Gensokyo:Cirno","floor":7,"turns":9},{"damage":18,"enemies":"Gensokyo:Mamizou","floor":10,"turns":4}],"seed_played":"2748716239572913341","potions_obtained":[{"floor":3,"key":"BlessingOfTheForge"}],"is_trial":false,"path_per_floor":["M","?","M","?","$","R","E","R","T","E"],"character_chosen":"THE_BUGKNIGHT","items_purchased":["HollowMod:CloakDash"],"campfire_rested":0,"item_purchase_floors":[5],"current_hp_per_floor":[75,45,44,44,44,44,7,7,7,0,0],"gold":59,"neow_bonus":"ONE_RANDOM_RARE_CARD","is_daily":false,"chose_seed":false,"campfire_upgraded":2,"win_rate":0.0,"timestamp":1614369698,"path_taken":["M","?","M","?","$","R","E","R","T","E"],"items_purchased_type":["Card"],"build_version":"2020-12-22","purchased_purges":1,"victory":false,"max_hp_per_floor":[75,75,75,75,75,75,75,75,75,75,75],"card_choices":[{"not_picked":["HollowMod:TaintedHusks","HollowMod:FallenFury"],"picked":"HollowMod:BlackTendrils","floor":1},{"not_picked":["HollowMod:QuirrelsAssistance","HollowMod:Grubsong"],"picked":"HollowMod:SiblingsSouls","floor":3},{"not_picked":["HollowMod:CornifersMapStart","HollowMod:SoulSplash"],"picked":"HollowMod:WraithStrike","floor":4},{"not_picked":["HollowMod:CycloneSlash","HollowMod:HerrahsAnger"],"picked":"HollowMod:VoidDash","floor":7}],"player_experience":303006,"relics_obtained":[{"floor":7,"key":"Gambling Chip"},{"floor":9,"key":"Dota2Spire:HandOfMidas"}],"event_choices":[],"is_beta":false,"boss_relics":[],"items_purged_floors":[5],"is_endless":false,"potions_floor_spawned":[3],"killed_by":"Gensokyo:Mamizou","ascension_level":1}}