{"host":"Pascal","time":1614376027,"event":{"mods":["BaseMod","Googly Eyes","Minty Spire (QoL Compilation)","Permanent Neow","Relic Stats","StSLib"],"gold_per_floor":[117,117,117,192,212,212,222,248,274,46,46,46,80,94,94,198,248,258,269,288,305,44,44,69,69,69,144,164,179,193,209,209,313,313,332,79,99,118,118,149,149,149,202,215,260,135,147,147,147,147,147,147,147,147,147],"floor_reached":54,"language":"ENG","playtime":3474,"items_purged":["Strike_R","Defend_R","Strike_R"],"score":1002,"play_id":"2f65f7c1-3c47-45df-8594-1105deaf5be3","local_time":"20210226224707","is_ascension_mode":true,"campfire_choices":[{"data":"Uppercut","floor":6.0,"key":"SMITH"},{"data":"Defend_R","floor":12.0,"key":"SMITH"},{"floor":15.0,"key":"REST"},{"data":"Defend_R","floor":23.0,"key":"SMITH"},{"floor":25.0,"key":"REST"},{"floor":32.0,"key":"REST"},{"floor":42,"key":"REST"},{"floor":49,"key":"RECALL"},{"floor":52,"key":"REST"}],"circlet_count":0,"master_deck":["Strike_R","Defend_R+1","Defend_R+1","Uppercut+1","Dropkick","Dropkick+1"],"relics":["Burning Blood","Orichalcum","Bottled Flame","Ancient Tea Set","TheAbacus","Strawberry","Tiny House","Shuriken","Girya","Black Star","Nunchaku","Pear","Matryoshka","Art of War","Blood Vial","Champion Belt","CeramicFish","HornCleat"],"acts_visited":["Exordium","TheCity","TheBeyond","TheEnding"],"potions_floor_usage":[40,40,40,40,45,45,50],"damage_taken":[{"damage":4.0,"enemies":"Jaw Worm","floor":1.0,"turns":6.0},{"damage":3.0,"enemies":"Small Slimes","floor":5.0,"turns":3.0},{"damage":0.0,"enemies":"Cultist","floor":7.0,"turns":3.0},{"damage":15.0,"enemies":"Lagavulin","floor":8.0,"turns":5.0},{"damage":31.0,"enemies":"3 Sentries","floor":13.0,"turns":11.0},{"damage":0.0,"enemies":"Large Slime","floor":14.0,"turns":7.0},{"damage":40.0,"enemies":"Slime Boss","floor":16.0,"turns":13.0},{"damage":3.0,"enemies":"Chosen","floor":18.0,"turns":4.0},{"damage":15.0,"enemies":"2 Thieves","floor":19.0,"turns":4.0},{"damage":13.0,"enemies":"Centurion and Healer","floor":20.0,"turns":10.0},{"damage":16.0,"enemies":"Snake Plant","floor":21.0,"turns":3.0},{"damage":34.0,"enemies":"Slavers","floor":24.0,"turns":15.0},{"damage":12.0,"enemies":"3 Cultists","floor":28.0,"turns":5.0},{"damage":8.0,"enemies":"Cultist and Chosen","floor":29.0,"turns":5.0},{"damage":2.0,"enemies":"Centurion and Healer","floor":30.0,"turns":5.0},{"damage":0.0,"enemies":"Snecko","floor":31.0,"turns":4.0},{"damage":35.0,"enemies":"Champ","floor":33.0,"turns":11.0},{"damage":0.0,"enemies":"3 Shapes","floor":35.0,"turns":9.0},{"damage":12.0,"enemies":"Orb Walker","floor":37.0,"turns":5.0},{"damage":18.0,"enemies":"Maw","floor":38.0,"turns":7.0},{"damage":32,"enemies":"Reptomancer","floor":40,"turns":7},{"damage":16,"enemies":"Writhing Mass","floor":44,"turns":6},{"damage":69,"enemies":"2 Orb Walkers","floor":45,"turns":6},{"damage":0,"enemies":"Jaw Worm Horde","floor":47,"turns":3},{"damage":25,"enemies":"Time Eater","floor":50,"turns":9},{"damage":133,"enemies":"Shield and Spear","floor":54,"turns":6}],"seed_played":"-5386943948190837209","potions_obtained":[{"floor":1.0,"key":"BloodPotion"},{"floor":5.0,"key":"AttackPotion"},{"floor":8.0,"key":"EntropicBrew"},{"floor":14.0,"key":"Fruit Juice"},{"floor":17.0,"key":"Dexterity Potion"},{"floor":19.0,"key":"Swift Potion"},{"floor":21.0,"key":"Fire Potion"},{"floor":24.0,"key":"Swift Potion"},{"floor":28.0,"key":"EntropicBrew"},{"floor":29.0,"key":"Fire Potion"},{"floor":44,"key":"BloodPotion"},{"floor":45,"key":"Swift Potion"}],"is_trial":false,"path_per_floor":["M","?","?","?","M","R","M","E","T","$","?","R","E","M","R","B",null,"M","M","M","M","$","R","E","R","T","?","M","M","M","M","R","B",null,"M","$","M","M","?","E","?","R","T","M","?","$","M","T","R","B",null,"R","$","E"],"character_chosen":"IRONCLAD","items_purchased":["TheAbacus","Shuriken","Nunchaku"],"campfire_rested":5,"item_purchase_floors":[10,22,36],"current_hp_per_floor":[53,53,46,35,38,38,44,51,51,51,51,51,48,54,80,51,87,90,81,74,64,64,64,36,65,65,56,50,48,52,58,87,58,87,93,93,87,75,75,59,59,91,91,83,43,43,51,51,51,34,89,107,107,0,0],"gold":147,"neow_bonus":"REMOVE_TWO","is_daily":false,"chose_seed":false,"campfire_upgraded":3,"win_rate":0.0,"timestamp":1614376027,"path_taken":["M","?","?","?","M","R","?","E","T","?","?","R","E","M","R","BOSS","M","M","M","M","$","R","E","R","T","?","M","?","M","?","R","BOSS","M","$","M","M","?","E","?","R","T","?","?","$","M","?","R","BOSS","R","$","E"],"items_purchased_type":["Relic","Relic","Relic"],"build_version":"2020-12-18","purchased_purges":3,"victory":false,"max_hp_per_floor":[80,80,80,80,80,80,80,80,80,80,80,80,87,87,87,92,97,97,97,97,97,97,97,97,97,97,97,97,97,97,97,97,97,97,97,97,97,97,97,107,107,107,107,107,107,107,107,107,107,107,107,107,107,107,107],"relic_stats":{"Blood Vial":8,"Nunchaku":[15],"TheAbacus":[774],"counters":[26,172],"Shuriken":[62],"CeramicFish":0,"Black Star":1,"Art of War":[1],"Champion Belt":[16],"Orichalcum":[174],"obtain_stats":[{"Girya":24,"Tiny House":17,"Pear":40,"CeramicFish":48,"Orichalcum":3,"Ancient Tea Set":9,"Burning Blood":0,"Blood Vial":43,"Bottled Flame":8,"Nunchaku":36,"TheAbacus":10,"Matryoshka":40,"HornCleat":48,"Shuriken":22,"Strawberry":13,"Black Star":34,"Art of War":43,"Champion Belt":45},{"Girya":12,"Tiny House":7,"Pear":21,"CeramicFish":24,"Orichalcum":1,"Ancient Tea Set":4,"Burning Blood":0,"Blood Vial":21,"Bottled Flame":4,"Nunchaku":18,"TheAbacus":4,"Matryoshka":21,"HornCleat":24,"Shuriken":11,"Strawberry":5,"Black Star":17,"Art of War":21,"Champion Belt":23},{"Girya":84,"Tiny House":48,"Pear":142,"CeramicFish":157,"Orichalcum":6,"Ancient Tea Set":17,"Burning Blood":0,"Blood Vial":142,"Bottled Flame":17,"Nunchaku":123,"TheAbacus":17,"Matryoshka":142,"HornCleat":157,"Shuriken":69,"Strawberry":28,"Black Star":114,"Art of War":142,"Champion Belt":154}],"Burning Blood":150},"card_choices":[{"not_picked":["Burning Pact","Flex"],"picked":"Uppercut","floor":1.0},{"not_picked":["Twin Strike","Whirlwind","Armaments"],"picked":"SKIP","floor":5.0},{"not_picked":["Inflame","Body Slam","Heavy Blade"],"picked":"SKIP","floor":7.0},{"not_picked":["Havoc","Hemokinesis","Limit Break"],"picked":"SKIP","floor":8.0},{"not_picked":["Clash","Pummel"],"picked":"Dropkick","floor":13.0},{"not_picked":["Seeing Red","Sword Boomerang"],"picked":"Dropkick","floor":14.0},{"not_picked":["Clothesline","Battle Trance","Rampage+1"],"picked":"SKIP","floor":18.0},{"not_picked":["Headbutt","True Grit","Wild Strike"],"picked":"SKIP","floor":19.0},{"not_picked":["Perfected Strike+1","Bloodletting","Cleave"],"picked":"SKIP","floor":20.0},{"not_picked":["Exhume","Clothesline","Whirlwind"],"picked":"SKIP","floor":21.0},{"not_picked":["Dark Embrace","Carnage","Armaments+1"],"picked":"SKIP","floor":24.0},{"not_picked":["Clash","Cleave","Sword Boomerang"],"picked":"SKIP","floor":28.0},{"not_picked":["Twin Strike","Blood for Blood","Clash+1"],"picked":"SKIP","floor":29.0},{"not_picked":["Combust","Clash","Flame Barrier+1"],"picked":"SKIP","floor":30.0},{"not_picked":["Rupture+1","Burning Pact","Hemokinesis"],"picked":"SKIP","floor":31.0},{"not_picked":["Wild Strike","Havoc","Perfected Strike"],"picked":"SKIP","floor":35.0},{"not_picked":["Iron Wave+1","Metallicize+1","Warcry"],"picked":"SKIP","floor":37.0},{"not_picked":["True Grit","Sword Boomerang","Flame Barrier"],"picked":"SKIP","floor":38.0},{"not_picked":["True Grit","Sword Boomerang","Flame Barrier"],"picked":"SKIP","floor":38.0},{"not_picked":["Barricade","Sever Soul","Bloodletting"],"picked":"SKIP","floor":40},{"not_picked":["Armaments+1","Thunderclap","Ghostly Armor"],"picked":"SKIP","floor":44},{"not_picked":["Flex+1","Sword Boomerang+1","Entrench"],"picked":"SKIP","floor":47}],"player_experience":226605,"relics_obtained":[{"floor":8.0,"key":"Bottled Flame"},{"floor":9.0,"key":"Ancient Tea Set"},{"floor":13.0,"key":"Strawberry"},{"floor":24.0,"key":"Girya"},{"floor":40,"key":"Pear"},{"floor":40,"key":"Matryoshka"},{"floor":43,"key":"Art of War"},{"floor":43,"key":"Blood Vial"},{"floor":45,"key":"Champion Belt"},{"floor":48,"key":"CeramicFish"},{"floor":48,"key":"HornCleat"}],"event_choices":[{"cards_removed":["Strike_R"],"damage_healed":0.0,"max_hp_gain":0.0,"max_hp_loss":0.0,"gold_gain":0.0,"event_name":"Living Wall","player_choice":"Forget","floor":2.0,"gold_loss":0.0,"damage_taken":0.0},{"damage_healed":0.0,"max_hp_gain":0.0,"max_hp_loss":0.0,"gold_gain":0.0,"event_name":"Scrap Ooze","player_choice":"Success","floor":3.0,"gold_loss":0.0,"damage_taken":7.0,"relics_obtained":["Orichalcum"]},{"damage_healed":0.0,"max_hp_gain":0.0,"max_hp_loss":0.0,"gold_gain":75.0,"event_name":"World of Goop","player_choice":"Gather Gold","floor":4.0,"gold_loss":0.0,"damage_taken":11.0},{"damage_healed":0.0,"max_hp_gain":0.0,"max_hp_loss":0.0,"gold_gain":0.0,"event_name":"Liars Game","player_choice":"Ignored","floor":11.0,"gold_loss":0.0,"damage_taken":0.0},{"damage_healed":0.0,"max_hp_gain":0.0,"max_hp_loss":0.0,"gold_gain":75.0,"event_name":"FaceTrader","player_choice":"Touch","floor":27.0,"gold_loss":0.0,"damage_taken":9.0},{"cards_removed":["Defend_R"],"damage_healed":0.0,"max_hp_gain":0.0,"max_hp_loss":0.0,"gold_gain":0.0,"event_name":"Falling","player_choice":"Removed Skill","floor":39.0,"gold_loss":0.0,"damage_taken":0.0},{"damage_healed":0,"gold_gain":0,"player_choice":"Memory 1","damage_taken":0,"max_hp_gain":0,"max_hp_loss":0,"event_name":"SensoryStone","floor":41,"gold_loss":0},{"damage_healed":0,"gold_gain":0,"player_choice":"Fight","damage_taken":0,"max_hp_gain":0,"max_hp_loss":0,"event_name":"Mysterious Sphere","floor":45,"gold_loss":0}],"is_beta":true,"boss_relics":[{"not_picked":["Pandora\u0027s Box","Runic Pyramid"],"picked":"Tiny House"},{"not_picked":["Calling Bell","Runic Dome"],"picked":"Black Star"}],"items_purged_floors":[10,36,46],"is_endless":false,"potions_floor_spawned":[1,5,8,14,19,21,24,28,29,30,33,37,44,45],"killed_by":"Shield and Spear","ascension_level":9}}