{"host":"y13mj1mxwnd5xx1x","time":1614319568,"event":{"mods":["AchievementEnabler","BaseMod","Minty Spire (QoL Compilation)"],"gold_per_floor":[119,130,130,56,56,88,88,115,115,115,115,190,190,208,208,208,208],"floor_reached":16,"language":"ENG","playtime":329,"items_purged":[],"score":157,"play_id":"861a9fc4-b352-40fd-8c9d-fd9cbf029a0d","local_time":"20210226000608","is_ascension_mode":true,"campfire_choices":[{"data":"Searing Blow","floor":7,"key":"SMITH"},{"data":"Searing Blow+1","floor":10,"key":"SMITH"},{"data":"Searing Blow+2","floor":15,"key":"SMITH"}],"circlet_count":0,"master_deck":["Strike_R","Strike_R","Strike_R+1","Strike_R","Strike_R+1","Defend_R","Defend_R","Defend_R","Defend_R","Bash","Searing Blow+3","Rampage","Shockwave","True Grit","Armaments+1","Sentinel+1"],"relics":["Burning Blood","NeowsBlessing","Meat on the Bone","Nunchaku","Toxic Egg 2","Paper Frog","PreservedInsect","FaceOfCleric"],"acts_visited":["Exordium"],"potions_floor_usage":[8],"damage_taken":[{"damage":0,"enemies":"Cultist","floor":1,"turns":1},{"damage":0,"enemies":"Jaw Worm","floor":2,"turns":1},{"damage":0,"enemies":"Gremlin Nob","floor":6,"turns":1},{"damage":40,"enemies":"3 Sentries","floor":8,"turns":7},{"damage":9,"enemies":"2 Louse","floor":14,"turns":3},{"damage":56,"enemies":"Slime Boss","floor":16,"turns":7}],"seed_played":"7609071352905143929","potions_obtained":[{"floor":1,"key":"Regen Potion"}],"is_trial":false,"path_per_floor":["M","M","?","$","?","E","R","E","T","R","T","?","?","M","R","B"],"character_chosen":"IRONCLAD","items_purchased":["Shockwave"],"campfire_rested":0,"item_purchase_floors":[4],"current_hp_per_floor":[80,80,64,64,61,67,67,57,57,57,57,46,46,56,56,0,0],"gold":208,"neow_bonus":"THREE_ENEMY_KILL","is_daily":false,"chose_seed":false,"campfire_upgraded":3,"win_rate":0.0,"timestamp":1614319568,"path_taken":["M","?","?","$","?","E","R","E","T","R","?","?","?","?","R","BOSS"],"items_purchased_type":["Card"],"build_version":"2020-12-22","purchased_purges":0,"victory":false,"max_hp_per_floor":[80,80,80,80,80,80,80,80,80,80,80,80,80,81,81,81,81],"card_choices":[{"not_picked":["Body Slam","Clothesline"],"picked":"Searing Blow","floor":1},{"not_picked":["Dark Embrace","Body Slam"],"picked":"Rampage","floor":2},{"not_picked":["Rampage","Perfected Strike"],"picked":"True Grit","floor":6},{"not_picked":["Havoc+1","Battle Trance+1"],"picked":"Armaments+1","floor":8},{"not_picked":["Cleave","Juggernaut"],"picked":"Sentinel+1","floor":14}],"player_experience":235076,"relics_obtained":[{"floor":6,"key":"Nunchaku"},{"floor":8,"key":"Toxic Egg 2"},{"floor":9,"key":"Paper Frog"},{"floor":11,"key":"PreservedInsect"}],"event_choices":[{"damage_healed":0,"gold_gain":0,"player_choice":"Entered Light","damage_taken":16,"max_hp_gain":0,"max_hp_loss":0,"event_name":"Shining Light","floor":3,"gold_loss":0,"cards_upgraded":["Strike_R","Strike_R"]},{"damage_healed":0,"gold_gain":0,"player_choice":"Success","damage_taken":3,"relics_obtained":["Meat on the Bone"],"max_hp_gain":0,"max_hp_loss":0,"event_name":"Scrap Ooze","floor":5,"gold_loss":0},{"damage_healed":0,"gold_gain":75,"player_choice":"Gather Gold","damage_taken":11,"max_hp_gain":0,"max_hp_loss":0,"event_name":"World of Goop","floor":12,"gold_loss":0},{"damage_healed":0,"gold_gain":0,"player_choice":"Trade","damage_taken":0,"relics_obtained":["FaceOfCleric"],"max_hp_gain":0,"max_hp_loss":0,"event_name":"FaceTrader","floor":13,"gold_loss":0}],"is_beta":false,"boss_relics":[],"items_purged_floors":[],"is_endless":false,"potions_floor_spawned":[1],"killed_by":"Slime Boss","ascension_level":4}}