{"host":"yp3213dt42p7qr93","time":1614358002,"event":{"mods":["AchievementEnabler","BaseMod","Minty Spire (QoL Compilation)","Relic Stats"],"gold_per_floor":[114,126,146,157,7,36,66,112,124,161,189,38,69,86,86,187,187,205,205,205,12,12,41,51,51,51,51,63,333,358,369,369,473,473,485,310,310,321,341,372,372,390,443,471,483,513,513,513,513,513,513,513,19,51,51],"floor_reached":56,"language":"ENG","playtime":4420,"items_purged":["Normality","Pain"],"score":1739,"play_id":"0b8c8fd3-3b70-4ae3-bb72-e70f6318e3f7","local_time":"20210226114642","is_ascension_mode":true,"campfire_choices":[{"data":"Shockwave","floor":15.0,"key":"SMITH"},{"data":"Bash","floor":27.0,"key":"SMITH"},{"data":"Immolate","floor":32.0,"key":"SMITH"},{"data":"Dark Embrace","floor":41.0,"key":"SMITH"},{"floor":47.0,"key":"RECALL"},{"data":"Limit Break","floor":49.0,"key":"SMITH"},{"data":"Corruption","floor":52.0,"key":"SMITH"}],"circlet_count":0,"master_deck":["Strike_R","Strike_R","Strike_R","Strike_R","Strike_R","Defend_R","Defend_R","Defend_R","Defend_R","Bash+1","Pommel Strike","Anger","Battle Trance","Immolate+1","Shrug It Off","Limit Break+1","Flash of Steel+1","Shockwave+1","Shrug It Off","Corruption+1","Carnage+1","True Grit+1","Anger+1","Whirlwind+1","Reaper+1","Dark Embrace+1","Flex+1","Metallicize+1","Sword Boomerang+1","Whirlwind+1","Shockwave+1","Flame Barrier+1","Pommel Strike+1","Shockwave","Berserk"],"relics":["Burning Blood","Ice Cream","OrangePellets","MawBank","Juzu Bracelet","Molten Egg 2","CaptainsWheel","Pear","SlaversCollar","WarpedTongs","Orrery","MutagenicStrength","Thread and Needle","Gambling Chip","Pocketwatch","Mark of Pain","Pantograph","Vajra","StoneCalendar","Dead Branch","Bag of Preparation","Anchor"],"acts_visited":[],"potions_floor_usage":[],"damage_taken":[{"damage":7.0,"enemies":"Small Slimes","floor":1.0,"turns":3.0},{"damage":3.0,"enemies":"2 Louse","floor":2.0,"turns":3.0},{"damage":1.0,"enemies":"Cultist","floor":3.0,"turns":3.0},{"damage":1.0,"enemies":"2 Fungi Beasts","floor":4.0,"turns":3.0},{"damage":24.0,"enemies":"Gremlin Nob","floor":6.0,"turns":4.0},{"damage":2.0,"enemies":"Looter","floor":7.0,"turns":4.0},{"damage":22.0,"enemies":"3 Sentries","floor":8.0,"turns":4.0},{"damage":10.0,"enemies":"Lagavulin","floor":10.0,"turns":5.0},{"damage":0.0,"enemies":"Lots of Slimes","floor":11.0,"turns":1.0},{"damage":10.0,"enemies":"3 Sentries","floor":13.0,"turns":5.0},{"damage":0.0,"enemies":"Large Slime","floor":14.0,"turns":4.0},{"damage":43.0,"enemies":"Hexaghost","floor":16.0,"turns":9.0},{"damage":8.0,"enemies":"3 Byrds","floor":18.0,"turns":7.0},{"damage":6.0,"enemies":"Gremlin Leader","floor":23.0,"turns":5.0},{"damage":1.0,"enemies":"Shell Parasite","floor":24.0,"turns":4.0},{"damage":7.0,"enemies":"Snake Plant","floor":28.0,"turns":3.0},{"damage":1.0,"enemies":"Book of Stabbing","floor":30.0,"turns":3.0},{"damage":1.0,"enemies":"Centurion and Healer","floor":31.0,"turns":3.0},{"damage":17.0,"enemies":"Automaton","floor":33.0,"turns":6.0},{"damage":1.0,"enemies":"Orb Walker","floor":35.0,"turns":3.0},{"damage":10.0,"enemies":"3 Darklings","floor":38.0,"turns":4.0},{"damage":15.0,"enemies":"Sphere and 2 Shapes","floor":39.0,"turns":3.0},{"damage":0.0,"enemies":"Reptomancer","floor":40.0,"turns":4.0},{"damage":8.0,"enemies":"4 Shapes","floor":42.0,"turns":3.0},{"damage":0.0,"enemies":"Nemesis","floor":44.0,"turns":5.0},{"damage":0.0,"enemies":"3 Darklings","floor":45.0,"turns":2.0},{"damage":0.0,"enemies":"Giant Head","floor":46.0,"turns":5.0},{"damage":38.0,"enemies":"Awakened One","floor":50.0,"turns":9.0},{"damage":0.0,"enemies":"Shield and Spear","floor":54.0,"turns":2.0},{"damage":1,"enemies":"The Heart","floor":55,"turns":4}],"seed_played":"-803115394068964849","potions_obtained":[{"floor":1.0,"key":"LiquidBronze"},{"floor":2.0,"key":"Swift Potion"},{"floor":6.0,"key":"Fire Potion"},{"floor":8.0,"key":"SteroidPotion"},{"floor":13.0,"key":"Dexterity Potion"},{"floor":14.0,"key":"SkillPotion"},{"floor":23.0,"key":"Explosive Potion"},{"floor":31.0,"key":"HeartOfIron"},{"floor":38.0,"key":"SteroidPotion"},{"floor":39.0,"key":"Energy Potion"},{"floor":42.0,"key":"EssenceOfSteel"},{"floor":44.0,"key":"DistilledChaos"}],"is_trial":false,"path_per_floor":["M","M","M","M","$","E","M","E","T","E","M","$","E","M","R","B",null,"M","?","?","$","?","E","M","?","T","R","M","?","E","M","R","B",null,"M","$","?","M","M","E","R","M","T","E","M","E","R","?","R","B",null,"R","$","E","B",null],"character_chosen":"IRONCLAD","items_purchased":["OrangePellets","Flash of Steel+1","Orrery","Energy Potion","Dark Embrace","Dead Branch","Bag of Preparation","Shockwave"],"campfire_rested":0,"item_purchase_floors":[5,12,21,21,36,53,53,53],"current_hp_per_floor":[71,74,79,80,80,62,66,50,50,46,52,52,58,64,64,27,74,72,72,72,72,72,72,77,59,59,59,58,31,36,41,41,30,79,84,84,84,80,71,77,77,88,88,90,90,90,90,90,90,80,88,88,88,90,90],"gold":51,"neow_bonus":"ONE_RARE_RELIC","is_daily":false,"chose_seed":false,"campfire_upgraded":6,"win_rate":0.0,"timestamp":1614358002,"path_taken":["M","M","M","M","$","E","M","E","T","E","M","$","E","M","R","BOSS","M","?","?","$","?","E","M","?","T","R","M","?","E","M","R","BOSS","M","$","?","M","M","E","R","M","T","E","M","E","R","?","R","BOSS","R","$","E","BOSS"],"items_purchased_type":["Relic","Card","Relic","Potion","Card","Relic","Relic","Card"],"build_version":"2020-12-22","purchased_purges":2,"victory":true,"max_hp_per_floor":[80,80,80,80,80,80,80,80,80,80,80,80,90,90,90,90,90,90,90,90,90,90,90,90,95,95,95,95,95,95,95,95,95,95,95,95,90,90,90,90,90,90,90,90,90,90,90,90,90,90,90,90,90,90,90],"relic_stats":{"counters":[1,4],"Dead Branch":[20],"StoneCalendar":[0],"Juzu Bracelet":0,"Bag of Preparation":[2],"MawBank":0,"Burning Blood":1,"WarpedTongs":[4],"OrangePellets":[7],"Gambling Chip":[5],"Pantograph":0,"obtain_stats":[{"Ice Cream":0,"Pear":0,"Dead Branch":0,"Vajra":0,"Thread and Needle":0,"StoneCalendar":0,"Juzu Bracelet":0,"Bag of Preparation":0,"MawBank":0,"Burning Blood":0,"WarpedTongs":0,"OrangePellets":0,"SlaversCollar":0,"CaptainsWheel":0,"Anchor":0,"MutagenicStrength":0,"Gambling Chip":0,"Pantograph":0,"Orrery":0,"Molten Egg 2":0,"Mark of Pain":0,"Pocketwatch":0},{"Ice Cream":0,"Pear":0,"Dead Branch":0,"Vajra":0,"Thread and Needle":0,"StoneCalendar":0,"Juzu Bracelet":0,"Bag of Preparation":0,"MawBank":0,"Burning Blood":0,"WarpedTongs":0,"OrangePellets":0,"SlaversCollar":0,"CaptainsWheel":0,"Anchor":0,"MutagenicStrength":0,"Gambling Chip":0,"Pantograph":0,"Orrery":0,"Molten Egg 2":0,"Mark of Pain":0,"Pocketwatch":0},{"Ice Cream":0,"Pear":0,"Dead Branch":0,"Vajra":0,"Thread and Needle":0,"StoneCalendar":0,"Juzu Bracelet":0,"Bag of Preparation":0,"MawBank":0,"Burning Blood":0,"WarpedTongs":0,"OrangePellets":0,"SlaversCollar":0,"CaptainsWheel":0,"Anchor":0,"MutagenicStrength":0,"Gambling Chip":0,"Pantograph":0,"Orrery":0,"Molten Egg 2":0,"Mark of Pain":0,"Pocketwatch":0}],"Pocketwatch":[0]},"card_choices":[{"not_picked":["Entrench","Hemokinesis"],"picked":"Pommel Strike","floor":1.0},{"not_picked":["Dual Wield","Power Through"],"picked":"Anger","floor":2.0},{"not_picked":["Heavy Blade","Perfected Strike","Reckless Charge"],"picked":"SKIP","floor":3.0},{"not_picked":["Second Wind","Sentinel","Havoc"],"picked":"SKIP","floor":4.0},{"not_picked":["Rupture","Bloodletting"],"picked":"Battle Trance","floor":6.0},{"not_picked":["Perfected Strike","Headbutt"],"picked":"Immolate","floor":7.0},{"not_picked":["Anger","Dual Wield"],"picked":"Shrug It Off","floor":8.0},{"not_picked":["Iron Wave+1","Dropkick+1"],"picked":"Limit Break","floor":10.0},{"not_picked":["Sever Soul+1","Dark Embrace","Havoc"],"picked":"SKIP","floor":11.0},{"not_picked":["Wild Strike+1","Combust"],"picked":"Shockwave","floor":13.0},{"not_picked":["Bloodletting","True Grit"],"picked":"Shrug It Off","floor":14.0},{"not_picked":["Immolate+1","Brutality"],"picked":"Corruption","floor":16.0},{"not_picked":["Power Through","Sword Boomerang+1"],"picked":"Carnage+1","floor":18.0},{"not_picked":["Pommel Strike+1","Flex+1"],"picked":"True Grit+1","floor":21.0},{"not_picked":["Headbutt+1","Havoc"],"picked":"Fiend Fire+1","floor":21.0},{"not_picked":["Twin Strike+1","Power Through"],"picked":"Anger+1","floor":21.0},{"not_picked":["Clothesline+1","Power Through","Carnage+1"],"picked":"SKIP","floor":23.0},{"not_picked":["Carnage+1","Rage","Heavy Blade+1"],"picked":"SKIP","floor":24.0},{"not_picked":["Anger+1","Flex","Carnage+1"],"picked":"SKIP","floor":28.0},{"not_picked":["Thunderclap+1","Headbutt+1"],"picked":"Whirlwind+1","floor":30.0},{"not_picked":["Pommel Strike+1","Warcry","Headbutt+1"],"picked":"SKIP","floor":31.0},{"not_picked":["Exhume","Bludgeon+1"],"picked":"Reaper+1","floor":33.0},{"not_picked":["Twin Strike+1","Armaments+1","Havoc+1"],"picked":"SKIP","floor":35.0},{"not_picked":["Clash+1","Sword Boomerang+1"],"picked":"Flex+1","floor":38.0},{"not_picked":["Warcry","Armaments"],"picked":"Metallicize+1","floor":39.0},{"not_picked":["Wild Strike+1","Body Slam+1"],"picked":"Sword Boomerang+1","floor":40.0},{"not_picked":["Thunderclap+1","Searing Blow+1"],"picked":"Whirlwind+1","floor":42.0},{"not_picked":["Blood for Blood+1","Bludgeon+1"],"picked":"Shockwave+1","floor":44.0},{"not_picked":["Sword Boomerang+1","Rupture"],"picked":"Flame Barrier+1","floor":45.0},{"not_picked":["Twin Strike+1","Bloodletting+1"],"picked":"Pommel Strike+1","floor":46.0},{"not_picked":["Dark Embrace+1","Clash+1"],"picked":"Berserk","floor":54.0}],"player_experience":137403,"relics_obtained":[{"floor":6.0,"key":"MawBank"},{"floor":8.0,"key":"Juzu Bracelet"},{"floor":9.0,"key":"Molten Egg 2"},{"floor":10.0,"key":"CaptainsWheel"},{"floor":13.0,"key":"Pear"},{"floor":23.0,"key":"Thread and Needle"},{"floor":26.0,"key":"Gambling Chip"},{"floor":30.0,"key":"Pocketwatch"},{"floor":40.0,"key":"Pantograph"},{"floor":44.0,"key":"Vajra"},{"floor":46.0,"key":"StoneCalendar"},{"floor":54.0,"key":"Anchor"}],"event_choices":[{"damage_healed":0.0,"max_hp_gain":0.0,"max_hp_loss":0.0,"gold_gain":0.0,"event_name":"Ghosts","player_choice":"Ignored","floor":19.0,"gold_loss":0.0,"damage_taken":0.0},{"damage_healed":0.0,"max_hp_gain":0.0,"max_hp_loss":0.0,"gold_gain":0.0,"event_name":"Accursed Blacksmith","player_choice":"Rummage","floor":20.0,"gold_loss":0.0,"damage_taken":0.0,"relics_obtained":["WarpedTongs"],"cards_obtained":["Pain"]},{"damage_healed":0.0,"max_hp_gain":0.0,"max_hp_loss":0.0,"gold_gain":0.0,"event_name":"Drug Dealer","player_choice":"Inject Mutagens","floor":22.0,"gold_loss":0.0,"damage_taken":0.0,"relics_obtained":["MutagenicStrength"]},{"damage_healed":0.0,"max_hp_gain":5.0,"max_hp_loss":0.0,"gold_gain":0.0,"event_name":"Forgotten Altar","player_choice":"Shed Blood","floor":25.0,"gold_loss":0.0,"damage_taken":23.0},{"damage_healed":0.0,"max_hp_gain":0.0,"max_hp_loss":0.0,"gold_gain":270.0,"event_name":"Knowing Skull","player_choice":"GOLD GOLD GOLD ","floor":29.0,"potions_obtained":[],"gold_loss":0.0,"damage_taken":27.0,"cards_obtained":[]},{"damage_healed":0.0,"max_hp_gain":0.0,"max_hp_loss":5.0,"gold_gain":0.0,"event_name":"Winding Halls","player_choice":"Max HP","floor":37.0,"gold_loss":0.0,"damage_taken":0.0},{"cards_removed":["Fiend Fire"],"damage_healed":0.0,"max_hp_gain":0.0,"max_hp_loss":0.0,"gold_gain":0.0,"event_name":"Falling","player_choice":"Removed Attack","floor":48.0,"gold_loss":0.0,"damage_taken":0.0}],"is_beta":false,"boss_relics":[{"not_picked":["Calling Bell","Philosopher\u0027s Stone"],"picked":"SlaversCollar"},{"not_picked":["Busted Crown","Astrolabe"],"picked":"Mark of Pain"}],"items_purged_floors":[12,36],"is_endless":false,"potions_floor_spawned":[1,2,6,8,13,14,23,31,38,39,42,44],"ascension_level":6}}