{"host":"nsbvf48t13c3go4z","time":1614342485,"event":{"mods":["BaseMod","Downfall","GifTheSpireLib","Marisa????????","Minty Spire (QoL Compilation)","StSLib","The Animator","The Bug Knight","The Poker Player","The Problem Sleuth","The Saiyan","The Senshi","The Servant 0.9.4","thorton"],"gold_per_floor":[111,111,126,56,69,69,69,69],"floor_reached":7,"language":"ENG","playtime":322,"items_purged":[],"score":47,"play_id":"803b5023-117b-471c-b99d-8a70927429ad","local_time":"20210226072805","is_ascension_mode":true,"campfire_choices":[{"data":"HollowMod:BlackTendrils","floor":6,"key":"SMITH"}],"circlet_count":0,"master_deck":["HollowMod:NailStrikeStart","HollowMod:NailStrikeStart","HollowMod:NailStrikeStart","HollowMod:QuickDashStart","HollowMod:QuickDashStart","HollowMod:QuickDashStart","HollowMod:QuickDashStart","HollowMod:FocusHealStart","HollowMod:PogoStrike","HollowMod:VengefulVoid","HollowMod:NewGlowingWomb","HollowMod:GreatSlash","HollowMod:BlackTendrils+1","HollowMod:DescendingDark"],"relics":["HollowMod:VesselMask"],"acts_visited":["Exordium"],"potions_floor_usage":[],"damage_taken":[{"damage":7,"enemies":"Jaw Worm","floor":1,"turns":3},{"damage":5,"enemies":"Cultist","floor":3,"turns":4},{"damage":5,"enemies":"Small Slimes","floor":5,"turns":2},{"damage":99,"enemies":"Lagavulin","floor":7,"turns":6}],"seed_played":"-1542826526758529892","potions_obtained":[],"is_trial":false,"path_per_floor":["M","?","M","$","M","R","E"],"character_chosen":"THE_BUGKNIGHT","items_purchased":["HollowMod:BlackTendrils"],"campfire_rested":0,"item_purchase_floors":[4],"current_hp_per_floor":[75,75,76,76,73,73,0,0],"gold":69,"neow_bonus":"TEN_PERCENT_HP_BONUS","is_daily":false,"chose_seed":false,"campfire_upgraded":1,"win_rate":0.0,"timestamp":1614342485,"path_taken":["M","?","M","?","M","R","E"],"items_purchased_type":["Card"],"build_version":"2020-12-22","purchased_purges":0,"victory":false,"max_hp_per_floor":[82,82,82,82,82,82,82,82],"card_choices":[{"not_picked":["HollowMod:ChannelNail","HollowMod:ShapeofUnn"],"picked":"HollowMod:VengefulVoid","floor":1},{"not_picked":["HollowMod:SoulVessel","HollowMod:CornifersMapStart"],"picked":"HollowMod:GreatSlash","floor":3},{"not_picked":["HollowMod:HowlingWraiths","HollowMod:MonomonsArchive"],"picked":"HollowMod:DescendingDark","floor":5}],"player_experience":2550047,"relics_obtained":[],"event_choices":[{"damage_healed":0,"gold_gain":0,"cards_transformed":["HollowMod:NailStrikeStart"],"player_choice":"Transformed","damage_taken":0,"max_hp_gain":0,"max_hp_loss":0,"event_name":"Transmorgrifier","floor":2,"gold_loss":0,"cards_obtained":["HollowMod:NewGlowingWomb"]}],"is_beta":false,"boss_relics":[],"items_purged_floors":[],"is_endless":false,"potions_floor_spawned":[],"killed_by":"Lagavulin","ascension_level":3}}