{"host":"k0cm6nn9mnmji9h1","time":1614363409,"event":{"mods":["2.2 Compatiblity","AchievementEnabler","BaseMod","Colored Map","DeckTracker","Gremlin Skip","Highlight Path","Minty Spire (QoL Compilation)","Permanent Neow","StSLib","Waifu the Spire"],"gold_per_floor":[367,382,382,253,274,298,298,318,318,356,356,377,125,150,150,276,276,300,316,40,64,83,121,142,142,219,219,235,248,272,293,293,293,293],"floor_reached":33,"language":"KOR","playtime":1744,"items_purged":["Regret","Injury","Strike_G"],"score":277,"play_id":"a00acd53-d8fe-4240-9af6-205bd5958047","local_time":"20210227031649","is_ascension_mode":false,"campfire_choices":[{"floor":7,"key":"REST"},{"data":"After Image","floor":11,"key":"SMITH"},{"data":"Infinite Blades","floor":15,"key":"SMITH"},{"floor":27,"key":"REST"},{"floor":32,"key":"REST"}],"circlet_count":0,"master_deck":["Strike_G","Strike_G","Strike_G","Strike_G","Defend_G","Defend_G","Defend_G","Defend_G","Defend_G","Survivor","Neutralize","Sucker Punch","Quick Slash","Poisoned Stab","Heel Hook","Terror","Quick Slash","After Image+1","Cloak And Dagger","Infinite Blades+1","A Thousand Cuts","CurseOfTheBell","Setup","Footwork","Heel Hook+1","Deflect","Acrobatics","Heel Hook","Blade Dance+1","Cloak And Dagger","Accuracy"],"relics":["Ring of the Snake","Golden Idol","Gambling Chip","Mercury Hourglass","Oddly Smooth Stone","Calling Bell","Pen Nib","HornCleat","Incense Burner","Anchor","Turnip","Question Card"],"acts_visited":["Exordium","TheCity"],"potions_floor_usage":[16,23,23,23,23,31,33,33,33],"damage_taken":[{"damage":6,"enemies":"Jaw Worm","floor":1,"turns":4},{"damage":8,"enemies":"Small Slimes","floor":2,"turns":3},{"damage":2,"enemies":"2 Louse","floor":5,"turns":3},{"damage":17,"enemies":"Gremlin Gang","floor":6,"turns":4},{"damage":4,"enemies":"3 Louse","floor":8,"turns":3},{"damage":21,"enemies":"Gremlin Nob","floor":10,"turns":5},{"damage":0,"enemies":"Looter","floor":12,"turns":3},{"damage":1,"enemies":"Blue Slaver","floor":14,"turns":4},{"damage":8,"enemies":"Slime Boss","floor":16,"turns":8},{"damage":10,"enemies":"3 Byrds","floor":18,"turns":4},{"damage":6,"enemies":"Shell Parasite","floor":19,"turns":4},{"damage":14,"enemies":"Snecko","floor":21,"turns":6},{"damage":20,"enemies":"Sentry and Sphere","floor":22,"turns":6},{"damage":6,"enemies":"Gremlin Leader","floor":23,"turns":9},{"damage":0,"enemies":"Chosen and Byrds","floor":24,"turns":6},{"damage":2,"enemies":"Snake Plant","floor":28,"turns":5},{"damage":8,"enemies":"Sentry and Sphere","floor":29,"turns":7},{"damage":7,"enemies":"Shelled Parasite and Fungi","floor":30,"turns":6},{"damage":4,"enemies":"Chosen and Byrds","floor":31,"turns":5},{"damage":36,"enemies":"Collector","floor":33,"turns":6}],"seed_played":"-6457113500830759238","potions_obtained":[{"floor":6,"key":"EntropicBrew"},{"floor":8,"key":"SpeedPotion"},{"floor":10,"key":"Dexterity Potion"},{"floor":12,"key":"SteroidPotion"},{"floor":19,"key":"Energy Potion"},{"floor":30,"key":"SteroidPotion"},{"floor":31,"key":"PowerPotion"}],"is_trial":false,"path_per_floor":["M","M","?","$","M","M","R","M","T","E","R","M","$","M","R","B",null,"M","M","$","M","M","E","M","?","T","R","M","M","M","M","R","B"],"character_chosen":"THE_SILENT","items_purchased":["Poisoned Stab","Oddly Smooth Stone","Anchor"],"campfire_rested":3,"item_purchase_floors":[4,13,20],"current_hp_per_floor":[64,56,56,56,54,37,58,54,54,33,33,33,33,32,32,24,70,60,54,54,40,20,14,14,14,14,35,33,25,18,14,35,0,0],"gold":293,"neow_bonus":"TWO_FIFTY_GOLD","is_daily":false,"chose_seed":false,"campfire_upgraded":2,"win_rate":0.0,"timestamp":1614363409,"path_taken":["M","M","?","$","M","M","R","M","T","E","R","M","$","M","R","BOSS","M","M","$","M","M","E","M","?","T","R","M","M","M","M","R","BOSS"],"items_purchased_type":["Card","Relic","Relic"],"build_version":"2020-12-22","purchased_purges":3,"victory":false,"max_hp_per_floor":[70,70,70,70,70,70,70,70,70,70,70,70,70,70,70,70,70,70,70,70,70,70,70,70,70,70,70,70,70,70,70,70,70,70],"card_choices":[{"not_picked":["Caltrops","Dagger Throw"],"picked":"Sucker Punch","floor":1},{"not_picked":["Choke","Blur"],"picked":"Quick Slash","floor":2},{"not_picked":["Riddle With Holes","Footwork"],"picked":"Heel Hook","floor":5},{"not_picked":["Caltrops","Crippling Poison"],"picked":"Terror","floor":6},{"not_picked":["Well Laid Plans","Riddle With Holes"],"picked":"Quick Slash","floor":8},{"not_picked":["All Out Attack","Flechettes"],"picked":"After Image","floor":10},{"not_picked":["Dagger Spray","Poisoned Stab"],"picked":"Cloak And Dagger","floor":12},{"not_picked":["Quick Slash","Bane"],"picked":"Infinite Blades","floor":14},{"not_picked":["Unload","Envenom"],"picked":"A Thousand Cuts","floor":16},{"not_picked":["Poisoned Stab","Underhanded Strike"],"picked":"Setup","floor":18},{"not_picked":["Deflect","Deadly Poison"],"picked":"Footwork","floor":19},{"not_picked":["Dagger Throw","Deadly Poison"],"picked":"Heel Hook+1","floor":21},{"not_picked":["Bane+1","Tactician"],"picked":"Deflect","floor":22},{"not_picked":["Dagger Spray","Setup"],"picked":"Acrobatics","floor":23},{"not_picked":["Sucker Punch","Flying Knee+1","All Out Attack"],"picked":"SKIP","floor":24},{"not_picked":["Catalyst","Outmaneuver+1","Choke"],"picked":"Heel Hook","floor":28},{"not_picked":["All Out Attack","Prepared","Acrobatics+1"],"picked":"Blade Dance+1","floor":29},{"not_picked":["Dash","Deflect","Deadly Poison+1"],"picked":"Cloak And Dagger","floor":30},{"not_picked":["Bane+1","Dagger Throw","Choke"],"picked":"Accuracy","floor":31}],"player_experience":531674,"relics_obtained":[{"floor":9,"key":"Gambling Chip"},{"floor":10,"key":"Mercury Hourglass"},{"floor":17,"key":"Pen Nib"},{"floor":17,"key":"HornCleat"},{"floor":17,"key":"Incense Burner"},{"floor":23,"key":"Turnip"},{"floor":26,"key":"Question Card"}],"event_choices":[{"damage_healed":0,"gold_gain":0,"player_choice":"Take Wound","damage_taken":0,"relics_obtained":["Golden Idol"],"max_hp_gain":0,"max_hp_loss":0,"event_name":"Golden Idol","floor":3,"gold_loss":0,"cards_obtained":["Injury"]},{"damage_healed":0,"gold_gain":0,"player_choice":"Ignored","damage_taken":0,"max_hp_gain":0,"max_hp_loss":0,"event_name":"Cursed Tome","floor":25,"gold_loss":0}],"is_beta":false,"boss_relics":[{"not_picked":["Tiny House","Cursed Key"],"picked":"Calling Bell"}],"items_purged_floors":[4,13,20],"is_endless":false,"potions_floor_spawned":[6,8,10,12,14,19,21,22,30,31],"killed_by":"Collector","ascension_level":0}}