{"host":"np9ouipdmi0bkas5","time":1614301598,"event":{"mods":["AchievementEnabler","Aspiration","BaseMod","Better Altar","Better Match","Better Skull","Better Third Choice","Colored Map","Downfall","Highlight Path","Hubris","Infinite Spire","Minty Spire (QoL Compilation)","Replay The Spire","StSLib"],"gold_per_floor":[113,113,40,55,70,98,23,53,53,53,53,53],"floor_reached":11,"language":"ENG","playtime":395,"items_purged":["Bash"],"score":89,"play_id":"f3bd695f-ad5f-43e0-a605-926b44f32832","local_time":"20210225170638","is_ascension_mode":true,"campfire_choices":[],"circlet_count":0,"master_deck":["Strike_R","Strike_R","Strike_R","Strike_R","Defend_R","Defend_R","Defend_R","Defend_R","Anger","Entrench","Headbutt","Thunderclap","Barricade","Injury"],"relics":["Burning Blood","Centennial Puzzle","hubris:CrystalStatue","hubris:SlimyHat","InkBottle","Toxic Egg 2"],"acts_visited":["Exordium"],"potions_floor_usage":[6],"damage_taken":[{"damage":14,"enemies":"Jaw Worm","floor":1,"turns":3},{"damage":6,"enemies":"Cultist","floor":4,"turns":3},{"damage":8,"enemies":"2 Louse","floor":5,"turns":2},{"damage":21,"enemies":"Gremlin Nob","floor":6,"turns":4},{"damage":30,"enemies":"Lagavulin","floor":8,"turns":8},{"damage":33,"enemies":"3 Sentries","floor":11,"turns":6}],"seed_played":"5548086481498900972","potions_obtained":[{"floor":5,"key":"EssenceOfSteel"},{"floor":6,"key":"champ:CounterPotion"}],"is_trial":false,"path_per_floor":["M","?","$","M","M","E","$","E","T","?","E"],"character_chosen":"IRONCLAD","items_purchased":["Entrench"],"campfire_rested":0,"item_purchase_floors":[3],"current_hp_per_floor":[72,72,72,72,70,55,55,31,31,31,0,0],"gold":53,"neow_bonus":"RANDOM_COMMON_RELIC","is_daily":false,"chose_seed":false,"campfire_upgraded":0,"win_rate":0.0,"timestamp":1614301598,"path_taken":["M","?","?","M","M","E","$","E","T","?","E"],"items_purchased_type":["Card"],"build_version":"2020-12-22","purchased_purges":1,"victory":false,"max_hp_per_floor":[80,80,80,80,80,80,80,80,80,80,80,80],"card_choices":[{"not_picked":["Sever Soul","ReplayTheSpireMod:LeadingStrike"],"picked":"Anger","floor":1},{"not_picked":["Havoc","Defy Death"],"picked":"Headbutt","floor":4},{"not_picked":["Replay:Undeath\u0027s Touch","Heavy Blade"],"picked":"Thunderclap","floor":5},{"not_picked":["Havoc","Wild Strike"],"picked":"Barricade","floor":6},{"not_picked":["Blood for Blood","Wild Strike","Shockwave"],"picked":"SKIP","floor":8}],"player_experience":143947,"relics_obtained":[{"floor":6,"key":"hubris:CrystalStatue"},{"floor":8,"key":"hubris:SlimyHat"},{"floor":9,"key":"InkBottle"}],"event_choices":[{"cards_removed":["Strike_R"],"damage_healed":0,"gold_gain":0,"player_choice":"Offered Basic","damage_taken":0,"max_hp_gain":0,"max_hp_loss":0,"event_name":"Bonfire Elementals","floor":2,"gold_loss":0}],"is_beta":false,"boss_relics":[],"items_purged_floors":[7],"is_endless":false,"potions_floor_spawned":[5,6],"killed_by":"3 Sentries","ascension_level":2}}