{"host":"yv9bat22duk2ekoy","time":1614373593,"event":{"mods":["BaseMod","Card Forge","Downfall","Minty Spire (QoL Compilation)","StSLib","Uncapped"],"gold_per_floor":[112,127,127,202,302,333,298,298,375,403,421,438,285,316,316,419,419,438,454,454,466,496,522,129,129,152,152,79,79,79,93,93,190,190,207,63,79,95,95,95,95,130,130,154,165,165,440,289,289,289],"floor_reached":51,"language":"ENG","playtime":21862,"items_purged":[],"score":809,"play_id":"534cf114-09ac-4e12-a63d-d9d9edfae8a3","local_time":"20210226220633","is_ascension_mode":false,"campfire_choices":[{"floor":8,"key":"REST"},{"floor":15,"key":"REST"},{"floor":25,"key":"REST"},{"floor":30,"key":"REST"},{"floor":32,"key":"REST"},{"floor":40,"key":"REST"},{"floor":49,"key":"REST"}],"circlet_count":0,"master_deck":["Strike_G+1","Strike_G+1","Strike_G+1","Strike_G+1","Strike_G+1","Defend_G+1","Defend_G+1","Defend_G+1","Defend_G+1","Defend_G+1","Survivor+1","Neutralize+1","Heel Hook+1","Skewer+1","Distraction+1","Die Die Die+1","Poisoned Stab+1","Quick Slash+1","Infinite Blades+1","Infinite Blades+1","Infinite Blades+1","Sucker Punch+1","Deflect+1","Malaise+1","Deadly Poison+1","Backflip+1","RitualDagger+1","Noxious Fumes+1","Eviscerate+1","Eviscerate+1","Wraith Form v2+1","Deflect+1","Noxious Fumes+1","Terror+1","Backstab+1","Phantasmal Killer+1","Wraith Form v2+1","Outmaneuver+1","Blade Dance+1","Distraction+1","Deflect+1","Deflect+1","Dark Embrace+1","Feel No Pain+1","Mind Blast+1","Secret Technique+1","Panacea+1","Dodge and Roll+1"],"relics":["Ring of the Snake","Hammer of Thor","Seething Fire","Anvil of the Gods","Nunchaku","Du-Vu Doll","Strawberry","HornCleat","Dream Catcher","Pen Nib","Vajra","SacredBark","Red Mask","StoneCalendar","Pantograph","TheAbacus","Ancient Tea Set","Busted Crown","Toolbox","Regal Pillow","White Beast Statue","Happy Flower","Strange Spoon"],"acts_visited":["Exordium","TheCity","TheBeyond"],"potions_floor_usage":[],"damage_taken":[{"damage":0,"enemies":"Small Slimes","floor":1,"turns":3},{"damage":0,"enemies":"Jaw Worm","floor":2,"turns":2},{"damage":5,"enemies":"3 Sentries","floor":6,"turns":7},{"damage":0,"enemies":"Gremlin Nob","floor":10,"turns":3},{"damage":0,"enemies":"2 Louse","floor":11,"turns":2},{"damage":4,"enemies":"Blue Slaver","floor":12,"turns":3},{"damage":13,"enemies":"Lagavulin","floor":14,"turns":4},{"damage":14,"enemies":"Slime Boss","floor":16,"turns":6},{"damage":10,"enemies":"Chosen","floor":18,"turns":3},{"damage":7,"enemies":"Shell Parasite","floor":19,"turns":4},{"damage":16,"enemies":"Snecko","floor":21,"turns":4},{"damage":6,"enemies":"Masked Bandits","floor":22,"turns":3},{"damage":23,"enemies":"Book of Stabbing","floor":23,"turns":4},{"damage":1,"enemies":"Shelled Parasite and Fungi","floor":31,"turns":3},{"damage":37,"enemies":"Automaton","floor":33,"turns":7},{"damage":27,"enemies":"3 Shapes","floor":35,"turns":3},{"damage":3,"enemies":"3 Darklings","floor":37,"turns":3},{"damage":0,"enemies":"Transient","floor":38,"turns":5},{"damage":3,"enemies":"Nemesis","floor":42,"turns":5},{"damage":1,"enemies":"Maw","floor":45,"turns":7},{"damage":57,"enemies":"Time Eater","floor":50,"turns":8}],"seed_played":"3451333533657188532","potions_obtained":[{"floor":1,"key":"bronze:BurnAndBuffPotion"},{"floor":2,"key":"Strength Potion"},{"floor":10,"key":"Block Potion"},{"floor":14,"key":"SkillPotion"},{"floor":31,"key":"Energy Potion"}],"is_trial":false,"path_per_floor":["M","M","?","?","?","E","?","R","T","E","M","M","$","E","R","B",null,"M","M","?","M","?","E","$","R","T","?","$","?","R","M","R","B",null,"M","$","M","M","?","R","?","E","T","T","M","?","?","$","R","B",null],"character_chosen":"THE_SILENT","items_purchased":["Pen Nib","Pantograph","TheAbacus","Noxious Fumes","Toolbox","Strange Spoon"],"campfire_rested":7,"item_purchase_floors":[13,24,24,28,36,48],"current_hp_per_floor":[77,77,70,59,64,66,88,89,89,89,89,85,85,72,89,75,89,79,72,66,50,44,21,21,47,47,47,47,47,73,72,89,52,89,62,62,59,59,59,85,89,86,86,86,85,75,75,75,89,32],"gold":289,"neow_bonus":"TEN_PERCENT_HP_BONUS","is_daily":false,"chose_seed":false,"campfire_upgraded":0,"win_rate":0.0,"timestamp":1614373593,"path_taken":["M","M","?","?","?","E","?","R","T","E","M","M","$","E","R","BOSS","M","M","?","M","?","E","$","R","T","?","?","?","R","?","R","BOSS","M","$","M","M","?","R","?","E","T","?","?","?","?","$","R","BOSS"],"items_purchased_type":["Relic","Relic","Relic","Card","Relic","Relic"],"build_version":"2020-12-22","purchased_purges":0,"victory":true,"max_hp_per_floor":[77,77,77,77,82,89,89,89,89,89,89,89,89,89,89,89,89,89,89,89,89,89,89,89,89,89,89,89,89,89,89,89,89,89,89,89,89,89,89,89,89,89,89,89,89,89,89,89,89,89],"card_choices":[{"not_picked":["Finisher","Dodge and Roll"],"picked":"Skewer","floor":1},{"not_picked":["Flying Knee","Deflect"],"picked":"Distraction","floor":2},{"not_picked":["Expertise","PiercingWail"],"picked":"Poisoned Stab","floor":6},{"not_picked":["Flying Knee","Predator"],"picked":"Quick Slash","floor":10},{"not_picked":["Acrobatics","Dagger Spray"],"picked":"Infinite Blades","floor":11},{"not_picked":["Reflex","All Out Attack"],"picked":"Sucker Punch","floor":12},{"not_picked":["Unload","Venomology"],"picked":"Deflect","floor":14},{"not_picked":["Dagger Spray","Acrobatics"],"picked":"Deflect","floor":15},{"not_picked":["Glass Knife","Burst"],"picked":"Malaise","floor":16},{"not_picked":["Dagger Spray","Acrobatics"],"picked":"Deadly Poison","floor":18},{"not_picked":["Poisoned Stab+1","PiercingWail"],"picked":"Backflip","floor":19},{"not_picked":["Endless Agony","Backstab+1"],"picked":"Noxious Fumes+1","floor":21},{"not_picked":["Endless Agony+1","Slice"],"picked":"Eviscerate","floor":22},{"not_picked":["Endless Agony+1","Slice"],"picked":"Eviscerate","floor":22},{"not_picked":["Dodge and Roll","Skewer"],"picked":"Wraith Form v2","floor":23},{"not_picked":["Endless Agony+1","Expertise"],"picked":"Deflect","floor":25},{"not_picked":["All Out Attack","Finisher"],"picked":"Terror","floor":30},{"not_picked":["Quick Slash","Poisoned Stab"],"picked":"Backstab","floor":31},{"not_picked":["Riddle With Holes","Slice"],"picked":"Phantasmal Killer","floor":32},{"not_picked":["Malaise","Unload"],"picked":"Wraith Form v2","floor":33},{"not_picked":[],"picked":"Outmaneuver","floor":35},{"not_picked":[],"picked":"Blade Dance","floor":37},{"not_picked":[],"picked":"Distraction+1","floor":38},{"not_picked":[],"picked":"Deflect","floor":40},{"not_picked":[],"picked":"Calculated Gamble+1","floor":42},{"not_picked":["Acrobatics"],"picked":"SKIP","floor":45},{"not_picked":[],"picked":"Mind Blast","floor":46},{"not_picked":[],"picked":"Secret Technique","floor":46},{"not_picked":[],"picked":"Panacea","floor":46},{"not_picked":[],"picked":"Dodge and Roll","floor":49}],"player_experience":44122,"relics_obtained":[{"floor":6,"key":"Strawberry"},{"floor":9,"key":"HornCleat"},{"floor":10,"key":"Dream Catcher"},{"floor":14,"key":"Vajra"},{"floor":22,"key":"Red Mask"},{"floor":23,"key":"StoneCalendar"},{"floor":26,"key":"Ancient Tea Set"},{"floor":42,"key":"Regal Pillow"},{"floor":43,"key":"White Beast Statue"},{"floor":44,"key":"Happy Flower"}],"event_choices":[{"damage_healed":0,"gold_gain":0,"player_choice":"Success","damage_taken":7,"relics_obtained":["Nunchaku"],"max_hp_gain":0,"max_hp_loss":0,"event_name":"Scrap Ooze","floor":3,"gold_loss":0},{"damage_healed":0,"gold_gain":75,"player_choice":"Gather Gold","damage_taken":11,"max_hp_gain":0,"max_hp_loss":0,"event_name":"World of Goop","floor":4,"gold_loss":0},{"damage_healed":22,"gold_gain":0,"player_choice":"Healed","damage_taken":0,"max_hp_gain":0,"max_hp_loss":0,"event_name":"The Cleric","floor":7,"gold_loss":35},{"damage_healed":0,"gold_gain":0,"player_choice":"Joined the Cult","damage_taken":6,"max_hp_gain":0,"max_hp_loss":0,"event_name":"Nest","floor":20,"gold_loss":0,"cards_obtained":["RitualDagger"]},{"damage_healed":0,"gold_gain":0,"player_choice":"Fought Bandits","damage_taken":0,"max_hp_gain":0,"max_hp_loss":0,"event_name":"Masked Bandits","floor":22,"gold_loss":0},{"damage_healed":0,"gold_gain":0,"player_choice":"Ignored","damage_taken":0,"max_hp_gain":0,"max_hp_loss":0,"event_name":"Beggar","floor":27,"gold_loss":0},{"damage_healed":0,"gold_gain":0,"player_choice":"Ignored","damage_taken":0,"max_hp_gain":0,"max_hp_loss":0,"event_name":"NoteForYourself","floor":29,"gold_loss":0},{"cards_removed":["Deflect"],"damage_healed":0,"gold_gain":0,"player_choice":"Removed Skill","damage_taken":0,"max_hp_gain":0,"max_hp_loss":0,"event_name":"Falling","floor":39,"gold_loss":0},{"damage_healed":4,"gold_gain":0,"player_choice":"Heal","damage_taken":0,"max_hp_gain":0,"max_hp_loss":0,"event_name":"MindBloom","floor":41,"gold_loss":0,"cards_obtained":["Doubt"]},{"damage_healed":0,"gold_gain":0,"player_choice":"Memory 3","damage_taken":10,"max_hp_gain":0,"max_hp_loss":0,"event_name":"SensoryStone","floor":46,"gold_loss":0},{"damage_healed":0,"gold_gain":275,"player_choice":"Desecrate","damage_taken":0,"max_hp_gain":0,"max_hp_loss":0,"event_name":"Golden Shrine","floor":47,"gold_loss":0,"cards_obtained":["Regret"]}],"is_beta":false,"boss_relics":[{"not_picked":["Astrolabe","Velvet Choker"],"picked":"SacredBark"},{"not_picked":["Runic Dome","Empty Cage"],"picked":"Busted Crown"}],"items_purged_floors":[],"is_endless":false,"potions_floor_spawned":[1,2,10,14,16,22,23,31,35,45],"ascension_level":0}}