{"host":"0fmi5fguj5lvt8pf","time":1614321543,"event":{"mods":["BaseMod","Colored Map","Curses Come First","Downfall","Minty Spire (QoL Compilation)","Permanent Neow","StSLib"],"gold_per_floor":[0,11,11,30,111,111,161,1,11,11,11,0,0,17,27,127,127,127,145,165,270,270,286,286,305,321,337,363,381,391,491,507,606,606,606,652,702,702,702,369,369,369,384,84,117,131,162,176,187,187,187,217,25,25,25,25],"floor_reached":57,"language":"ENG","playtime":3347,"items_purged":["downfall:Icky"],"score":1401,"play_id":"c5f9f081-1569-4022-bcf9-0eb69fe7353b","local_time":"20210225223903","is_ascension_mode":false,"campfire_choices":[{"data":"bronze:InfiniteBeams","floor":1,"key":"SMITH"},{"data":"bronze:Mutator","floor":10,"key":"SMITH"},{"data":"bronze:FollowUp","floor":13,"key":"SMITH"},{"floor":18,"key":"RECALL"},{"data":"bronze:MaxOutput","floor":35,"key":"SMITH"},{"data":"bronze:FollowUp","floor":44,"key":"SMITH"},{"data":"bronze:MaxOutput","floor":54,"key":"SMITH"}],"circlet_count":0,"master_deck":["bronze:Strike","bronze:Defend","bronze:Defend","bronze:Replicate+1","bronze:Goto+1","bronze:InfiniteBeams+1","bronze:Mutator+1","bronze:FollowUp+1","bronze:MaxOutput+1","bronze:MaxOutput+1"],"relics":["bronze:BronzeCore","Meat on the Bone","PreservedInsect","TheAbacus","Busted Crown","Nunchaku","Bottled Flame","The Courier","Incense Burner","Darkstone Periapt","SlaversCollar","bronze:Timepiece","Gambling Chip","downfall:HeartBlessingRed","downfall:HeartBlessingGreen","downfall:HeartBlessingBlue","Guardian:PocketSentry","Bottled Tornado","Gremlin Horn","Sundial"],"acts_visited":["Exordium","TheCity","TheBeyond","TheEnding"],"potions_floor_usage":[36,36,36,50,56],"damage_taken":[{"damage":6,"enemies":"Cultist","floor":2,"turns":4},{"damage":0,"enemies":"Small Slimes","floor":4,"turns":4},{"damage":2,"enemies":"downfall:FleeingMerchant","floor":8,"turns":4},{"damage":0,"enemies":"2 Louse","floor":9,"turns":3},{"damage":1,"enemies":"downfall:FleeingMerchant","floor":12,"turns":4},{"damage":3,"enemies":"Blue Slaver","floor":14,"turns":2},{"damage":6,"enemies":"Exordium Wildlife","floor":15,"turns":3},{"damage":6,"enemies":"DF_ARCHETYPE_STREAMLINE","floor":16,"turns":5},{"damage":0,"enemies":"Shell Parasite","floor":19,"turns":4},{"damage":0,"enemies":"Spheric Guardian","floor":20,"turns":3},{"damage":0,"enemies":"downfall:FleeingMerchant","floor":21,"turns":1},{"damage":0,"enemies":"3 Cultists","floor":23,"turns":3},{"damage":11,"enemies":"Snake Plant","floor":25,"turns":3},{"damage":4,"enemies":"Cultist and Chosen","floor":26,"turns":3},{"damage":10,"enemies":"Snecko","floor":27,"turns":4},{"damage":15,"enemies":"Book of Stabbing","floor":28,"turns":3},{"damage":0,"enemies":"Centurion and Healer","floor":29,"turns":3},{"damage":0,"enemies":"3 Cultists","floor":30,"turns":3},{"damage":0,"enemies":"SI_SHIV_ARCHETYPE","floor":31,"turns":4},{"damage":0,"enemies":"Sentry and Sphere","floor":32,"turns":3},{"damage":0,"enemies":"WA_ARCHETYPE_CALM","floor":33,"turns":4},{"damage":10,"enemies":"2 Orb Walkers","floor":36,"turns":3},{"damage":0,"enemies":"2 Orb Walkers","floor":37,"turns":3},{"damage":0,"enemies":"3 Darklings","floor":43,"turns":3},{"damage":0,"enemies":"Giant Head","floor":45,"turns":4},{"damage":0,"enemies":"Orb Walker","floor":46,"turns":2},{"damage":0,"enemies":"Reptomancer","floor":47,"turns":3},{"damage":0,"enemies":"Jaw Worm Horde","floor":48,"turns":2},{"damage":1,"enemies":"Sphere and 2 Shapes","floor":49,"turns":3},{"damage":32,"enemies":"IC_BLOCK_ARCHETYPE","floor":50,"turns":6},{"damage":0,"enemies":"downfall:CharBossMerchant","floor":52,"turns":3},{"damage":0,"enemies":"downfall:NeowBoss","floor":55,"turns":7},{"damage":0,"enemies":"downfall:NeowBossFinal","floor":56,"turns":8}],"seed_played":"-5186954164030293765","potions_obtained":[{"floor":2,"key":"SmokeBomb"},{"floor":4,"key":"EntropicBrew"},{"floor":9,"key":"SmokeBomb"},{"floor":16,"key":"AttackPotion"},{"floor":45,"key":"Dexterity Potion"}],"is_trial":false,"path_per_floor":["R","M","?","M","T","?","T","$","M","R","?","$","R","M","M","B",null,"R","M","M","$","?","M","T","M","M","M","E","M","M","?","M","B",null,"R","?","?","$","?","?","T","?","M","R","E","M","E","M","M","B",null,"E","$","R","B","B",null],"character_chosen":"THE_AUTOMATON","items_purchased":["TheAbacus","Nunchaku","Sundial"],"campfire_rested":0,"item_purchase_floors":[8,21,53],"current_hp_per_floor":[70,64,64,64,64,69,69,67,67,67,67,66,66,63,57,51,75,75,75,75,75,75,75,75,64,60,50,47,47,47,47,47,47,75,75,65,65,65,65,84,84,84,84,94,94,94,94,94,93,61,94,94,94,94,94,94],"gold":25,"neow_bonus":"TRANSFORM_TWO_CARDS","is_daily":false,"chose_seed":false,"campfire_upgraded":6,"win_rate":0.0,"timestamp":1614321543,"path_taken":["R","M","?","?","?","?","T","$","M","R","?","$","R","?","M","BOSS","R","M","M","$","?","M","T","M","M","M","E","M","M","?","M","BOSS","R","?","?","$","?","?","T","?","M","R","E","?","E","M","M","BOSS","E","$","R","BOSS","BOSS"],"items_purchased_type":["Relic","Relic","Relic"],"build_version":"2020-12-22","purchased_purges":1,"victory":true,"max_hp_per_floor":[70,70,70,70,70,75,75,75,75,75,75,75,75,75,75,75,75,75,75,75,75,75,75,75,75,75,75,75,75,75,75,75,75,75,75,75,75,75,75,84,84,84,84,94,94,94,94,94,94,94,94,94,94,94,94,94],"card_choices":[{"not_picked":["bronze:Turbo","bronze:OilSpill"],"picked":"bronze:FollowUp","floor":2},{"not_picked":["bronze:Frontload","bronze:Backtrace","bronze:Repulsor"],"picked":"SKIP","floor":4},{"not_picked":["bronze:BitShift","bronze:Invalidate","bronze:DelayedGuard"],"picked":"SKIP","floor":8},{"not_picked":["bronze:Frontload","bronze:Shell"],"picked":"bronze:FollowUp","floor":9},{"not_picked":["bronze:NullPointer","bronze:DigitalCarnage","bronze:Constructor"],"picked":"SKIP","floor":12},{"not_picked":["bronze:Overheat","bronze:RecursiveStrike","bronze:Separator"],"picked":"SKIP","floor":14},{"not_picked":["bronze:Repulsor","bronze:InfiniteBeams"],"picked":"bronze:MaxOutput","floor":15},{"not_picked":["bronze:Allocate"],"picked":"SKIP","floor":19},{"not_picked":["bronze:Overheat"],"picked":"SKIP","floor":20},{"not_picked":["bronze:DigitalCarnage"],"picked":"SKIP","floor":21},{"not_picked":["bronze:CutThrough+1"],"picked":"SKIP","floor":23},{"not_picked":["bronze:Flail"],"picked":"SKIP","floor":25},{"not_picked":["bronze:Repair+1"],"picked":"SKIP","floor":26},{"not_picked":["bronze:Branch+1"],"picked":"SKIP","floor":27},{"not_picked":["bronze:DelayedSlice"],"picked":"SKIP","floor":28},{"not_picked":["bronze:Overload"],"picked":"SKIP","floor":29},{"not_picked":["bronze:Separator"],"picked":"SKIP","floor":30},{"not_picked":["bronze:Constructor+1"],"picked":"SKIP","floor":32},{"not_picked":["bronze:Terminator"],"picked":"SKIP","floor":43},{"not_picked":["bronze:ShipIt"],"picked":"SKIP","floor":45},{"not_picked":["bronze:Constructor"],"picked":"SKIP","floor":46},{"not_picked":["bronze:WildBeam"],"picked":"SKIP","floor":47},{"not_picked":["bronze:Turbo"],"picked":"SKIP","floor":48},{"not_picked":[],"picked":"bronze:MaxOutput","floor":49},{"not_picked":["bronze:Deprecate+1"],"picked":"SKIP","floor":52}],"player_experience":1530624,"relics_obtained":[{"floor":5,"key":"Meat on the Bone"},{"floor":7,"key":"PreservedInsect"},{"floor":24,"key":"Bottled Flame"},{"floor":28,"key":"The Courier"},{"floor":31,"key":"Incense Burner"},{"floor":31,"key":"Darkstone Periapt"},{"floor":36,"key":"bronze:Timepiece"},{"floor":37,"key":"Gambling Chip"},{"floor":45,"key":"Guardian:PocketSentry"},{"floor":47,"key":"Bottled Tornado"},{"floor":52,"key":"Gremlin Horn"}],"event_choices":[{"damage_healed":0,"gold_gain":0,"player_choice":"Donut","damage_taken":0,"max_hp_gain":5,"max_hp_loss":0,"event_name":"Big Fish","floor":6,"gold_loss":0},{"damage_healed":0,"gold_gain":0,"player_choice":"Ignored","damage_taken":0,"max_hp_gain":0,"max_hp_loss":0,"event_name":"Vampires","floor":22,"gold_loss":0},{"damage_healed":0,"gold_gain":0,"player_choice":"Fight","damage_taken":0,"max_hp_gain":0,"max_hp_loss":0,"event_name":"Mysterious Sphere","floor":36,"gold_loss":0},{"cards_removed":["bronze:FollowUp"],"damage_healed":0,"gold_gain":0,"player_choice":"Removed Attack","damage_taken":0,"max_hp_gain":0,"max_hp_loss":0,"event_name":"Falling","floor":39,"gold_loss":0},{"damage_healed":0,"gold_gain":0,"player_choice":"Ignored","damage_taken":0,"max_hp_gain":0,"max_hp_loss":0,"event_name":"NoteForYourself","floor":42,"gold_loss":0}],"is_beta":false,"boss_relics":[{"not_picked":["bronze:MakeshiftBattery","bronze:PlatinumCore"],"picked":"Busted Crown"},{"not_picked":["Velvet Choker","Empty Cage"],"picked":"SlaversCollar"}],"items_purged_floors":[21],"is_endless":false,"potions_floor_spawned":[2,4,9,16,23,25,28,29,30,31,32,45,48,49],"ascension_level":0}}