{"host":"mca7681myqmlkjzi","time":1614312327,"event":{"mods":["BaseMod","Downfall","KinomotoSakuraMod(Ä¾Ö®±¾Ó£)","Minty Spire (QoL Compilation)","Nova Terra(ÅµÍÞ¡¤Ì©À­)","Replay The Spire","StSLib","The Gatherer","The Hierophant","The Senshi","The Servant 0.9.4","¡¾ÒÅÎï¿¨ÅÆ¡¿REMEMod"],"gold_per_floor":[110,124,27,38,38,38,38,113,113,113,132,132,132,132,153,176,176,295,295,205,205,205],"floor_reached":21,"language":"ZHS","playtime":990,"items_purged":["NovaMod:Basic_Strike_Nova"],"score":167,"play_id":"cef9928b-9702-4565-b13b-221ced499491","local_time":"20210226120527","is_ascension_mode":false,"campfire_choices":[{"data":"NovaMod:Snipe","floor":6,"key":"SMITH"},{"floor":10,"key":"REST"},{"data":"NovaMod:Lurk","floor":14,"key":"SMITH"},{"floor":17,"key":"REST"}],"circlet_count":0,"master_deck":["NovaMod:Basic_Strike_Nova","NovaMod:Basic_Strike_Nova","NovaMod:Basic_Strike_Nova","NovaMod:Basic_Defend_Nova","NovaMod:Basic_Defend_Nova","NovaMod:Basic_Defend_Nova","NovaMod:Basic_Defend_Nova","NovaMod:Snipe+1","NovaMod:PenetratingBlast","NovaMod:TripleTap","NovaMod:Lurk+1","NovaMod:WaitingGame","NovaMod:Blink","NovaMod:RadiationShooting","NovaMod:GhostAcademy","NovaMod:Valkyrie","NovaMod:NuclearRefining"],"relics":["NovaMod:GhostSuit","REME_ComplimentaryCards","NeowsBlessing","Golden Idol","ReplayTheSpireMod:Shallot","Painkiller Herb"],"acts_visited":["Exordium","TheCity"],"potions_floor_usage":[18,18,18],"damage_taken":[{"damage":0,"enemies":"Cultist","floor":1,"turns":1},{"damage":0,"enemies":"Jaw Worm","floor":2,"turns":1},{"damage":0,"enemies":"2 Louse","floor":4,"turns":1},{"damage":20,"enemies":"Large Slime","floor":11,"turns":9},{"damage":2,"enemies":"Gremlin Gang","floor":15,"turns":5},{"damage":31,"enemies":"Exordium Thugs","floor":16,"turns":6},{"damage":38,"enemies":"Slime Boss","floor":18,"turns":11},{"damage":27,"enemies":"2 Thieves","floor":20,"turns":5},{"damage":62,"enemies":"Shell Parasite","floor":21,"turns":8}],"seed_played":"-7776595270869584170","potions_obtained":[{"floor":2,"key":"Strength Potion"},{"floor":4,"key":"AttackPotion"},{"floor":16,"key":"Milkshake"},{"floor":18,"key":"Block Potion"}],"is_trial":false,"path_per_floor":["M","M","$","M","?","R","$","?","T","R","M","PTL","PTL","R","M","M","R","B",null,"?","?"],"character_chosen":"NOVA","items_purchased":["NovaMod:WaitingGame"],"campfire_rested":2,"item_purchase_floors":[3],"current_hp_per_floor":[80,80,80,80,60,60,60,52,52,76,56,56,56,56,54,23,47,9,80,53,0,0],"gold":205,"neow_bonus":"THREE_ENEMY_KILL","is_daily":false,"chose_seed":false,"campfire_upgraded":2,"win_rate":0.0,"timestamp":1614312327,"path_taken":["M","M","$","M","?","R","$","?","T","R","?","PTL","PTL","R","M","M","R","BOSS","?","?"],"items_purchased_type":["Card"],"build_version":"2020-12-22","purchased_purges":1,"victory":false,"max_hp_per_floor":[80,80,80,80,80,80,80,80,80,80,80,80,80,80,80,80,80,80,80,80,80,80],"card_choices":[{"not_picked":["NovaMod:Snipe","NovaMod:Bioaugmentation"],"picked":"NovaMod:TripleTap","floor":1},{"not_picked":["NovaMod:HoloDecoy","NovaMod:PrecsionAssembly"],"picked":"NovaMod:Lurk","floor":2},{"not_picked":["NovaMod:PulseGrenade","NovaMod:Thor"],"picked":"NovaMod:Blink","floor":4},{"not_picked":["NovaMod:Pollution","NovaMod:SmartServos"],"picked":"NovaMod:RadiationShooting","floor":11},{"not_picked":["NovaMod:HoloDecoy","NovaMod:Detonation"],"picked":"NovaMod:GhostAcademy","floor":15},{"not_picked":["NovaMod:JetAssault","NovaMod:SuperStimPack"],"picked":"NovaMod:Valkyrie","floor":16},{"not_picked":["NovaMod:Missile","NovaMod:EMP"],"picked":"NovaMod:NuclearRefining","floor":18},{"not_picked":["NovaMod:Bioaugmentation","NovaMod:Snipe","NovaMod:AirDrop"],"picked":"SKIP","floor":20}],"player_experience":526976,"relics_obtained":[{"floor":9,"key":"ReplayTheSpireMod:Shallot"}],"event_choices":[{"damage_healed":0,"gold_gain":0,"player_choice":"Take Damage","damage_taken":20,"relics_obtained":["Golden Idol"],"max_hp_gain":0,"max_hp_loss":0,"event_name":"Golden Idol","floor":5,"gold_loss":0},{"damage_healed":0,"gold_gain":75,"player_choice":"Touch","damage_taken":8,"max_hp_gain":0,"max_hp_loss":0,"event_name":"FaceTrader","floor":8,"gold_loss":0}],"is_beta":false,"boss_relics":[{"not_picked":["REME_DemonsWealth","Ectoplasm"],"picked":"Painkiller Herb"}],"items_purged_floors":[3],"is_endless":false,"potions_floor_spawned":[2,4,16,18],"killed_by":"Shell Parasite","ascension_level":0}}