{"host":"2c84cb4cp1emursg","time":1614363518,"event":{"mods":["Act Like it!","BaseMod","Better Third Choice","Bossed Relics","Ekko","Hermit","Minty Spire (QoL Compilation)","Permanent Neow","Reliquary","StSLib","The Blue Laboratory"],"gold_per_floor":[113,132,132,145,156,183,183,193,216,250,250,265,285,344,344,445,445,445,445],"floor_reached":18,"language":"ENG","playtime":1217,"items_purged":[],"score":174,"play_id":"62559572-a07c-4156-9849-5636db05f29e","local_time":"20210226111838","is_ascension_mode":false,"campfire_choices":[{"data":"ekkoTheBoyWhoShatteredTime:Powered","floor":7,"key":"SMITH"},{"data":"ekkoTheBoyWhoShatteredTime:Knowledge","floor":11,"key":"SMITH"},{"data":"ekkoTheBoyWhoShatteredTime:KeepingMomentum","floor":15,"key":"SMITH"}],"circlet_count":0,"master_deck":["ekkoTheBoyWhoShatteredTime:Strike","ekkoTheBoyWhoShatteredTime:Strike","ekkoTheBoyWhoShatteredTime:Strike","ekkoTheBoyWhoShatteredTime:Strike","ekkoTheBoyWhoShatteredTime:Strike","ekkoTheBoyWhoShatteredTime:Defend","ekkoTheBoyWhoShatteredTime:Defend","ekkoTheBoyWhoShatteredTime:Defend","ekkoTheBoyWhoShatteredTime:Defend","ekkoTheBoyWhoShatteredTime:Powered+1","ekkoTheBoyWhoShatteredTime:AfterimageTease","ekkoTheBoyWhoShatteredTime:FeelIt","ekkoTheBoyWhoShatteredTime:AfterimageTease","Iron Wave","ekkoTheBoyWhoShatteredTime:AfterimageDualStroke","ekkoTheBoyWhoShatteredTime:FeelIt","ekkoTheBoyWhoShatteredTime:Timewinder","ekkoTheBoyWhoShatteredTime:Greed","ekkoTheBoyWhoShatteredTime:Knowledge+1","ekkoTheBoyWhoShatteredTime:SpHit","ekkoTheBoyWhoShatteredTime:NashorsTooth","ekkoTheBoyWhoShatteredTime:KeepingMomentum+1","ekkoTheBoyWhoShatteredTime:TrueDamageTendency"],"relics":["ekkoTheBoyWhoShatteredTime:zDriveSKT","Bag of Preparation","reliquary:Spinner","Art of War"],"acts_visited":["Exordium","TheCity"],"potions_floor_usage":[14,16,16],"damage_taken":[{"damage":6,"enemies":"Small Slimes","floor":1,"turns":3},{"damage":0,"enemies":"Cultist","floor":2,"turns":3},{"damage":1,"enemies":"Jaw Worm","floor":4,"turns":3},{"damage":6,"enemies":"Looter","floor":5,"turns":3},{"damage":24,"enemies":"Lagavulin","floor":6,"turns":7},{"damage":6,"enemies":"Lots of Slimes","floor":8,"turns":4},{"damage":2,"enemies":"Gremlin Nob","floor":10,"turns":2},{"damage":0,"enemies":"2 Fungi Beasts","floor":12,"turns":2},{"damage":0,"enemies":"Looter","floor":13,"turns":2},{"damage":19,"enemies":"Gremlin Nob","floor":14,"turns":4},{"damage":1,"enemies":"Slime Boss","floor":16,"turns":8},{"damage":0,"enemies":"Chosen","floor":18,"turns":1}],"seed_played":"4979134444593374215","potions_obtained":[{"floor":2,"key":"Regen Potion"},{"floor":6,"key":"SkillPotion"},{"floor":10,"key":"blueLaboratory:PhilterOfMotion"},{"floor":14,"key":"blueLaboratory:StoneskinPotion"}],"is_trial":false,"path_per_floor":["M","M","?","M","M","E","R","M","T","E","R","M","M","?","R","B",null,"M"],"character_chosen":"EKKO_THE_BOY_WHO_SHATTERED_TIME","items_purchased":[],"campfire_rested":0,"item_purchase_floors":[],"current_hp_per_floor":[72,72,72,71,65,41,41,35,35,33,33,33,33,14,14,13,78,78,78],"gold":445,"neow_bonus":"THREE_CARDS","is_daily":false,"chose_seed":false,"campfire_upgraded":3,"win_rate":0.0,"timestamp":1614363518,"path_taken":["M","M","?","M","M","E","R","M","T","E","R","M","?","?","R","BOSS","M"],"items_purchased_type":[],"build_version":"2020-12-22","purchased_purges":0,"victory":false,"max_hp_per_floor":[78,78,78,78,78,78,78,78,78,78,78,78,78,78,78,78,78,78,78],"card_choices":[{"not_picked":["ekkoTheBoyWhoShatteredTime:Greed","ekkoTheBoyWhoShatteredTime:AfterimageHit"],"picked":"ekkoTheBoyWhoShatteredTime:AfterimageTease","floor":0},{"not_picked":["ekkoTheBoyWhoShatteredTime:HauntedAfterimage","ekkoTheBoyWhoShatteredTime:Timewinder"],"picked":"ekkoTheBoyWhoShatteredTime:FeelIt","floor":1},{"not_picked":["ekkoTheBoyWhoShatteredTime:HauntedAfterimage","ekkoTheBoyWhoShatteredTime:Greed"],"picked":"ekkoTheBoyWhoShatteredTime:AfterimageTease","floor":2},{"not_picked":["ekkoTheBoyWhoShatteredTime:AfterimageTease","ekkoTheBoyWhoShatteredTime:SpHit"],"picked":"ekkoTheBoyWhoShatteredTime:AfterimageDualStroke","floor":4},{"not_picked":["ekkoTheBoyWhoShatteredTime:DefensiveStance","ekkoTheBoyWhoShatteredTime:Resocharge"],"picked":"ekkoTheBoyWhoShatteredTime:FeelIt","floor":5},{"not_picked":["ekkoTheBoyWhoShatteredTime:Dash","ekkoTheBoyWhoShatteredTime:TimeIndustry"],"picked":"ekkoTheBoyWhoShatteredTime:Timewinder","floor":6},{"not_picked":["ekkoTheBoyWhoShatteredTime:Dash","ekkoTheBoyWhoShatteredTime:AfterimageTease"],"picked":"ekkoTheBoyWhoShatteredTime:Greed","floor":8},{"not_picked":["ekkoTheBoyWhoShatteredTime:PlayTheBeat","ekkoTheBoyWhoShatteredTime:IceBreak"],"picked":"ekkoTheBoyWhoShatteredTime:Knowledge","floor":10},{"not_picked":["ekkoTheBoyWhoShatteredTime:AfterimageHit","ekkoTheBoyWhoShatteredTime:LoadUp"],"picked":"ekkoTheBoyWhoShatteredTime:SpHit","floor":12},{"not_picked":["ekkoTheBoyWhoShatteredTime:PhaseDive","ekkoTheBoyWhoShatteredTime:AfterimageBait"],"picked":"ekkoTheBoyWhoShatteredTime:NashorsTooth","floor":13},{"not_picked":["ekkoTheBoyWhoShatteredTime:Confident","ekkoTheBoyWhoShatteredTime:SpHit"],"picked":"ekkoTheBoyWhoShatteredTime:KeepingMomentum","floor":14},{"not_picked":["ekkoTheBoyWhoShatteredTime:GrandeFinale","ekkoTheBoyWhoShatteredTime:CatchUpTime"],"picked":"ekkoTheBoyWhoShatteredTime:TrueDamageTendency","floor":16}],"player_experience":567066,"relics_obtained":[{"floor":6,"key":"Bag of Preparation"},{"floor":10,"key":"reliquary:Spinner"}],"event_choices":[{"cards_removed":["ekkoTheBoyWhoShatteredTime:TimeMaster"],"damage_healed":0,"gold_gain":0,"player_choice":"Took Card","damage_taken":0,"max_hp_gain":0,"max_hp_loss":0,"event_name":"NoteForYourself","floor":3,"gold_loss":0,"cards_obtained":["Iron Wave"]},{"damage_healed":0,"gold_gain":0,"player_choice":"Searched \u00272\u0027 times","damage_taken":0,"relics_obtained":["Art of War"],"max_hp_gain":0,"max_hp_loss":0,"event_name":"Dead Adventurer","floor":14,"gold_loss":0}],"is_beta":false,"boss_relics":[{"not_picked":["reliquary:KinkedSpring","ekkoTheBoyWhoShatteredTime:zDriveAcademy"],"picked":"ekkoTheBoyWhoShatteredTime:zDriveSKT"}],"items_purged_floors":[],"is_endless":false,"potions_floor_spawned":[2,6,10,13,14],"killed_by":"Chosen","ascension_level":0}}