{"host":"u2zgzag0koeblr9v","time":1614380777,"event":{"mods":["AchievementEnabler","BaseMod","Colored Map","Key Reminder","Minty Spire (QoL Compilation)"],"gold_per_floor":[113,131,131,131,131,164,179,217,244,244,264,287,287,327,327,448,448,466,466,466,480,495,538,538,538,538,637,673,272,288,304,304,434,434,447,472,122,122,147,147,190,205,205,238,254,130,170,188,188,188,188,188,4,47,47,47],"floor_reached":55,"language":"ENG","playtime":3038,"items_purged":["SashWhip","CarveReality"],"score":1468,"play_id":"efd30375-de28-43a1-a436-be140c136ffe","local_time":"20210226180617","is_ascension_mode":true,"campfire_choices":[{"data":"Eruption","floor":10,"key":"SMITH"},{"data":"BattleHymn","floor":13,"key":"SMITH"},{"data":"Wallop","floor":15,"key":"SMITH"},{"data":"Ghostly","floor":25,"key":"SMITH"},{"floor":32,"key":"REST"},{"data":"Omniscience","floor":40,"key":"SMITH"},{"floor":49,"key":"RECALL"},{"data":"TalkToTheHand","floor":52,"key":"SMITH"}],"circlet_count":0,"master_deck":["AscendersBane","Eruption+1","Vigilance+1","BattleHymn+1","CutThroughFate+1","Study","Wallop+1","Ragnarok","WaveOfTheHand","Worship","Sanctity","Wallop","EmptyBody","Ragnarok+1","Ghostly","Ghostly+1","Ghostly+1","Ghostly","Ghostly","FearNoEvil","SandsOfTime+1","Omniscience+1","TalkToTheHand+1","DeceiveReality+1","InnerPeace","Madness","Wallop+1"],"relics":["PureWater","NeowsBlessing","Golden Idol","Bronze Scales","Potion Belt","Blood Vial","Pen Nib","Akabeko","Oddly Smooth Stone","Pandora\u0027s Box","Whetstone","TeardropLocket","PreservedInsect","Bag of Preparation","War Paint","SlaversCollar","Strawberry","Omamori","WarpedTongs","Vajra","InkBottle","Peace Pipe","Blue Candle"],"acts_visited":["Exordium","TheCity","TheBeyond","TheEnding"],"potions_floor_usage":[8,30,30,33,45,50,55,55,55,55],"damage_taken":[{"damage":0,"enemies":"Cultist","floor":1,"turns":1},{"damage":0,"enemies":"2 Louse","floor":2,"turns":1},{"damage":0,"enemies":"Gremlin Nob","floor":6,"turns":1},{"damage":0,"enemies":"Small Slimes","floor":7,"turns":3},{"damage":17,"enemies":"3 Sentries","floor":8,"turns":4},{"damage":8,"enemies":"Exordium Wildlife","floor":11,"turns":6},{"damage":7,"enemies":"Gremlin Nob","floor":14,"turns":3},{"damage":0,"enemies":"Hexaghost","floor":16,"turns":7},{"damage":0,"enemies":"2 Thieves","floor":18,"turns":1},{"damage":18,"enemies":"3 Byrds","floor":21,"turns":4},{"damage":3,"enemies":"Snake Plant","floor":22,"turns":5},{"damage":13,"enemies":"Book of Stabbing","floor":23,"turns":6},{"damage":5,"enemies":"Gremlin Leader","floor":28,"turns":7},{"damage":0,"enemies":"Snecko","floor":30,"turns":2},{"damage":1,"enemies":"Shelled Parasite and Fungi","floor":31,"turns":2},{"damage":4,"enemies":"Collector","floor":33,"turns":10},{"damage":0,"enemies":"Orb Walker","floor":35,"turns":1},{"damage":6,"enemies":"3 Darklings","floor":36,"turns":7},{"damage":1,"enemies":"Transient","floor":39,"turns":5},{"damage":0,"enemies":"Reptomancer","floor":41,"turns":2},{"damage":0,"enemies":"Jaw Worm Horde","floor":42,"turns":2},{"damage":0,"enemies":"Giant Head","floor":44,"turns":5},{"damage":2,"enemies":"Sphere and 2 Shapes","floor":45,"turns":4},{"damage":0,"enemies":"Reptomancer","floor":47,"turns":3},{"damage":15,"enemies":"Maw","floor":48,"turns":7},{"damage":20,"enemies":"Awakened One","floor":50,"turns":8},{"damage":3,"enemies":"Shield and Spear","floor":54,"turns":3},{"damage":50,"enemies":"The Heart","floor":55,"turns":6}],"seed_played":"261833531624776507","potions_obtained":[{"floor":1,"key":"SteroidPotion"},{"floor":6,"key":"Swift Potion"},{"floor":14,"key":"SkillPotion"},{"floor":16,"key":"Weak Potion"},{"floor":22,"key":"ColorlessPotion"},{"floor":31,"key":"Dexterity Potion"},{"floor":33,"key":"LiquidBronze"},{"floor":39,"key":"ColorlessPotion"},{"floor":41,"key":"BottledMiracle"},{"floor":48,"key":"LiquidMemories"},{"floor":54,"key":"DistilledChaos"}],"is_trial":false,"path_per_floor":["M","M","?","?","?","E","M","E","T","R","M","T","R","E","R","B",null,"M","?","?","M","M","E","?","R","T","?","E","$","M","M","R","B",null,"M","M","$","?","M","R","E","M","T","E","M","$","E","M","R","B",null,"R","$","E","B"],"character_chosen":"WATCHER","items_purchased":["Bag of Preparation","War Paint","SmokeBomb","Strawberry","AttackPotion","Omamori","AttackPotion","Madness"],"campfire_rested":1,"item_purchase_floors":[29,29,29,37,37,37,46,53],"current_hp_per_floor":[65,65,47,47,35,35,35,18,18,18,12,12,12,7,7,9,56,58,58,36,18,17,6,6,6,6,6,3,3,5,6,16,14,31,33,29,36,36,37,37,39,41,41,43,41,41,43,28,28,10,35,35,35,34,0,0],"gold":47,"neow_bonus":"THREE_ENEMY_KILL","is_daily":false,"chose_seed":false,"campfire_upgraded":6,"win_rate":0.0,"timestamp":1614380777,"path_taken":["M","M","?","?","?","E","M","E","T","R","?","?","R","E","R","BOSS","M","?","?","M","M","E","?","R","T","?","E","?","M","M","R","BOSS","M","M","$","?","?","R","E","M","T","E","M","?","E","M","R","BOSS","R","$","E","BOSS"],"items_purchased_type":["Relic","Relic","Potion","Relic","Potion","Relic","Potion","Card"],"build_version":"2020-12-22","purchased_purges":2,"victory":false,"max_hp_per_floor":[72,72,72,72,72,72,72,72,72,72,72,72,72,72,72,72,72,72,72,36,36,36,36,36,36,36,36,36,36,36,36,36,36,36,36,36,43,43,43,43,43,43,43,43,43,43,43,43,43,43,43,43,43,43,43,43],"card_choices":[{"not_picked":["LikeWater","EmptyBody","EmptyFist"],"picked":"SKIP","floor":1},{"not_picked":["BowlingBash","Indignation","PathToVictory"],"picked":"SKIP","floor":2},{"not_picked":["CutThroughFate","Wallop"],"picked":"BattleHymn","floor":6},{"not_picked":["FollowUp","EmptyBody"],"picked":"CutThroughFate","floor":7},{"not_picked":["Protect","WreathOfFlame"],"picked":"Study","floor":8},{"not_picked":["EmptyBody","FlurryOfBlows","Swivel"],"picked":"SKIP","floor":11},{"not_picked":["SashWhip","Protect"],"picked":"Wallop","floor":14},{"not_picked":["Judgement","SpiritShield"],"picked":"Ragnarok","floor":16},{"not_picked":["FollowUp+1","PathToVictory","ClearTheMind"],"picked":"SKIP","floor":18},{"not_picked":["BowlingBash","Collect"],"picked":"FearNoEvil","floor":21},{"not_picked":["CutThroughFate","WaveOfTheHand","InnerPeace+1"],"picked":"SKIP","floor":22},{"not_picked":["CrushJoints","BowlingBash","ThirdEye"],"picked":"SKIP","floor":23},{"not_picked":["FearNoEvil+1","ClearTheMind"],"picked":"SandsOfTime+1","floor":28},{"not_picked":["ClearTheMind","SashWhip","Crescendo"],"picked":"SKIP","floor":30},{"not_picked":["Collect","BowlingBash","CarveReality"],"picked":"SKIP","floor":31},{"not_picked":["Ragnarok","Alpha"],"picked":"Omniscience","floor":33},{"not_picked":["FlurryOfBlows","EmptyFist","WaveOfTheHand"],"picked":"SKIP","floor":35},{"not_picked":["BattleHymn+1","Vengeance","Conclude+1"],"picked":"SKIP","floor":36},{"not_picked":["BowlingBash","Worship+1"],"picked":"TalkToTheHand","floor":39},{"not_picked":["Weave","Consecrate+1"],"picked":"DeceiveReality+1","floor":41},{"not_picked":["CrushJoints","SashWhip","ThirdEye"],"picked":"SKIP","floor":42},{"not_picked":["ThirdEye+1","ClearTheMind","EmptyFist+1"],"picked":"SKIP","floor":44},{"not_picked":["FlyingSleeves+1","SashWhip","Consecrate+1"],"picked":"SKIP","floor":45},{"not_picked":["Collect+1","JustLucky+1"],"picked":"InnerPeace","floor":47},{"not_picked":["WindmillStrike+1","Consecrate","Prostrate"],"picked":"SKIP","floor":48},{"not_picked":["ClearTheMind+1","Protect"],"picked":"Wallop+1","floor":54}],"player_experience":388519,"relics_obtained":[{"floor":6,"key":"Potion Belt"},{"floor":8,"key":"Blood Vial"},{"floor":9,"key":"Pen Nib"},{"floor":12,"key":"Akabeko"},{"floor":14,"key":"Oddly Smooth Stone"},{"floor":23,"key":"Whetstone"},{"floor":26,"key":"TeardropLocket"},{"floor":28,"key":"PreservedInsect"},{"floor":41,"key":"Vajra"},{"floor":44,"key":"InkBottle"},{"floor":47,"key":"Peace Pipe"},{"floor":54,"key":"Blue Candle"}],"event_choices":[{"damage_healed":0,"gold_gain":0,"player_choice":"Take Damage","damage_taken":18,"relics_obtained":["Golden Idol"],"max_hp_gain":0,"max_hp_loss":0,"event_name":"Golden Idol","floor":3,"gold_loss":0},{"damage_healed":0,"gold_gain":0,"player_choice":"Ignored","damage_taken":0,"max_hp_gain":0,"max_hp_loss":0,"event_name":"Liars Game","floor":4,"gold_loss":0},{"damage_healed":0,"gold_gain":0,"player_choice":"Success","damage_taken":12,"relics_obtained":["Bronze Scales"],"max_hp_gain":0,"max_hp_loss":0,"event_name":"Scrap Ooze","floor":5,"gold_loss":0},{"damage_healed":0,"gold_gain":0,"player_choice":"Ignored","damage_taken":0,"max_hp_gain":0,"max_hp_loss":0,"event_name":"Vampires","floor":19,"gold_loss":0},{"damage_healed":0,"gold_gain":0,"player_choice":"Became a Ghost","damage_taken":0,"max_hp_gain":0,"max_hp_loss":36,"event_name":"Ghosts","floor":20,"gold_loss":0,"cards_obtained":["Ghostly","Ghostly","Ghostly","Ghostly","Ghostly"]},{"damage_healed":0,"gold_gain":0,"player_choice":"Ignored","damage_taken":0,"max_hp_gain":0,"max_hp_loss":0,"event_name":"The Mausoleum","floor":24,"gold_loss":0},{"damage_healed":0,"gold_gain":99,"player_choice":"Stole From Cult","damage_taken":0,"max_hp_gain":0,"max_hp_loss":0,"event_name":"Nest","floor":27,"gold_loss":0},{"damage_healed":0,"gold_gain":0,"player_choice":"Rummage","damage_taken":0,"relics_obtained":["WarpedTongs"],"max_hp_gain":0,"max_hp_loss":0,"event_name":"Accursed Blacksmith","floor":38,"gold_loss":0,"cards_obtained":["Pain"]}],"is_beta":false,"boss_relics":[{"not_picked":["Runic Pyramid","Cursed Key"],"picked":"Pandora\u0027s Box"},{"not_picked":["VioletLotus","Velvet Choker"],"picked":"SlaversCollar"}],"items_purged_floors":[46,53],"is_endless":false,"potions_floor_spawned":[1,6,14,16,22,23,31,33,39,41,42,47,48,54],"killed_by":"The Heart","ascension_level":11}}