{"host":"z439itq93uucuvou","time":1614356934,"event":{"mods":["BaseMod","Downfall","Jorbs\u0027s Wanderer Trilogy","Minty Spire (QoL Compilation)","StSLib"],"gold_per_floor":[99,112,130,130,149,162,189,189,189,189,207,207,222,237,256,256,256,256],"floor_reached":16,"language":"ENG","playtime":893,"items_purged":[],"score":101,"play_id":"f72f9e14-e40c-4493-9abc-c1fab6587d4f","local_time":"20210226082854","is_ascension_mode":true,"campfire_choices":[{"data":"Thinking Ahead","floor":1.0,"key":"SMITH"},{"data":"bronze:Goto","floor":10.0,"key":"SMITH"},{"floor":12.0,"key":"REST"}],"circlet_count":0,"master_deck":["bronze:Strike","bronze:Strike","bronze:Strike","bronze:Strike","bronze:Defend","bronze:Defend","bronze:Defend","bronze:Defend","bronze:Replicate","bronze:Goto+1","Thinking Ahead+1","bronze:FollowUp","bronze:Shell","bronze:Spike","bronze:DazingPulse","bronze:CloningBeam","bronze:MaxOutput","bronze:HyperBeam","bronze:BitShift","bronze:FindAndReplace"],"relics":["bronze:BronzeCore","Bag of Marbles","FossilizedHelix"],"acts_visited":["Exordium"],"potions_floor_usage":[14],"damage_taken":[{"damage":1.0,"enemies":"Cultist","floor":2.0,"turns":4.0},{"damage":2.0,"enemies":"Small Slimes","floor":3.0,"turns":3.0},{"damage":30.0,"enemies":"Small Slimes","floor":4.0,"turns":8.0},{"damage":6.0,"enemies":"Jaw Worm","floor":5.0,"turns":4.0},{"damage":13.0,"enemies":"Red Slaver","floor":6.0,"turns":4.0},{"damage":0.0,"enemies":"Exordium Thugs","floor":11.0,"turns":4.0},{"damage":2.0,"enemies":"Blue Slaver","floor":13.0,"turns":4.0},{"damage":0,"enemies":"2 Fungi Beasts","floor":14,"turns":3},{"damage":0,"enemies":"Large Slime","floor":15,"turns":5},{"damage":31,"enemies":"DF_ARCHETYPE_STREAMLINE","floor":16,"turns":6}],"seed_played":"6050126918950842726","potions_obtained":[{"floor":4.0,"key":"SkillPotion"},{"floor":5.0,"key":"Swift Potion"},{"floor":11.0,"key":"Block Potion"},{"floor":15,"key":"DuplicationPotion"}],"is_trial":false,"path_per_floor":["R","M","M","?","M","M","T","?","T","R","M","R","M","M","M","B"],"character_chosen":"THE_AUTOMATON","items_purchased":[],"campfire_rested":1,"item_purchase_floors":[],"current_hp_per_floor":[63,62,60,30,24,11,11,11,11,11,11,29,27,27,27,0,0,0],"gold":256,"neow_bonus":"RANDOM_COLORLESS_2","is_daily":false,"chose_seed":false,"campfire_upgraded":2,"win_rate":0.0,"timestamp":1614356934,"path_taken":["R","M","M","?","M","M","T","?","?","R","?","R","M","M","M","BOSS"],"items_purchased_type":[],"build_version":"2020-12-22","purchased_purges":0,"victory":false,"max_hp_per_floor":[63,63,63,63,63,63,63,63,63,63,63,63,63,63,63,63,63,63],"card_choices":[{"not_picked":["Violence","Chrysalis"],"picked":"Thinking Ahead","floor":0.0},{"not_picked":["bronze:Refactor","bronze:BitShift"],"picked":"bronze:FollowUp","floor":2.0},{"not_picked":["bronze:Separator","bronze:BugBarrage"],"picked":"bronze:Shell","floor":3.0},{"not_picked":[],"picked":"bronze:Spike","floor":4.0},{"not_picked":[],"picked":"bronze:DazingPulse","floor":4.0},{"not_picked":["bronze:WildBeam","bronze:CutThrough"],"picked":"bronze:CloningBeam","floor":5.0},{"not_picked":["bronze:Separator","bronze:OilSpill"],"picked":"bronze:MaxOutput","floor":6.0},{"not_picked":["bronze:DelayedSlice","bronze:Iterate"],"picked":"bronze:HyperBeam","floor":11.0},{"not_picked":["bronze:Allocate","bronze:DarkDash"],"picked":"bronze:BitShift","floor":13.0},{"not_picked":["bronze:Constructor","bronze:OilSpill"],"picked":"bronze:FindAndReplace","floor":14},{"not_picked":["bronze:Deprecate","bronze:Shell","bronze:DelayedGuard"],"picked":"SKIP","floor":15}],"player_experience":1768287,"relics_obtained":[{"floor":7.0,"key":"Bag of Marbles"},{"floor":9.0,"key":"FossilizedHelix"}],"event_choices":[],"is_beta":false,"boss_relics":[],"items_purged_floors":[],"is_endless":false,"potions_floor_spawned":[4,5,11,15],"killed_by":"DF_ARCHETYPE_STREAMLINE","ascension_level":1}}