{"host":"nihqlga4zpmrcpl9","time":1614347901,"event":{"mods":["BaseMod","LagranYue(拉格朗・月)","Marisa（F雨　魔理沙）","Minty Spire (QoL Compilation)","Replay The Spire","Shop Mod","StSLib","The Bug Knight","The Cursed","The Hierophant","The Servant 0.9.4"],"gold_per_floor":[109,128,47,63,79,107,107,126,207,47,47,60,79,106,106,202,202,215,233,233,233],"floor_reached":20,"language":"ZHS","playtime":940,"items_purged":[],"score":244,"play_id":"cd851192-3f36-4d15-bed0-6a175d7186c4","local_time":"20210226215821","is_ascension_mode":true,"campfire_choices":[{"data":"Capacitor","floor":7,"key":"SMITH"},{"data":"Defragment","floor":15,"key":"SMITH"}],"circlet_count":0,"master_deck":["Strike_B","Strike_B","Strike_B","Strike_B","Defend_B","Defend_B","Defend_B","Defend_B","Zap","Dualcast","Conserve Battery","Capacitor+1","Auto Shields","Genetic Algorithm","Undo","Doom and Gloom","Defragment+1","Defragment","Sunder","Cold Snap","Coolheaded","Creative AI","Reinforced Body","Double Energy"],"relics":["Cracked Core","LagranYue:RandomDrawCardRelic","Blood Vial","Unceasing Top","Divine Protection","MerchantsRug","DataDisk","LagranYue:SoulBurningRelic"],"acts_visited":["Exordium","TheCity"],"potions_floor_usage":[14],"damage_taken":[{"damage":2,"enemies":"Jaw Worm","floor":1,"turns":4},{"damage":0,"enemies":"Cultist","floor":2,"turns":3},{"damage":2,"enemies":"2 Louse","floor":4,"turns":2},{"damage":0,"enemies":"Looter","floor":5,"turns":4},{"damage":35,"enemies":"3 Sentries","floor":6,"turns":9},{"damage":3,"enemies":"Blue Slaver","floor":8,"turns":5},{"damage":0,"enemies":"2 Fungi Beasts","floor":12,"turns":5},{"damage":7,"enemies":"3 Louse","floor":13,"turns":3},{"damage":11,"enemies":"Gremlin Nob","floor":14,"turns":4},{"damage":6,"enemies":"Slime Boss","floor":16,"turns":8},{"damage":9,"enemies":"2 Thieves","floor":18,"turns":5},{"damage":27,"enemies":"3 Byrds","floor":19,"turns":5},{"damage":45,"enemies":"3 Cultists","floor":20,"turns":6}],"seed_played":"6113370453648201793","potions_obtained":[{"floor":4,"key":"Doom Potion"},{"floor":8,"key":"Elixir"},{"floor":12,"key":"FocusPotion"},{"floor":13,"key":"SteroidPotion"},{"floor":14,"key":"Block Potion"},{"floor":18,"key":"EssenceOfDarkness"}],"is_trial":false,"path_per_floor":["M","M","?","M","M","E","R","M","T","$","$","M","M","E","R","B",null,"M","M","M"],"character_chosen":"DEFECT","items_purchased":["MerchantsRug","Defragment"],"campfire_rested":0,"item_purchase_floors":[10,10],"current_hp_per_floor":[73,73,73,73,75,42,42,41,41,41,41,43,38,29,29,25,67,59,33,0,0],"gold":233,"neow_bonus":"TEN_PERCENT_HP_BONUS","is_daily":false,"chose_seed":false,"campfire_upgraded":2,"win_rate":0.0,"timestamp":1614347901,"path_taken":["M","M","?","M","M","E","R","M","T","?","$","M","M","E","R","BOSS","M","M","?"],"items_purchased_type":["Relic","Card"],"build_version":"2020-12-22","purchased_purges":0,"victory":false,"max_hp_per_floor":[82,82,82,82,82,82,82,82,82,82,82,82,82,82,82,82,82,82,82,82,82],"card_choices":[{"not_picked":["BasicCrystalCard","Panic Button"],"picked":"Conserve Battery","floor":1},{"not_picked":["Sweeping Beam","BasicCrystalCard"],"picked":"Capacitor","floor":2},{"not_picked":["Go for the Eyes","Coolheaded"],"picked":"Auto Shields","floor":4},{"not_picked":["Rebound","Redo"],"picked":"Genetic Algorithm","floor":5},{"not_picked":["White Noise","Reprogram"],"picked":"Undo","floor":6},{"not_picked":["Compile Driver","Sweeping Beam"],"picked":"Doom and Gloom","floor":8},{"not_picked":["Core Surge","Hologram"],"picked":"Sunder","floor":12},{"not_picked":["Undo","Go for the Eyes"],"picked":"Cold Snap","floor":13},{"not_picked":["Go for the Eyes","ReplaySort"],"picked":"Coolheaded","floor":14},{"not_picked":["Amplify","Mirror Shield"],"picked":"Creative AI","floor":16},{"not_picked":["FTL","Sunder"],"picked":"Reinforced Body","floor":18},{"not_picked":["Gash+1","Conserve Battery"],"picked":"Double Energy","floor":19}],"player_experience":847204,"relics_obtained":[{"floor":6,"key":"Unceasing Top"},{"floor":9,"key":"Divine Protection"},{"floor":14,"key":"DataDisk"}],"event_choices":[{"damage_healed":0,"gold_gain":0,"player_choice":"Paid Gold","damage_taken":0,"relics_obtained":["Blood Vial"],"max_hp_gain":0,"max_hp_loss":0,"event_name":"WeMeetAgain","floor":3,"gold_loss":81}],"is_beta":false,"boss_relics":[{"not_picked":["Honey Jar","Snecko Eye"],"picked":"LagranYue:SoulBurningRelic"}],"items_purged_floors":[],"is_endless":false,"potions_floor_spawned":[4,8,12,13,14,18,19],"killed_by":"3 Cultists","ascension_level":6}}