{"host":"sqt6c5vt7d1y5xtt","time":1614311496,"event":{"mods":["AchievementEnabler","BaseMod","Block Reminder","Lobotomy","Minty Spire (QoL Compilation)","Quick Restart"],"gold_per_floor":[114,114,127,127,8,8,41,41,64,84,84,98,98,23,23,128,128,148,160,37,54,74,74,74],"floor_reached":23,"language":"KOR","playtime":752,"items_purged":["Defend_R","FairyFestival"],"score":191,"play_id":"eee51c2a-a5e4-4e25-98f2-c04e18963f12","local_time":"20210226005136","is_ascension_mode":false,"campfire_choices":[{"data":"Inflame","floor":6,"key":"SMITH"},{"data":"Pummel","floor":8,"key":"SMITH"},{"data":"Battle Trance","floor":11,"key":"SMITH"},{"data":"Flex","floor":15,"key":"SMITH"}],"circlet_count":0,"master_deck":["Strike_R","Strike_R","Strike_R","Strike_R","Strike_R","Defend_R","Defend_R","Bash+1","Yin","Battle Trance+1","Pummel+1","Inflame+1","Headbutt","CrumblingArmor","Pommel Strike","Flex+1","Sword Boomerang+1","OSAHOGD","Limit Break","BigBadWolf","Clothesline","BlueStar","Headbutt","Flex","DreamingCurrent","Flex","WhitesApple","Metallicize"],"relics":["Burning Blood","CogitoBucket","Red Skull","Regal Pillow","Black Star","Yang_Lob","HellTrain"],"acts_visited":["Exordium","TheCity"],"potions_floor_usage":[16,19,23,23],"damage_taken":[{"damage":11,"enemies":"Jaw Worm","floor":1,"turns":2},{"damage":6,"enemies":"2 Louse","floor":3,"turns":4},{"damage":22,"enemies":"Gremlin Nob","floor":7,"turns":4},{"damage":8,"enemies":"Small Slimes","floor":10,"turns":2},{"damage":8,"enemies":"Gremlin Gang","floor":12,"turns":3},{"damage":46,"enemies":"Hexaghost","floor":16,"turns":5},{"damage":85,"enemies":"2 Thieves","floor":18,"turns":5},{"damage":0,"enemies":"Spheric Guardian","floor":19,"turns":2},{"damage":15,"enemies":"Shelled Parasite and Fungi","floor":21,"turns":2},{"damage":21,"enemies":"3 Cultists","floor":22,"turns":4},{"damage":35,"enemies":"Slavers","floor":23,"turns":2}],"seed_played":"86805217491273240","potions_obtained":[{"floor":1,"key":"Dexterity Potion"},{"floor":10,"key":"FearPotion"},{"floor":16,"key":"EssenceOfSteel"},{"floor":19,"key":"Fruit Juice"}],"is_trial":false,"path_per_floor":["M","?","M","?","$","R","E","R","T","M","R","M","?","$","R","B",null,"M","M","$","M","M","E"],"character_chosen":"IRONCLAD","items_purchased":["Inflame","Headbutt","Flex"],"campfire_rested":0,"item_purchase_floors":[5,5,20],"current_hp_per_floor":[75,68,68,68,68,68,52,52,52,50,50,48,48,48,48,12,80,12,23,23,14,23,0,0],"gold":74,"neow_bonus":"","is_daily":false,"chose_seed":false,"campfire_upgraded":4,"win_rate":0.0,"timestamp":1614311496,"path_taken":["M","?","M","?","?","R","E","R","T","M","R","M","?","$","R","BOSS","M","M","$","M","M","E"],"items_purchased_type":["Card","Card","Card"],"build_version":"2020-12-22","purchased_purges":2,"victory":false,"max_hp_per_floor":[80,80,80,80,80,80,80,80,80,80,80,80,80,80,80,80,80,80,85,85,85,85,85,85],"card_choices":[{"not_picked":["BeautyBeast","MeatLantern"],"picked":"Yin","floor":1},{"not_picked":["Flex","Bloodletting"],"picked":"Battle Trance","floor":1},{"not_picked":["Metallicize","Evolve"],"picked":"Pummel","floor":3},{"not_picked":["MHz","SpiderBud","SnowQueen"],"picked":"Singing Bowl","floor":7},{"not_picked":["UniverseFragment","BeautyBeast"],"picked":"CrumblingArmor","floor":7},{"not_picked":["Impervious","Shockwave"],"picked":"Pommel Strike","floor":7},{"not_picked":["PunishingBird","WallGazer"],"picked":"LongBird","floor":10},{"not_picked":["Clash","Dual Wield"],"picked":"Flex","floor":10},{"not_picked":["WhitesApple","Bloodbath","CherryBlossoms"],"picked":"Singing Bowl","floor":12},{"not_picked":["UniverseFragment","Mercenary"],"picked":"FairyFestival","floor":12},{"not_picked":["Metallicize","Flame Barrier"],"picked":"Sword Boomerang","floor":12},{"not_picked":["NakedNest","MHz"],"picked":"OSAHOGD","floor":16},{"not_picked":["Brutality","Barricade"],"picked":"Limit Break","floor":16},{"not_picked":["OldLady","FieryBird"],"picked":"BigBadWolf","floor":18},{"not_picked":["Power Through+1","Perfected Strike"],"picked":"Clothesline","floor":18},{"not_picked":["NakedNest","Wellcheers"],"picked":"BlueStar","floor":19},{"not_picked":["Clash","Dual Wield"],"picked":"Headbutt","floor":19},{"not_picked":["FieryBird","Bloodbath"],"picked":"DreamingCurrent","floor":21},{"not_picked":["Rupture","Dropkick"],"picked":"Flex","floor":21},{"not_picked":["CherryBlossoms","Freischutz"],"picked":"WhitesApple","floor":22},{"not_picked":["Ghostly Armor","Anger"],"picked":"Metallicize","floor":22}],"player_experience":163610,"relics_obtained":[{"floor":7,"key":"Red Skull"},{"floor":9,"key":"Regal Pillow"}],"event_choices":[{"cards_removed":["Defend_R"],"damage_healed":0,"gold_gain":0,"player_choice":"Card Removal","damage_taken":7,"max_hp_gain":0,"max_hp_loss":0,"event_name":"Golden Wing","floor":2,"gold_loss":0},{"damage_healed":0,"gold_gain":0,"player_choice":"Grow","damage_taken":0,"max_hp_gain":0,"max_hp_loss":0,"event_name":"Living Wall","floor":4,"gold_loss":0,"cards_upgraded":["Bash"]},{"damage_healed":0,"gold_gain":0,"player_choice":"Upgraded","damage_taken":0,"max_hp_gain":0,"max_hp_loss":0,"event_name":"Upgrade Shrine","floor":13,"gold_loss":0,"cards_upgraded":["Sword Boomerang"]}],"is_beta":false,"boss_relics":[{"not_picked":["Runic Dome","Fusion Hammer"],"picked":"Black Star"}],"items_purged_floors":[14,20],"is_endless":false,"potions_floor_spawned":[1,10,16,19],"killed_by":"Slavers","ascension_level":0}}