{"host":"sim2kxx81cjsn49b","time":1614358536,"event":{"mods":["ATMod(阿瑾Mod)","BaseMod","Minty Spire (QoL Compilation)","Reliquary","StSLib","TestMod","Waifu the Spire"],"gold_per_floor":[113,113,113,123,143,169,169,195,195,232,232,277,294,317,317,410,410,473,748,388,128,128,128,168,168,168,168,209,43,101,123,123,222,222,239,114,114,166,199,241,241,278,302,340,360,360,398,430,430,454,470,470,470,110,144,227],"floor_reached":57,"language":"ZHS","playtime":2461,"items_purged":["Regret","Survivor","Tools of the Trade","AT_TwilightShroud"],"score":3984,"play_id":"8b030fde-4ee7-41dc-a6e2-68ab2eca0929","local_time":"20210227005536","is_ascension_mode":true,"campfire_choices":[{"data":"Concentrate","floor":7.0,"key":"SMITH"},{"data":"Blade Dance","floor":11.0,"key":"SMITH"},{"data":"Envenom","floor":15.0,"key":"SMITH"},{"data":"Escape Plan","floor":23.0,"key":"SMITH"},{"data":"Reflex","floor":27.0,"key":"SMITH"},{"floor":32.0,"key":"RECALL"},{"data":"Backflip","floor":41.0,"key":"SMITH"},{"data":"AT_WomanClash","floor":49.0,"key":"SMITH"},{"data":"AT_KneejerkReflex","floor":53.0,"key":"SMITH"}],"circlet_count":0,"master_deck":["AscendersBane","Neutralize+1","AT_WindFlip+1","AT_WomanClash+1","AT_KneejerkReflex+1","Distraction","PiercingWail","Envenom+1","Backflip+1","Prepared+1","Concentrate+1","Blade Dance+1","Terror+1","Adrenaline+1","Escape Plan+1","Underhanded Strike","Reflex+1","testmod-TemporaryDeletion"],"relics":["Ring of the Snake","testmod-TestBox","AT_ATBox","testmod-PortableAltar","NeowsBlessing","FaceOfCleric","testmod-Acrobat","AT_SilvercatRing","testmod-RainbowHikingShoes","reliquary:SharkskinSheath","Runic Pyramid","Singing Bowl","Akabeko","Sundial","Enchiridion","AT_Kusabimaru","Mango","AT_SeraphEmbrace","reliquary:PartyBalloon","testmod-TimeTraveler","Tough Bandages","reliquary:Aerogel","reliquary:OuijaBoard","Strawberry","testmod-InjuryResistance","reliquary:HotPoker","testmod-BalancedPeriapt"],"acts_visited":["Exordium","TheCity","TheBeyond","TheEnding"],"potions_floor_usage":[56,56],"damage_taken":[{"damage":1.0,"enemies":"2 Louse","floor":1.0,"turns":1.0},{"damage":1.0,"enemies":"Cultist","floor":4.0,"turns":1.0},{"damage":0.0,"enemies":"Small Slimes","floor":5.0,"turns":1.0},{"damage":19.0,"enemies":"Lagavulin","floor":6.0,"turns":7.0},{"damage":9.0,"enemies":"Exordium Thugs","floor":8.0,"turns":5.0},{"damage":2.0,"enemies":"Gremlin Nob","floor":10.0,"turns":4.0},{"damage":2.0,"enemies":"3 Sentries","floor":12.0,"turns":3.0},{"damage":0.0,"enemies":"3 Louse","floor":13.0,"turns":1.0},{"damage":1.0,"enemies":"Blue Slaver","floor":14.0,"turns":3.0},{"damage":0.0,"enemies":"Hexaghost","floor":16.0,"turns":3.0},{"damage":0.0,"enemies":"2 Thieves","floor":18.0,"turns":3.0},{"damage":0.0,"enemies":"Gremlin Leader","floor":24.0,"turns":1.0},{"damage":0.0,"enemies":"Slavers","floor":28.0,"turns":1.0},{"damage":0.0,"enemies":"Gremlin Leader","floor":30.0,"turns":1.0},{"damage":0.0,"enemies":"Spheric Guardian","floor":31.0,"turns":1.0},{"damage":0.0,"enemies":"Automaton","floor":33.0,"turns":1.0},{"damage":0.0,"enemies":"3 Darklings","floor":35.0,"turns":1.0},{"damage":0.0,"enemies":"Mind Bloom Boss Battle","floor":39.0,"turns":1.0},{"damage":0.0,"enemies":"Giant Head","floor":40.0,"turns":1.0},{"damage":0.0,"enemies":"Nemesis","floor":42.0,"turns":1.0},{"damage":0.0,"enemies":"Reptomancer","floor":44.0,"turns":1.0},{"damage":0.0,"enemies":"3 Shapes","floor":45.0,"turns":1.0},{"damage":0.0,"enemies":"Nemesis","floor":47.0,"turns":1.0},{"damage":0.0,"enemies":"Writhing Mass","floor":48.0,"turns":3.0},{"damage":0.0,"enemies":"Awakened One","floor":50.0,"turns":2.0},{"damage":0.0,"enemies":"Donu and Deca","floor":51.0,"turns":1.0},{"damage":0.0,"enemies":"Shield and Spear","floor":55.0,"turns":1.0},{"damage":25,"enemies":"The Heart","floor":56,"turns":4}],"seed_played":"7092180839742056647","potions_obtained":[{"floor":4.0,"key":"Block Potion"},{"floor":6.0,"key":"Strength Potion"},{"floor":13.0,"key":"testmod-SpacePotion"},{"floor":14.0,"key":"Strength Potion"},{"floor":16.0,"key":"Weak Potion"},{"floor":24.0,"key":"DuplicationPotion"},{"floor":39.0,"key":"testmod-SpacePotion"},{"floor":42.0,"key":"Swift Potion"}],"is_trial":false,"path_per_floor":["M","?","?","M","M","E","R","M","T","E","R","E","M","M","R","B",null,"M","?","$","$","?","R","E","?","T","R","E","$","E","M","R","B",null,"M","$","?","T","?","E","R","E","T","E","M","?","E","M","R","B","B",null,"R","$","E","B",null],"character_chosen":"THE_SILENT","items_purchased":["Singing Bowl","Akabeko","AT_ArchangelStaff","Fruit Juice","testmod-TemporaryDeletion"],"campfire_rested":0,"item_purchase_floors":[20,21,29,54,54],"current_hp_per_floor":[58,58,58,58,59,41,41,33,33,32,32,31,32,32,32,33,52,53,53,53,53,53,53,53,31,31,31,48,48,51,54,54,57,66,69,69,65,65,68,71,71,74,81,84,87,84,86,88,87,87,87,86,85,84,89,66],"gold":227,"neow_bonus":"THREE_ENEMY_KILL","is_daily":false,"chose_seed":false,"campfire_upgraded":8,"win_rate":0.0,"timestamp":1614358536,"path_taken":["M","?","?","M","M","E","R","M","T","E","R","E","M","?","R","BOSS","M","?","?","$","?","R","E","?","T","R","E","$","E","M","R","BOSS","M","$","?","?","?","E","R","E","T","E","M","?","E","M","R","BOSS","BOSS","R","$","E","BOSS"],"items_purchased_type":["Relic","Relic","Relic","Potion","Card"],"build_version":"2020-12-22","purchased_purges":4,"victory":true,"max_hp_per_floor":[65,64,63,63,63,63,62,62,61,61,60,60,60,60,59,59,58,58,57,56,55,54,53,53,52,51,50,66,65,67,69,68,70,69,71,70,75,74,76,78,77,79,85,87,89,84,86,88,87,87,87,86,85,84,89,89],"card_choices":[{"not_picked":["AT_WindFlip","Dash","Skewer"],"picked":"SKIP","floor":1.0},{"not_picked":["AT_KneejerkReflex","Outmaneuver"],"picked":"Prepared","floor":4.0},{"not_picked":["Flying Knee","Poisoned Stab"],"picked":"Concentrate","floor":5.0},{"not_picked":["All Out Attack","Backflip","Prepared"],"picked":"SKIP","floor":6.0},{"not_picked":["Poisoned Stab","Concentrate"],"picked":"Blade Dance","floor":8.0},{"not_picked":["Flying Knee","Endless Agony"],"picked":"Terror","floor":10.0},{"not_picked":["Underhanded Strike","Prepared","Outmaneuver"],"picked":"SKIP","floor":12.0},{"not_picked":["Dagger Throw","Poisoned Stab","Masterful Stab"],"picked":"SKIP","floor":13.0},{"not_picked":["Crippling Poison","Outmaneuver","Poisoned Stab"],"picked":"SKIP","floor":14.0},{"not_picked":["Wraith Form v2","AT_EssenceShift"],"picked":"Adrenaline","floor":16.0},{"not_picked":["Catalyst+1","Expertise","Deadly Poison"],"picked":"SKIP","floor":18.0},{"not_picked":["Calculated Gamble","Dagger Throw"],"picked":"Reflex","floor":24.0},{"not_picked":["Deflect","Blur","AT_WindFlip"],"picked":"Singing Bowl","floor":28.0},{"not_picked":["Acrobatics","AT_MyraUnstableElement","Bane"],"picked":"Singing Bowl","floor":30.0},{"not_picked":["Deflect","Sucker Punch","Backflip"],"picked":"Singing Bowl","floor":31.0},{"not_picked":["Wraith Form v2","Die Die Die","AT_MyraUnstableElement"],"picked":"Singing Bowl","floor":33.0},{"not_picked":["Dagger Spray","Poisoned Stab","Choke"],"picked":"Singing Bowl","floor":35.0},{"not_picked":["testmod-Reproduce","Madness","Apotheosis"],"picked":"Singing Bowl","floor":37.0},{"not_picked":["testmod-SunMoon","Flash of Steel","testmod-Bloodthirsty"],"picked":"Singing Bowl","floor":37.0},{"not_picked":["testmod-Reflect","Blind","Purity"],"picked":"Singing Bowl","floor":37.0},{"not_picked":["Flying Knee","Deadly Poison","Cloak And Dagger+1"],"picked":"Singing Bowl","floor":39.0},{"not_picked":["Backstab+1","Deadly Poison","AT_WindRun"],"picked":"Singing Bowl","floor":40.0},{"not_picked":["Outmaneuver","Blade Dance","Leg Sweep+1"],"picked":"Singing Bowl","floor":42.0},{"not_picked":["Outmaneuver","Blade Dance+1","Concentrate"],"picked":"Singing Bowl","floor":44.0},{"not_picked":["Flying Knee","Distraction","Deadly Poison"],"picked":"Singing Bowl","floor":45.0},{"not_picked":["Leg Sweep","Tools of the Trade","AT_TinkerSharpsword"],"picked":"Singing Bowl","floor":47.0},{"not_picked":["Deadly Poison","Dagger Throw","Dagger Spray"],"picked":"Singing Bowl","floor":48.0},{"not_picked":["Prepared+1","Catalyst","Footwork"],"picked":"Singing Bowl","floor":55.0}],"player_experience":651820,"relics_obtained":[{"floor":6.0,"key":"testmod-Acrobat"},{"floor":9.0,"key":"AT_SilvercatRing"},{"floor":10.0,"key":"testmod-RainbowHikingShoes"},{"floor":12.0,"key":"reliquary:SharkskinSheath"},{"floor":24.0,"key":"Sundial"},{"floor":25.0,"key":"Enchiridion"},{"floor":26.0,"key":"AT_Kusabimaru"},{"floor":28.0,"key":"Mango"},{"floor":30.0,"key":"reliquary:PartyBalloon"},{"floor":39.0,"key":"Tough Bandages"},{"floor":40.0,"key":"reliquary:Aerogel"},{"floor":42.0,"key":"reliquary:OuijaBoard"},{"floor":43.0,"key":"Strawberry"},{"floor":44.0,"key":"testmod-InjuryResistance"},{"floor":47.0,"key":"reliquary:HotPoker"},{"floor":55.0,"key":"testmod-BalancedPeriapt"}],"event_choices":[{"damage_healed":0.0,"max_hp_gain":0.0,"max_hp_loss":0.0,"gold_gain":0.0,"event_name":"给自己的盒子","player_choice":"Swap Relic","floor":2.0,"relics_lost":["Pandora\u0027s Box"],"gold_loss":0.0,"damage_taken":0.0,"relics_obtained":["Pandora\u0027s Box"]},{"damage_healed":0.0,"max_hp_gain":0.0,"max_hp_loss":0.0,"gold_gain":0.0,"event_name":"FaceTrader","player_choice":"Trade","floor":3.0,"gold_loss":0.0,"damage_taken":0.0,"relics_obtained":["FaceOfCleric"]},{"damage_healed":0.0,"max_hp_gain":0.0,"max_hp_loss":0.0,"gold_gain":275.0,"event_name":"Golden Shrine","player_choice":"Desecrate","floor":19.0,"gold_loss":0.0,"damage_taken":0.0,"cards_obtained":["Regret"]},{"damage_healed":0.0,"max_hp_gain":0.0,"max_hp_loss":0.0,"gold_gain":0.0,"cards_transformed":["Poisoned Stab","Dash"],"event_name":"Drug Dealer","player_choice":"Became Test Subject","floor":22.0,"gold_loss":0.0,"damage_taken":0.0,"cards_obtained":["Escape Plan","Underhanded Strike"]},{"damage_healed":0.0,"max_hp_gain":0.0,"max_hp_loss":0.0,"gold_gain":0.0,"event_name":"Cursed Tome","player_choice":"Obtained Book","floor":25.0,"gold_loss":0.0,"damage_taken":21.0},{"damage_healed":0.0,"max_hp_gain":0.0,"max_hp_loss":0.0,"gold_gain":0.0,"event_name":"SensoryStone","player_choice":"Memory 3","floor":37.0,"gold_loss":0.0,"damage_taken":10.0},{"damage_healed":0.0,"max_hp_gain":0.0,"max_hp_loss":0.0,"gold_gain":0.0,"event_name":"MindBloom","player_choice":"Fight","floor":39.0,"gold_loss":0.0,"damage_taken":0.0},{"damage_healed":0.0,"max_hp_gain":0.0,"max_hp_loss":4.0,"gold_gain":0.0,"event_name":"Winding Halls","player_choice":"Max HP","floor":46.0,"gold_loss":0.0,"damage_taken":0.0}],"is_beta":false,"boss_relics":[{"not_picked":["testmod-EnergyCheck","Philosopher\u0027s Stone"],"picked":"Runic Pyramid"},{"not_picked":["testmod-GoldenSoul","Calling Bell"],"picked":"testmod-TimeTraveler"}],"items_purged_floors":[20,21,36,54],"is_endless":false,"potions_floor_spawned":[4,6,13,14,16,24,31,33,35,39,42],"ascension_level":20}}