{"host":"zp8jvycvinn13jdb","time":1614299601,"event":{"mods":["BaseMod","Better Match","Colored Powertips","Downfall","Googly Eyes","Hermit","Minty Spire (QoL Compilation)","Rare Cards Sparkle","Relic Stats","StSLib","SuperFastMode","Synergy Search","The Bug Knight","The Cursed"],"gold_per_floor":[113,29,29,39,56,85,103,103,127,127,127,127,157,63,63,165,165,155,155,60,60,71,71,89,89,114,126,138,138],"floor_reached":28,"language":"ENG","playtime":1369,"items_purged":[],"score":226,"play_id":"8f71963c-2878-4043-b534-b7db26d992df","local_time":"20210225193321","is_ascension_mode":false,"campfire_choices":[{"floor":8,"key":"REST"},{"floor":10,"key":"REST"},{"floor":12,"key":"REST"},{"floor":15,"key":"REST"},{"floor":23,"key":"REST"},{"floor":27,"key":"REST"}],"circlet_count":0,"master_deck":["Strike_G","Strike_G","Strike_G","Strike_G","Defend_G","Defend_G","Defend_G","Defend_G","Defend_G","Survivor","Neutralize","Footwork","Swift Strike","Underhanded Strike","Prepared","Dagger Throw","Deflect","Flying Knee","Enlightenment","Venomology","Sucker Punch+1","Finesse","Finisher"],"relics":["Ring of the Snake","Toy Ornithopter","Ancient Tea Set","Lantern","Bag of Preparation","Black Star","MawBank"],"acts_visited":["Exordium","TheCity"],"potions_floor_usage":[16,16,16,24],"damage_taken":[{"damage":0,"enemies":"Cultist","floor":1,"turns":4},{"damage":0,"enemies":"2 Louse","floor":3,"turns":3},{"damage":1,"enemies":"Jaw Worm","floor":4,"turns":4},{"damage":17,"enemies":"Looter","floor":5,"turns":3},{"damage":33,"enemies":"Lagavulin","floor":6,"turns":13},{"damage":7,"enemies":"Blue Slaver","floor":7,"turns":3},{"damage":27,"enemies":"3 Sentries","floor":13,"turns":10},{"damage":70,"enemies":"The Guardian","floor":16,"turns":22},{"damage":20,"enemies":"2 Thieves","floor":18,"turns":4},{"damage":18,"enemies":"Shell Parasite","floor":22,"turns":9},{"damage":30,"enemies":"Centurion and Healer","floor":24,"turns":8},{"damage":41,"enemies":"Snecko","floor":28,"turns":9}],"seed_played":"110453142575073603","potions_obtained":[{"floor":1,"key":"Swift Potion"},{"floor":5,"key":"Swift Potion"},{"floor":7,"key":"Weak Potion"},{"floor":18,"key":"CultistPotion"},{"floor":21,"key":"GhostInAJar"},{"floor":21,"key":"Guardian:BlockOnCardUsePotion"}],"is_trial":false,"path_per_floor":["M","$","M","M","M","E","M","R","T","R","?","R","E","$","R","B",null,"M","?","$","?","M","R","M","?","T","R","M"],"character_chosen":"THE_SILENT","items_purchased":["Swift Strike","Enlightenment","Finesse"],"campfire_rested":6,"item_purchase_floors":[2,14,20],"current_hp_per_floor":[70,70,70,69,52,19,12,33,33,54,54,70,43,43,64,9,70,50,37,37,37,19,41,16,16,16,38,0,0],"gold":138,"neow_bonus":"RANDOM_COMMON_RELIC","is_daily":false,"chose_seed":false,"campfire_upgraded":0,"win_rate":0.0,"timestamp":1614299601,"path_taken":["M","$","M","M","M","E","?","R","T","R","?","R","E","?","R","BOSS","M","?","$","?","M","R","?","?","T","R","M"],"items_purchased_type":["Card","Card","Card"],"build_version":"2020-12-22","purchased_purges":0,"victory":false,"max_hp_per_floor":[70,70,70,70,70,70,70,70,70,70,70,70,70,70,70,70,70,70,75,75,75,75,75,75,75,75,75,75,75],"relic_stats":{"counters":[12,92],"Bag of Preparation":[10],"Black Star":0,"MawBank":24,"obtain_stats":[{"Lantern":9,"Bag of Preparation":13,"Black Star":17,"Ancient Tea Set":6,"MawBank":26,"Toy Ornithopter":0,"Ring of the Snake":0},{"Lantern":6,"Bag of Preparation":7,"Black Star":8,"Ancient Tea Set":5,"MawBank":11,"Toy Ornithopter":0,"Ring of the Snake":0},{"Lantern":30,"Bag of Preparation":40,"Black Star":62,"Ancient Tea Set":27,"MawBank":83,"Toy Ornithopter":0,"Ring of the Snake":0}],"Toy Ornithopter":20,"Ring of the Snake":[24]},"card_choices":[{"not_picked":["Crippling Poison","Deflect"],"picked":"Footwork","floor":1},{"not_picked":["Dagger Throw","Blade Dance"],"picked":"Underhanded Strike","floor":3},{"not_picked":["Terror","Poisoned Stab","Dash"],"picked":"SKIP","floor":4},{"not_picked":["Sucker Punch","Bullet Time"],"picked":"Prepared","floor":5},{"not_picked":["Prepared","Underhanded Strike"],"picked":"Dagger Throw","floor":6},{"not_picked":["Accuracy","Bane"],"picked":"Deflect","floor":7},{"not_picked":["Footwork","Finisher"],"picked":"Flying Knee","floor":13},{"not_picked":["Burst","Unload"],"picked":"Venomology","floor":16},{"not_picked":["Flying Knee","Deadly Poison"],"picked":"Sucker Punch+1","floor":18},{"not_picked":["Eviscerate","Dodge and Roll"],"picked":"Finisher","floor":22},{"not_picked":["Dagger Spray","Deadly Poison+1","Night Terror"],"picked":"SKIP","floor":24}],"player_experience":201858,"relics_obtained":[{"floor":6,"key":"Ancient Tea Set"},{"floor":9,"key":"Lantern"},{"floor":13,"key":"Bag of Preparation"},{"floor":26,"key":"MawBank"}],"event_choices":[{"cards_removed":["Strike_G"],"damage_healed":0,"gold_gain":0,"player_choice":"Forget","damage_taken":0,"max_hp_gain":0,"max_hp_loss":0,"event_name":"Living Wall","floor":11,"gold_loss":0},{"damage_healed":0,"gold_gain":0,"player_choice":"Shed Blood","damage_taken":18,"max_hp_gain":5,"max_hp_loss":0,"event_name":"Forgotten Altar","floor":19,"gold_loss":0},{"damage_healed":0,"gold_gain":0,"player_choice":"Got Potions","damage_taken":0,"max_hp_gain":0,"max_hp_loss":0,"event_name":"Lab","floor":21,"gold_loss":0},{"damage_healed":0,"gold_gain":0,"player_choice":"Ignored","damage_taken":0,"max_hp_gain":0,"max_hp_loss":0,"event_name":"Ghosts","floor":25,"gold_loss":0}],"is_beta":false,"boss_relics":[{"not_picked":["Busted Crown","Runic Dome"],"picked":"Black Star"}],"items_purged_floors":[],"is_endless":false,"potions_floor_spawned":[1,5,7,18,24],"killed_by":"Snecko","ascension_level":0}}