{"host":"9oysz4knkucnjyyz","time":1614374132,"event":{"mods":["100% Spire Juice","2.2 Compatiblity","A Penny For Your Troubles","Act Like it!","BaseMod","Better Altar","Better Match","Better Note","Better Sensory Stone","Better Skull","Better Third Choice","BetterRewards","Displayed Cursed Tome","Downfall","Friendly Minions","Googly Eyes","GungeonMod","Hallownest","Hermit","Library of Ruina","Library of Ruina Extra","Lobotomy","LobotomyExtend","Minty Spire (QoL Compilation)","Reliquary","Spicy Shops","Spire Arcade","Spire Birthday Party","StSLib","The Bug Knight","Wide Potions","everything is the same but u backflip on backflip","slay the spire mod where everything is the same but ironclad has a cowboy hat"],"gold_per_floor":[114,289,307,317,334,365,365,400,400,400,418,430,430,430,430,535,535,552,565,565,575,497,527,541,541,590,616,636,419,419],"floor_reached":29,"language":"ENG","playtime":1259,"items_purged":[],"score":341,"play_id":"bd8d34c5-70c7-4d9e-8551-7f97941d973d","local_time":"20210226161532","is_ascension_mode":true,"campfire_choices":[{"data":"SenseQuarry","floor":7,"key":"SMITH"},{"data":"TrashDisposal","floor":10,"key":"SMITH"},{"data":"Faith","floor":13,"key":"SMITH"},{"data":"TendonChords","floor":15,"key":"SMITH"},{"data":"SuanNi","floor":25,"key":"SMITH"}],"circlet_count":0,"master_deck":["Dodge","LightDefense","LightAttack","LightAttack+1","LightAttack","LightDefense","LightDefense","LightDefense","ChargeAndCover","FocusedStrikes","WallGazer","Riposte","Doubt","BodiesMountain","Parry2","TendonChords+1","QueenBee","Faith+1","Wellcheers","SenseQuarry+1","BlueStar","TrashDisposal+1","Freischutz","Fence","PunishingBird","FleetFootsteps","Bloodbath","Eradication","RagingStormLove","Scorched","PuppetBlockade+1","EmotionalTurbulence+1","SuanNi+1","Wallop_lor+1","MeltingLove","Observe","LaLuna","SunsetBlade","Unlock1+1"],"relics":["PageOfLibrarian","CogitoBucket","RabbitCall","LetterFromLob","Juzu Bracelet","PageOfFreischutz","reliquary:PurpleTingedLeaf","TreeSap","reliquary:Craggleroot","LuminousBracelet","PageOfSpiderBud","Whetstone","Pen Nib"],"acts_visited":["Exordium","TheCity"],"potions_floor_usage":[5,8,21,21,21,29,29],"damage_taken":[{"damage":5,"enemies":"Small Slimes","floor":1,"turns":4},{"damage":7,"enemies":"Jaw Worm","floor":3,"turns":4},{"damage":7,"enemies":"2 Louse","floor":4,"turns":3},{"damage":8,"enemies":"Gremlin Gang","floor":5,"turns":4},{"damage":17,"enemies":"HollowMod:MossKnight","floor":6,"turns":4},{"damage":13,"enemies":"3 Sentries","floor":8,"turns":5},{"damage":12,"enemies":"Blue Slaver","floor":11,"turns":3},{"damage":0,"enemies":"3 Louse","floor":12,"turns":2},{"damage":7,"enemies":"Hexaghost","floor":16,"turns":4},{"damage":3,"enemies":"Shell Parasite","floor":18,"turns":2},{"damage":3,"enemies":"Chosen","floor":19,"turns":3},{"damage":47,"enemies":"Sentry and Sphere","floor":21,"turns":6},{"damage":7,"enemies":"Slavers","floor":23,"turns":4},{"damage":0,"enemies":"Snake Plant","floor":24,"turns":2},{"damage":16,"enemies":"Book of Stabbing","floor":27,"turns":4},{"damage":3,"enemies":"Shelled Parasite and Fungi","floor":28,"turns":3},{"damage":139,"enemies":"Cultist and Chosen","floor":29,"turns":4}],"seed_played":"1929516493415334956","potions_obtained":[{"floor":1,"key":"Energy Potion"},{"floor":3,"key":"Fire Potion"},{"floor":12,"key":"PowerPotion"},{"floor":16,"key":"champ:CounterPotion"},{"floor":18,"key":"Block Potion"},{"floor":23,"key":"Strength Potion"},{"floor":28,"key":"SteroidPotion"}],"is_trial":false,"path_per_floor":["M","?","M","M","M","E","R","E","T","R","M","M","R","M","R","B",null,"M","M","?","M","$","E","M","R","T","E","M","M"],"character_chosen":"Librarian","items_purchased":["SuanNi"],"campfire_rested":0,"item_purchase_floors":[22],"current_hp_per_floor":[55,55,50,47,54,43,43,48,48,48,43,44,44,44,44,58,77,77,74,74,55,55,66,76,76,76,77,85,0,0],"gold":419,"neow_bonus":"","is_daily":false,"chose_seed":false,"campfire_upgraded":5,"win_rate":0.0,"timestamp":1614374132,"path_taken":["M","?","M","M","M","E","R","E","T","R","M","M","R","M","R","BOSS","M","M","?","M","$","E","M","R","T","E","M","M"],"items_purchased_type":["Card"],"build_version":"2020-12-22","purchased_purges":0,"victory":false,"max_hp_per_floor":[73,73,73,73,73,73,73,77,77,77,77,77,77,77,77,77,77,77,74,74,89,89,89,89,89,89,89,89,89,89],"card_choices":[{"not_picked":["OldLady","UniverseFragment"],"picked":"WallGazer","floor":1},{"not_picked":["EndlessBattle","RushDown","ViolentFlame","CoordinatedAssault","AsThePrescriptOrders","StructuralAnalysis","Pound","SnakesPrey"],"picked":"Riposte","floor":1},{"not_picked":["FairyFestival","PunishingBird"],"picked":"BodiesMountain","floor":3},{"not_picked":["SparkingSpear","EnergyShield","QuickAttack","SuppressingShot","FierceOnslaught","ReadyUp","IronWall","Rewind"],"picked":"Parry2","floor":3},{"not_picked":["OldLady","MHz"],"picked":"BigBird","floor":4},{"not_picked":["HiddenBlade","StayCalm","Rewind","BackAttack","ChiWen","Wallop_lor","EnergyShield","Parry"],"picked":"TendonChords","floor":4},{"not_picked":["UniverseFragment","FairyFestival","WhitesApple"],"picked":"Singing Bowl","floor":5},{"not_picked":["Alriune","FairyFestival"],"picked":"QueenBee","floor":5},{"not_picked":["InnerArdor","EndlessBattle","DriedUp","InhaleSmoke","Wallop_lor","Mutilate","YoureTooSlow","Pound"],"picked":"Faith","floor":5},{"not_picked":["CherryBlossoms","CrumblingArmor","FairyFestival"],"picked":"Singing Bowl","floor":6},{"not_picked":["OldLady","Murderer"],"picked":"Wellcheers","floor":6},{"not_picked":["Slice_lor","HandleRequest","StructuralAnalysis","DarkCloud","Bvapour","Reload","BackstreetsDash","RatsGuideToSurvival"],"picked":"SenseQuarry","floor":6},{"not_picked":["Laetitia","GalaxyChild"],"picked":"BlueStar","floor":8},{"not_picked":["Reload","Unlock1","LawAndOrder","SuppressingShot","ChopItOff","AlloutWar","YoureTooSlow","VenomousFangs"],"picked":"TrashDisposal","floor":8},{"not_picked":["RedShoes","CrumblingArmor"],"picked":"Freischutz","floor":11},{"not_picked":["FocusFire","PuppetBlockade","BackAttack","EnergyStrike","DefenseOrder","MindPrepared","WaitUp","TendonChords"],"picked":"Fence","floor":11},{"not_picked":["DespairKnight","MeatLantern","Scarecrow"],"picked":"Singing Bowl","floor":12},{"not_picked":["CrumblingArmor","WhitesApple"],"picked":"PunishingBird","floor":12},{"not_picked":["RulesOfTheBackstreets","FierceCharge","BlowItUp","DesperateStruggle","SmokingPipe","EnergyShield","SharpSwipe","HandleRequest"],"picked":"FleetFootsteps","floor":12},{"not_picked":["ShyLook","Murderer","BigBadWolf"],"picked":"Singing Bowl","floor":16},{"not_picked":["SingingMachine","MeatLantern"],"picked":"Bloodbath","floor":16},{"not_picked":["BlazingStrike","RepressedFlesh"],"picked":"Eradication","floor":16},{"not_picked":["HappyTeddy","Funeral","LittleHelper"],"picked":"Singing Bowl","floor":18},{"not_picked":["EnergyCycle","Multislash+1","ClassAndRespect+1","NightInTheBackstreets","ProselytesBlade","SinglePointStab","Quickness","DesperateStruggle"],"picked":"RagingStormLove","floor":18},{"not_picked":["BeautyBeast","DespairKnight"],"picked":"Scorched","floor":19},{"not_picked":["Concentration","Parry2+1","EnergyCycle+1","PreemptiveStrike","FleetFootsteps+1","Quickness+1","RepressedFlesh","QuickAttack+1"],"picked":"PuppetBlockade+1","floor":19},{"not_picked":["UniverseFragment","DreamingCurrent","Murderer"],"picked":"Singing Bowl","floor":21},{"not_picked":["SweepTheBackstreets","BizarreAttack+1","Pound","AlloutWar","DarkCloud","LawAndOrder","SunsetBlade","StrikeDown"],"picked":"EmotionalTurbulence","floor":21},{"not_picked":["ShyLook","BeautyBeast","Porccubus"],"picked":"Singing Bowl","floor":23},{"not_picked":["HandleRequest","ToOvercomeCrisis","AsThePrescriptOrders","UpbeatPerformance","QuickAttack","StructuralAnalysis","YoureTooSlow","PinpointShot"],"picked":"Wallop_lor+1","floor":23},{"not_picked":["FieryBird","WhitesApple"],"picked":"MeltingLove","floor":24},{"not_picked":["BindingArms+1","NightInTheBackstreets","Reload","Parry2","SharpNails","FierceOnslaught+1","Guardian_lor","DesperateStruggle"],"picked":"Observe","floor":24},{"not_picked":["Rudolta","Murderer","BeautyBeast"],"picked":"Singing Bowl","floor":27},{"not_picked":["BeautyBeast","SingingMachine"],"picked":"LaLuna","floor":27},{"not_picked":["HighKick","Suppress","Brawl","EnergyCycle","NightInTheBackstreets","BiAn","Parry","GreatSerpentsImpact"],"picked":"SunsetBlade","floor":27},{"not_picked":["Funeral","MeatLantern","HeroicMonk"],"picked":"Singing Bowl","floor":28},{"not_picked":["Retaliate+1","AsThePrescriptOrders","AssaultOrder","HiddenBlade+1","QuickSuppression+1","MultiHit+1","Creak+1","YourShield"],"picked":"Unlock1+1","floor":28}],"player_experience":396211,"relics_obtained":[{"floor":1,"key":"LetterFromLob"},{"floor":6,"key":"Juzu Bracelet"},{"floor":8,"key":"PageOfFreischutz"},{"floor":9,"key":"reliquary:PurpleTingedLeaf"},{"floor":23,"key":"PageOfSpiderBud"},{"floor":26,"key":"Whetstone"},{"floor":27,"key":"Pen Nib"}],"event_choices":[{"damage_healed":0,"gold_gain":175,"player_choice":"AGREE","damage_taken":114,"max_hp_gain":0,"max_hp_loss":0,"event_name":"betterThird:BetterSerpent","floor":2,"gold_loss":0}],"is_beta":false,"boss_relics":[{"not_picked":["Astrolabe","reliquary:Ember"],"picked":"reliquary:Craggleroot"}],"items_purged_floors":[],"is_endless":false,"potions_floor_spawned":[1,3,12,16,18,23,28],"killed_by":"Cultist and Chosen","ascension_level":1}}