{"host":"rsbhidffjle4v6w5","time":1614355518,"event":{"mods":["Act Like it!","Ascension Reborn","BaseMod","Better Note","Better Third Choice","BetterRewards","Block Reminder","Colored Map","Hermit","Minty Spire (QoL Compilation)","Quick Restart","Replay The Spire","Ruina","StSLib"],"gold_per_floor":[116,134,134,12,32,32,32,32,32,46,70,117,117,142,142,270,270,303,303,352,352,78,78,104,148,196,141,166,195,237,261,261,385,385,420,214,214,214],"floor_reached":37,"language":"ENG","playtime":1168,"items_purged":["Pain","Decay"],"score":484,"play_id":"912f1ed4-eabd-468c-b37d-8d22933ad19c","local_time":"20210226190518","is_ascension_mode":true,"campfire_choices":[{"data":"hermit:CursedWeapon","floor":6.0,"key":"SMITH"},{"floor":8.0,"key":"RECALL"},{"data":"hermit:FlashPowder","floor":15.0,"key":"SMITH"},{"data":"hermit:Magnum","floor":23.0,"key":"SMITH"},{"data":"hermit:WideOpen","floor":32,"key":"SMITH"}],"circlet_count":0,"master_deck":["hermit:Strike_Hermit+1","hermit:Strike_Hermit+1","hermit:Strike_Hermit+1","hermit:Strike_Hermit+1","hermit:Defend_Hermit+1","hermit:Defend_Hermit+1","hermit:Defend_Hermit+1","hermit:Defend_Hermit+1","hermit:Snapshot+1","hermit:Covet+1","hermit:GoldenBullet+1","hermit:FlashPowder+1","hermit:GhostlyPresence","hermit:Brawl+1","hermit:CursedWeapon+1","hermit:WideOpen+1","hermit:BodyArmor+1","hermit:FinalCanter","hermit:Magnum+1","Pot Of Greed","Flash of Steel","hermit:Maintenance+1","hermit:Enervate","hermit:WideOpen+1","hermit:HighNoon"],"relics":["Cursed Key","Bag of Marbles","Ancient Tea Set","Replay:Bandana","Centennial Puzzle","Smiling Mask","Black Star","Red Mask","MutagenicStrength","ReplayTheSpireMod:TigerMarble","War Paint","Oddly Smooth Stone","Mummified Hand","White Beast Statue","Pear","Lantern","Fusion Hammer","Lee\u0027s Waffle"],"acts_visited":["Exordium","TheCity","TheBeyond"],"potions_floor_usage":[30,31,33],"damage_taken":[{"damage":0.0,"enemies":"2 Louse","floor":1.0,"turns":2.0},{"damage":2.0,"enemies":"Cultist","floor":2.0,"turns":4.0},{"damage":0.0,"enemies":"Jaw Worm","floor":5.0,"turns":1.0},{"damage":2.0,"enemies":"Large Slime","floor":10.0,"turns":1.0},{"damage":3.0,"enemies":"Gremlin Nob","floor":12.0,"turns":2.0},{"damage":2.0,"enemies":"Red Slaver","floor":14.0,"turns":1.0},{"damage":12.0,"enemies":"Hexaghost","floor":16.0,"turns":5.0},{"damage":2.0,"enemies":"Spheric Guardian","floor":18.0,"turns":1.0},{"damage":3.0,"enemies":"Masked Bandits","floor":20.0,"turns":3.0},{"damage":0.0,"enemies":"Shell Parasite","floor":24.0,"turns":2.0},{"damage":6.0,"enemies":"3 Cultists","floor":25.0,"turns":4.0},{"damage":12.0,"enemies":"Slavers","floor":27.0,"turns":4.0},{"damage":4.0,"enemies":"Snecko","floor":28.0,"turns":3.0},{"damage":9.0,"enemies":"Shelled Parasite and Fungi","floor":29.0,"turns":4.0},{"damage":2,"enemies":"Book of Stabbing","floor":30,"turns":2},{"damage":2,"enemies":"3 Cultists","floor":31,"turns":4},{"damage":39,"enemies":"Champ","floor":33,"turns":8},{"damage":2,"enemies":"3 Darklings","floor":35,"turns":3}],"seed_played":"3726445985641328481","potions_obtained":[{"floor":1.0,"key":"Weak Potion"},{"floor":2.0,"key":"AttackPotion"},{"floor":12.0,"key":"Swift Potion"},{"floor":14.0,"key":"Adrenaline Potion"},{"floor":20.0,"key":"Elixir"},{"floor":25.0,"key":"BlessingOfTheForge"},{"floor":28.0,"key":"DuplicationPotion"},{"floor":29.0,"key":"Weak Potion"},{"floor":30,"key":"Explosive Potion"},{"floor":31,"key":"GamblersBrew"},{"floor":33,"key":"Doom Potion"},{"floor":35,"key":"EntropicBrew"}],"is_trial":false,"path_per_floor":["M","M","?","$","M","R","?","R","T","M","T","E","?","M","R","B",null,"M","?","?","?","$","R","M","M","T","E","M","M","E","M","R","B",null,"M","$","?"],"character_chosen":"HERMIT","items_purchased":["hermit:GhostlyPresence","hermit:Brawl+1","ReplayTheSpireMod:TigerMarble","Flash of Steel","Lee\u0027s Waffle"],"campfire_rested":0,"item_purchase_floors":[4,4,22,22,36],"current_hp_per_floor":[75,73,73,73,73,73,73,73,73,71,71,68,68,66,66,54,75,73,73,70,70,70,70,70,64,64,52,48,39,47,45,45,6,85,83,92,82,82],"gold":214,"neow_bonus":"BOSS_RELIC","is_daily":false,"chose_seed":false,"campfire_upgraded":4,"win_rate":0.0,"timestamp":1614355518,"path_taken":["M","M","?","?","?","R","?","R","T","?","?","E","?","M","R","BOSS","M","?","?","?","?","R","M","M","T","E","M","?","E","M","R","BOSS","M","$","?"],"items_purchased_type":["Card","Card","Relic","Card","Relic"],"build_version":"2020-12-22","purchased_purges":2,"victory":false,"max_hp_per_floor":[75,75,75,75,75,75,75,75,75,75,75,75,75,75,75,75,75,75,75,75,75,75,75,75,75,75,75,75,75,85,85,85,85,85,85,92,92,92],"card_choices":[{"not_picked":["hermit:FullyLoaded","hermit:Misfire"],"picked":"hermit:GoldenBullet","floor":1.0},{"not_picked":["hermit:FullyLoaded","hermit:HoleUp"],"picked":"hermit:FlashPowder","floor":2.0},{"not_picked":["hermit:Coalescence","hermit:CursedWeapon","hermit:Dive"],"picked":"SKIP","floor":5.0},{"not_picked":["hermit:Coalescence","hermit:Dive"],"picked":"hermit:CursedWeapon","floor":5.0},{"not_picked":["hermit:Headshot","hermit:Snipe"],"picked":"hermit:WideOpen","floor":10.0},{"not_picked":["hermit:Ricochet","hermit:Coalescence"],"picked":"hermit:BodyArmor","floor":12.0},{"not_picked":["hermit:Showdown","hermit:CursedWeapon"],"picked":"hermit:FinalCanter","floor":14.0},{"not_picked":["hermit:FatalDesire","hermit:BlackWind"],"picked":"hermit:Magnum","floor":16.0},{"not_picked":["hermit:Coalescence","hermit:Roulette","hermit:ItchyTrigger"],"picked":"SKIP","floor":18.0},{"not_picked":["hermit:Brawl+1","hermit:WideOpen"],"picked":"hermit:Maintenance","floor":24.0},{"not_picked":["hermit:Headshot","hermit:Determination","hermit:LowProfile"],"picked":"SKIP","floor":25.0},{"not_picked":["hermit:EternalForm","hermit:Roulette"],"picked":"hermit:Enervate","floor":27.0},{"not_picked":["hermit:SprayPray","hermit:TakeAim","hermit:TrackingShot+1"],"picked":"SKIP","floor":28.0},{"not_picked":["hermit:CursedWeapon","hermit:HighCaliber","hermit:Gestalt"],"picked":"SKIP","floor":29.0},{"not_picked":["hermit:SprayPray","hermit:Malice"],"picked":"hermit:WideOpen+1","floor":30},{"not_picked":["hermit:WideOpen","hermit:LowProfile","hermit:BigShot+1"],"picked":"SKIP","floor":31},{"not_picked":["hermit:EternalForm","hermit:FatalDesire"],"picked":"hermit:HighNoon","floor":33},{"not_picked":["hermit:LuckOfTheDraw","hermit:BodyArmor","hermit:LowProfile+1"],"picked":"SKIP","floor":35}],"player_experience":1180142,"relics_obtained":[{"floor":9.0,"key":"Ancient Tea Set"},{"floor":11.0,"key":"Replay:Bandana"},{"floor":11.0,"key":"Centennial Puzzle"},{"floor":12.0,"key":"Smiling Mask"},{"floor":20.0,"key":"Red Mask"},{"floor":26.0,"key":"War Paint"},{"floor":26.0,"key":"Oddly Smooth Stone"},{"floor":27.0,"key":"Mummified Hand"},{"floor":27.0,"key":"White Beast Statue"},{"floor":30,"key":"Pear"},{"floor":30,"key":"Lantern"}],"event_choices":[{"damage_healed":0.0,"max_hp_gain":0.0,"max_hp_loss":0.0,"gold_gain":0.0,"event_name":"WeMeetAgain","player_choice":"Gave Potion","floor":3.0,"gold_loss":0.0,"damage_taken":0.0,"relics_obtained":["Bag of Marbles"]},{"damage_healed":0.0,"max_hp_gain":0.0,"max_hp_loss":0.0,"gold_gain":0.0,"event_name":"Upgrade Shrine","player_choice":"Ignored","floor":7.0,"gold_loss":0.0,"damage_taken":0.0},{"damage_healed":0.0,"max_hp_gain":0.0,"max_hp_loss":0.0,"gold_gain":0.0,"event_name":"Accursed Blacksmith","player_choice":"Forge","floor":13.0,"gold_loss":0.0,"damage_taken":0.0,"cards_upgraded":["hermit:GoldenBullet"]},{"cards_removed":["Pain"],"damage_healed":0.0,"max_hp_gain":0.0,"max_hp_loss":0.0,"gold_gain":0.0,"event_name":"betterNote:BetterNote","player_choice":"Take \u0026 Give","floor":19.0,"gold_loss":0.0,"damage_taken":0.0,"cards_obtained":["Pot Of Greed"]},{"damage_healed":0.0,"max_hp_gain":0.0,"max_hp_loss":0.0,"gold_gain":0.0,"event_name":"Masked Bandits","player_choice":"Fought Bandits","floor":20.0,"gold_loss":0.0,"damage_taken":0.0},{"damage_healed":0.0,"max_hp_gain":0.0,"max_hp_loss":0.0,"gold_gain":0.0,"event_name":"Drug Dealer","player_choice":"Inject Mutagens","floor":21.0,"gold_loss":0.0,"damage_taken":0.0,"relics_obtained":["MutagenicStrength"]},{"damage_healed":0,"gold_gain":0,"player_choice":"Memory 3","damage_taken":10,"max_hp_gain":0,"max_hp_loss":0,"event_name":"SensoryStone","floor":37,"gold_loss":0}],"is_beta":false,"boss_relics":[{"not_picked":["ReplayTheSpireMod:DimensionalGlitch","Kintsugi"],"picked":"Black Star"},{"not_picked":["Runic Dome","Abe\u0027s Treasure"],"picked":"Fusion Hammer"}],"items_purged_floors":[22,36],"is_endless":false,"potions_floor_spawned":[1,2,12,14,20,25,28,29,30,31,33,35],"ascension_level":0}}