{"host":"b7j598ve05halrwk","time":1614326990,"event":{"mods":["2.2 Compatiblity","BaseMod","Block Reminder","DeckTracker","Minty Spire (QoL Compilation)","Relic Stats","Slay the Relics Exporter","StSLib","ojb\u0027s Better Paths Mod","ojb\u0027s Info Mod"],"gold_per_floor":[112,126,12,52,66,91,91,117,197,197,211,211,211,221,221,298,298,315,315,341,366,366,366,366],"floor_reached":23,"language":"ENG","playtime":1432,"items_purged":["Shame"],"score":398,"play_id":"f2b384e9-85e8-470b-a02d-8ba44e5d6bb4","local_time":"20210226030950","is_ascension_mode":true,"campfire_choices":[{"floor":10,"key":"REST"},{"data":"1","floor":13,"key":"LIFT"},{"data":"2","floor":15,"key":"LIFT"}],"circlet_count":0,"master_deck":["AscendersBane","Strike_B","Strike_B","Strike_B","Strike_B","Defend_B","Defend_B","Defend_B","Defend_B","Zap","Dualcast","Magnetism","Sweeping Beam","Glacier","Glacier","Melter","Conserve Battery","Doom and Gloom","Doom and Gloom","Hologram","Pain","Undo","Electrodynamics","Barrage+1","RitualDagger"],"relics":["Cracked Core","StoneCalendar","Girya","White Beast Statue","WarpedTongs","Fusion Hammer","Bag of Preparation","Red Mask"],"acts_visited":["Exordium","TheCity"],"potions_floor_usage":[6,8,16,21,23,23],"damage_taken":[{"damage":6,"enemies":"Cultist","floor":1,"turns":4},{"damage":21,"enemies":"Small Slimes","floor":2,"turns":4},{"damage":7,"enemies":"Jaw Worm","floor":4,"turns":4},{"damage":0,"enemies":"Large Slime","floor":5,"turns":10},{"damage":13,"enemies":"3 Sentries","floor":6,"turns":25},{"damage":9,"enemies":"Lagavulin","floor":8,"turns":8},{"damage":0,"enemies":"3 Louse","floor":11,"turns":2},{"damage":1,"enemies":"Looter","floor":14,"turns":2},{"damage":16,"enemies":"Slime Boss","floor":16,"turns":8},{"damage":4,"enemies":"Chosen","floor":18,"turns":4},{"damage":0,"enemies":"Masked Bandits","floor":21,"turns":2},{"damage":60,"enemies":"Gremlin Leader","floor":23,"turns":6}],"seed_played":"6763176049255566028","potions_obtained":[{"floor":4,"key":"SkillPotion"},{"floor":5,"key":"LiquidMemories"},{"floor":6,"key":"EssenceOfSteel"},{"floor":11,"key":"CultistPotion"},{"floor":14,"key":"Explosive Potion"},{"floor":16,"key":"PowerPotion"},{"floor":18,"key":"DuplicationPotion"},{"floor":21,"key":"GamblersBrew"}],"is_trial":false,"path_per_floor":["M","M","$","M","M","E","?","E","T","R","M","?","R","M","R","B",null,"M","?","T","?","?","E"],"character_chosen":"DEFECT","items_purchased":["Glacier"],"campfire_rested":1,"item_purchase_floors":[3],"current_hp_per_floor":[58,37,37,30,30,17,17,8,8,29,29,29,29,28,28,12,56,52,52,52,52,46,0,0],"gold":366,"neow_bonus":"RANDOM_COLORLESS_2","is_daily":false,"chose_seed":false,"campfire_upgraded":0,"win_rate":0.0,"timestamp":1614326990,"path_taken":["M","M","$","M","M","E","?","E","T","R","M","?","R","M","R","BOSS","M","?","?","?","?","E"],"items_purchased_type":["Card"],"build_version":"2020-12-22","purchased_purges":1,"victory":false,"max_hp_per_floor":[71,71,71,71,71,71,71,71,71,71,71,71,71,71,71,71,71,71,71,71,71,71,71,71],"relic_stats":{"counters":[12,79],"StoneCalendar":[104],"Bag of Preparation":[4],"obtain_stats":[{"Girya":8,"StoneCalendar":6,"Fusion Hammer":17,"Bag of Preparation":20,"Red Mask":21,"Cracked Core":0,"White Beast Statue":9,"WarpedTongs":12},{"Girya":6,"StoneCalendar":5,"Fusion Hammer":9,"Bag of Preparation":10,"Red Mask":11,"Cracked Core":0,"White Beast Statue":6,"WarpedTongs":7},{"Girya":55,"StoneCalendar":47,"Fusion Hammer":67,"Bag of Preparation":71,"Red Mask":73,"Cracked Core":0,"White Beast Statue":55,"WarpedTongs":57}],"WarpedTongs":[22]},"card_choices":[{"not_picked":["Secret Technique","Sadistic Nature"],"picked":"Magnetism","floor":0},{"not_picked":["Hologram","Scrape"],"picked":"Sweeping Beam","floor":1},{"not_picked":["White Noise","Scrape"],"picked":"Glacier","floor":2},{"not_picked":["Redo","White Noise"],"picked":"Melter","floor":4},{"not_picked":["Double Energy","Coolheaded"],"picked":"Conserve Battery","floor":5},{"not_picked":["Fission","Gash"],"picked":"Doom and Gloom","floor":6},{"not_picked":["Streamline","Amplify"],"picked":"Doom and Gloom","floor":8},{"not_picked":["Steam","Rebound"],"picked":"Hologram","floor":11},{"not_picked":["Sweeping Beam","Gash"],"picked":"Undo","floor":14},{"not_picked":["Core Surge","Amplify"],"picked":"Electrodynamics","floor":16},{"not_picked":["Chaos","Compile Driver"],"picked":"Barrage+1","floor":18}],"player_experience":1175884,"relics_obtained":[{"floor":6,"key":"StoneCalendar"},{"floor":8,"key":"Girya"},{"floor":9,"key":"White Beast Statue"},{"floor":20,"key":"Bag of Preparation"},{"floor":21,"key":"Red Mask"}],"event_choices":[{"damage_healed":0,"gold_gain":0,"player_choice":"Ignored","damage_taken":0,"max_hp_gain":0,"max_hp_loss":0,"event_name":"Shining Light","floor":7,"gold_loss":0},{"damage_healed":0,"gold_gain":0,"player_choice":"Rummage","damage_taken":0,"relics_obtained":["WarpedTongs"],"max_hp_gain":0,"max_hp_loss":0,"event_name":"Accursed Blacksmith","floor":12,"gold_loss":0,"cards_obtained":["Pain"]},{"damage_healed":0,"gold_gain":0,"player_choice":"Ignored","damage_taken":0,"max_hp_gain":0,"max_hp_loss":0,"event_name":"The Mausoleum","floor":19,"gold_loss":0},{"damage_healed":0,"gold_gain":0,"player_choice":"Fought Bandits","damage_taken":0,"max_hp_gain":0,"max_hp_loss":0,"event_name":"Masked Bandits","floor":21,"gold_loss":0},{"damage_healed":0,"gold_gain":0,"player_choice":"Joined the Cult","damage_taken":6,"max_hp_gain":0,"max_hp_loss":0,"event_name":"Nest","floor":22,"gold_loss":0,"cards_obtained":["RitualDagger"]}],"is_beta":false,"boss_relics":[{"not_picked":["Calling Bell","Nuclear Battery"],"picked":"Fusion Hammer"}],"items_purged_floors":[3],"is_endless":false,"potions_floor_spawned":[4,5,6,11,14,16,18,21],"killed_by":"Gremlin Leader","ascension_level":20}}