{"host":"b7qo4gia7dvxrdtr","time":1614299110,"event":{"mods":["BaseMod","Highlight Path","Minty Spire (QoL Compilation)","StSLib","The Animator"],"gold_per_floor":[116,116,148,59,79,79,114,114,140,173,173,27,27,51,51,182,182,213,241,253,345,357,357],"floor_reached":22,"language":"ENG","playtime":1761,"items_purged":["Injury"],"score":250,"play_id":"f6195a55-324d-4463-afd2-ae5406350292","local_time":"20210226082510","is_ascension_mode":true,"campfire_choices":[{"floor":6,"key":"RECALL"},{"floor":8,"key":"REST"},{"floor":11,"key":"REST"},{"floor":15,"key":"REST"}],"circlet_count":0,"master_deck":["animator:Strike_Konosuba","animator:Defend_Konosuba","animator:Kazuma","animator:Aqua","animator:RinTohsaka","animator:Megumin+9","animator:Strike_NoGameNoLife","animator:Strike_OwariNoSeraph","animator:Strike_FullmetalAlchemist","animator:Defend_MadokaMagica","animator:Defend_Katanagatari","animator:Defend_Konosuba","animator:Aqua","animator:NarberalGamma","animator:Arpeggio","animator:Caster","animator:Saitama","animator:Verdia"],"relics":["animator:LivingPicture","animator:TheMissingPiece","animator:PurgingStone","NeowsBlessing","Golden Idol","Oddly Smooth Stone","Omamori","Calling Bell","MawBank","InkBottle","Incense Burner","Toxic Egg 2"],"acts_visited":["Exordium","TheCity"],"potions_floor_usage":[7,7,10,16,18],"damage_taken":[{"damage":0,"enemies":"Jaw Worm","floor":1,"turns":1},{"damage":0,"enemies":"Cultist","floor":3,"turns":1},{"damage":0,"enemies":"2 Louse","floor":5,"turns":1},{"damage":39,"enemies":"3 Sentries","floor":7,"turns":12},{"damage":44,"enemies":"Gremlin Nob","floor":10,"turns":6},{"damage":1,"enemies":"Gremlin Gang","floor":14,"turns":3},{"damage":33,"enemies":"Slime Boss","floor":16,"turns":9},{"damage":11,"enemies":"Spheric Guardian","floor":18,"turns":4},{"damage":23,"enemies":"Shell Parasite","floor":19,"turns":12},{"damage":33,"enemies":"Centurion and Healer","floor":22,"turns":12}],"seed_played":"-3804403614524700355","potions_obtained":[{"floor":1,"key":"Strength Potion"},{"floor":3,"key":"ColorlessPotion"},{"floor":7,"key":"AttackPotion"},{"floor":10,"key":"Strength Potion"},{"floor":16,"key":"Energy Potion"},{"floor":18,"key":"SmokeBomb"}],"is_trial":false,"path_per_floor":["M","?","M","?","M","R","E","R","T","E","R","$","?","M","R","B",null,"M","M","?","T","M"],"character_chosen":"THE_ANIMATOR","items_purchased":["animator:Arpeggio"],"campfire_rested":3,"item_purchase_floors":[12],"current_hp_per_floor":[59,59,59,59,61,61,26,45,45,5,24,24,24,27,46,17,54,47,29,29,29,0,0],"gold":357,"neow_bonus":"THREE_ENEMY_KILL","is_daily":false,"chose_seed":false,"campfire_upgraded":0,"win_rate":0.0,"timestamp":1614299110,"path_taken":["M","?","M","?","M","R","E","R","T","E","R","$","?","M","R","BOSS","M","?","?","?","M"],"items_purchased_type":["Card"],"build_version":"2020-12-22","purchased_purges":1,"victory":false,"max_hp_per_floor":[66,66,66,66,66,66,66,66,66,66,66,66,66,66,66,66,66,66,67,67,67,67,67],"card_choices":[{"not_picked":["animator:SilverFang","animator:Fredrika"],"picked":"animator:RinTohsaka","floor":1},{"not_picked":["animator:Mitsurugi","animator:LeleiLaLalena"],"picked":"animator:Megumin","floor":3},{"not_picked":["animator:Viivi","animator:Demiurge"],"picked":"animator:Aqua","floor":5},{"not_picked":["animator:Aqua","animator:Vanir"],"picked":"animator:Megumin","floor":7},{"not_picked":["animator:GuildGirl","animator:Demiurge"],"picked":"animator:NarberalGamma","floor":10},{"not_picked":["animator:GuildGirl","animator:Priestess"],"picked":"animator:Caster","floor":14},{"not_picked":["animator:Hans","animator:Eris"],"picked":"animator:Saitama","floor":16},{"not_picked":["animator:Demiurge","animator:Kuribayashi","animator:HighElfArcher"],"picked":"SKIP","floor":18},{"not_picked":["animator:Chris","animator:Aqua"],"picked":"animator:Verdia","floor":19}],"player_experience":795886,"relics_obtained":[{"floor":7,"key":"Oddly Smooth Stone"},{"floor":10,"key":"Omamori"},{"floor":17,"key":"MawBank"},{"floor":17,"key":"InkBottle"},{"floor":17,"key":"Incense Burner"},{"floor":21,"key":"Toxic Egg 2"}],"event_choices":[{"damage_healed":0,"gold_gain":0,"player_choice":"Take Wound","damage_taken":0,"relics_obtained":["Golden Idol"],"max_hp_gain":0,"max_hp_loss":0,"event_name":"Golden Idol","floor":2,"gold_loss":0,"cards_obtained":["Injury"]},{"damage_healed":0,"gold_gain":0,"player_choice":"Ignored","damage_taken":0,"max_hp_gain":0,"max_hp_loss":0,"event_name":"NoteForYourself","floor":13,"gold_loss":0},{"damage_healed":0,"gold_gain":0,"player_choice":"Ignored","damage_taken":0,"max_hp_gain":0,"max_hp_loss":0,"event_name":"Vampires","floor":20,"gold_loss":0}],"is_beta":false,"boss_relics":[{"not_picked":["SlaversCollar","Velvet Choker"],"picked":"Calling Bell"}],"items_purged_floors":[12],"is_endless":false,"potions_floor_spawned":[1,3,7,10,16,18],"killed_by":"Centurion and Healer","ascension_level":6}}