{"host":"h5nld6ncfqkg6fx0","time":1614326961,"event":{"mods":["100% Spire Juice","BaseMod","Better Third Choice","ChefMod","Energized Spire","GifTheSpireLib","Minty Spire (QoL Compilation)","Relic Stats","Reliquary","Spicy Shops","StSLib","The Alterego","TheSwordswoman"],"gold_per_floor":[115,129,304,254,110,140,140,173,173,183,200,219,219,219,219,319,319,329,329,344,202,217,217,217],"floor_reached":23,"language":"ENG","playtime":1775,"items_purged":[],"score":251,"play_id":"604f2785-ca0c-4a96-adc0-feecbca62cdc","local_time":"20210226000921","is_ascension_mode":false,"campfire_choices":[{"data":"alterego_mod:BigMeatyClaws","floor":7.0,"key":"SMITH"},{"floor":15.0,"key":"REST"}],"circlet_count":0,"master_deck":["alterego_mod:Strike","alterego_mod:Strike","alterego_mod:Strike","alterego_mod:Strike","alterego_mod:Defend","alterego_mod:Defend","alterego_mod:Defend+1","alterego_mod:Defend","alterego_mod:Impale","alterego_mod:BigMeatyClaws+1","alterego_mod:BrynhildrsRune","alterego_mod:BiFurious","alterego_mod:Exercise+1","alterego_mod:Complex","alterego_mod:MagicResistance+1","alterego_mod:RidiculouslyBig+1"],"relics":["alterego_mod:MasochisticConstitution","Lizard Tail","Sundial","Nunchaku","reliquary:BallBearing","reliquary:Craggleroot","NlothsMask","Thread and Needle"],"acts_visited":["Exordium","TheCity"],"potions_floor_usage":[20],"damage_taken":[{"damage":18.0,"enemies":"Jaw Worm","floor":1.0,"turns":4.0},{"damage":0.0,"enemies":"Small Slimes","floor":2.0,"turns":5.0},{"damage":20.0,"enemies":"Gremlin Nob","floor":6.0,"turns":5.0},{"damage":51.0,"enemies":"Lagavulin","floor":8.0,"turns":7.0},{"damage":1.0,"enemies":"Cultist","floor":10.0,"turns":3.0},{"damage":0.0,"enemies":"Red Slaver","floor":11.0,"turns":1.0},{"damage":0.0,"enemies":"Large Slime","floor":12.0,"turns":4.0},{"damage":0.0,"enemies":"Slime Boss","floor":16.0,"turns":4.0},{"damage":6.0,"enemies":"Spheric Guardian","floor":18.0,"turns":3.0},{"damage":14,"enemies":"2 Thieves","floor":20,"turns":4},{"damage":12,"enemies":"Snake Plant","floor":22,"turns":10},{"damage":6,"enemies":"Book of Stabbing","floor":23,"turns":5}],"seed_played":"-6632471016943983563","potions_obtained":[{"floor":8.0,"key":"SteroidPotion"},{"floor":11.0,"key":"SpeedPotion"},{"floor":12.0,"key":"Strength Potion"},{"floor":16.0,"key":"DuplicationPotion"},{"floor":18.0,"key":"SteroidPotion"},{"floor":20,"key":"Dexterity Potion"},{"floor":22,"key":"EntropicBrew"}],"is_trial":false,"path_per_floor":["M","M","?","?","$","E","R","E","T","M","M","M","?","?","R","B",null,"M","?","M","$","M","E"],"character_chosen":"The_Alterego","items_purchased":["Lizard Tail","Thread and Needle"],"campfire_rested":1,"item_purchase_floors":[5,21],"current_hp_per_floor":[60,74,74,74,74,55,55,12,12,12,12,19,46,30,54,54,81,82,82,69,69,58,52,52],"gold":217,"neow_bonus":"TEN_PERCENT_HP_BONUS","is_daily":false,"chose_seed":false,"campfire_upgraded":1,"win_rate":0.0,"timestamp":1614326961,"path_taken":["M","M","?","?","?","E","R","E","T","M","M","M","?","?","R","BOSS","M","?","M","$","M","E"],"items_purchased_type":["Relic","Relic"],"build_version":"2020-12-22","purchased_purges":0,"victory":false,"max_hp_per_floor":[78,78,78,78,78,79,79,80,80,81,81,81,81,81,81,81,81,82,82,83,83,84,84,84],"relic_stats":{"Lizard Tail":0,"Nunchaku":[15],"counters":[12,55],"Sundial":[8],"obtain_stats":[{"alterego_mod:MasochisticConstitution":0,"Lizard Tail":5,"Nunchaku":8,"Sundial":6,"reliquary:Craggleroot":17,"Thread and Needle":21,"reliquary:BallBearing":9,"NlothsMask":19},{"alterego_mod:MasochisticConstitution":0,"Lizard Tail":2,"Nunchaku":4,"Sundial":3,"reliquary:Craggleroot":8,"Thread and Needle":10,"reliquary:BallBearing":4,"NlothsMask":9},{"alterego_mod:MasochisticConstitution":0,"Lizard Tail":9,"Nunchaku":21,"Sundial":14,"reliquary:Craggleroot":33,"Thread and Needle":40,"reliquary:BallBearing":21,"NlothsMask":36}]},"card_choices":[{"not_picked":["alterego_mod:Santa","alterego_mod:DeftHands"],"picked":"alterego_mod:BiFurious","floor":1.0},{"not_picked":["alterego_mod:Cycle","alterego_mod:Maid","alterego_mod:Complex"],"picked":"SKIP","floor":2.0},{"not_picked":["alterego_mod:Cycle","alterego_mod:GoddessCore","alterego_mod:PainIsPleasure"],"picked":"SKIP","floor":6.0},{"not_picked":["alterego_mod:BiFurious","alterego_mod:Rip"],"picked":"alterego_mod:Exercise","floor":8.0},{"not_picked":["alterego_mod:PerceptionDisorder","alterego_mod:Nekomimi","alterego_mod:Maid"],"picked":"SKIP","floor":10.0},{"not_picked":["alterego_mod:1TonWallop","alterego_mod:Smother","alterego_mod:Punishment"],"picked":"SKIP","floor":11.0},{"not_picked":["alterego_mod:HighServant","alterego_mod:DiscoLights"],"picked":"alterego_mod:Complex","floor":12.0},{"not_picked":["alterego_mod:Exercise","alterego_mod:HighServant"],"picked":"alterego_mod:MagicResistance+1","floor":18.0},{"not_picked":["alterego_mod:Lingerie+1","alterego_mod:Maid"],"picked":"alterego_mod:RidiculouslyBig+1","floor":20},{"not_picked":["alterego_mod:DestructionOfProperty","alterego_mod:GIGAMILK","alterego_mod:Cooking"],"picked":"SKIP","floor":22}],"player_experience":45124,"relics_obtained":[{"floor":6.0,"key":"Sundial"},{"floor":8.0,"key":"Nunchaku"},{"floor":9.0,"key":"reliquary:BallBearing"}],"event_choices":[{"damage_healed":0.0,"max_hp_gain":0.0,"max_hp_loss":0.0,"gold_gain":175.0,"event_name":"betterThird:BetterSerpent","player_choice":"AGREE","floor":3.0,"gold_loss":0.0,"damage_taken":129.0},{"cards_removed":["Doubt"],"damage_healed":0.0,"max_hp_gain":0.0,"max_hp_loss":0.0,"gold_gain":0.0,"event_name":"The Cleric","player_choice":"Card Removal","floor":4.0,"gold_loss":50.0,"damage_taken":0.0},{"damage_healed":27.0,"max_hp_gain":0.0,"max_hp_loss":0.0,"gold_gain":0.0,"event_name":"Big Fish","player_choice":"Banana","floor":13.0,"gold_loss":0.0,"damage_taken":0.0},{"damage_healed":46.0,"max_hp_gain":0.0,"max_hp_loss":81.0,"gold_gain":0.0,"event_name":"betterThird:BetterShining","player_choice":"Upgrade","floor":14.0,"gold_loss":0.0,"damage_taken":16.0,"cards_upgraded":["alterego_mod:Exercise","alterego_mod:Defend"]},{"damage_healed":0.0,"max_hp_gain":0.0,"max_hp_loss":0.0,"gold_gain":0.0,"event_name":"FaceTrader","player_choice":"Trade","floor":19.0,"gold_loss":0.0,"damage_taken":0.0,"relics_obtained":["NlothsMask"]}],"is_beta":false,"boss_relics":[{"not_picked":["energizedSpire:NeverEndingSparkler","SlaversCollar"],"picked":"reliquary:Craggleroot"}],"items_purged_floors":[],"is_endless":false,"potions_floor_spawned":[8,11,12,16,18,20,22],"killed_by":"Book of Stabbing","ascension_level":0}}