{"host":"czzthkrvfe6r7fjf","time":1614329550,"event":{"mods":["ATMod(∞¢Ë™Mod)","Act Like it!","BaseMod","Downfall","GungeonMod","Marisa£®ÏF”Í°°ƒß¿Ì…≥£©","Minty Spire (QoL Compilation)","Quick Restart","StSLib","The Servant 0.9.4","Waifu the Spire","°æπ¶ƒ‹Mod°øªÏ„Á÷Æª∑–ﬁ∏¥≤π∂°"],"gold_per_floor":[115,115,130,130,405,405,430,445,445,478,495,495,495],"floor_reached":12,"language":"ZHS","playtime":257,"items_purged":[],"score":175,"play_id":"741404e6-c88f-4aae-9ec8-dcc139f69174","local_time":"20210226165230","is_ascension_mode":true,"campfire_choices":[{"data":"AT_FamilyPortrait","floor":6.0,"key":"SMITH"}],"circlet_count":0,"master_deck":["AscendersBane","Strike_R","Strike_R","Strike_R","Strike_R","Defend_R","Defend_R","Defend_R","Defend_R","Bash","AT_FamilyPortrait+1","Wild Strike","Armaments+1","Regret","Fiend Fire","Infernal Blade","Body Slam","AT_CaressingTears"],"relics":["Burning Blood","AT_ATBox","NeowsBlessing","DemoMod:RingOfEthereal","AT_BellowingDragoncrestRing","AT_GuinsooRageblade"],"acts_visited":["Exordium"],"potions_floor_usage":[],"damage_taken":[{"damage":0.0,"enemies":"Small Slimes","floor":1.0,"turns":1.0},{"damage":0.0,"enemies":"Jaw Worm","floor":3.0,"turns":1.0},{"damage":0.0,"enemies":"3 Sentries","floor":7.0,"turns":2.0},{"damage":6.0,"enemies":"Cultist","floor":8.0,"turns":4.0},{"damage":42.0,"enemies":"Lagavulin","floor":10.0,"turns":4.0},{"damage":16,"enemies":"2 Fungi Beasts","floor":11,"turns":4},{"damage":4,"enemies":"Gremlin Nob","floor":12,"turns":2}],"seed_played":"6566274642881927801","potions_obtained":[{"floor":3.0,"key":"AttackPotion"},{"floor":10.0,"key":"DistilledChaos"},{"floor":11,"key":"DuplicationPotion"}],"is_trial":false,"path_per_floor":["M","?","M","?","?","R","E","M","T","E","M","E"],"character_chosen":"IRONCLAD","items_purchased":[],"campfire_rested":0,"item_purchase_floors":[],"current_hp_per_floor":[78,71,77,77,77,77,80,80,80,44,34,30,30],"gold":495,"neow_bonus":"THREE_ENEMY_KILL","is_daily":false,"chose_seed":false,"campfire_upgraded":1,"win_rate":0.0,"timestamp":1614329550,"path_taken":["M","?","M","?","?","R","E","M","T","E","M","E"],"items_purchased_type":[],"build_version":"2020-12-22","purchased_purges":0,"victory":false,"max_hp_per_floor":[80,80,80,80,80,80,80,80,80,80,80,80,80],"card_choices":[{"not_picked":["Sword Boomerang","Spot Weakness"],"picked":"Wild Strike","floor":1.0},{"not_picked":["True Grit","AT_CaressingTears"],"picked":"Armaments","floor":3.0},{"not_picked":["Clothesline","Entrench"],"picked":"Fiend Fire","floor":7.0},{"not_picked":["Warcry","True Grit"],"picked":"Infernal Blade","floor":8.0},{"not_picked":["Clothesline","Flame Barrier","Body Slam"],"picked":"SKIP","floor":10.0},{"not_picked":["Clothesline","Flame Barrier"],"picked":"Body Slam","floor":10.0},{"not_picked":["Combust","Wild Strike"],"picked":"AT_CaressingTears","floor":11}],"player_experience":160777,"relics_obtained":[{"floor":7.0,"key":"DemoMod:RingOfEthereal"},{"floor":9.0,"key":"AT_BellowingDragoncrestRing"},{"floor":10.0,"key":"AT_GuinsooRageblade"}],"event_choices":[{"cards_removed":["Strike_R"],"damage_healed":0.0,"max_hp_gain":0.0,"max_hp_loss":0.0,"gold_gain":0.0,"event_name":"Golden Wing","player_choice":"Card Removal","floor":2.0,"gold_loss":0.0,"damage_taken":7.0},{"damage_healed":0.0,"max_hp_gain":0.0,"max_hp_loss":0.0,"gold_gain":0.0,"event_name":"Living Wall","player_choice":"Grow","floor":4.0,"gold_loss":0.0,"damage_taken":0.0,"cards_upgraded":["Armaments"]},{"damage_healed":0.0,"max_hp_gain":0.0,"max_hp_loss":0.0,"gold_gain":275.0,"event_name":"Golden Shrine","player_choice":"Desecrate","floor":5.0,"gold_loss":0.0,"damage_taken":0.0,"cards_obtained":["Regret"]}],"is_beta":false,"boss_relics":[],"items_purged_floors":[],"is_endless":false,"potions_floor_spawned":[3,10,11],"killed_by":"Gremlin Nob","ascension_level":11}}