{"host":"ul3z8ex5o8l5j7mh","time":1614377036,"event":{"mods":["2.2 Compatiblity","AchievementEnabler","BaseMod","Bestiary","Colored Map","Colored Powertips","Curses Come First","DeckTracker","Highlight Path","Keyboard Shortcuts","Minty Spire (QoL Compilation)","Relic Sorter","Relic Stats","StSLib","SuperFastMode"],"gold_per_floor":[115,133,133,145,145,145,173,189,189,9,40,52,112,32,32,131,181,195,213,9,26,0,0,34,34,34,34,34,133,11,34,34,134,134,154,27,27,43,61,61,91,91,91,103,103,103,103,14,14,14],"floor_reached":51,"language":"ENG","playtime":2373,"items_purged":["Regret","Strike_R"],"score":919,"play_id":"2b56fd36-0fae-4a2b-81bc-3b6e1533040c","local_time":"20210226230356","is_ascension_mode":true,"campfire_choices":[{"data":"Dramatic Entrance","floor":6.0,"key":"SMITH"},{"data":"Madness","floor":15,"key":"SMITH"},{"data":"Double Tap","floor":23,"key":"SMITH"},{"floor":28,"key":"REST"},{"floor":32,"key":"REST"},{"data":"Demon Form","floor":40,"key":"SMITH"},{"data":"Armaments","floor":42,"key":"SMITH"},{"data":"Metallicize","floor":45,"key":"SMITH"},{"data":"Mayhem","floor":49,"key":"SMITH"}],"circlet_count":0,"master_deck":["Strike_R","Strike_R+1","Strike_R","Strike_R","Defend_R","Defend_R","Defend_R","Bash","Dramatic Entrance+1","Pommel Strike","Headbutt","Headbutt","Searing Blow","Rampage","Flame Barrier","Pommel Strike","Double Tap+1","Body Slam+1","Madness+1","Demon Form+1","Shrug It Off","Anger+1","Twin Strike+1","Anger+1","Flex+1","Reaper","Rupture+1","Armaments+1","Seeing Red","Metallicize+1","Mayhem+1"],"relics":["Burning Blood","Incense Burner","Ornamental Fan","Darkstone Periapt","Matryoshka","Membership Card","Pear","Omamori","Tiny House","Tiny Chest","Lee\u0027s Waffle","CaptainsWheel","Blood Vial","InkBottle","Meat on the Bone","Vajra","Whetstone","SlaversCollar","Shuriken","Kunai","Champion Belt"],"acts_visited":["Exordium","TheCity","TheBeyond"],"potions_floor_usage":[13,18,21,27,41,50],"damage_taken":[{"damage":0.0,"enemies":"Small Slimes","floor":1.0,"turns":3.0},{"damage":0.0,"enemies":"2 Louse","floor":2.0,"turns":2.0},{"damage":10.0,"enemies":"Jaw Worm","floor":4.0,"turns":3.0},{"damage":10.0,"enemies":"Gremlin Nob","floor":7.0,"turns":4.0},{"damage":7.0,"enemies":"Exordium Wildlife","floor":8.0,"turns":2.0},{"damage":13.0,"enemies":"3 Sentries","floor":11.0,"turns":6.0},{"damage":9,"enemies":"Blue Slaver","floor":12,"turns":2},{"damage":7,"enemies":"3 Sentries","floor":13,"turns":4},{"damage":42,"enemies":"Slime Boss","floor":16,"turns":10},{"damage":3,"enemies":"Chosen","floor":18,"turns":3},{"damage":2,"enemies":"2 Thieves","floor":19,"turns":4},{"damage":27,"enemies":"Snake Plant","floor":21,"turns":5},{"damage":48,"enemies":"Slavers","floor":24,"turns":6},{"damage":14,"enemies":"Colosseum Slavers","floor":27,"turns":2},{"damage":77,"enemies":"Automaton","floor":33,"turns":7},{"damage":32,"enemies":"3 Darklings","floor":35,"turns":6},{"damage":7,"enemies":"Orb Walker","floor":38,"turns":2},{"damage":13,"enemies":"Maw","floor":39,"turns":7},{"damage":34,"enemies":"Giant Head","floor":41,"turns":7},{"damage":29,"enemies":"Transient","floor":44,"turns":5},{"damage":49,"enemies":"Awakened One","floor":50,"turns":8}],"seed_played":"9044531678198268157","potions_obtained":[{"floor":2.0,"key":"DistilledChaos"},{"floor":4.0,"key":"CultistPotion"},{"floor":7.0,"key":"Regen Potion"},{"floor":11.0,"key":"Swift Potion"},{"floor":17,"key":"GamblersBrew"},{"floor":24,"key":"Weak Potion"},{"floor":33,"key":"GamblersBrew"},{"floor":35,"key":"Block Potion"},{"floor":44,"key":"LiquidMemories"}],"is_trial":false,"path_per_floor":["M","M","?","M","?","R","E","M","T","$","E","M","?","$","R","B",null,"M","M","$","M","?","R","E","$","T","?","R","?","$","T","R","B",null,"M","$","?","M","M","R","E","R","T","M","R","?","?","$","R","B",null],"character_chosen":"IRONCLAD","items_purchased":["Membership Card","Flame Barrier","Madness","Tiny Chest","Lee\u0027s Waffle","Meat on the Bone","Shuriken","Mayhem"],"campfire_rested":2,"item_purchase_floors":[10,10,14,20,20,30,36,48],"current_hp_per_floor":[78,80,80,76,64,64,60,59,59,59,77,74,73,73,73,37,82,85,89,102,81,81,81,39,39,39,33,63,63,63,63,93,36,86,69,69,69,70,77,77,72,72,72,61,61,87,87,87,87,58],"gold":14,"neow_bonus":"RANDOM_COLORLESS","is_daily":false,"chose_seed":false,"campfire_upgraded":7,"win_rate":0.0,"timestamp":1614377036,"path_taken":["M","M","?","M","?","R","E","M","T","$","E","?","?","?","R","BOSS","M","M","$","M","?","R","E","$","T","?","R","?","$","?","R","BOSS","M","$","?","M","M","R","E","R","T","M","R","?","?","$","R","BOSS"],"items_purchased_type":["Relic","Card","Card","Relic","Relic","Relic","Relic","Card"],"build_version":"2020-12-22","purchased_purges":2,"victory":true,"max_hp_per_floor":[80,80,80,80,80,80,80,80,80,80,90,90,90,90,90,90,95,95,95,102,102,102,102,102,102,102,102,102,102,102,102,102,102,102,102,102,102,102,102,102,102,102,102,102,102,102,102,102,102,102],"relic_stats":{"Darkstone Periapt":0,"Lee\u0027s Waffle":13,"counters":[21,98],"Whetstone":["Strike_R","Anger"],"Burning Blood":122,"Blood Vial":16,"Ornamental Fan":[268],"Shuriken":[27],"Tiny Chest":1,"Kunai":[12],"Champion Belt":[4],"obtain_stats":[{"Darkstone Periapt":7,"Lee\u0027s Waffle":20,"Pear":11,"Tiny House":17,"Vajra":31,"Incense Burner":3,"Omamori":13,"Whetstone":31,"Burning Blood":0,"Blood Vial":26,"SlaversCollar":34,"CaptainsWheel":24,"Matryoshka":9,"Ornamental Fan":5,"Shuriken":36,"Tiny Chest":20,"Membership Card":10,"Kunai":41,"Champion Belt":43,"InkBottle":26,"Meat on the Bone":30},{"Darkstone Periapt":4,"Lee\u0027s Waffle":11,"Pear":6,"Tiny House":9,"Vajra":14,"Incense Burner":2,"Omamori":8,"Whetstone":14,"Burning Blood":0,"Blood Vial":13,"SlaversCollar":15,"CaptainsWheel":13,"Matryoshka":5,"Ornamental Fan":3,"Shuriken":16,"Tiny Chest":11,"Membership Card":5,"Kunai":19,"Champion Belt":19,"InkBottle":13,"Meat on the Bone":14},{"Darkstone Periapt":12,"Lee\u0027s Waffle":43,"Pear":20,"Tiny House":36,"Vajra":56,"Incense Burner":5,"Omamori":26,"Whetstone":56,"Burning Blood":0,"Blood Vial":54,"SlaversCollar":63,"CaptainsWheel":54,"Matryoshka":14,"Ornamental Fan":8,"Shuriken":69,"Tiny Chest":43,"Membership Card":14,"Kunai":85,"Champion Belt":85,"InkBottle":54,"Meat on the Bone":56}],"InkBottle":[21],"Meat on the Bone":24},"card_choices":[{"not_picked":["Trip","Flash of Steel"],"picked":"Dramatic Entrance","floor":0.0},{"not_picked":["Inflame","Havoc"],"picked":"Pommel Strike","floor":1.0},{"not_picked":["Pummel","Bloodletting"],"picked":"Headbutt","floor":2.0},{"not_picked":["Twin Strike","Cleave"],"picked":"Headbutt","floor":4.0},{"not_picked":["Wild Strike","Pommel Strike"],"picked":"Searing Blow","floor":7.0},{"not_picked":["Iron Wave","Wild Strike"],"picked":"Rampage","floor":8.0},{"not_picked":["Searing Blow","Intimidate"],"picked":"Pommel Strike","floor":11.0},{"not_picked":["Body Slam","Ghostly Armor"],"picked":"Double Tap","floor":12},{"not_picked":["Rupture","Rage"],"picked":"Body Slam","floor":13},{"not_picked":["Exhume","Fiend Fire"],"picked":"Demon Form","floor":16},{"not_picked":["Heavy Blade","Whirlwind"],"picked":"Shrug It Off","floor":17},{"not_picked":["Havoc","Twin Strike"],"picked":"Anger","floor":18},{"not_picked":["Wild Strike","Thunderclap"],"picked":"Twin Strike+1","floor":19},{"not_picked":["Thunderclap","Havoc"],"picked":"Anger+1","floor":21},{"not_picked":["Hemokinesis+1","Sword Boomerang+1"],"picked":"Flex+1","floor":24},{"not_picked":["Offering","Limit Break"],"picked":"Reaper","floor":33},{"not_picked":["Sword Boomerang","Fire Breathing"],"picked":"Rupture+1","floor":35},{"not_picked":["Havoc","Thunderclap"],"picked":"Armaments","floor":38},{"not_picked":["Fire Breathing","Perfected Strike","Dropkick+1"],"picked":"SKIP","floor":39},{"not_picked":["Clothesline+1","Wild Strike+1"],"picked":"Seeing Red","floor":41},{"not_picked":["Bloodletting","Clash+1"],"picked":"Metallicize","floor":44}],"player_experience":448460,"relics_obtained":[{"floor":7.0,"key":"Darkstone Periapt"},{"floor":9.0,"key":"Matryoshka"},{"floor":11.0,"key":"Pear"},{"floor":13,"key":"Omamori"},{"floor":24,"key":"CaptainsWheel"},{"floor":26,"key":"Blood Vial"},{"floor":26,"key":"InkBottle"},{"floor":31,"key":"Vajra"},{"floor":31,"key":"Whetstone"},{"floor":41,"key":"Kunai"},{"floor":43,"key":"Champion Belt"}],"event_choices":[{"damage_healed":0.0,"max_hp_gain":0.0,"max_hp_loss":0.0,"gold_gain":0.0,"event_name":"Big Fish","player_choice":"Box","floor":3.0,"gold_loss":0.0,"damage_taken":0.0,"relics_obtained":["Incense Burner"],"cards_obtained":["Regret"]},{"damage_healed":0.0,"max_hp_gain":0.0,"max_hp_loss":0.0,"gold_gain":0.0,"event_name":"Scrap Ooze","player_choice":"Success","floor":5.0,"gold_loss":0.0,"damage_taken":12.0,"relics_obtained":["Ornamental Fan"]},{"damage_healed":0,"gold_gain":0,"player_choice":"Searched \u00272\u0027 times","damage_taken":0,"max_hp_gain":0,"max_hp_loss":0,"event_name":"Dead Adventurer","floor":13,"gold_loss":0},{"damage_healed":0,"gold_gain":0,"player_choice":"Paid Fearfully","damage_taken":0,"max_hp_gain":0,"max_hp_loss":0,"event_name":"Masked Bandits","floor":22,"gold_loss":26},{"damage_healed":0,"gold_gain":0,"player_choice":"Fight","damage_taken":0,"max_hp_gain":0,"max_hp_loss":0,"event_name":"Colosseum","floor":27,"gold_loss":0},{"damage_healed":0,"gold_gain":0,"player_choice":"Fled From Nobs","damage_taken":0,"max_hp_gain":0,"max_hp_loss":0,"event_name":"Colosseum","floor":27,"gold_loss":0},{"damage_healed":0,"gold_gain":99,"player_choice":"Stole From Cult","damage_taken":0,"max_hp_gain":0,"max_hp_loss":0,"event_name":"Nest","floor":29,"gold_loss":0},{"cards_removed":["Defend_R"],"damage_healed":0,"gold_gain":0,"player_choice":"Removed Skill","damage_taken":0,"max_hp_gain":0,"max_hp_loss":0,"event_name":"Falling","floor":37,"gold_loss":0},{"damage_healed":26,"gold_gain":0,"player_choice":"Writhe","damage_taken":0,"max_hp_gain":0,"max_hp_loss":0,"event_name":"Winding Halls","floor":46,"gold_loss":0,"cards_obtained":["Writhe"]},{"damage_healed":0,"gold_gain":0,"player_choice":"0 cards matched","damage_taken":0,"max_hp_gain":0,"max_hp_loss":0,"event_name":"Match and Keep!","floor":47,"gold_loss":0,"cards_obtained":[]}],"is_beta":false,"boss_relics":[{"not_picked":["Fusion Hammer","Snecko Eye"],"picked":"Tiny House"},{"not_picked":["Coffee Dripper","Runic Pyramid"],"picked":"SlaversCollar"}],"items_purged_floors":[14,20],"is_endless":false,"potions_floor_spawned":[2,4,7,11,24,27,33,35,44],"ascension_level":6}}