{"host":"kda2p2afd6bvz6qo","time":1614368554,"event":{"mods":["BaseMod","Colored Map","Minty Spire (QoL Compilation)","Relic Stats"],"gold_per_floor":[111,111,21,71,83,83,118,118,200,200,210,227,73,105,105,176,176,186,203,20,20,39,39,67,67,67,102,202,202,230,248,248,319,319,331,342,357,373,383,383,409,409,409,441,441,454,485,497,497,497,497,497,497,72,99,99],"floor_reached":57,"language":"ENG","playtime":3897,"items_purged":["Strike_G"],"score":2845,"play_id":"bcc1f556-abc3-429b-bba7-8258d7838d9a","local_time":"20210226194234","is_ascension_mode":true,"campfire_choices":[{"data":"Accuracy","floor":6.0,"key":"SMITH"},{"data":"Blade Dance","floor":8.0,"key":"SMITH"},{"data":"Blade Dance","floor":10.0,"key":"SMITH"},{"data":"Cloak And Dagger","floor":15.0,"key":"SMITH"},{"floor":23.0,"key":"REST"},{"floor":25.0,"key":"REST"},{"floor":29.0,"key":"REST"},{"data":"PiercingWail","floor":32.0,"key":"SMITH"},{"floor":40.0,"key":"REST"},{"floor":45.0,"key":"RECALL"},{"floor":49.0,"key":"REST"},{"floor":53,"key":"REST"}],"circlet_count":0,"master_deck":["AscendersBane","Defend_G","Defend_G","Defend_G","Defend_G","Defend_G","Survivor","Neutralize","Blade Dance+1","Accuracy+1","Blade Dance+1","Backflip","Blade Dance","Footwork+1","Cloak And Dagger+1","Envenom+1","A Thousand Cuts+1","Blade Dance+1","Sucker Punch+1","Infinite Blades+1","Noxious Fumes+1","Acrobatics","Shame","Backflip","Acrobatics+1","PiercingWail+1","Envenom+1","Catalyst","Phantasmal Killer","Finisher+1","Backflip+1"],"relics":["Philosopher\u0027s Stone","Frozen Egg 2","Pantograph","Snake Skull","Astrolabe","TwistedFunnel","Bag of Marbles","InkBottle","Ornamental Fan","Turnip","Darkstone Periapt","Centennial Puzzle","Fusion Hammer","Mango","Gremlin Horn","Toy Ornithopter","Potion Belt","Shuriken","Cauldron","Eternal Feather"],"acts_visited":["Exordium","TheCity","TheBeyond","TheEnding"],"potions_floor_usage":[51,51,51,56,56,56,56],"damage_taken":[{"damage":4.0,"enemies":"2 Louse","floor":1.0,"turns":5.0},{"damage":8.0,"enemies":"Small Slimes","floor":5.0,"turns":3.0},{"damage":7.0,"enemies":"3 Sentries","floor":7.0,"turns":4.0},{"damage":0.0,"enemies":"Cultist","floor":11.0,"turns":2.0},{"damage":1.0,"enemies":"Gremlin Gang","floor":12.0,"turns":4.0},{"damage":1.0,"enemies":"Lagavulin","floor":14.0,"turns":6.0},{"damage":20.0,"enemies":"Hexaghost","floor":16.0,"turns":5.0},{"damage":1.0,"enemies":"Spheric Guardian","floor":18.0,"turns":3.0},{"damage":7.0,"enemies":"2 Thieves","floor":19.0,"turns":3.0},{"damage":28.0,"enemies":"Snake Plant","floor":22.0,"turns":5.0},{"damage":14.0,"enemies":"Book of Stabbing","floor":24.0,"turns":4.0},{"damage":12.0,"enemies":"Slavers","floor":27.0,"turns":4.0},{"damage":0.0,"enemies":"Colosseum Slavers","floor":28.0,"turns":2.0},{"damage":11.0,"enemies":"Colosseum Nobs","floor":28.0,"turns":3.0},{"damage":0.0,"enemies":"Gremlin Leader","floor":30.0,"turns":3.0},{"damage":2.0,"enemies":"Shelled Parasite and Fungi","floor":31.0,"turns":4.0},{"damage":17.0,"enemies":"Collector","floor":33.0,"turns":4.0},{"damage":0.0,"enemies":"3 Darklings","floor":35.0,"turns":3.0},{"damage":0.0,"enemies":"Orb Walker","floor":36.0,"turns":2.0},{"damage":8.0,"enemies":"Maw","floor":37.0,"turns":4.0},{"damage":15.0,"enemies":"3 Darklings","floor":38.0,"turns":3.0},{"damage":0.0,"enemies":"Transient","floor":39.0,"turns":6.0},{"damage":9.0,"enemies":"Reptomancer","floor":41.0,"turns":4.0},{"damage":16.0,"enemies":"Nemesis","floor":44.0,"turns":3.0},{"damage":19.0,"enemies":"Jaw Worm Horde","floor":46.0,"turns":2.0},{"damage":10.0,"enemies":"Giant Head","floor":47.0,"turns":4.0},{"damage":7.0,"enemies":"Writhing Mass","floor":48.0,"turns":7.0},{"damage":26.0,"enemies":"Donu and Deca","floor":50.0,"turns":7.0},{"damage":65,"enemies":"Time Eater","floor":51,"turns":7},{"damage":21,"enemies":"Shield and Spear","floor":55,"turns":6},{"damage":77,"enemies":"The Heart","floor":56,"turns":8}],"seed_played":"-6158897535408938187","potions_obtained":[{"floor":5.0,"key":"Block Potion"},{"floor":7.0,"key":"EssenceOfSteel"},{"floor":14.0,"key":"PowerPotion"},{"floor":19.0,"key":"Energy Potion"},{"floor":27.0,"key":"ColorlessPotion"},{"floor":37.0,"key":"DistilledChaos"},{"floor":44.0,"key":"SkillPotion"},{"floor":47.0,"key":"CultistPotion"},{"floor":48.0,"key":"LiquidMemories"},{"floor":54,"key":"CultistPotion"},{"floor":54,"key":"FearPotion"},{"floor":54,"key":"Block Potion"},{"floor":54,"key":"Ancient Potion"}],"is_trial":false,"path_per_floor":["M","?","$","?","M","R","E","R","T","R","M","M","$","E","R","B",null,"M","M","$","?","M","R","E","R","T","E","?","R","E","M","R","B",null,"M","M","M","M","M","R","E","?","T","E","R","M","E","M","R","B","B",null,"R","$","E","B",null],"character_chosen":"THE_SILENT","items_purchased":["Accuracy","Footwork+1","Acrobatics","TwistedFunnel","Shuriken","Cauldron"],"campfire_rested":6,"item_purchase_floors":[3,13,20,20,54,54],"current_hp_per_floor":[55,48,48,48,40,40,33,33,33,33,33,32,32,31,31,36,59,58,51,51,51,23,42,28,47,47,35,24,43,43,41,41,49,62,62,62,54,39,39,58,63,63,63,47,47,33,23,16,38,37,12,60,76,76,55,6],"gold":99,"neow_bonus":"BOSS_RELIC","is_daily":false,"chose_seed":false,"campfire_upgraded":5,"win_rate":0.0,"timestamp":1614368554,"path_taken":["M","?","$","?","?","R","E","R","T","R","M","M","$","E","R","BOSS","M","?","$","?","M","R","E","R","T","E","?","R","E","M","R","BOSS","M","M","M","M","M","R","E","?","T","E","R","M","E","M","R","BOSS","BOSS","R","$","E","BOSS"],"items_purchased_type":["Card","Card","Card","Relic","Relic","Relic"],"build_version":"2020-12-22","purchased_purges":1,"victory":true,"max_hp_per_floor":[66,66,66,66,66,66,66,66,66,66,66,66,66,66,66,66,66,66,66,66,66,66,66,66,66,66,66,66,66,66,66,66,66,66,66,66,66,66,66,66,80,76,76,76,76,76,76,76,76,76,76,76,76,76,76,76],"relic_stats":{"Darkstone Periapt":0,"Gremlin Horn":[4,4],"counters":[31,130],"Astrolabe":["A Thousand Cuts","Blade Dance","Sucker Punch"],"Eternal Feather":0,"Snake Skull":[365],"Centennial Puzzle":[39],"Ornamental Fan":[416],"Shuriken":[12],"Pantograph":121,"Turnip":[24],"obtain_stats":[{"TwistedFunnel":20,"Darkstone Periapt":28,"Potion Belt":47,"Gremlin Horn":43,"Astrolabe":17,"Mango":41,"Eternal Feather":55,"Snake Skull":14,"Frozen Egg 2":7,"Cauldron":54,"Centennial Puzzle":30,"Ornamental Fan":27,"Shuriken":54,"Pantograph":9,"Philosopher\u0027s Stone":0,"Turnip":28,"Fusion Hammer":34,"Bag of Marbles":21,"InkBottle":24,"Toy Ornithopter":44,"Ring of the Snake":0},{"TwistedFunnel":9,"Darkstone Periapt":14,"Potion Belt":26,"Gremlin Horn":23,"Astrolabe":7,"Mango":23,"Eternal Feather":30,"Snake Skull":6,"Frozen Egg 2":3,"Cauldron":29,"Centennial Puzzle":15,"Ornamental Fan":12,"Shuriken":29,"Pantograph":3,"Philosopher\u0027s Stone":0,"Turnip":14,"Fusion Hammer":17,"Bag of Marbles":9,"InkBottle":11,"Toy Ornithopter":24,"Ring of the Snake":0},{"TwistedFunnel":35,"Darkstone Periapt":53,"Potion Belt":95,"Gremlin Horn":86,"Astrolabe":29,"Mango":86,"Eternal Feather":122,"Snake Skull":24,"Frozen Egg 2":12,"Cauldron":116,"Centennial Puzzle":56,"Ornamental Fan":48,"Shuriken":116,"Pantograph":12,"Philosopher\u0027s Stone":0,"Turnip":53,"Fusion Hammer":64,"Bag of Marbles":35,"InkBottle":44,"Toy Ornithopter":89,"Ring of the Snake":0}],"InkBottle":[69],"Toy Ornithopter":27},"card_choices":[{"not_picked":["Flying Knee","Cloak And Dagger"],"picked":"Blade Dance","floor":1.0},{"not_picked":["Crippling Poison","Acrobatics"],"picked":"Blade Dance","floor":5.0},{"not_picked":["Tactician","Outmaneuver"],"picked":"Backflip","floor":7.0},{"not_picked":["Quick Slash","Underhanded Strike"],"picked":"Blade Dance","floor":11.0},{"not_picked":["Tactician","Quick Slash","Blade Dance"],"picked":"SKIP","floor":12.0},{"not_picked":["Underhanded Strike","Bane"],"picked":"Cloak And Dagger","floor":14.0},{"not_picked":["Doppelganger","Unload"],"picked":"Envenom+1","floor":16.0},{"not_picked":["Sucker Punch","Reflex"],"picked":"Infinite Blades+1","floor":18.0},{"not_picked":["Deadly Poison","Blade Dance"],"picked":"Noxious Fumes+1","floor":19.0},{"not_picked":["Acrobatics","Cloak And Dagger"],"picked":"Backflip","floor":22.0},{"not_picked":["Outmaneuver","Poisoned Stab","Backstab"],"picked":"SKIP","floor":24.0},{"not_picked":["Bane","Dash"],"picked":"Acrobatics+1","floor":27.0},{"not_picked":["Deadly Poison","Acrobatics","Heel Hook+1"],"picked":"SKIP","floor":30.0},{"not_picked":["Heel Hook","Setup"],"picked":"PiercingWail","floor":31.0},{"not_picked":["Venomology","Die Die Die"],"picked":"Envenom+1","floor":33.0},{"not_picked":["Blade Dance","Noxious Fumes+1","Bouncing Flask+1"],"picked":"SKIP","floor":35.0},{"not_picked":["Deflect","PiercingWail","Dagger Spray+1"],"picked":"SKIP","floor":36.0},{"not_picked":["Setup","Tactician","Predator"],"picked":"SKIP","floor":37.0},{"not_picked":["Heel Hook","Underhanded Strike"],"picked":"Catalyst","floor":38.0},{"not_picked":["Reflex+1","Deadly Poison","Predator+1"],"picked":"SKIP","floor":39.0},{"not_picked":["Cloak And Dagger+1","Sucker Punch+1"],"picked":"Phantasmal Killer","floor":41.0},{"not_picked":["Choke+1","Terror"],"picked":"Finisher+1","floor":44.0},{"not_picked":["Prepared","Flying Knee"],"picked":"Backflip+1","floor":46.0},{"not_picked":["Deadly Poison+1","Flechettes+1","Flying Knee"],"picked":"SKIP","floor":47.0},{"not_picked":["Poisoned Stab","Dagger Throw","Bullet Time"],"picked":"SKIP","floor":48.0},{"not_picked":["Dagger Spray","Prepared+1","Slice"],"picked":"SKIP","floor":55}],"player_experience":328087,"relics_obtained":[{"floor":7.0,"key":"Frozen Egg 2"},{"floor":9.0,"key":"Pantograph"},{"floor":14.0,"key":"Snake Skull"},{"floor":24.0,"key":"InkBottle"},{"floor":27.0,"key":"Ornamental Fan"},{"floor":28.0,"key":"Turnip"},{"floor":28.0,"key":"Darkstone Periapt"},{"floor":30.0,"key":"Centennial Puzzle"},{"floor":41.0,"key":"Mango"},{"floor":43.0,"key":"Gremlin Horn"},{"floor":44.0,"key":"Toy Ornithopter"},{"floor":47.0,"key":"Potion Belt"},{"floor":55,"key":"Eternal Feather"}],"event_choices":[{"cards_removed":["Strike_G"],"damage_healed":0.0,"max_hp_gain":0.0,"max_hp_loss":0.0,"gold_gain":0.0,"event_name":"Golden Wing","player_choice":"Card Removal","floor":2.0,"gold_loss":0.0,"damage_taken":7.0},{"damage_healed":0.0,"max_hp_gain":0.0,"max_hp_loss":0.0,"gold_gain":50.0,"event_name":"Golden Shrine","player_choice":"Pray","floor":4.0,"gold_loss":0.0,"damage_taken":0.0},{"damage_healed":0.0,"max_hp_gain":0.0,"max_hp_loss":0.0,"gold_gain":0.0,"event_name":"Addict","player_choice":"Stole Relic","floor":21.0,"gold_loss":0.0,"damage_taken":0.0,"relics_obtained":["Bag of Marbles"],"cards_obtained":["Shame"]},{"damage_healed":0.0,"max_hp_gain":0.0,"max_hp_loss":0.0,"gold_gain":0.0,"event_name":"Colosseum","player_choice":"Fight","floor":28.0,"gold_loss":0.0,"damage_taken":0.0},{"damage_healed":0.0,"max_hp_gain":0.0,"max_hp_loss":0.0,"gold_gain":0.0,"event_name":"Colosseum","player_choice":"Fought Nobs","floor":28.0,"gold_loss":0.0,"damage_taken":0.0},{"damage_healed":0.0,"max_hp_gain":0.0,"max_hp_loss":4.0,"gold_gain":0.0,"event_name":"Winding Halls","player_choice":"Max HP","floor":42.0,"gold_loss":0.0,"damage_taken":0.0}],"is_beta":false,"boss_relics":[{"not_picked":["HoveringKite","Busted Crown"],"picked":"Astrolabe"},{"not_picked":["Pandora\u0027s Box","Calling Bell"],"picked":"Fusion Hammer"}],"items_purged_floors":[13],"is_endless":false,"potions_floor_spawned":[5,7,11,14,19,27,28,30,37,44,47,48,55],"ascension_level":20}}