{"host":"dw8ij7emqco3quom","time":1614301576,"event":{"mods":["BaseMod","Minty Spire (QoL Compilation)"],"gold_per_floor":[109,35,50,50,60,60,60,60,84,112,112,123,1,14,14,115,115,130,130,141,141,141,174,191,191,261,261,278,278,278,278,278,278,278],"floor_reached":33,"language":"FRA","playtime":1809,"items_purged":["Strike_G"],"score":380,"play_id":"0d394754-9942-439f-9772-a505f37a0eb0","local_time":"20210226020616","is_ascension_mode":true,"campfire_choices":[{"floor":6.0,"key":"REST"},{"floor":8.0,"key":"RECALL"},{"data":"Blur","floor":11.0,"key":"SMITH"},{"floor":15.0,"key":"REST"},{"floor":25.0,"key":"REST"},{"floor":30,"key":"REST"},{"floor":32,"key":"REST"}],"circlet_count":0,"master_deck":["Strike_G","Strike_G","Strike_G","Defend_G","Defend_G","Defend_G","Survivor","Neutralize","Riddle With Holes+1","Catalyst+1","Deadly Poison+1","Dash","Blur+1","Corpse Explosion","Dagger Throw","Deadly Poison","Leg Sweep","Envenom","Bane+1","Forethought","Dodge and Roll+1","Poisoned Stab","Writhe","Catalyst"],"relics":["Astrolabe","Oddly Smooth Stone","Sozu","Pear","Blue Candle","Ninja Scroll","Question Card"],"acts_visited":["Exordium","TheCity"],"potions_floor_usage":[],"damage_taken":[{"damage":7.0,"enemies":"Jaw Worm","floor":1.0,"turns":3.0},{"damage":7.0,"enemies":"Small Slimes","floor":3.0,"turns":2.0},{"damage":0.0,"enemies":"Cultist","floor":5.0,"turns":3.0},{"damage":8.0,"enemies":"Lagavulin","floor":10.0,"turns":6.0},{"damage":10.0,"enemies":"Exordium Thugs","floor":12.0,"turns":4.0},{"damage":0.0,"enemies":"Blue Slaver","floor":14.0,"turns":3.0},{"damage":20.0,"enemies":"Hexaghost","floor":16.0,"turns":9.0},{"damage":12.0,"enemies":"3 Byrds","floor":18.0,"turns":4.0},{"damage":0.0,"enemies":"Chosen","floor":20.0,"turns":4.0},{"damage":28.0,"enemies":"Book of Stabbing","floor":23.0,"turns":6.0},{"damage":4.0,"enemies":"Centurion and Healer","floor":24.0,"turns":4.0},{"damage":41,"enemies":"Sentry and Sphere","floor":28,"turns":8},{"damage":76,"enemies":"Automaton","floor":33,"turns":6}],"seed_played":"736206862315789621","potions_obtained":[{"floor":1.0,"key":"PowerPotion"},{"floor":5.0,"key":"Block Potion"},{"floor":12.0,"key":"AttackPotion"},{"floor":16.0,"key":"Strength Potion"}],"is_trial":false,"path_per_floor":["M","$","M","?","M","R","?","R","T","E","R","M","$","M","R","B",null,"M","?","M","T","$","E","M","R","T","?","M","$","R","?","R","B"],"character_chosen":"THE_SILENT","items_purchased":["Dash","Deadly Poison"],"campfire_rested":5,"item_purchase_floors":[2,13],"current_hp_per_floor":[56,56,49,49,49,70,75,75,75,67,67,57,57,57,75,55,70,58,58,58,68,68,40,36,61,61,61,20,20,45,45,70,0,0],"gold":278,"neow_bonus":"BOSS_RELIC","is_daily":false,"chose_seed":false,"campfire_upgraded":1,"win_rate":0.0,"timestamp":1614301576,"path_taken":["M","$","M","?","M","R","?","R","T","E","R","M","$","?","R","BOSS","M","?","?","?","$","E","M","R","T","?","M","?","R","?","R","BOSS"],"items_purchased_type":["Card","Card"],"build_version":"2020-12-22","purchased_purges":1,"victory":false,"max_hp_per_floor":[70,70,70,70,70,70,75,75,75,75,75,75,75,75,75,75,75,75,75,75,85,85,85,85,85,85,85,85,85,85,85,85,85,85],"card_choices":[{"not_picked":["Choke","Finisher","Sucker Punch"],"picked":"SKIP","floor":1.0},{"not_picked":["Sucker Punch","Choke","Bane"],"picked":"SKIP","floor":3.0},{"not_picked":["Flechettes","PiercingWail"],"picked":"Blur","floor":5.0},{"not_picked":["Heel Hook","Caltrops"],"picked":"Corpse Explosion","floor":10.0},{"not_picked":["Underhanded Strike","Infinite Blades"],"picked":"Dagger Throw","floor":12.0},{"not_picked":["Backflip","Deflect"],"picked":"Leg Sweep","floor":14.0},{"not_picked":["Malaise","Phantasmal Killer"],"picked":"Envenom","floor":16.0},{"not_picked":["Deadly Poison","Well Laid Plans"],"picked":"Bane+1","floor":18.0},{"not_picked":["Deflect","Quick Slash","Backflip"],"picked":"SKIP","floor":20.0},{"not_picked":["Acrobatics+1","Deflect"],"picked":"Dodge and Roll+1","floor":23.0},{"not_picked":["Dodge and Roll","Deadly Poison"],"picked":"Poisoned Stab","floor":24.0},{"not_picked":["All Out Attack","Poisoned Stab+1","Dodge and Roll+1"],"picked":"Catalyst","floor":28}],"player_experience":754940,"relics_obtained":[{"floor":10.0,"key":"Oddly Smooth Stone"},{"floor":21.0,"key":"Pear"},{"floor":23.0,"key":"Blue Candle"},{"floor":26.0,"key":"Ninja Scroll"}],"event_choices":[{"damage_healed":0.0,"max_hp_gain":0.0,"max_hp_loss":0.0,"gold_gain":0.0,"event_name":"Scrap Ooze","player_choice":"Fled","floor":4.0,"gold_loss":0.0,"damage_taken":0.0},{"damage_healed":0.0,"max_hp_gain":5.0,"max_hp_loss":0.0,"gold_gain":0.0,"event_name":"Big Fish","player_choice":"Donut","floor":7.0,"gold_loss":0.0,"damage_taken":0.0},{"damage_healed":0.0,"max_hp_gain":0.0,"max_hp_loss":0.0,"gold_gain":0.0,"event_name":"Match and Keep!","player_choice":"1 cards matched","floor":19.0,"gold_loss":0.0,"damage_taken":0.0,"cards_obtained":["Forethought"]},{"damage_healed":0.0,"max_hp_gain":0.0,"max_hp_loss":0.0,"gold_gain":0.0,"event_name":"The Mausoleum","player_choice":"Opened","floor":27.0,"gold_loss":0.0,"damage_taken":0.0,"relics_obtained":["Question Card"],"cards_obtained":["Writhe"]},{"damage_healed":0,"gold_gain":0,"player_choice":"Ignored","damage_taken":0,"max_hp_gain":0,"max_hp_loss":0,"event_name":"Ghosts","floor":31,"gold_loss":0}],"is_beta":false,"boss_relics":[{"not_picked":["Tiny House","Philosopher\u0027s Stone"],"picked":"Sozu"}],"items_purged_floors":[13],"is_endless":false,"potions_floor_spawned":[1,5,12,16,20,28],"killed_by":"Automaton","ascension_level":7}}