{"host":"uyfpom4rlahfoee4","time":1614304944,"event":{"mods":["BaseMod","Downfall","Minty Spire (QoL Compilation)","StSLib"],"gold_per_floor":[99,112,131,151,45,45,68,81,101,1,1,1,31,16,35,134,134,134,154,173,190,208,208,208,225,225,244,263,281,281,29,45,45,45,45],"floor_reached":33,"language":"ENG","playtime":2241,"items_purged":[],"score":245,"play_id":"550c2c61-212f-4c93-b106-69e26285e05e","local_time":"20210225180224","is_ascension_mode":false,"campfire_choices":[{"floor":1,"key":"RECALL"},{"data":"bronze:BronzeOrb","floor":6,"key":"SMITH"},{"data":"bronze:Deprecate","floor":10,"key":"SMITH"},{"data":"bronze:Repulsor","floor":18,"key":"SMITH"},{"data":"bronze:Explode","floor":26,"key":"SMITH"},{"data":"bronze:Terminator","floor":30,"key":"SMITH"}],"circlet_count":0,"master_deck":["bronze:Strike","bronze:Strike","bronze:Strike","bronze:Defend","bronze:Defend","bronze:Defend","bronze:Defend","bronze:Replicate+1","bronze:Goto","bronze:Safeguard","bronze:DelayedGuard","bronze:BronzeOrb+1","bronze:ItsAFeature","bronze:Terminator+1","bronze:Separator","bronze:DelayedSlice","bronze:Deprecate+1","bronze:Constructor","bronze:Spike","bronze:Explode+1","bronze:Overheat","bronze:Repulsor+1","bronze:Invalidate","bronze:Optimize","bronze:AlphaBuild","bronze:BugBarrage","bronze:OilSpill","bronze:WhirlingStrike","bronze:OilSpill+1","bronze:InfiniteBeams","bronze:DelayedSlice"],"relics":["bronze:BronzeCore","Vajra","downfall:HeartBlessingRed","Odd Mushroom","Busted Crown","Calipers","Sling"],"acts_visited":["Exordium","TheCity"],"potions_floor_usage":[16,27],"damage_taken":[{"damage":0,"enemies":"Jaw Worm","floor":2,"turns":4},{"damage":5,"enemies":"Small Slimes","floor":3,"turns":4},{"damage":0,"enemies":"Cultist","floor":4,"turns":3},{"damage":0,"enemies":"downfall:FleeingMerchant","floor":5,"turns":4},{"damage":3,"enemies":"Lots of Slimes","floor":8,"turns":5},{"damage":0,"enemies":"Exordium Thugs","floor":9,"turns":4},{"damage":0,"enemies":"Exordium Thugs","floor":12,"turns":4},{"damage":0,"enemies":"The Mushroom Lair","floor":13,"turns":2},{"damage":0,"enemies":"downfall:FleeingMerchant","floor":14,"turns":4},{"damage":0,"enemies":"Exordium Wildlife","floor":15,"turns":3},{"damage":22,"enemies":"WA_ARCHETYPE_RETAIN","floor":16,"turns":10},{"damage":0,"enemies":"Chosen","floor":19,"turns":4},{"damage":0,"enemies":"Shell Parasite","floor":20,"turns":5},{"damage":5,"enemies":"Snecko","floor":21,"turns":4},{"damage":0,"enemies":"Shelled Parasite and Fungi","floor":22,"turns":5},{"damage":0,"enemies":"Sentry and Sphere","floor":25,"turns":2},{"damage":6,"enemies":"Snecko","floor":27,"turns":3},{"damage":5,"enemies":"Centurion and Healer","floor":28,"turns":3},{"damage":1,"enemies":"3 Cultists","floor":29,"turns":3},{"damage":15,"enemies":"downfall:FleeingMerchant","floor":31,"turns":4},{"damage":3,"enemies":"Snecko","floor":32,"turns":3},{"damage":31,"enemies":"DF_ARCHETYPE_CLAW","floor":33,"turns":6}],"seed_played":"2501062419591339833","potions_obtained":[{"floor":4,"key":"sneckomod:MuddlingPotion"},{"floor":9,"key":"FearPotion"},{"floor":12,"key":"LiquidMemories"},{"floor":16,"key":"BlessingOfTheForge"},{"floor":25,"key":"hexamod:SoulburnPotion"},{"floor":28,"key":"Strength Potion"},{"floor":32,"key":"Regen Potion"}],"is_trial":false,"path_per_floor":["R","M","M","M","$","R","T","M","M","R","?","?","?","$","M","B",null,"R","M","M","M","M","?","T","M","R","M","M","M","R","$","M","B"],"character_chosen":"THE_AUTOMATON","items_purchased":["bronze:Terminator","bronze:Separator","bronze:InfiniteBeams","Sling","bronze:DelayedSlice"],"campfire_rested":0,"item_purchase_floors":[5,5,31,31,31],"current_hp_per_floor":[70,70,65,65,65,65,65,62,62,62,62,62,62,62,62,40,70,70,70,70,65,65,65,65,65,65,59,54,53,53,38,35,4,4,4],"gold":45,"neow_bonus":"UPGRADE_CARD","is_daily":false,"chose_seed":false,"campfire_upgraded":5,"win_rate":0.0,"timestamp":1614304944,"path_taken":["R","M","M","M","$","R","T","M","M","R","?","?","?","$","M","BOSS","R","M","M","M","M","?","T","M","R","?","M","?","R","?","M","BOSS"],"items_purchased_type":["Card","Card","Card","Relic","Card"],"build_version":"2020-12-22","purchased_purges":0,"victory":false,"max_hp_per_floor":[70,70,70,70,70,70,70,70,70,70,70,70,70,70,70,70,70,70,70,70,70,70,70,70,70,70,70,70,70,70,70,70,70,70,70],"card_choices":[{"not_picked":["bronze:Deprecate","bronze:Overload"],"picked":"bronze:Safeguard","floor":2},{"not_picked":["bronze:Frontload","bronze:BitShift"],"picked":"bronze:DelayedGuard","floor":3},{"not_picked":["bronze:Overheat","bronze:DelayedGuard"],"picked":"bronze:BronzeOrb","floor":4},{"not_picked":["bronze:CleanCode","bronze:BuggyMess"],"picked":"bronze:ItsAFeature","floor":5},{"not_picked":["bronze:BronzeArmor","bronze:Invalidate"],"picked":"bronze:DelayedSlice","floor":8},{"not_picked":["bronze:ForceShield","bronze:Allocate"],"picked":"bronze:Deprecate","floor":9},{"not_picked":[],"picked":"bronze:Spike","floor":12},{"not_picked":[],"picked":"bronze:Explode","floor":12},{"not_picked":["bronze:Deprecate","bronze:Safeguard"],"picked":"bronze:Overheat","floor":12},{"not_picked":["bronze:Fortify","bronze:BugBarrage"],"picked":"bronze:Repulsor","floor":13},{"not_picked":["bronze:Turbo","bronze:ForLoop"],"picked":"bronze:Invalidate","floor":14},{"not_picked":["bronze:RecursiveStrike","bronze:CutThrough"],"picked":"bronze:Optimize","floor":15},{"not_picked":["bronze:Format","bronze:Virus"],"picked":"bronze:AlphaBuild","floor":16},{"not_picked":[],"picked":"bronze:BugBarrage","floor":19},{"not_picked":[],"picked":"bronze:OilSpill","floor":20},{"not_picked":["bronze:ForLoop"],"picked":"SKIP","floor":21},{"not_picked":[],"picked":"bronze:WhirlingStrike","floor":22},{"not_picked":["bronze:Turbo"],"picked":"SKIP","floor":25},{"not_picked":["bronze:Turbo"],"picked":"SKIP","floor":25},{"not_picked":["bronze:Frontload"],"picked":"SKIP","floor":27},{"not_picked":["bronze:Frontload+1"],"picked":"SKIP","floor":28},{"not_picked":[],"picked":"bronze:OilSpill+1","floor":29},{"not_picked":["bronze:Optimize"],"picked":"SKIP","floor":31},{"not_picked":["bronze:SpaghettiCode"],"picked":"SKIP","floor":32}],"player_experience":223845,"relics_obtained":[{"floor":7,"key":"Vajra"},{"floor":13,"key":"Odd Mushroom"},{"floor":24,"key":"Calipers"}],"event_choices":[{"damage_healed":0,"gold_gain":0,"player_choice":"Fought Mushrooms","damage_taken":0,"max_hp_gain":0,"max_hp_loss":0,"event_name":"Mushrooms","floor":13,"gold_loss":0}],"is_beta":false,"boss_relics":[{"not_picked":["bronze:MakeshiftBattery","Pandora\u0027s Box"],"picked":"Busted Crown"}],"items_purged_floors":[],"is_endless":false,"potions_floor_spawned":[4,9,12,15,16,25,28,32],"killed_by":"DF_ARCHETYPE_CLAW","ascension_level":0}}