{"host":"jt67skv49snb75sm","time":1614364973,"event":{"mods":["BaseMod","Bestiary","Minty Spire (QoL Compilation)","Relic Stats"],"gold_per_floor":[115,1,15,15,65,65,83,83,83,83,109,125,86,102,102,180,180,199,209,209,25,39,39,39],"floor_reached":23,"language":"ENG","playtime":728,"items_purged":["Strike_R","Strike_R"],"score":382,"play_id":"f3e38b92-6f71-4a96-b3a7-708e9abffcd7","local_time":"20210226194253","is_ascension_mode":true,"campfire_choices":[{"data":"Iron Wave","floor":6.0,"key":"SMITH"},{"data":"Armaments","floor":8.0,"key":"SMITH"},{"data":"Spot Weakness","floor":10.0,"key":"SMITH"},{"floor":15.0,"key":"REST"}],"circlet_count":0,"master_deck":["AscendersBane","Strike_R","Strike_R","Strike_R","Defend_R","Defend_R","Defend_R","Defend_R","Bash+1","Iron Wave+1","Spot Weakness+1","Armaments+1","Corruption","Sentinel","Dropkick","Flex+1","Feel No Pain","Dropkick","Havoc"],"relics":["Burning Blood","StoneCalendar","Bottled Tornado","Black Star","Gambling Chip"],"acts_visited":["Exordium","TheCity"],"potions_floor_usage":[23],"damage_taken":[{"damage":6.0,"enemies":"Cultist","floor":1.0,"turns":4.0},{"damage":5.0,"enemies":"Small Slimes","floor":3.0,"turns":4.0},{"damage":7.0,"enemies":"Jaw Worm","floor":7.0,"turns":3.0},{"damage":32.0,"enemies":"Gremlin Nob","floor":11.0,"turns":4.0},{"damage":14.0,"enemies":"3 Louse","floor":12.0,"turns":4.0},{"damage":6.0,"enemies":"Looter","floor":14.0,"turns":3.0},{"damage":36.0,"enemies":"Slime Boss","floor":16.0,"turns":10.0},{"damage":41.0,"enemies":"Spheric Guardian","floor":18.0,"turns":6.0},{"damage":8.0,"enemies":"Chosen","floor":19.0,"turns":5.0},{"damage":8.0,"enemies":"Centurion and Healer","floor":22.0,"turns":6.0},{"damage":40,"enemies":"Slavers","floor":23,"turns":4}],"seed_played":"7032907934120803445","potions_obtained":[{"floor":1.0,"key":"Fruit Juice"},{"floor":12.0,"key":"LiquidMemories"},{"floor":16.0,"key":"Fire Potion"},{"floor":18.0,"key":"Regen Potion"},{"floor":19.0,"key":"ElixirPotion"}],"is_trial":false,"path_per_floor":["M","$","M","?","?","R","M","R","T","R","E","M","$","M","R","B",null,"M","M","T","$","M","E"],"character_chosen":"IRONCLAD","items_purchased":["Spot Weakness","Dropkick","Dropkick"],"campfire_rested":1,"item_purchase_floors":[2,13,21],"current_hp_per_floor":[68,68,69,69,69,69,68,68,68,68,42,34,34,34,56,31,68,33,45,45,45,43,3,3],"gold":39,"neow_bonus":"UPGRADE_CARD","is_daily":false,"chose_seed":false,"campfire_upgraded":3,"win_rate":0.0,"timestamp":1614364973,"path_taken":["M","?","M","?","?","R","?","R","T","R","E","M","$","M","R","BOSS","M","M","?","$","M","E"],"items_purchased_type":["Card","Card","Card"],"build_version":"2020-12-22","purchased_purges":2,"victory":false,"max_hp_per_floor":[75,75,75,75,75,75,75,75,75,75,75,75,75,75,75,80,80,80,80,80,80,80,80,80],"relic_stats":{"counters":[11,53],"Gambling Chip":[4],"StoneCalendar":[104],"Black Star":0,"obtain_stats":[{"Gambling Chip":20,"StoneCalendar":9,"Black Star":17,"Bottled Tornado":11,"Burning Blood":0},{"Gambling Chip":9,"StoneCalendar":3,"Black Star":7,"Bottled Tornado":4,"Burning Blood":0},{"Gambling Chip":43,"StoneCalendar":11,"Black Star":32,"Bottled Tornado":15,"Burning Blood":0}],"Burning Blood":60},"card_choices":[{"not_picked":["Sever Soul","Sword Boomerang"],"picked":"Iron Wave","floor":1.0},{"not_picked":["Anger","Body Slam"],"picked":"Armaments","floor":3.0},{"not_picked":["Clothesline","Burning Pact"],"picked":"Corruption","floor":7.0},{"not_picked":["Havoc","Spot Weakness","Bloodletting"],"picked":"SKIP","floor":11.0},{"not_picked":["Twin Strike","Pommel Strike"],"picked":"Sentinel","floor":12.0},{"not_picked":["Bloodletting","Sever Soul","Flex"],"picked":"SKIP","floor":14.0},{"not_picked":["Armaments","Clash"],"picked":"Flex+1","floor":18.0},{"not_picked":["Thunderclap","Sword Boomerang"],"picked":"Feel No Pain","floor":19.0},{"not_picked":["Sever Soul","Flex"],"picked":"Havoc","floor":22.0}],"player_experience":924134,"relics_obtained":[{"floor":9.0,"key":"StoneCalendar"},{"floor":11.0,"key":"Bottled Tornado"},{"floor":20.0,"key":"Gambling Chip"}],"event_choices":[{"damage_healed":0.0,"max_hp_gain":0.0,"max_hp_loss":0.0,"gold_gain":0.0,"event_name":"Liars Game","player_choice":"Ignored","floor":4.0,"gold_loss":0.0,"damage_taken":0.0},{"damage_healed":0.0,"max_hp_gain":0.0,"max_hp_loss":0.0,"gold_gain":50.0,"event_name":"Golden Shrine","player_choice":"Pray","floor":5.0,"gold_loss":0.0,"damage_taken":0.0}],"is_beta":false,"boss_relics":[{"not_picked":["Runic Cube","Black Blood"],"picked":"Black Star"}],"items_purged_floors":[2,21],"is_endless":false,"potions_floor_spawned":[1,12,16,18,19],"killed_by":"Slavers","ascension_level":20}}