{"host":"vrsxkkch9ccrec7k","time":1614328218,"event":{"mods":["Act Like it!","BaseMod","Bestiary","Better Altar","Better Match","Better Note","Better Sensory Stone","Better Skull","Better Third Choice","Better Vampires","Downfall","Minty Spire (QoL Compilation)","Permanent Neow","Relic Stats","Spicy Shops","StSLib"],"gold_per_floor":[99,115,127,15,29,29,29,29,64,75,109,109,109,125,143,143,143,143],"floor_reached":16,"language":"ENG","playtime":1246,"items_purged":["hexamod:Strike"],"score":185,"play_id":"848860b5-a861-4c15-aaa5-637f87f94e90","local_time":"20210226033018","is_ascension_mode":true,"campfire_choices":[{"data":"hexamod:Float","floor":1,"key":"SMITH"},{"data":"hexamod:PowerFromBeyond","floor":6,"key":"SMITH"},{"data":"hexamod:GhostOfSpireFuture","floor":8,"key":"SMITH"},{"floor":13,"key":"REST"}],"circlet_count":0,"master_deck":["AscendersBane","hexamod:Strike","hexamod:Strike","hexamod:Strike","hexamod:Defend","hexamod:Defend","hexamod:Defend","hexamod:Defend","hexamod:Sear","hexamod:Float+1","hexamod:ThirdSeal","hexamod:FlamesFromBeyond","hexamod:NightmareStrike","hexamod:GhostOfSpireFuture+1","hexamod:FirstSeal","hexamod:AdvancingGuard","hexamod:PowerFromBeyond+1","hexamod:Hexaguard","hexamod:PhantomCloak","hexamod:Hexaguard","hexamod:ShieldOfDarkness","hexamod:TimeOfNeed","hexamod:FastForward","hexamod:NightmareGuise"],"relics":["hexamod:SpiritBrand","Gambling Chip","TungstenRod","WingedGreaves","Lantern","downfall:BrokenWingStatue"],"acts_visited":["Exordium"],"potions_floor_usage":[9,9,11,16],"damage_taken":[{"damage":0,"enemies":"Cultist","floor":2,"turns":3},{"damage":0,"enemies":"Small Slimes","floor":3,"turns":4},{"damage":5,"enemies":"downfall:FleeingMerchant","floor":4,"turns":4},{"damage":2,"enemies":"2 Louse","floor":5,"turns":3},{"damage":13,"enemies":"3 Sentries","floor":9,"turns":11},{"damage":5,"enemies":"Exordium Thugs","floor":10,"turns":5},{"damage":23,"enemies":"Gremlin Nob","floor":11,"turns":5},{"damage":33,"enemies":"Gremlin Gang","floor":14,"turns":5},{"damage":0,"enemies":"2 Fungi Beasts","floor":15,"turns":3},{"damage":46,"enemies":"DF_ARCHETYPE_STREAMLINE","floor":16,"turns":14}],"seed_played":"2202607189950994929","potions_obtained":[{"floor":2,"key":"FairyPotion"},{"floor":3,"key":"FearPotion"},{"floor":5,"key":"Swift Potion"},{"floor":9,"key":"Energy Potion"},{"floor":10,"key":"CultistPotion"}],"is_trial":false,"path_per_floor":["R","M","M","$","M","R","T","R","E","M","E","?","R","M","M","B"],"character_chosen":"THE_SPIRIT","items_purchased":["hexamod:AdvancingGuard"],"campfire_rested":1,"item_purchase_floors":[4],"current_hp_per_floor":[63,63,63,58,56,56,56,56,50,52,36,36,54,28,35,0,0,0],"gold":143,"neow_bonus":"ONE_RARE_RELIC","is_daily":false,"chose_seed":false,"campfire_upgraded":3,"win_rate":0.0,"timestamp":1614328218,"path_taken":["R","M","M","?","M","R","T","R","E","M","E","?","R","M","M","BOSS"],"items_purchased_type":["Card"],"build_version":"2020-12-22","purchased_purges":1,"victory":false,"max_hp_per_floor":[63,63,63,63,63,63,63,63,63,63,63,63,63,63,63,63,63,63],"relic_stats":{"counters":[10,57],"Gambling Chip":[30],"obtain_stats":[{"Lantern":11,"downfall:BrokenWingStatue":12,"Gambling Chip":0,"WingedGreaves":9,"hexamod:SpiritBrand":0,"TungstenRod":7},{"Lantern":7,"downfall:BrokenWingStatue":7,"Gambling Chip":0,"WingedGreaves":5,"hexamod:SpiritBrand":0,"TungstenRod":4},{"Lantern":35,"downfall:BrokenWingStatue":35,"Gambling Chip":0,"WingedGreaves":25,"hexamod:SpiritBrand":0,"TungstenRod":14}],"TungstenRod":10},"card_choices":[{"not_picked":["hexamod:HauntingEcho","hexamod:BurningTouch"],"picked":"hexamod:ThirdSeal","floor":2},{"not_picked":["hexamod:RetreatToShadows","hexamod:ThermalTransfer"],"picked":"hexamod:FlamesFromBeyond","floor":3},{"not_picked":["hexamod:EtherealExpedition","hexamod:SkipABeat"],"picked":"hexamod:NightmareStrike","floor":3},{"not_picked":["hexamod:ApocalypticArmor","hexamod:SpectersWail"],"picked":"hexamod:GhostOfSpireFuture","floor":4},{"not_picked":["hexamod:BurningTouch","hexamod:NightmareGuise"],"picked":"hexamod:FirstSeal","floor":4},{"not_picked":["hexamod:ExtraCrispy","hexamod:ThermalTransfer"],"picked":"hexamod:PowerFromBeyond","floor":5},{"not_picked":["hexamod:DynamicBlow","hexamod:HauntingEcho","hexamod:Firestarter"],"picked":"SKIP","floor":5},{"not_picked":["hexamod:SpectersWail","hexamod:ThermalTransfer"],"picked":"hexamod:Hexaguard","floor":9},{"not_picked":["hexamod:HeatShield","hexamod:SkipABeat"],"picked":"hexamod:PhantomCloak","floor":9},{"not_picked":["hexamod:NightmareGuise","hexamod:BacktrackSmack"],"picked":"hexamod:Hexaguard","floor":10},{"not_picked":["hexamod:BurningTouch","hexamod:Firestarter","hexamod:HauntingEcho"],"picked":"SKIP","floor":10},{"not_picked":["hexamod:SpectersWail","hexamod:SuperheatedStrike"],"picked":"hexamod:ShieldOfDarkness","floor":11},{"not_picked":["hexamod:RecurringNightmare","hexamod:Haunt"],"picked":"hexamod:TimeOfNeed","floor":11},{"not_picked":["hexamod:FourthSeal","hexamod:BurningTouch"],"picked":"hexamod:FastForward","floor":14},{"not_picked":["hexamod:FourthSeal","hexamod:Hexaguard","hexamod:ShieldOfDarkness"],"picked":"SKIP","floor":14},{"not_picked":["hexamod:PhantomFireball","hexamod:GhostShield"],"picked":"hexamod:NightmareGuise","floor":15},{"not_picked":["hexamod:HauntingEcho","hexamod:GhostLash","hexamod:Firestarter"],"picked":"SKIP","floor":15}],"player_experience":2041210,"relics_obtained":[{"floor":7,"key":"TungstenRod"},{"floor":9,"key":"WingedGreaves"},{"floor":11,"key":"Lantern"}],"event_choices":[],"is_beta":false,"boss_relics":[],"items_purged_floors":[4],"is_endless":false,"potions_floor_spawned":[2,3,5,9,10],"killed_by":"DF_ARCHETYPE_STREAMLINE","ascension_level":13}}