{"host":"a3r3rnu1bta2av1p","time":1614307372,"event":{"mods":["100% Spire Juice","Act Like it!","Arknights","BaseMod","Gensokyo","Hallownest","Library of Ruina","Library of Ruina Extra","Minty Spire (QoL Compilation)","MostiFishMod","Spicy Shops","StSLib","WarShipGirlsR/’ΩΩ¢…Ÿ≈ÆR mod"],"gold_per_floor":[115,133,148,73,93,93,124,124,148,148,148,162,179,190,190,285,285,302,302,12,28,81,115,129,140,140,182,212,239,251,277,289,400,412,442,465,496,36,36,36,53,86,86,86,113,125,157,0,0,0,0],"floor_reached":50,"language":"ZHS","playtime":3169,"items_purged":["ats:Strike S","ats:Strike V","ats:Strike G+1"],"score":680,"play_id":"7594146e-1c55-4bdd-84d2-929c7e350e27","local_time":"20210226104252","is_ascension_mode":false,"campfire_choices":[{"data":"ats:Volcano","floor":6.0,"key":"SMITH"},{"data":"ats:Burning Ground","floor":8.0,"key":"SMITH"},{"data":"ats:Emotion Absorption","floor":15,"key":"SMITH"},{"data":"MostiFishMod:Galeforce","floor":30,"key":"SMITH"},{"data":"ats:Soul Absorption","floor":32,"key":"SMITH"},{"data":"ats:Volcano","floor":40,"key":"SMITH"},{"data":"ats:Mental Burst","floor":44,"key":"SMITH"},{"data":"ats:Guardian Obelisk","floor":49,"key":"SMITH"}],"circlet_count":0,"master_deck":["ats:Strike C+1","ats:Defend","ats:Defend","ats:Defend","ats:Defend","ats:Emotion Absorption+1","ats:Ignite","ats:Burning Ground+1","ats:Volcano+1","MostiFishMod:ButterFly","ats:Sunburst","ats:Very Hot Blade","ats:Calcification","Hallownest:attackMasterCycloneSlash","MostiFishMod:Galeforce+1","ats:Mental Burst+1","ats:Serious Mode+1","ats:Soul Absorption+1","ats:Hook Shot","ats:Wolf Pack","ats:Volcano+1","ats:Directed Diagnosis+1","ats:Guardian Obelisk+1","ats:Guard Mode","Hallownest:curseDreamersLament","ats:Flame Of Heaven+1","ats:Shadow Raid+1"],"relics":["ats:Sanity","DaveBox","Whetstone","TimeKeys","SynthV:TestCard","ats:Originium","Potion Belt","Happy Flower","SlaversCollar","Membership Card","ats:Hidden Killer","MawBank","CaptainsWheel","Empty Cage","BirthdayGift-Icosahedron","Hallownest:BeastSealRelic","Regal Pillow","Darkstone Periapt","Gambling Chip","Bag of Marbles","Hallownest:StagBellRelic1"],"acts_visited":["Hallownest:Greenpath","Hallownest:CityofTears","Hallownest:KingdomsEdge"],"potions_floor_usage":[22,33,33,33],"damage_taken":[{"damage":0.0,"enemies":"Hallownest:monsterHuskGuard","floor":1.0,"turns":2.0},{"damage":0.0,"enemies":"Hallownest:2_Baldur","floor":2.0,"turns":3.0},{"damage":0.0,"enemies":"Hallownest:monsterHuskWarrior","floor":3.0,"turns":3.0},{"damage":7.0,"enemies":"Hallownest:1_Baldur_1_Crawlid_1_Warrior","floor":5.0,"turns":3.0},{"damage":0.0,"enemies":"Hallownest:eliteMossKnight","floor":7.0,"turns":4.0},{"damage":3,"enemies":"Hallownest:Guard_and_Warrior","floor":12,"turns":2},{"damage":6,"enemies":"Hallownest:Wandering_and_Horned","floor":13,"turns":3},{"damage":7,"enemies":"Hallownest:MossCreep_and_Mosskin","floor":14,"turns":5},{"damage":17,"enemies":"Hallownest:BossBrokenVessel","floor":16,"turns":5},{"damage":13,"enemies":"Hallownest:3_Youths","floor":18,"turns":3},{"damage":10,"enemies":"Hallownest:2_Mistakes","floor":21,"turns":3},{"damage":15,"enemies":"Hallownest:Glutton_and_Coward","floor":22,"turns":3},{"damage":14,"enemies":"Hallownest:eliteWatcherKnight","floor":23,"turns":9},{"damage":16,"enemies":"Hallownest:3_Mistakes","floor":24,"turns":3},{"damage":7,"enemies":"Hallownest:Master_and_Novice","floor":25,"turns":3},{"damage":5,"enemies":"Hallownest:Nosk","floor":27,"turns":6},{"damage":11,"enemies":"Hallownest:Warrior_and_Youth","floor":28,"turns":3},{"damage":12,"enemies":"Hallownest:monsterShrumalOgre","floor":29,"turns":2},{"damage":0,"enemies":"Hallownest:2_Husk_Sentries","floor":31,"turns":1},{"damage":36,"enemies":"Hallownest:BossGrimm","floor":33,"turns":7},{"damage":15,"enemies":"Hallownest:Shield_Heavy","floor":35,"turns":5},{"damage":0,"enemies":"Hallownest:2_Littles","floor":36,"turns":1},{"damage":20,"enemies":"Hallownest:2_Wing_and_1_Kings","floor":37,"turns":3},{"damage":6,"enemies":"Hallownest:2_Great","floor":41,"turns":3},{"damage":0,"enemies":"Hallownest:StalkingDevout","floor":42,"turns":2},{"damage":0,"enemies":"Hallownest:eliteHiveKnight","floor":45,"turns":3},{"damage":0,"enemies":"Hallownest:Slobbering_and_Violent","floor":46,"turns":3},{"damage":0,"enemies":"Hallownest:StalkingDevout","floor":47,"turns":3},{"damage":72,"enemies":"Hallownest:BossHollowKnight","floor":50,"turns":5}],"seed_played":"-8891022814863742870","potions_obtained":[{"floor":1.0,"key":"SmokeBomb"},{"floor":3.0,"key":"ats:Burn Big Potion"},{"floor":12,"key":"Energy Potion"},{"floor":14,"key":"Swift Potion"},{"floor":21,"key":"PowerPotion"},{"floor":22,"key":"SkillPotion"},{"floor":33,"key":"SkillPotion"},{"floor":35,"key":"Explosive Potion"},{"floor":36,"key":"BlessingOfTheForge"}],"is_trial":false,"path_per_floor":["M","M","M","$","M","R","E","R","T","?","?","M","M","M","R","B",null,"M","?","$","M","M","E","M","M","T","E","M","M","R","M","R","B",null,"M","M","M","$","?","R","M","E","T","R","E","M","E","?","R","B"],"character_chosen":"DOCTOR_CLASS","items_purchased":["Membership Card","MostiFishMod:Galeforce","ats:Guard Mode","BirthdayGift-Icosahedron"],"campfire_rested":0,"item_purchase_floors":[20,20,38,38],"current_hp_per_floor":[72,72,72,72,65,65,65,65,65,56,56,57,55,52,52,39,72,59,59,59,62,57,48,45,43,43,44,61,69,69,69,69,37,72,62,62,71,71,71,71,67,72,72,72,72,72,72,72,72,0,0],"gold":0,"neow_bonus":"RANDOM_COMMON_RELIC","is_daily":false,"chose_seed":false,"campfire_upgraded":8,"win_rate":0.0,"timestamp":1614307372,"path_taken":["M","M","M","$","M","R","E","R","T","?","?","M","M","M","R","BOSS","M","?","?","?","M","E","M","M","T","E","M","M","R","M","R","BOSS","M","M","M","$","?","R","M","E","T","R","E","M","E","?","R","BOSS"],"items_purchased_type":["Relic","Card","Card","Relic"],"build_version":"2020-12-22","purchased_purges":3,"victory":false,"max_hp_per_floor":[72,72,72,72,72,72,72,72,72,72,72,72,72,72,72,72,72,72,72,72,72,72,72,72,72,72,72,72,72,72,72,72,72,72,72,72,72,72,72,72,72,72,72,72,72,72,72,72,72,72,72],"card_choices":[{"not_picked":["ats:Part Time Job","ats:Shell Defense"],"picked":"ats:Ignite","floor":1.0},{"not_picked":["ats:Leaping Hammer","ats:Flexible Camouflage","ats:Steam Pump","ats:Poison Spread"],"picked":"ats:Burning Ground","floor":2.0},{"not_picked":["ats:Powerful Strike","ats:Blood Oath","ats:Shell Defense","ats:Revitalization","ats:Apocalypse"],"picked":"SKIP","floor":3.0},{"not_picked":["ats:Closed Bolt Burst Fire","ats:Steam Pump","ats:Phantom","ats:Neurotoxin"],"picked":"ats:Volcano","floor":5.0},{"not_picked":["ats:Shell Defense","ats:Song Of Battle","ats:Revitalization","ats:Thermite Blade","ats:Poison Spread"],"picked":"SKIP","floor":7.0},{"not_picked":["Thinking Ahead","MostiFishMod:SupremeArchaeology","The Bomb","Mind Blast"],"picked":"MostiFishMod:ButterFly","floor":11.0},{"not_picked":["ats:Beaten Up","ats:Apocalypse","ats:LN2 Cannon","ats:Poison Spread"],"picked":"ats:Sunburst","floor":11.0},{"not_picked":["ats:Explosion Area Strengthen","ats:Consecutive Shot Auto","ats:Closed Bolt Burst Fire","ats:Leaping Hammer","ats:Flexible Camouflage"],"picked":"SKIP","floor":12},{"not_picked":["ats:Blood Oath","ats:Collapsing Strike","ats:Sunburst","ats:Powerful Strike","ats:Apocalypse"],"picked":"SKIP","floor":13},{"not_picked":["ats:Healing Strengthening","ats:Flame Of Heaven","ats:Flexible Camouflage","ats:Guard Mode"],"picked":"ats:Very Hot Blade","floor":14},{"not_picked":["ats:Disruption Kick","ats:Wolf Pack","ats:True Silver Slash","ats:Rat Pack"],"picked":"ats:Calcification","floor":16},{"not_picked":["ats:LN2 Cannon","ats:Cat Scratch","ats:Ignite","ats:Closed Bolt Burst Fire+1","ats:Revitalization"],"picked":"SKIP","floor":18},{"not_picked":["ats:Consecutive Shot Auto+1","ats:Literary Storm","ats:Cat Scratch","ats:Revitalization"],"picked":"ats:Mental Burst","floor":21},{"not_picked":["ats:Absolute Focus","ats:Assault Order","ats:Collapsing Strike","ats:Powerful Strike"],"picked":"ats:Ambush","floor":22},{"not_picked":["ats:Assault Order+1","ats:Very Hot Blade+1","ats:Rapid Magazine+1","ats:Soul Rend"],"picked":"ats:Serious Mode+1","floor":23},{"not_picked":["ats:Thorns","ats:Flame Of Heaven","ats:Absolute Focus","ats:Guard Mode"],"picked":"ats:Soul Absorption","floor":24},{"not_picked":["ats:Literary Storm","ats:Automatic Cover+1","ats:Curse Doll","ats:Explosion Area Strengthen"],"picked":"ats:Hook Shot","floor":25},{"not_picked":["ats:Guard Mode","ats:Flexible Camouflage","ats:Healing Strengthening","ats:Blood Oath+1","ats:Cat Scratch"],"picked":"SKIP","floor":27},{"not_picked":["ats:Revitalization","ats:Blood Oath","ats:Beaten Up+1","ats:Closed Bolt Burst Fire","ats:Magnetic Hammer"],"picked":"SKIP","floor":28},{"not_picked":["ats:Flame Of Heaven","ats:Very Hot Blade","ats:Poison Spread","ats:Spore Proliferation"],"picked":"ats:Wolf Pack","floor":29},{"not_picked":["ats:Explosion Area Strengthen","ats:Curse Doll+1","ats:Apocalypse","ats:Healing Drone+1","ats:Hammer On+1"],"picked":"SKIP","floor":31},{"not_picked":["ats:Durian","ats:True Silver Slash","ats:Fractured Body","ats:Ambush"],"picked":"ats:Volcano","floor":33},{"not_picked":["ats:Revitalization+1","ats:Absolute Focus","ats:Hammer On+1","ats:Consecutive Shot Auto","ats:Neurotoxin"],"picked":"SKIP","floor":35},{"not_picked":["ats:Revitalization+1","ats:Powerful Strike","ats:Consecutive Shot Auto","ats:Neurotoxin"],"picked":"ats:Directed Diagnosis+1","floor":36},{"not_picked":["ats:Leaping Hammer","ats:Red Shift","ats:Consecutive Shot Auto+1","ats:Neurotoxin+1"],"picked":"ats:Guardian Obelisk","floor":37},{"not_picked":["ats:Powerful Strike","ats:Consecutive Shot Auto+1","ats:Soul Rend","ats:Leaping Hammer+1","ats:Spore Proliferation"],"picked":"SKIP","floor":41},{"not_picked":["ats:Steam Pump","ats:Consecutive Shot Auto+1","ats:Leaping Hammer+1","ats:Ignite+1","ats:Hammer On+1"],"picked":"SKIP","floor":42},{"not_picked":["ats:Magnetic Hammer","ats:Overload","ats:Thermite Blade","ats:Healing Strengthening"],"picked":"ats:Flame Of Heaven+1","floor":45},{"not_picked":["ats:Assault Order","ats:Directed Diagnosis","ats:Ignite+1","ats:Powerful Strike"],"picked":"ats:Shadow Raid+1","floor":46},{"not_picked":["ats:Curse Doll+1","ats:Guardian Obelisk","ats:Absolute Focus+1","ats:Automatic Cover+1","ats:Ignite+1"],"picked":"SKIP","floor":47}],"player_experience":74357,"relics_obtained":[{"floor":1.0,"key":"SynthV:TestCard"},{"floor":7.0,"key":"ats:Originium"},{"floor":7.0,"key":"Potion Belt"},{"floor":9.0,"key":"Happy Flower"},{"floor":23,"key":"ats:Originium"},{"floor":23,"key":"ats:Hidden Killer"},{"floor":26,"key":"MawBank"},{"floor":27,"key":"ats:Originium"},{"floor":27,"key":"CaptainsWheel"},{"floor":42,"key":"ats:Originium"},{"floor":42,"key":"Regal Pillow"},{"floor":43,"key":"Darkstone Periapt"},{"floor":45,"key":"Gambling Chip"},{"floor":47,"key":"Bag of Marbles"}],"event_choices":[],"is_beta":false,"boss_relics":[{"not_picked":["HereWithMe","ats:Tactical Delivery"],"picked":"SlaversCollar"},{"not_picked":["ats:Sanity Plus","Black Star"],"picked":"Empty Cage"}],"items_purged_floors":[4,20,38],"is_endless":false,"potions_floor_spawned":[1,3,12,14,21,22,24,27,33,35,36,37,45],"killed_by":"Hallownest:BossHollowKnight","ascension_level":0}}