{"host":"9l1knhxfturzliqa","time":1614322506,"event":{"mods":["AchievementEnabler","BaseMod","Colored Map","Colored Powertips","DeckTracker","Highlight Path","Keyboard Shortcuts","Minty Spire (QoL Compilation)","Random Character Button"],"gold_per_floor":[12,22,42,7,23,23,23,41,41,41,65,76,76,126,126,126,126],"floor_reached":16,"language":"KOR","playtime":797,"items_purged":[],"score":184,"play_id":"ca880da6-ce4d-4461-9859-d4b77c0e0480","local_time":"20210226155506","is_ascension_mode":true,"campfire_choices":[{"data":"Sadistic Nature","floor":6.0,"key":"SMITH"},{"data":"Adrenaline","floor":13.0,"key":"SMITH"},{"data":"Crippling Poison","floor":15.0,"key":"SMITH"}],"circlet_count":0,"master_deck":["AscendersBane","Strike_G","Strike_G","Strike_G","Strike_G+1","Defend_G","Defend_G","Defend_G","Defend_G","Defend_G","Survivor","Neutralize","Sadistic Nature+1","Deflect","Outmaneuver","Cloak And Dagger","Poisoned Stab","Well Laid Plans","Crippling Poison+1","Adrenaline+1"],"relics":["Ring of the Snake","Letter Opener","Odd Mushroom"],"acts_visited":["Exordium"],"potions_floor_usage":[16,16],"damage_taken":[{"damage":5.0,"enemies":"2 Louse","floor":1.0,"turns":4.0},{"damage":0.0,"enemies":"Small Slimes","floor":2.0,"turns":4.0},{"damage":17.0,"enemies":"Cultist","floor":3.0,"turns":5.0},{"damage":10.0,"enemies":"3 Louse","floor":5.0,"turns":5.0},{"damage":19.0,"enemies":"Exordium Thugs","floor":8.0,"turns":5.0},{"damage":2.0,"enemies":"The Mushroom Lair","floor":11.0,"turns":4.0},{"damage":0.0,"enemies":"Red Slaver","floor":12.0,"turns":4.0},{"damage":40,"enemies":"Slime Boss","floor":16,"turns":6}],"seed_played":"5667796748876211455","potions_obtained":[{"floor":3.0,"key":"Regen Potion"},{"floor":11.0,"key":"AttackPotion"}],"is_trial":false,"path_per_floor":["M","M","M","?","M","R","?","M","T","?","?","M","R","?","R","B"],"character_chosen":"THE_SILENT","items_purchased":[],"campfire_rested":0,"item_purchase_floors":[],"current_hp_per_floor":[54,54,37,53,43,43,43,24,24,24,22,22,22,22,22,0,0],"gold":126,"neow_bonus":"RANDOM_COLORLESS_2","is_daily":false,"chose_seed":false,"campfire_upgraded":3,"win_rate":0.0,"timestamp":1614322506,"path_taken":["M","M","M","?","M","R","?","?","T","?","?","M","R","?","R","BOSS"],"items_purchased_type":[],"build_version":"2020-12-22","purchased_purges":0,"victory":false,"max_hp_per_floor":[66,66,66,66,66,66,66,66,66,66,66,66,66,66,66,66,66],"card_choices":[{"not_picked":["Secret Technique","Secret Weapon"],"picked":"Sadistic Nature","floor":0.0},{"not_picked":["Quick Slash","Slice"],"picked":"Deflect","floor":1.0},{"not_picked":["Distraction","Quick Slash"],"picked":"Outmaneuver","floor":2.0},{"not_picked":["Dash","Quick Slash"],"picked":"Cloak And Dagger","floor":3.0},{"not_picked":["Backflip","Riddle With Holes"],"picked":"Poisoned Stab","floor":5.0},{"not_picked":["Catalyst","Prepared"],"picked":"Well Laid Plans","floor":8.0},{"not_picked":["Cloak And Dagger","Reflex"],"picked":"Crippling Poison","floor":11.0},{"not_picked":["Acrobatics","Riddle With Holes"],"picked":"Adrenaline","floor":12.0}],"player_experience":752507,"relics_obtained":[{"floor":9.0,"key":"Letter Opener"},{"floor":11.0,"key":"Odd Mushroom"}],"event_choices":[{"damage_healed":16.0,"max_hp_gain":0.0,"max_hp_loss":0.0,"gold_gain":0.0,"event_name":"The Cleric","player_choice":"Healed","floor":4.0,"gold_loss":35.0,"damage_taken":0.0},{"damage_healed":0.0,"max_hp_gain":0.0,"max_hp_loss":0.0,"gold_gain":0.0,"event_name":"Accursed Blacksmith","player_choice":"Forge","floor":7.0,"gold_loss":0.0,"damage_taken":0.0,"cards_upgraded":["Strike_G"]},{"cards_removed":["Strike_G"],"damage_healed":0.0,"max_hp_gain":0.0,"max_hp_loss":0.0,"gold_gain":0.0,"event_name":"Living Wall","player_choice":"Forget","floor":10.0,"gold_loss":0.0,"damage_taken":0.0},{"damage_healed":0.0,"max_hp_gain":0.0,"max_hp_loss":0.0,"gold_gain":0.0,"event_name":"Mushrooms","player_choice":"Fought Mushrooms","floor":11.0,"gold_loss":0.0,"damage_taken":0.0},{"damage_healed":0.0,"max_hp_gain":0.0,"max_hp_loss":0.0,"gold_gain":50.0,"event_name":"Golden Shrine","player_choice":"Pray","floor":14.0,"gold_loss":0.0,"damage_taken":0.0}],"is_beta":false,"boss_relics":[],"items_purged_floors":[],"is_endless":false,"potions_floor_spawned":[3,11,12],"killed_by":"Slime Boss","ascension_level":20}}