{"host":"zw3x6hwkln2702ol","time":1614349040,"event":{"mods":["AchievementEnabler","BaseMod","Card Forge","Colored Map","Default Mod","Minty Spire (QoL Compilation)","StSLib","TestMod"],"gold_per_floor":[411,336,391,466,533,655,756,899,973,369,438,605,690,690,690,914,914,1023,470,555,58,58,280,195,49,49,49,201,388,388,488,488,998,998,1137,1244,858,858,491,491,694,928,928,1074,2087,2639,2639,2947,2947,4330,4861,4861,4861,4093,4434,5234],"floor_reached":57,"language":"ZHS","playtime":1966,"items_purged":["Strike_P","Defend_P","Strike_P","Defend_P"],"score":3800,"play_id":"ac931052-bb3a-4a0e-a5db-2a0fdd953b88","local_time":"20210226221720","is_ascension_mode":true,"campfire_choices":[{"data":"Vault","floor":15,"key":"SMITH"},{"floor":30,"key":"RECALL"},{"data":"Eruption","floor":32,"key":"SMITH"},{"data":"testmod-ChaoticCore","floor":40,"key":"SMITH"},{"data":"TalkToTheHand","floor":47,"key":"SMITH"},{"data":"Consecrate","floor":49,"key":"SMITH"},{"floor":53,"key":"REST"}],"circlet_count":0,"master_deck":["AscendersBane","Strike_P+1","Defend_P+1","Defend_P+1","Eruption+1","Vigilance+1","SignatureMove+1","Consecrate+1","Vault+1","testmod-BackupPower+1","Tantrum+1","LessonLearned+1","testmod-ChaoticCore+1","Entrench+1","Vault+1","TalkToTheHand+1","DevaForm+1","Fasting2+1"],"relics":["PureWater","Hammer of Thor","Seething Fire","Anvil of the Gods","zzy:PlaceholderRelic","testmod-TestBox","testmod-Fanaticism","StrikeDummy","Calipers","testmod-Justice","testmod-IndustrialRevolution","PreservedInsect","WarpedTongs","testmod-Nine","testmod-AssaultLearning","Mummified Hand","War Paint","Vajra","PrismaticShard","Centennial Puzzle","testmod-ObsoleteBoomerang","Darkstone Periapt","testmod-Maize","Smiling Mask","SacredBark","testmod-BlackFramedGlasses","testmod-LifeArmor","Pen Nib","Blood Vial","Singing Bowl","Orichalcum","Bronze Scales","Anchor","Toolbox","Pear","Eternal Feather"],"acts_visited":["Exordium","TheCity","TheBeyond","TheEnding"],"potions_floor_usage":[51,56],"damage_taken":[{"damage":0,"enemies":"Jaw Worm","floor":1,"turns":2},{"damage":0,"enemies":"Small Slimes","floor":3,"turns":2},{"damage":0,"enemies":"Cultist","floor":5,"turns":2},{"damage":0,"enemies":"Gremlin Nob","floor":6,"turns":2},{"damage":6,"enemies":"Exordium Thugs","floor":7,"turns":3},{"damage":0,"enemies":"Lagavulin","floor":8,"turns":2},{"damage":0,"enemies":"2 Fungi Beasts","floor":11,"turns":2},{"damage":0,"enemies":"3 Sentries","floor":12,"turns":3},{"damage":0,"enemies":"Gremlin Gang","floor":13,"turns":1},{"damage":0,"enemies":"Slime Boss","floor":16,"turns":2},{"damage":0,"enemies":"Chosen","floor":18,"turns":2},{"damage":0,"enemies":"Shell Parasite","floor":20,"turns":2},{"damage":0,"enemies":"Gremlin Leader","floor":23,"turns":1},{"damage":0,"enemies":"Chosen and Byrds","floor":28,"turns":2},{"damage":0,"enemies":"Slavers","floor":29,"turns":2},{"damage":0,"enemies":"Snake Plant","floor":31,"turns":3},{"damage":4,"enemies":"Automaton","floor":33,"turns":6},{"damage":0,"enemies":"3 Shapes","floor":35,"turns":4},{"damage":0,"enemies":"Orb Walker","floor":36,"turns":1},{"damage":0,"enemies":"Spire Growth","floor":41,"turns":3},{"damage":0,"enemies":"Nemesis","floor":42,"turns":2},{"damage":0,"enemies":"Jaw Worm Horde","floor":44,"turns":4},{"damage":0,"enemies":"Transient","floor":45,"turns":8},{"damage":0,"enemies":"Giant Head","floor":46,"turns":5},{"damage":0,"enemies":"Reptomancer","floor":48,"turns":2},{"damage":0,"enemies":"Awakened One","floor":50,"turns":8},{"damage":0,"enemies":"Donu and Deca","floor":51,"turns":5},{"damage":0,"enemies":"Shield and Spear","floor":55,"turns":3},{"damage":0,"enemies":"The Heart","floor":56,"turns":6}],"seed_played":"7318914141940206803","potions_obtained":[{"floor":5,"key":"Dexterity Potion"},{"floor":8,"key":"BottledMiracle"},{"floor":13,"key":"PowerPotion"}],"is_trial":false,"path_per_floor":["M","?","M","?","M","E","M","E","T","$","M","E","M","?","R","B",null,"M","$","M","$","?","E","?","?","T","$","M","E","R","M","R","B",null,"M","M","$","?","$","R","M","E","T","M","M","E","R","E","R","B","B",null,"R","$","E","B",null],"character_chosen":"WATCHER","items_purchased":["testmod-Justice","testmod-IndustrialRevolution","testmod-BackupPower","testmod-AssaultLearning","Mummified Hand","War Paint","Vajra","PrismaticShard","testmod-BlackFramedGlasses","testmod-LifeArmor","Pen Nib","Anchor","Toolbox","Pear","DevaForm"],"campfire_rested":1,"item_purchase_floors":[10,10,10,19,19,21,21,21,37,39,39,54,54,54,54],"current_hp_per_floor":[61,61,61,56,56,56,55,55,55,55,55,55,55,55,55,55,66,66,66,66,66,66,66,66,66,66,66,66,66,66,66,66,71,71,71,71,71,71,71,71,71,71,71,73,75,77,77,79,79,79,79,79,79,89,91,91],"gold":5234,"neow_bonus":"TWO_FIFTY_GOLD","is_daily":false,"chose_seed":false,"campfire_upgraded":5,"win_rate":0.0,"timestamp":1614349040,"path_taken":["M","?","M","?","M","E","M","E","T","$","M","E","M","?","R","BOSS","M","$","?","$","?","E","?","?","T","$","M","E","R","M","R","BOSS","M","?","$","?","$","R","?","E","T","M","M","E","R","E","R","BOSS","BOSS","R","$","E","BOSS"],"items_purchased_type":["Relic","Relic","Card","Relic","Relic","Relic","Relic","Relic","Relic","Relic","Relic","Relic","Relic","Relic","Card"],"build_version":"2020-12-22","purchased_purges":4,"victory":true,"max_hp_per_floor":[68,68,68,69,69,69,70,70,70,70,70,70,70,70,70,70,70,70,70,70,70,70,70,70,70,70,70,70,70,70,70,70,71,71,71,71,71,71,71,71,71,71,71,73,75,77,77,79,79,79,79,79,79,89,91,91],"card_choices":[{"not_picked":["ThirdEye","ForeignInfluence","CrushJoints"],"picked":"SKIP","floor":1},{"not_picked":["Evaluate","JustLucky"],"picked":"SignatureMove","floor":3},{"not_picked":["Pray","BattleHymn","CutThroughFate"],"picked":"SKIP","floor":5},{"not_picked":["JustLucky","CrushJoints","SandsOfTime"],"picked":"SKIP","floor":6},{"not_picked":["SashWhip","Wallop"],"picked":"Consecrate","floor":7},{"not_picked":["Evaluate","CrushJoints"],"picked":"Vault","floor":8},{"not_picked":["Evaluate","Crescendo","ClearTheMind"],"picked":"SKIP","floor":11},{"not_picked":["Wallop","EmptyFist","PathToVictory"],"picked":"SKIP","floor":12},{"not_picked":["Study","Fasting2"],"picked":"Tantrum","floor":13},{"not_picked":["Ragnarok","DevaForm"],"picked":"LessonLearned","floor":16},{"not_picked":["Evaluate+1","Worship","Crescendo"],"picked":"SKIP","floor":18},{"not_picked":["Evaluate+1","Worship","Crescendo"],"picked":"SKIP","floor":18},{"not_picked":["FollowUp","MentalFortress","FlyingSleeves"],"picked":"SKIP","floor":20},{"not_picked":["zzy:DefaultSecondMagicNumberSkill","zzy:DefaultUncommonPower+1","Flying Knee"],"picked":"SKIP","floor":23},{"not_picked":["Thunderclap","Cold Snap","testmod-ComboMaster+1"],"picked":"SKIP","floor":28},{"not_picked":["Hemokinesis","Redo","Bandage Up"],"picked":"SKIP","floor":29},{"not_picked":["testmod-Bloodthirsty","Sweeping Beam","Hologram"],"picked":"SKIP","floor":31},{"not_picked":["Reaper","Master of Strategy"],"picked":"testmod-ChaoticCore","floor":33},{"not_picked":["Coolheaded","FollowUp+1","Shrug It Off"],"picked":"SKIP","floor":35},{"not_picked":["True Grit","Reprogram"],"picked":"Entrench+1","floor":36},{"not_picked":["Hologram","TalkToTheHand","Dagger Throw"],"picked":"SKIP","floor":41},{"not_picked":["Hologram","Dagger Throw"],"picked":"TalkToTheHand","floor":41},{"not_picked":["Impatience","BowlingBash","Sucker Punch"],"picked":"SKIP","floor":42},{"not_picked":["FlurryOfBlows","Consecrate","PathToVictory"],"picked":"Singing Bowl","floor":44},{"not_picked":["Dark Shackles","Inflame+1","Coolheaded"],"picked":"Singing Bowl","floor":45},{"not_picked":["zzy:StrongDefendSkill+1","Envenom","Darkness"],"picked":"Singing Bowl","floor":46},{"not_picked":["Finisher","Cleave+1","Redo"],"picked":"Singing Bowl","floor":48},{"not_picked":["Entrench","Dual Wield+1","Protect"],"picked":"Singing Bowl","floor":55}],"player_experience":388903,"relics_obtained":[{"floor":6,"key":"StrikeDummy"},{"floor":8,"key":"Calipers"},{"floor":12,"key":"PreservedInsect"},{"floor":23,"key":"Centennial Puzzle"},{"floor":26,"key":"testmod-Maize"},{"floor":29,"key":"Smiling Mask"},{"floor":42,"key":"Blood Vial"},{"floor":43,"key":"Singing Bowl"},{"floor":46,"key":"Orichalcum"},{"floor":48,"key":"Bronze Scales"},{"floor":55,"key":"Eternal Feather"}],"event_choices":[{"cards_removed":["Strike_P"],"damage_healed":0,"gold_gain":0,"player_choice":"Card Removal","damage_taken":0,"max_hp_gain":0,"max_hp_loss":0,"event_name":"The Cleric","floor":2,"gold_loss":75},{"damage_healed":0,"gold_gain":75,"player_choice":"Gather Gold","damage_taken":11,"max_hp_gain":0,"max_hp_loss":0,"event_name":"World of Goop","floor":4,"gold_loss":0},{"damage_healed":0,"gold_gain":0,"player_choice":"Rummage","damage_taken":0,"relics_obtained":["WarpedTongs"],"max_hp_gain":0,"max_hp_loss":0,"event_name":"Accursed Blacksmith","floor":14,"gold_loss":0,"cards_obtained":["Pain"]},{"damage_healed":0,"gold_gain":0,"player_choice":"Ignored","damage_taken":0,"max_hp_gain":0,"max_hp_loss":0,"event_name":"给自己的盒子","floor":22,"gold_loss":0},{"damage_healed":0,"gold_gain":0,"player_choice":"Obtained Relic","damage_taken":0,"relics_obtained":["testmod-ObsoleteBoomerang"],"max_hp_gain":0,"max_hp_loss":0,"event_name":"Addict","floor":24,"gold_loss":85},{"damage_healed":0,"gold_gain":0,"player_choice":"Paid Gold","damage_taken":0,"relics_obtained":["Darkstone Periapt"],"max_hp_gain":0,"max_hp_loss":0,"event_name":"WeMeetAgain","floor":25,"gold_loss":146},{"damage_healed":0,"gold_gain":0,"player_choice":"Copied","damage_taken":0,"max_hp_gain":0,"max_hp_loss":0,"event_name":"Duplicator","floor":38,"gold_loss":0,"cards_obtained":["Vault"]}],"is_beta":false,"boss_relics":[{"not_picked":["Fusion Hammer","testmod-BatchProcessingSystem"],"picked":"testmod-Nine"},{"not_picked":["Astrolabe","testmod-CardMagician"],"picked":"SacredBark"}],"items_purged_floors":[10,19,37,39],"is_endless":false,"potions_floor_spawned":[5,8,11,13,28,31,33,36,42],"ascension_level":20}}