{"host":"id23shmscryl4psl","time":1614336550,"event":{"mods":["BaseMod","Better Altar","Better Match","Better Note","Better Sensory Stone","Better Skull","Better Third Choice","Colored Map","Colored Powertips","Dark Map","Downfall","FTL Soundtrack","Minty Spire (QoL Compilation)","Rare Cards Sparkle","Relic Stats","Robot Space Explorer","StSLib"],"gold_per_floor":[99,118,28,54,204,222,248,248,272,272,272,308,8,27,52,52,52,52],"floor_reached":16,"language":"ENG","playtime":968,"items_purged":["hexamod:Defend"],"score":107,"play_id":"9f0f5816-56ea-4d6a-a457-d3f38e2e136c","local_time":"20210226034910","is_ascension_mode":true,"campfire_choices":[{"floor":1,"key":"RECALL"},{"data":"hexamod:HeatMetal","floor":8,"key":"SMITH"},{"data":"hexamod:ThermalTransfer","floor":11,"key":"SMITH"},{"data":"hexamod:HeatMetal","floor":13,"key":"SMITH"}],"circlet_count":0,"master_deck":["hexamod:Strike","hexamod:Strike","hexamod:Strike","hexamod:Defend","hexamod:Defend","hexamod:Defend","hexamod:Sear","hexamod:Float","hexamod:SecondSeal","hexamod:FifthSeal","downfall:Icky","hexamod:HeatMetal+1","hexamod:ThermalTransfer+1","hexamod:HeatMetal+1","hexamod:Rewind","hexamod:SixthSeal","hexamod:Toasty"],"relics":["hexamod:SpiritBrand","downfall:ShatteredFragment","Calipers","downfall:HeartBlessingRed","downfall:HeartBlessingGreen","downfall:HeartBlessingBlue"],"acts_visited":["Exordium"],"potions_floor_usage":[12,15,16],"damage_taken":[{"damage":0,"enemies":"Cultist","floor":2,"turns":3},{"damage":0,"enemies":"downfall:FleeingMerchant","floor":3,"turns":4},{"damage":0,"enemies":"Small Slimes","floor":4,"turns":3},{"damage":2,"enemies":"2 Louse","floor":6,"turns":3},{"damage":4,"enemies":"Blue Slaver","floor":9,"turns":4},{"damage":10,"enemies":"3 Sentries","floor":12,"turns":6},{"damage":0,"enemies":"2 Fungi Beasts","floor":14,"turns":2},{"damage":11,"enemies":"Large Slime","floor":15,"turns":5},{"damage":37,"enemies":"DF_ARCHETYPE_STREAMLINE","floor":16,"turns":6}],"seed_played":"8627141897317698501","potions_obtained":[{"floor":2,"key":"CultistPotion"},{"floor":4,"key":"BlessingOfTheForge"},{"floor":12,"key":"ColorlessPotion"},{"floor":14,"key":"FearPotion"}],"is_trial":false,"path_per_floor":["R","M","$","M","?","M","T","R","M","?","R","E","R","M","M","B"],"character_chosen":"THE_SPIRIT","items_purchased":[],"campfire_rested":0,"item_purchase_floors":[],"current_hp_per_floor":[70,70,70,70,70,68,68,68,64,43,43,33,43,43,32,0,0,0],"gold":52,"neow_bonus":"REMOVE_CARD","is_daily":false,"chose_seed":false,"campfire_upgraded":3,"win_rate":0.0,"timestamp":1614336550,"path_taken":["R","M","?","M","?","M","T","R","M","?","R","E","R","?","M","BOSS"],"items_purchased_type":[],"build_version":"2020-12-22","purchased_purges":1,"victory":false,"max_hp_per_floor":[70,70,70,70,70,70,70,70,70,70,70,70,80,80,80,80,80,80],"relic_stats":{"counters":[9,36],"obtain_stats":[{"downfall:ShatteredFragment":10,"Calipers":12,"downfall:HeartBlessingRed":13,"downfall:HeartBlessingBlue":13,"downfall:HeartBlessingGreen":13,"hexamod:SpiritBrand":0},{"downfall:ShatteredFragment":5,"Calipers":6,"downfall:HeartBlessingRed":6,"downfall:HeartBlessingBlue":6,"downfall:HeartBlessingGreen":6,"hexamod:SpiritBrand":0},{"downfall:ShatteredFragment":17,"Calipers":23,"downfall:HeartBlessingRed":23,"downfall:HeartBlessingBlue":23,"downfall:HeartBlessingGreen":23,"hexamod:SpiritBrand":0}]},"card_choices":[{"not_picked":["hexamod:EtherealExpedition","hexamod:FastForward"],"picked":"hexamod:SecondSeal","floor":2},{"not_picked":["hexamod:EtherealExpedition","hexamod:ShieldOfDarkness"],"picked":"hexamod:FifthSeal","floor":3},{"not_picked":["hexamod:HauntingEcho","hexamod:BacktrackSmack","hexamod:GhostLash"],"picked":"SKIP","floor":4},{"not_picked":["hexamod:GhostLash","hexamod:BacktrackSmack"],"picked":"hexamod:HeatMetal","floor":6},{"not_picked":["hexamod:BurningTouch","hexamod:InspiringFlames"],"picked":"hexamod:ThermalTransfer","floor":9},{"not_picked":["hexamod:HeatCrush","hexamod:Haunt"],"picked":"hexamod:HeatMetal","floor":12},{"not_picked":["hexamod:HeatShield","hexamod:ShieldOfDarkness"],"picked":"hexamod:Rewind","floor":14},{"not_picked":["hexamod:ThirdSeal","hexamod:SecondSeal"],"picked":"hexamod:SixthSeal","floor":15},{"not_picked":["hexamod:AdvancingGuard","hexamod:Again"],"picked":"hexamod:Toasty","floor":15}],"player_experience":110775,"relics_obtained":[{"floor":12,"key":"Calipers"}],"event_choices":[],"is_beta":false,"boss_relics":[],"items_purged_floors":[3],"is_endless":false,"potions_floor_spawned":[2,4,12,14],"killed_by":"DF_ARCHETYPE_STREAMLINE","ascension_level":1}}