{"host":"d44gy1wvr06n5dy0","time":1614305004,"event":{"mods":["BaseMod","Better Altar","Better Match","Better Note","Better Sensory Stone","Better Skull","Better Third Choice","Downfall","GifTheSpireLib","Minty Spire (QoL Compilation)","Relic Stats","StSLib","The Animator","The Construct","The Disciple","The Servant 0.9.4"],"gold_per_floor":[99,110,128,138,238,238,238,238],"floor_reached":6,"language":"ENG","playtime":400,"items_purged":[],"score":36,"play_id":"e6e9dfda-8413-44b7-b63e-ef06537b8341","local_time":"20210225190324","is_ascension_mode":false,"campfire_choices":[{"floor":1,"key":"RECALL"}],"circlet_count":0,"master_deck":["bronze:Strike","bronze:Strike","bronze:Strike","bronze:Strike","bronze:Defend","bronze:Defend","bronze:Defend","bronze:Defend","bronze:Replicate","bronze:Goto","bronze:Overheat","bronze:Branch","bronze:Fortify","bronze:Goto","bronze:Iterate","bronze:BronzeOrb","bronze:SpaghettiCode","Impatience","downfall:Malfunctioning","bronze:Flail"],"relics":["bronze:BronzeCore","downfall:GremlinSack"],"acts_visited":["Exordium"],"potions_floor_usage":[6],"damage_taken":[{"damage":11,"enemies":"Jaw Worm","floor":2,"turns":4},{"damage":6,"enemies":"Cultist","floor":3,"turns":3},{"damage":0,"enemies":"Small Slimes","floor":4,"turns":3},{"damage":20,"enemies":"Small Slimes","floor":5,"turns":4},{"damage":40,"enemies":"Gremlin Nob","floor":6,"turns":4}],"seed_played":"7577428267349660550","potions_obtained":[{"floor":0,"key":"Regen Potion"},{"floor":0,"key":"PowerPotion"},{"floor":0,"key":"CultistPotion"}],"is_trial":false,"path_per_floor":["R","M","M","M","?","E"],"character_chosen":"THE_AUTOMATON","items_purchased":[],"campfire_rested":0,"item_purchase_floors":[],"current_hp_per_floor":[70,59,53,53,33,0,0,0],"gold":238,"neow_bonus":"THREE_SMALL_POTIONS","is_daily":false,"chose_seed":false,"campfire_upgraded":0,"win_rate":0.0,"timestamp":1614305004,"path_taken":["R","M","M","M","?","E"],"items_purchased_type":[],"build_version":"2020-12-22","purchased_purges":0,"victory":false,"max_hp_per_floor":[70,70,70,70,70,70,70,70],"relic_stats":{"counters":[5,18],"obtain_stats":[{"bronze:BronzeCore":0,"downfall:GremlinSack":5},{"bronze:BronzeCore":0,"downfall:GremlinSack":4},{"bronze:BronzeCore":0,"downfall:GremlinSack":14}]},"card_choices":[{"not_picked":["bronze:OilSpill","bronze:DarkDash"],"picked":"bronze:Overheat","floor":2},{"not_picked":["bronze:DelayedSlice","bronze:FollowUp"],"picked":"bronze:Branch","floor":3},{"not_picked":["bronze:Repair","bronze:MaxOutput"],"picked":"bronze:Fortify","floor":4},{"not_picked":["bronze:ForceShield","bronze:DelayedSlice"],"picked":"bronze:Flail","floor":5}],"player_experience":427244,"relics_obtained":[{"floor":5,"key":"downfall:GremlinSack"}],"event_choices":[],"is_beta":false,"boss_relics":[],"items_purged_floors":[],"is_endless":false,"potions_floor_spawned":[3,4,5],"killed_by":"Gremlin Nob","ascension_level":0}}