{"host":"bf5upntvbdompq33","time":1614317899,"event":{"mods":["BaseMod","Bestiary","Colored Map","Colored Powertips","Curses Come First","Highlight Path","Minty Spire (QoL Compilation)","StSLib","ojb\u0027s Info Mod"],"gold_per_floor":[119,119,269,289,123,159,182,182,182],"floor_reached":8,"language":"ENG","playtime":325,"items_purged":["Doubt"],"score":142,"play_id":"6973cedf-8b9f-494e-8593-1fb796e4dee5","local_time":"20210225223819","is_ascension_mode":true,"campfire_choices":[],"circlet_count":0,"master_deck":["AscendersBane","Strike_R","Strike_R","Strike_R","Strike_R","Strike_R","Defend_R","Defend_R","Defend_R","Defend_R","Bash","Clash","Battle Trance","Power Through","Body Slam","Armaments","Iron Wave"],"relics":["Burning Blood","NeowsBlessing","Golden Idol","Vajra"],"acts_visited":["Exordium"],"potions_floor_usage":[],"damage_taken":[{"damage":0,"enemies":"Small Slimes","floor":1,"turns":1},{"damage":0,"enemies":"2 Louse","floor":4,"turns":1},{"damage":0,"enemies":"3 Sentries","floor":6,"turns":1},{"damage":0,"enemies":"Jaw Worm","floor":7,"turns":3},{"damage":73,"enemies":"Lagavulin","floor":8,"turns":12}],"seed_played":"4678370953265774280","potions_obtained":[],"is_trial":false,"path_per_floor":["M","?","?","M","$","E","M","E"],"character_chosen":"IRONCLAD","items_purchased":["Power Through","Body Slam"],"campfire_rested":0,"item_purchase_floors":[5,5],"current_hp_per_floor":[74,68,68,68,68,68,68,0,0],"gold":182,"neow_bonus":"THREE_ENEMY_KILL","is_daily":false,"chose_seed":false,"campfire_upgraded":0,"win_rate":0.0,"timestamp":1614317899,"path_taken":["M","?","?","M","$","E","M","E"],"items_purchased_type":["Card","Card"],"build_version":"2020-12-22","purchased_purges":1,"victory":false,"max_hp_per_floor":[75,68,68,68,68,68,68,68,68],"card_choices":[{"not_picked":["True Grit","Heavy Blade"],"picked":"Clash","floor":1},{"not_picked":["Disarm","Cleave"],"picked":"Battle Trance","floor":4},{"not_picked":["Headbutt","Clash"],"picked":"Armaments","floor":6},{"not_picked":["Cleave","True Grit"],"picked":"Iron Wave","floor":7}],"player_experience":1752844,"relics_obtained":[{"floor":6,"key":"Vajra"}],"event_choices":[{"damage_healed":0,"gold_gain":0,"player_choice":"Lose Max HP","damage_taken":0,"relics_obtained":["Golden Idol"],"max_hp_gain":0,"max_hp_loss":7,"event_name":"Golden Idol","floor":2,"gold_loss":0},{"damage_healed":0,"gold_gain":150,"player_choice":"AGREE","damage_taken":0,"max_hp_gain":0,"max_hp_loss":0,"event_name":"Liars Game","floor":3,"gold_loss":0,"cards_obtained":["Doubt"]}],"is_beta":false,"boss_relics":[],"items_purged_floors":[5],"is_endless":false,"potions_floor_spawned":[],"killed_by":"Lagavulin","ascension_level":15}}