{"host":"w14xfy17z3c5mpoi","time":1614368875,"event":{"mods":["AchievementEnabler","BaseMod","Minty Spire (QoL Compilation)","Relic Stats"],"gold_per_floor":[109,129,54,65,76,76,106,106,106,21,21,55,73,104,104,181,181,191,24,24,24,24,56,56,69,69,84,84,9,29,29,29,29,29],"floor_reached":33,"language":"ENG","playtime":2050,"items_purged":["Strike_G"],"score":524,"play_id":"a9ca092f-ef70-4932-846b-5909819faf15","local_time":"20210226144755","is_ascension_mode":true,"campfire_choices":[{"data":"Dash","floor":6,"key":"SMITH"},{"data":"Sucker Punch","floor":8,"key":"SMITH"},{"data":"Neutralize","floor":11,"key":"SMITH"},{"data":"Malaise","floor":15,"key":"SMITH"},{"data":"Survivor","floor":24,"key":"SMITH"},{"floor":32,"key":"REST"}],"circlet_count":0,"master_deck":["AscendersBane","Strike_G","Strike_G","Defend_G","Defend_G","Defend_G","Defend_G","Defend_G","Survivor+1","Neutralize+1","Sucker Punch+1","Dash+1","Dagger Throw","Quick Slash","Riddle With Holes+1","Malaise+1","Die Die Die+1","Glass Knife+1","Glass Knife+1","Slice+1","Prepared+1"],"relics":["Ring of the Snake","Pocketwatch","MealTicket","Molten Egg 2","Mercury Hourglass","Art of War","WristBlade","Sling","Ninja Scroll","Snake Skull","MutagenicStrength"],"acts_visited":["Exordium","TheCity"],"potions_floor_usage":[4,5,7,13,23,27,30],"damage_taken":[{"damage":4,"enemies":"Small Slimes","floor":1,"turns":4},{"damage":1,"enemies":"2 Louse","floor":2,"turns":3},{"damage":2,"enemies":"Jaw Worm","floor":4,"turns":6},{"damage":6,"enemies":"Exordium Thugs","floor":5,"turns":5},{"damage":1,"enemies":"3 Sentries","floor":7,"turns":12},{"damage":9,"enemies":"Lagavulin","floor":12,"turns":6},{"damage":10,"enemies":"Large Slime","floor":13,"turns":2},{"damage":3,"enemies":"Gremlin Nob","floor":14,"turns":4},{"damage":15,"enemies":"The Guardian","floor":16,"turns":14},{"damage":28,"enemies":"2 Thieves","floor":18,"turns":3},{"damage":15,"enemies":"Slavers","floor":23,"turns":4},{"damage":0,"enemies":"Chosen","floor":25,"turns":3},{"damage":21,"enemies":"Shelled Parasite and Fungi","floor":27,"turns":3},{"damage":11,"enemies":"Snake Plant","floor":30,"turns":2},{"damage":56,"enemies":"Collector","floor":33,"turns":7}],"seed_played":"685403230426211008","potions_obtained":[{"floor":1,"key":"SteroidPotion"},{"floor":2,"key":"Regen Potion"},{"floor":4,"key":"EssenceOfSteel"},{"floor":12,"key":"CunningPotion"},{"floor":18,"key":"SteroidPotion"},{"floor":25,"key":"BlessingOfTheForge"},{"floor":27,"key":"SteroidPotion"}],"is_trial":false,"path_per_floor":["M","M","?","M","M","R","E","R","T","$","R","E","M","E","R","B",null,"M","$","?","?","$","E","R","M","T","M","?","$","M","?","R","B"],"character_chosen":"THE_SILENT","items_purchased":["Riddle With Holes+1","Sling"],"campfire_rested":1,"item_purchase_floors":[10,19],"current_hp_per_floor":[40,39,39,52,46,46,45,45,45,60,60,51,41,38,38,23,55,27,42,42,42,57,42,42,42,42,21,21,36,25,25,44,0,0],"gold":29,"neow_bonus":"ONE_RARE_RELIC","is_daily":false,"chose_seed":false,"campfire_upgraded":5,"win_rate":0.0,"timestamp":1614368875,"path_taken":["M","M","?","M","M","R","E","R","T","$","R","E","M","E","R","BOSS","M","$","?","?","$","E","R","M","T","?","?","$","M","?","R","BOSS"],"items_purchased_type":["Card","Relic"],"build_version":"2020-12-22","purchased_purges":1,"victory":false,"max_hp_per_floor":[66,66,66,66,66,66,66,66,66,66,66,66,66,66,66,66,66,66,66,66,66,66,66,66,66,66,66,66,66,66,66,66,66,66],"relic_stats":{"counters":[15,76],"MealTicket":60,"Snake Skull":[0],"Art of War":[4],"obtain_stats":[{"WristBlade":17,"Ninja Scroll":23,"MutagenicStrength":31,"MealTicket":7,"Molten Egg 2":9,"Snake Skull":26,"Art of War":14,"Sling":19,"Ring of the Snake":0,"Pocketwatch":0,"Mercury Hourglass":12},{"WristBlade":9,"Ninja Scroll":11,"MutagenicStrength":14,"MealTicket":5,"Molten Egg 2":5,"Snake Skull":12,"Art of War":8,"Sling":10,"Ring of the Snake":0,"Pocketwatch":0,"Mercury Hourglass":6},{"WristBlade":56,"Ninja Scroll":63,"MutagenicStrength":69,"MealTicket":30,"Molten Egg 2":30,"Snake Skull":66,"Art of War":42,"Sling":59,"Ring of the Snake":0,"Pocketwatch":0,"Mercury Hourglass":36}],"Ring of the Snake":[30],"Pocketwatch":[150],"Mercury Hourglass":[142]},"card_choices":[{"not_picked":["Riddle With Holes","Cloak And Dagger"],"picked":"Sucker Punch","floor":1},{"not_picked":["Finisher","Distraction"],"picked":"Dash","floor":2},{"not_picked":["Well Laid Plans","Quick Slash"],"picked":"Dagger Throw","floor":4},{"not_picked":["Choke","Dodge and Roll","Sucker Punch"],"picked":"SKIP","floor":5},{"not_picked":["Slice","Bane"],"picked":"Quick Slash","floor":7},{"not_picked":["Storm of Steel","Deflect"],"picked":"Malaise","floor":12},{"not_picked":["Blade Dance","Flechettes+1","Sucker Punch+1"],"picked":"SKIP","floor":13},{"not_picked":["Underhanded Strike+1","Eviscerate+1"],"picked":"Die Die Die+1","floor":14},{"not_picked":["Adrenaline","Bullet Time"],"picked":"Glass Knife+1","floor":16},{"not_picked":["Reflex","Flechettes+1","Poisoned Stab+1"],"picked":"SKIP","floor":18},{"not_picked":["Masterful Stab+1","Blur"],"picked":"Slice+1","floor":23},{"not_picked":["Quick Slash+1","Bane+1","Outmaneuver"],"picked":"SKIP","floor":25},{"not_picked":["Cloak And Dagger","Poisoned Stab+1","Quick Slash+1"],"picked":"SKIP","floor":27},{"not_picked":["Cloak And Dagger","Poisoned Stab+1","Quick Slash+1"],"picked":"SKIP","floor":27},{"not_picked":["Well Laid Plans","Sucker Punch+1"],"picked":"Prepared+1","floor":30}],"player_experience":829255,"relics_obtained":[{"floor":7,"key":"MealTicket"},{"floor":9,"key":"Molten Egg 2"},{"floor":12,"key":"Mercury Hourglass"},{"floor":14,"key":"Art of War"},{"floor":23,"key":"Ninja Scroll"},{"floor":26,"key":"Snake Skull"}],"event_choices":[{"cards_removed":["Strike_G"],"damage_healed":0,"gold_gain":0,"player_choice":"Card Removal","damage_taken":0,"max_hp_gain":0,"max_hp_loss":0,"event_name":"The Cleric","floor":3,"gold_loss":75},{"cards_removed":["Strike_G"],"damage_healed":0,"gold_gain":0,"player_choice":"Elegance","damage_taken":0,"max_hp_gain":0,"max_hp_loss":0,"event_name":"Back to Basics","floor":20,"gold_loss":0},{"damage_healed":0,"gold_gain":0,"player_choice":"Copied","damage_taken":0,"max_hp_gain":0,"max_hp_loss":0,"event_name":"Duplicator","floor":21,"gold_loss":0,"cards_obtained":["Glass Knife"]},{"damage_healed":0,"gold_gain":0,"player_choice":"Ignored","damage_taken":0,"max_hp_gain":0,"max_hp_loss":0,"event_name":"The Mausoleum","floor":28,"gold_loss":0},{"damage_healed":0,"gold_gain":0,"player_choice":"Inject Mutagens","damage_taken":0,"relics_obtained":["MutagenicStrength"],"max_hp_gain":0,"max_hp_loss":0,"event_name":"Drug Dealer","floor":31,"gold_loss":0}],"is_beta":false,"boss_relics":[{"not_picked":["Tiny House","Ring of the Serpent"],"picked":"WristBlade"}],"items_purged_floors":[29],"is_endless":false,"potions_floor_spawned":[1,2,4,12,18,25,27],"killed_by":"Collector","ascension_level":17}}