{"host":"2d69zsihwnsihkt1","time":1614303241,"event":{"mods":["AchievementEnabler","Act Like it!","BaseMod","Better Altar","Better Note","Better Skull","Bossed Relics","Colored Map","Colored Powertips","Curses Come First","Displayed Cursed Tome","Googly Eyes","Hermit","Minty Spire (QoL Compilation)","Rare Cards Sparkle","Relic Stats","Replay The Spire","Robot Space Explorer","Shapeshifter Mod","Shop Mod","StSLib","The Forsaken","The Hayseed","The Runesmith"],"gold_per_floor":[119,119,119,138,138,138,156,171,171,202,202,53,53,84,84,188,188,205,216,43,43,43,68,27,27,73,73,73,73,172,172,172,184,184,285,285,297,341,360,133,133,167,179,218,230,255,267,30,30,63,63,63],"floor_reached":53,"language":"ENG","playtime":3826,"items_purged":["Normality","Decay"],"score":1359,"play_id":"b9d46d96-bb79-428d-a7b1-a9c6ff089867","local_time":"20210225193401","is_ascension_mode":true,"campfire_choices":[{"floor":6.0,"key":"REST"},{"floor":11.0,"key":"REST"},{"floor":13.0,"key":"REST"},{"data":"theForsaken:TheForsaken_Strike","floor":15.0,"key":"PURGE"},{"floor":25,"key":"REST"},{"data":"theForsaken:BountifulSunlight","floor":29,"key":"SMITH"},{"floor":32,"key":"REST"},{"floor":34,"key":"DIG"},{"data":"theForsaken:StoreUp","floor":43,"key":"SMITH"},{"data":"theForsaken:Horror","floor":47,"key":"SMITH"},{"data":"theForsaken:AncientWords","floor":51,"key":"SMITH"}],"circlet_count":0,"master_deck":["AscendersBane","theForsaken:TheForsaken_Strike+1","theForsaken:TheForsaken_Strike+1","theForsaken:TheForsaken_Strike+1","theForsaken:TheForsaken_Defend+1","theForsaken:TheForsaken_Defend+1","theForsaken:TheForsaken_Defend+1","theForsaken:TheForsaken_Defend+1","theForsaken:Smite+1","theForsaken:Penitence","theForsaken:Retribution+1","theForsaken:DefensiveStance+1","theForsaken:Confusion+1","theForsaken:DivineGuidance+1","theForsaken:BountifulSunlight+1","theForsaken:Bolster","theForsaken:StoreUp+1","theForsaken:AncientWords+1","theForsaken:Horror+1","CommonCold","theForsaken:ChargeAttack+1"],"relics":["theForsaken:JudgementScales","Gremlin Food","Ornamental Fan","Molten Egg 2","Art of War","Busted Crown","ReplayTheSpireMod:Onyx Gauntlets","Ring of Chaos","MerchantsRug","Medical Kit","Nilry\u0027s Codex","BranchBurnRelic","PreservedInsect","Bloody Idol","Anchor","Replay:Ancient Bell","ReplayFunnel","Mummified Hand","TungstenRod","Lantern","Chemical X","MawBank","Replay:Bottled Snecko","Onion Ring","theForsaken:Lifeblossom","Vajra"],"acts_visited":["Exordium","TheCity","TheBeyond"],"potions_floor_usage":[23,37],"damage_taken":[{"damage":18.0,"enemies":"Cultist","floor":1.0,"turns":6.0},{"damage":5.0,"enemies":"Jaw Worm","floor":4.0,"turns":5.0},{"damage":0.0,"enemies":"2 Louse","floor":7.0,"turns":3.0},{"damage":7.0,"enemies":"Blue Slaver","floor":8.0,"turns":4.0},{"damage":15.0,"enemies":"Replay:BlueRogue","floor":10.0,"turns":8.0},{"damage":3.0,"enemies":"Lagavulin","floor":14.0,"turns":3.0},{"damage":23.0,"enemies":"The Guardian","floor":16.0,"turns":12.0},{"damage":4,"enemies":"Chosen","floor":18,"turns":6},{"damage":16,"enemies":"2 Thieves","floor":19,"turns":5},{"damage":13,"enemies":"Book of Stabbing","floor":23,"turns":6},{"damage":27,"enemies":"Shelled Parasite and Fungi","floor":33,"turns":8},{"damage":132,"enemies":"Automaton","floor":35,"turns":14},{"damage":18,"enemies":"3 Darklings","floor":37,"turns":5},{"damage":0,"enemies":"Orb Walker","floor":39,"turns":5},{"damage":16,"enemies":"Reptomancer","floor":42,"turns":10},{"damage":25,"enemies":"R_Hoarder","floor":44,"turns":13},{"damage":2,"enemies":"Spire Growth","floor":46,"turns":7},{"damage":0,"enemies":"Giant Head","floor":50,"turns":7},{"damage":24,"enemies":"Donu and Deca","floor":52,"turns":14}],"seed_played":"-3144463039953536316","potions_obtained":[{"floor":1.0,"key":"ColorlessPotion"},{"floor":8.0,"key":"LiquidMemories"},{"floor":16.0,"key":"PowerPotion"},{"floor":18,"key":"Venom Potion"},{"floor":23,"key":"Adrenaline Potion"},{"floor":38,"key":"Fire Potion"},{"floor":39,"key":"Flashbang"},{"floor":44,"key":"DuplicationPotion"}],"is_trial":false,"path_per_floor":["M","?","?","M","?","R","M","M","T","E","R","$","R","E","R_BF","B",null,"M","M","$","?","?","E","$","R","T","PTL","PTL","R","?","?","R","M","R_BF","B",null,"M","?","M","$","?","E","R","E","T","M","R","$","?","E","R","B",null],"character_chosen":"THE_FORSAKEN","items_purchased":["theForsaken:Confusion+1","MerchantsRug","Medical Kit","theForsaken:AncientWords","Chemical X","theForsaken:Lifeblossom"],"campfire_rested":5,"item_purchase_floors":[12,20,20,24,40,48],"current_hp_per_floor":[47,35,22,19,19,38,41,37,37,25,44,44,63,60,60,43,60,59,48,48,48,32,39,39,58,58,58,58,58,58,25,44,69,69,56,66,65,54,69,69,69,69,69,69,69,71,71,71,71,73,73,73],"gold":63,"neow_bonus":"ONE_RANDOM_RARE_CARD","is_daily":false,"chose_seed":false,"campfire_upgraded":4,"win_rate":0.0,"timestamp":1614303241,"path_taken":["M","?","?","M","?","R","M","M","T","E","R","$","R","E","R_BF","BOSS","M","M","$","?","?","E","$","R","T","PTL","PTL","R","?","?","R","M","R_BF","BOSS","M","?","M","$","?","E","R","E","T","M","R","$","?","E","R","BOSS"],"items_purchased_type":["Card","Relic","Relic","Card","Relic","Relic"],"build_version":"2020-12-22","purchased_purges":2,"victory":true,"max_hp_per_floor":[65,65,65,65,65,65,65,65,65,65,65,65,65,65,65,65,65,65,65,65,65,65,65,65,65,65,65,65,65,65,65,65,69,69,69,69,69,69,69,69,69,69,69,69,69,71,71,71,71,73,73,73],"relic_stats":{"Busted Crown":34,"counters":[19,141],"Ornamental Fan":[28],"Mummified Hand":[52],"Bloody Idol":15,"PreservedInsect":279,"Art of War":[34],"Chemical X":[11],"Medical Kit":[4],"MawBank":72,"obtain_stats":[{"ReplayFunnel":36,"Lantern":38,"Nilry\u0027s Codex":22,"Vajra":50,"theForsaken:Lifeblossom":48,"BranchBurnRelic":25,"Mummified Hand":36,"Chemical X":40,"Replay:Bottled Snecko":44,"Gremlin Food":2,"MerchantsRug":20,"Replay:Grab Bag":17,"Dead Branch":23,"Ring of Chaos":17,"PreservedInsect":26,"Replay:Ancient Bell":36,"Medical Kit":20,"MawBank":42,"Anchor":34,"Busted Crown":17,"Ornamental Fan":9,"Bloody Idol":31,"Molten Egg 2":10,"Onion Ring":45,"Art of War":14,"ReplayTheSpireMod:Onyx Gauntlets":17,"theForsaken:JudgementScales":0,"TungstenRod":36},{"ReplayFunnel":12,"Lantern":13,"Nilry\u0027s Codex":9,"Vajra":18,"theForsaken:Lifeblossom":17,"BranchBurnRelic":10,"Mummified Hand":12,"Chemical X":14,"Replay:Bottled Snecko":16,"Gremlin Food":1,"MerchantsRug":9,"Replay:Grab Bag":7,"Dead Branch":10,"Ring of Chaos":7,"PreservedInsect":10,"Replay:Ancient Bell":12,"Medical Kit":9,"MawBank":15,"Anchor":11,"Busted Crown":7,"Ornamental Fan":4,"Bloody Idol":10,"Molten Egg 2":5,"Onion Ring":16,"Art of War":6,"ReplayTheSpireMod:Onyx Gauntlets":7,"theForsaken:JudgementScales":0,"TungstenRod":12},{"ReplayFunnel":80,"Lantern":85,"Nilry\u0027s Codex":52,"Vajra":127,"theForsaken:Lifeblossom":120,"BranchBurnRelic":58,"Mummified Hand":80,"Chemical X":90,"Replay:Bottled Snecko":113,"Gremlin Food":6,"MerchantsRug":52,"Replay:Grab Bag":41,"Dead Branch":58,"Ring of Chaos":41,"PreservedInsect":58,"Replay:Ancient Bell":80,"Medical Kit":52,"MawBank":100,"Anchor":66,"Busted Crown":41,"Ornamental Fan":18,"Bloody Idol":58,"Molten Egg 2":26,"Onion Ring":113,"Art of War":29,"ReplayTheSpireMod:Onyx Gauntlets":41,"theForsaken:JudgementScales":0,"TungstenRod":80}],"TungstenRod":21},"card_choices":[{"not_picked":["theForsaken:NobleSacrifice","theForsaken:RainingSunlight"],"picked":"theForsaken:DefensiveStance","floor":1.0},{"not_picked":["theForsaken:Parry","theForsaken:Eulogy","theForsaken:ScorchingSunlight"],"picked":"SKIP","floor":4.0},{"not_picked":["theForsaken:Thunderbolt","theForsaken:PanicDive","theForsaken:Riposte"],"picked":"SKIP","floor":7.0},{"not_picked":["theForsaken:BindingThorns","theForsaken:CowardsBrand","theForsaken:PowerUp"],"picked":"SKIP","floor":8.0},{"not_picked":["theForsaken:HealingLight","theForsaken:WordOfPower+1","theForsaken:PanicDive"],"picked":"SKIP","floor":10.0},{"not_picked":["theForsaken:Backlash","theForsaken:WordsOfPestilence+1","theForsaken:RainingSunlight+1"],"picked":"SKIP","floor":14.0},{"not_picked":["theForsaken:DesperatePlea","theForsaken:SacredOath"],"picked":"theForsaken:DivineGuidance","floor":16.0},{"not_picked":[],"picked":"theForsaken:BountifulSunlight","floor":18},{"not_picked":[],"picked":"theForsaken:Bolster","floor":19},{"not_picked":[],"picked":"theForsaken:StoreUp","floor":23},{"not_picked":["theForsaken:BlindFaith+1"],"picked":"SKIP","floor":33},{"not_picked":[],"picked":"theForsaken:Horror","floor":35},{"not_picked":[],"picked":"Normality","floor":36},{"not_picked":[],"picked":"Decay","floor":36},{"not_picked":[],"picked":"CommonCold","floor":36},{"not_picked":["theForsaken:QuickAttack+1"],"picked":"SKIP","floor":37},{"not_picked":["theForsaken:ShieldBash+1"],"picked":"SKIP","floor":39},{"not_picked":[],"picked":"theForsaken:ChargeAttack+1","floor":42},{"not_picked":["theForsaken:Eulogy"],"picked":"SKIP","floor":44},{"not_picked":["theForsaken:HorrifyingStrike+1"],"picked":"SKIP","floor":46},{"not_picked":["theForsaken:Thunderbolt+1"],"picked":"SKIP","floor":50}],"player_experience":1939453,"relics_obtained":[{"floor":9.0,"key":"Ornamental Fan"},{"floor":10.0,"key":"Molten Egg 2"},{"floor":14.0,"key":"Art of War"},{"floor":23,"key":"Dead Branch"},{"floor":26,"key":"PreservedInsect"},{"floor":34,"key":"Anchor"},{"floor":38,"key":"Lantern"},{"floor":42,"key":"MawBank"},{"floor":44,"key":"Replay:Bottled Snecko"},{"floor":45,"key":"Onion Ring"},{"floor":50,"key":"Vajra"}],"event_choices":[{"damage_healed":0.0,"max_hp_gain":0.0,"max_hp_loss":0.0,"gold_gain":0.0,"event_name":"Scrap Ooze","player_choice":"Success","floor":2.0,"gold_loss":0.0,"damage_taken":12.0,"relics_obtained":["Gremlin Food"]},{"damage_healed":0.0,"max_hp_gain":0.0,"max_hp_loss":0.0,"gold_gain":0.0,"event_name":"Shining Light","player_choice":"Entered Light","floor":3.0,"gold_loss":0.0,"damage_taken":13.0,"cards_upgraded":["theForsaken:Retribution","theForsaken:TheForsaken_Strike"]},{"damage_healed":0,"gold_gain":0,"player_choice":"Simplicity","damage_taken":0,"max_hp_gain":0,"max_hp_loss":0,"event_name":"Back to Basics","floor":21,"gold_loss":0,"cards_upgraded":["theForsaken:TheForsaken_Strike","theForsaken:TheForsaken_Defend","theForsaken:TheForsaken_Defend","theForsaken:TheForsaken_Defend"]},{"damage_healed":0,"gold_gain":0,"player_choice":"Obtained Book","damage_taken":16,"max_hp_gain":0,"max_hp_loss":0,"event_name":"Cursed Tome","floor":22,"gold_loss":0},{"damage_healed":0,"gold_gain":99,"player_choice":"Stole From Cult","damage_taken":0,"max_hp_gain":0,"max_hp_loss":0,"event_name":"Nest","floor":30,"gold_loss":0},{"damage_healed":0,"gold_gain":0,"player_choice":" Idol ","damage_taken":33,"relics_obtained":["Bloody Idol"],"max_hp_gain":58,"max_hp_loss":25,"event_name":"betterAltar:BetterAltar","floor":31,"potions_obtained":[],"relics_lost":[],"gold_loss":0},{"damage_healed":0,"gold_gain":0,"player_choice":"Ignored","damage_taken":0,"max_hp_gain":0,"max_hp_loss":0,"event_name":"Tomb of Lord Red Mask","floor":41,"gold_loss":0}],"is_beta":false,"boss_relics":[{"not_picked":["SlaversCollar","Cursed Key"],"picked":"Replay:Grab Bag"},{"not_picked":["Replay:Wanted Poster","Velvet Choker"],"picked":"Busted Crown"},{"not_picked":["Runesmith:UraniumAnvil","Painkiller Herb"],"picked":"ReplayTheSpireMod:Onyx Gauntlets"},{"not_picked":["theForsaken:ScalesOfTruth","Pandora\u0027s Box"],"picked":"Ring of Chaos"},{"not_picked":["Honey Jar","Runic Dome"],"picked":"Replay:Ancient Bell"},{"not_picked":["Replay:Wax Seal","Strawberry"],"picked":"ReplayFunnel"},{"not_picked":["Quantum Egg","Iron Hammer"],"picked":"Mummified Hand"},{"not_picked":["Old Coin","Ice Cream"],"picked":"TungstenRod"}],"items_purged_floors":[40,48],"is_endless":false,"potions_floor_spawned":[1,8,10,16,18,23,35,39,42,44,46],"ascension_level":12}}