{"host":"9gxprskaw0c5jpbt","time":1614379976,"event":{"mods":["AchievementEnabler","BaseMod","Colored Map","Highlight Path","KOR Keyword Fix","Minty Spire (QoL Compilation)","Rare Cards Sparkle","StSLib","SuperFastMode","everything is the same but u backflip on backflip"],"gold_per_floor":[114,264,283,263,278,278,278,308,308,322,322,322,322,7,7,105,105,130,130,15,39,39,39,39,39,88,88,88,88],"floor_reached":28,"language":"KOR","playtime":363,"items_purged":["Regret"],"score":428,"play_id":"49c330b1-c9e5-4b2d-b3bc-c11430b26c51","local_time":"20210227075256","is_ascension_mode":true,"campfire_choices":[{"data":"Rupture","floor":6.0,"key":"SMITH"},{"data":"Armaments","floor":11.0,"key":"SMITH"},{"data":"Sword Boomerang","floor":13.0,"key":"SMITH"},{"floor":15.0,"key":"REST"},{"floor":23,"key":"REST"},{"data":"Searing Blow","floor":25,"key":"SMITH"},{"data":"Offering","floor":27,"key":"SMITH"}],"circlet_count":0,"master_deck":["AscendersBane","Strike_R","Strike_R","Strike_R","Strike_R","Strike_R","Defend_R","Defend_R","Defend_R","Defend_R","Bash","Sword Boomerang+1","Doubt","Rupture+1","Wild Strike","Armaments+1","Spot Weakness","Injury","Searing Blow+1","Offering+1","Double Tap","Twin Strike","J.A.X.","Fire Breathing","Intimidate","Ghostly Armor+1"],"relics":["Burning Blood","NeowsBlessing","Paper Frog","Kunai","Mercury Hourglass","Golden Idol","Black Star","Juzu Bracelet"],"acts_visited":["Exordium","TheCity"],"potions_floor_usage":[24],"damage_taken":[{"damage":0.0,"enemies":"2 Louse","floor":1.0,"turns":1.0},{"damage":0.0,"enemies":"Jaw Worm","floor":3.0,"turns":1.0},{"damage":0.0,"enemies":"Cultist","floor":5.0,"turns":1.0},{"damage":42.0,"enemies":"Lagavulin","floor":8.0,"turns":5.0},{"damage":4.0,"enemies":"3 Louse","floor":10.0,"turns":2.0},{"damage":45.0,"enemies":"Hexaghost","floor":16.0,"turns":6.0},{"damage":34,"enemies":"Spheric Guardian","floor":18,"turns":4},{"damage":25,"enemies":"2 Thieves","floor":21,"turns":2},{"damage":0,"enemies":"Cultist and Chosen","floor":24,"turns":1},{"damage":46,"enemies":"3 Cultists","floor":28,"turns":4}],"seed_played":"-8794651071818059710","potions_obtained":[{"floor":1.0,"key":"LiquidMemories"},{"floor":4.0,"key":"SmokeBomb"},{"floor":10.0,"key":"Strength Potion"},{"floor":21,"key":"ElixirPotion"}],"is_trial":false,"path_per_floor":["M","?","M","?","M","R","?","E","T","M","R","?","R","$","R","B",null,"M","?","$","M","?","R","M","R","T","R","M"],"character_chosen":"IRONCLAD","items_purchased":["Searing Blow","Offering","Fire Breathing","Intimidate"],"campfire_rested":2,"item_purchase_floors":[14,14,20,20],"current_hp_per_floor":[74,74,75,75,75,75,75,39,39,41,41,41,41,41,63,24,62,34,34,34,15,15,37,43,43,43,43,0,0],"gold":88,"neow_bonus":"THREE_ENEMY_KILL","is_daily":false,"chose_seed":false,"campfire_upgraded":5,"win_rate":0.0,"timestamp":1614379976,"path_taken":["M","?","M","?","?","R","?","E","T","M","R","?","R","$","R","BOSS","M","?","$","M","?","R","M","R","T","R","M"],"items_purchased_type":["Card","Card","Card","Card"],"build_version":"2020-12-22","purchased_purges":1,"victory":false,"max_hp_per_floor":[75,75,75,75,75,75,75,75,75,75,75,75,75,75,75,75,75,75,75,75,75,75,75,75,75,75,75,75,75],"card_choices":[{"not_picked":["Whirlwind","Anger"],"picked":"Sword Boomerang","floor":1.0},{"not_picked":["Pommel Strike","Disarm"],"picked":"Rupture","floor":3.0},{"not_picked":["Sword Boomerang","True Grit"],"picked":"Wild Strike","floor":5.0},{"not_picked":["Clash","Rage"],"picked":"Armaments","floor":8.0},{"not_picked":["Battle Trance","Iron Wave"],"picked":"Spot Weakness","floor":10.0},{"not_picked":["Reaper","Bludgeon"],"picked":"Double Tap","floor":16.0},{"not_picked":["Second Wind","Body Slam"],"picked":"Twin Strike","floor":18},{"not_picked":["Headbutt","Armaments"],"picked":"Ghostly Armor+1","floor":21}],"player_experience":995270,"relics_obtained":[{"floor":8.0,"key":"Kunai"},{"floor":9.0,"key":"Mercury Hourglass"},{"floor":26,"key":"Juzu Bracelet"}],"event_choices":[{"damage_healed":0.0,"max_hp_gain":0.0,"max_hp_loss":0.0,"gold_gain":150.0,"event_name":"Liars Game","player_choice":"AGREE","floor":2.0,"gold_loss":0.0,"damage_taken":0.0,"cards_obtained":["Doubt"]},{"damage_healed":0.0,"max_hp_gain":0.0,"max_hp_loss":0.0,"gold_gain":0.0,"event_name":"The Woman in Blue","player_choice":"Bought 1 Potion","floor":4.0,"gold_loss":0.0,"damage_taken":0.0},{"damage_healed":0.0,"max_hp_gain":0.0,"max_hp_loss":0.0,"gold_gain":0.0,"event_name":"Big Fish","player_choice":"Box","floor":7.0,"gold_loss":0.0,"damage_taken":0.0,"relics_obtained":["Paper Frog"],"cards_obtained":["Regret"]},{"damage_healed":0.0,"max_hp_gain":0.0,"max_hp_loss":0.0,"gold_gain":0.0,"event_name":"Golden Idol","player_choice":"Take Wound","floor":12.0,"gold_loss":0.0,"damage_taken":0.0,"relics_obtained":["Golden Idol"],"cards_obtained":["Injury"]},{"damage_healed":0,"gold_gain":0,"player_choice":"Obtain J.A.X.","damage_taken":0,"max_hp_gain":0,"max_hp_loss":0,"event_name":"Drug Dealer","floor":19,"gold_loss":0,"cards_obtained":["J.A.X."]},{"damage_healed":0,"gold_gain":0,"player_choice":"Ignored","damage_taken":0,"max_hp_gain":0,"max_hp_loss":0,"event_name":"Cursed Tome","floor":22,"gold_loss":0}],"is_beta":false,"boss_relics":[{"not_picked":["Coffee Dripper","Fusion Hammer"],"picked":"Black Star"}],"items_purged_floors":[14],"is_endless":false,"potions_floor_spawned":[1,10,21],"killed_by":"3 Cultists","ascension_level":20}}