{"host":"dbkc9h3etq50r1dq","time":1614298090,"event":{"mods":["100% Spire Juice","AchievementEnabler","BaseMod","Block Reminder","Colored Powertips","Curses Come First","Dark Map","Minty Spire (QoL Compilation)","Permanent Neow","Potion Indicator Mod","Random Character Button","Rare Cards Sparkle","StSLib","Weighted Paths"],"gold_per_floor":[97,97,113,128,0,26,26,46,73,85,85,111,4,15,15,114,164,180,194,206,223,223,223],"floor_reached":22,"language":"ZHS","playtime":788,"items_purged":["Moonworks:Defend"],"score":232,"play_id":"0597625d-bb17-4fb3-95a7-bb8ff88f2a0d","local_time":"20210226080810","is_ascension_mode":true,"campfire_choices":[{"floor":7.0,"key":"REST"},{"floor":11,"key":"REST"},{"floor":15,"key":"REST"}],"circlet_count":0,"master_deck":["Moonworks:Strike","Moonworks:Strike","Moonworks:Strike+1","Moonworks:Strike","Moonworks:Defend","Moonworks:Defend","Moonworks:Defend","Moonworks:Ambush","Moonworks:IndiscriminateFireSupport","Moonworks:SakisCookie","Moonworks:SweetBattle","Moonworks:NicePresent","Moonworks:NicePresent","Moonworks:NicePresent","Moonworks:GoAway","Moonworks:Heat300Percent"],"relics":["Moonworks:BrokenBomb","Moonworks:Homemark","Art of War","Dream Catcher","Pen Nib","Tiny House"],"acts_visited":["Exordium","TheCity"],"potions_floor_usage":[8,12,16,19,21,22,22,22],"damage_taken":[{"damage":7.0,"enemies":"Jaw Worm","floor":1.0,"turns":3.0},{"damage":0.0,"enemies":"Cultist","floor":3.0,"turns":3.0},{"damage":0.0,"enemies":"2 Louse","floor":4.0,"turns":2.0},{"damage":20.0,"enemies":"3 Sentries","floor":6.0,"turns":3.0},{"damage":21,"enemies":"Large Slime","floor":8,"turns":5},{"damage":1,"enemies":"3 Louse","floor":10,"turns":2},{"damage":16,"enemies":"Gremlin Nob","floor":12,"turns":4},{"damage":5,"enemies":"Looter","floor":13,"turns":2},{"damage":0,"enemies":"Blue Slaver","floor":14,"turns":2},{"damage":22,"enemies":"Slime Boss","floor":16,"turns":7},{"damage":11,"enemies":"2 Thieves","floor":18,"turns":2},{"damage":0,"enemies":"3 Byrds","floor":19,"turns":3},{"damage":16,"enemies":"Cultist and Chosen","floor":20,"turns":5},{"damage":23,"enemies":"Shelled Parasite and Fungi","floor":21,"turns":4},{"damage":24,"enemies":"Snecko","floor":22,"turns":4}],"seed_played":"-6691375802794224477","potions_obtained":[{"floor":6.0,"key":"LiquidMemories"},{"floor":10,"key":"LiquidMemories"},{"floor":12,"key":"GamblersBrew"},{"floor":13,"key":"LiquidBronze"},{"floor":16,"key":"Explosive Potion"},{"floor":17,"key":"SkillPotion"},{"floor":20,"key":"DuplicationPotion"},{"floor":21,"key":"GamblersBrew"}],"is_trial":false,"path_per_floor":["M","?","M","M","$","E","R","M","T","M","R","E","M","M","R","B",null,"M","M","M","M","M"],"character_chosen":"THE_STARBREAKER","items_purchased":[],"campfire_rested":3,"item_purchase_floors":[],"current_hp_per_floor":[53,53,53,53,53,33,51,30,30,29,47,31,26,26,44,26,65,54,56,40,17,1,1],"gold":223,"neow_bonus":"HUNDRED_GOLD","is_daily":false,"chose_seed":false,"campfire_upgraded":0,"win_rate":0.0,"timestamp":1614298090,"path_taken":["M","?","?","M","?","E","R","M","T","M","R","E","M","M","R","BOSS","M","M","M","M","M"],"items_purchased_type":[],"build_version":"2020-12-22","purchased_purges":1,"victory":false,"max_hp_per_floor":[60,60,60,60,60,60,60,60,60,60,60,60,60,60,60,60,65,65,65,65,65,65,65],"card_choices":[{"not_picked":["Moonworks:ImOnFire","Moonworks:SakisCookie"],"picked":"Moonworks:IndiscriminateFireSupport","floor":1.0},{"not_picked":["Moonworks:ImOnFire","Moonworks:LulusLuckyEgg","Moonworks:FullSpeedAlicianrone"],"picked":"SKIP","floor":3.0},{"not_picked":["Moonworks:EvilSpyWorkPreparation","Moonworks:SealedMemories","Moonworks:CloudOfSeagulls"],"picked":"SKIP","floor":4.0},{"not_picked":["Moonworks:SweetBattle","Moonworks:ImOnFire"],"picked":"Moonworks:SakisCookie","floor":6.0},{"not_picked":["Moonworks:LulusLuckyEgg","Moonworks:CompletionReward"],"picked":"Moonworks:SweetBattle","floor":8},{"not_picked":["Moonworks:StiffCrystal","Moonworks:EvilSpyWorkPreparation","Moonworks:Assault"],"picked":"SKIP","floor":10},{"not_picked":["Moonworks:DevilHand","Moonworks:UnluckyCharm"],"picked":"Moonworks:NicePresent","floor":11},{"not_picked":["Moonworks:ScrambledEve","Moonworks:RocketCannon","Moonworks:EvilSpyWorkPreparation"],"picked":"SKIP","floor":12},{"not_picked":["Moonworks:Assault","Moonworks:ExtendedPhotonRifle"],"picked":"Moonworks:NicePresent","floor":13},{"not_picked":["Moonworks:LuckyCharm","Moonworks:IndiscriminateFireSupport"],"picked":"Moonworks:NicePresent","floor":14},{"not_picked":["Moonworks:Encore","Moonworks:CrystalBarrier"],"picked":"Moonworks:GoAway","floor":16},{"not_picked":["Moonworks:EvilSpyWorkPreparation","Moonworks:LulusLuckyEgg"],"picked":"Moonworks:Heat300Percent","floor":17},{"not_picked":["Moonworks:BigMagnum","Moonworks:SealedMemories","Moonworks:CloudOfSeagulls"],"picked":"SKIP","floor":18},{"not_picked":["Moonworks:DeployBits+1","Moonworks:IntelligenceOfficer","Moonworks:EvilSpyWorkPreparation+1"],"picked":"SKIP","floor":19},{"not_picked":["Moonworks:Blazing","Moonworks:DeployBits","Moonworks:Poppoformation"],"picked":"SKIP","floor":20},{"not_picked":["Moonworks:Dinner+1","Moonworks:IndiscriminateFireSupport","Moonworks:ImOnFire+1"],"picked":"SKIP","floor":21}],"player_experience":181681,"relics_obtained":[{"floor":6.0,"key":"Art of War"},{"floor":9,"key":"Dream Catcher"},{"floor":12,"key":"Pen Nib"}],"event_choices":[{"cards_removed":["Moonworks:LongDistanceShot"],"damage_healed":0.0,"max_hp_gain":0.0,"max_hp_loss":0.0,"gold_gain":0.0,"event_name":"Bonfire Elementals","player_choice":"Offered Basic","floor":2.0,"gold_loss":0.0,"damage_taken":0.0}],"is_beta":false,"boss_relics":[{"not_picked":["Runic Dome","Black Star"],"picked":"Tiny House"}],"items_purged_floors":[5],"is_endless":false,"potions_floor_spawned":[6,10,12,13,16,20,21],"killed_by":"Snecko","ascension_level":3}}