{"host":"i2s4iw62z1dejrqn","time":1614345800,"event":{"mods":["AchievementEnabler","BaseMod","Minty Spire (QoL Compilation)","Random Character Button","SuperFastMode"],"gold_per_floor":[109,128,128,142,142,142,171,171,198,232,244,260,276,276,276,375,375,391,408,408,408,408],"floor_reached":21,"language":"KOR","playtime":632,"items_purged":[],"score":287,"play_id":"c1f26228-d50f-46b7-96a2-71441d241756","local_time":"20210226222320","is_ascension_mode":true,"campfire_choices":[{"data":"Dualcast","floor":6,"key":"SMITH"},{"data":"Sunder","floor":8,"key":"SMITH"},{"data":"Chaos","floor":15,"key":"SMITH"}],"circlet_count":0,"master_deck":["AscendersBane","Defend_B","Defend_B","Defend_B","Defend_B","Zap","Dualcast+1","Sunder+1","Beam Cell","Amplify","Rebound","Coolheaded","Chaos+1","Conserve Battery","Creative AI","Double Energy+1","Darkness+1","Lockon+1","Conserve Battery+1"],"relics":["Cracked Core","NeowsBlessing","Tiny Chest","Art of War","Gremlin Horn","Astrolabe"],"acts_visited":["Exordium","TheCity"],"potions_floor_usage":[16,16,16,18],"damage_taken":[{"damage":0,"enemies":"Jaw Worm","floor":1,"turns":1},{"damage":0,"enemies":"Small Slimes","floor":2,"turns":1},{"damage":0,"enemies":"2 Louse","floor":4,"turns":1},{"damage":20,"enemies":"Gremlin Nob","floor":7,"turns":3},{"damage":18,"enemies":"3 Sentries","floor":10,"turns":8},{"damage":10,"enemies":"2 Fungi Beasts","floor":11,"turns":3},{"damage":0,"enemies":"3 Louse","floor":12,"turns":1},{"damage":13,"enemies":"Exordium Thugs","floor":13,"turns":4},{"damage":9,"enemies":"Hexaghost","floor":16,"turns":8},{"damage":40,"enemies":"3 Byrds","floor":18,"turns":4},{"damage":18,"enemies":"Chosen","floor":19,"turns":6},{"damage":6,"enemies":"Snake Plant","floor":21,"turns":2}],"seed_played":"-2865450687969907256","potions_obtained":[{"floor":1,"key":"ColorlessPotion"},{"floor":4,"key":"Energy Potion"},{"floor":10,"key":"SpeedPotion"},{"floor":16,"key":"EssenceOfDarkness"}],"is_trial":false,"path_per_floor":["M","M","?","M","?","R","E","R","T","E","M","M","M","?","R","B",null,"M","M","?","M"],"character_chosen":"DEFECT","items_purchased":[],"campfire_rested":0,"item_purchase_floors":[],"current_hp_per_floor":[68,68,68,68,73,73,53,53,53,35,25,25,12,12,12,3,61,21,3,3,0,0],"gold":408,"neow_bonus":"THREE_ENEMY_KILL","is_daily":false,"chose_seed":false,"campfire_upgraded":3,"win_rate":0.0,"timestamp":1614345800,"path_taken":["M","M","?","M","?","R","E","R","T","E","M","M","M","?","R","BOSS","M","M","?","M"],"items_purchased_type":[],"build_version":"2020-12-22","purchased_purges":0,"victory":false,"max_hp_per_floor":[75,75,75,75,80,80,80,80,80,80,80,80,80,80,80,80,80,80,80,80,80,80],"card_choices":[{"not_picked":["Compile Driver","Doom and Gloom"],"picked":"Sunder","floor":1},{"not_picked":["Sweeping Beam","Ball Lightning"],"picked":"Beam Cell","floor":2},{"not_picked":["Stack","Gash"],"picked":"Rebound","floor":4},{"not_picked":["Sweeping Beam","Rainbow"],"picked":"Coolheaded","floor":7},{"not_picked":["Streamline","Static Discharge"],"picked":"Chaos","floor":10},{"not_picked":["Hologram","Rebound","Turbo"],"picked":"SKIP","floor":11},{"not_picked":["Static Discharge","Rebound","Doom and Gloom"],"picked":"SKIP","floor":12},{"not_picked":["Go for the Eyes","BootSequence"],"picked":"Conserve Battery","floor":13},{"not_picked":["Core Surge","Meteor Strike"],"picked":"Creative AI","floor":16},{"not_picked":["Hello World+1","Streamline"],"picked":"Conserve Battery+1","floor":18},{"not_picked":["Melter","Sunder","Stack"],"picked":"SKIP","floor":19}],"player_experience":503131,"relics_obtained":[{"floor":7,"key":"Tiny Chest"},{"floor":9,"key":"Art of War"},{"floor":10,"key":"Gremlin Horn"}],"event_choices":[{"damage_healed":0,"gold_gain":0,"cards_transformed":["Strike_B"],"player_choice":"Change","damage_taken":0,"max_hp_gain":0,"max_hp_loss":0,"event_name":"Living Wall","floor":3,"gold_loss":0,"cards_obtained":["Amplify"]},{"damage_healed":0,"gold_gain":0,"player_choice":"Donut","damage_taken":0,"max_hp_gain":5,"max_hp_loss":0,"event_name":"Big Fish","floor":5,"gold_loss":0},{"damage_healed":0,"gold_gain":0,"player_choice":"Ignored","damage_taken":0,"max_hp_gain":0,"max_hp_loss":0,"event_name":"Shining Light","floor":14,"gold_loss":0},{"damage_healed":0,"gold_gain":0,"player_choice":"Ignored","damage_taken":0,"max_hp_gain":0,"max_hp_loss":0,"event_name":"Vampires","floor":20,"gold_loss":0}],"is_beta":false,"boss_relics":[{"not_picked":["Nuclear Battery","Busted Crown"],"picked":"Astrolabe"}],"items_purged_floors":[],"is_endless":false,"potions_floor_spawned":[1,4,10,12,16],"killed_by":"Snake Plant","ascension_level":10}}