{"host":"130ffvgv8p5oaa45","time":1614322882,"event":{"mods":["BaseMod","Bestiary","Block Reminder","Colored Powertips","Minty Spire (QoL Compilation)","Relic Stats","Slay-I","Weighted Paths"],"gold_per_floor":[112,122,138,138,154,186,186,219,219,232,267,267,285,140,140,243,243,261,279,290,302,318,343,343,368,444,469,469,485,485,485,485,582,582,592,71,87,102,121,157,182,0,0,27,51,77,136,171,171,171,171,180,24,49,49,49],"floor_reached":55,"language":"DEU","playtime":4767,"items_purged":["Regret"],"score":1218,"play_id":"a549d37c-3dc2-4ae7-98aa-b032990e5c22","local_time":"20210226080122","is_ascension_mode":true,"campfire_choices":[{"floor":7.0,"key":"REST"},{"floor":15.0,"key":"REST"},{"data":"ForeignInfluence","floor":24.0,"key":"SMITH"},{"data":"Eruption","floor":28.0,"key":"SMITH"},{"data":"Tantrum","floor":32.0,"key":"SMITH"},{"floor":49.0,"key":"RECALL"},{"floor":52.0,"key":"REST"}],"circlet_count":0,"master_deck":["Strike_P","Strike_P","Defend_P","Defend_P","Defend_P","Eruption+1","Vigilance","Wallop","Wireheading","EmptyFist","Halt","Consecrate+1","InnerPeace","Fasting2","Crescendo","ForeignInfluence+1","Sanctity","DeusExMachina","DeceiveReality","Tantrum+1","DeceiveReality+1","SignatureMove+1","DeceiveReality+1","Tantrum+1","DeusExMachina+1","DevaForm","SandsOfTime+1","Tantrum+1","CutThroughFate+1","Consecrate+1","Indignation+1","WheelKick+1","TalkToTheHand+1"],"relics":["HolyWater","FossilizedHelix","Ancient Tea Set","Orichalcum","Ornamental Fan","Bronze Scales","Omamori","WarpedTongs","Toxic Egg 2","Gremlin Horn","Molten Egg 2","Matryoshka","Black Star","Potion Belt","PreservedInsect","Sling","Ginger","CeramicFish","Red Mask","Blue Candle","Anchor","Whetstone","Eternal Feather","Dream Catcher","Ice Cream","Du-Vu Doll","Damaru","Toy Ornithopter","Mummified Hand","Yang"],"acts_visited":["Exordium","TheCity","TheBeyond","TheEnding"],"potions_floor_usage":[54,55,55,55],"damage_taken":[{"damage":0.0,"enemies":"Small Slimes","floor":1.0,"turns":3.0},{"damage":0.0,"enemies":"2 Louse","floor":2.0,"turns":2.0},{"damage":0.0,"enemies":"Cultist","floor":3.0,"turns":3.0},{"damage":3.0,"enemies":"Exordium Thugs","floor":5.0,"turns":4.0},{"damage":22.0,"enemies":"Gremlin Nob","floor":6.0,"turns":4.0},{"damage":15.0,"enemies":"3 Sentries","floor":8.0,"turns":5.0},{"damage":0.0,"enemies":"3 Louse","floor":10.0,"turns":2.0},{"damage":28.0,"enemies":"Lagavulin","floor":11.0,"turns":7.0},{"damage":4.0,"enemies":"Exordium Wildlife","floor":13.0,"turns":3.0},{"damage":23.0,"enemies":"The Guardian","floor":16.0,"turns":7.0},{"damage":0.0,"enemies":"2 Thieves","floor":18.0,"turns":4.0},{"damage":0.0,"enemies":"Chosen","floor":19.0,"turns":3.0},{"damage":0.0,"enemies":"Snake Plant","floor":20.0,"turns":3.0},{"damage":9.0,"enemies":"Centurion and Healer","floor":21.0,"turns":5.0},{"damage":0.0,"enemies":"Snecko","floor":22.0,"turns":4.0},{"damage":18.0,"enemies":"Slavers","floor":23.0,"turns":7.0},{"damage":0.0,"enemies":"Gremlin Leader","floor":25.0,"turns":6.0},{"damage":0.0,"enemies":"Book of Stabbing","floor":27.0,"turns":4.0},{"damage":0.0,"enemies":"Shelled Parasite and Fungi","floor":29.0,"turns":3.0},{"damage":0.0,"enemies":"Champ","floor":33.0,"turns":6.0},{"damage":10.0,"enemies":"3 Darklings","floor":35.0,"turns":4.0},{"damage":0.0,"enemies":"3 Shapes","floor":37.0,"turns":3.0},{"damage":0.0,"enemies":"3 Darklings","floor":38.0,"turns":4.0},{"damage":0.0,"enemies":"Jaw Worm Horde","floor":39.0,"turns":3.0},{"damage":0.0,"enemies":"Giant Head","floor":40.0,"turns":5.0},{"damage":6.0,"enemies":"Writhing Mass","floor":41.0,"turns":5.0},{"damage":0.0,"enemies":"Maw","floor":44.0,"turns":4.0},{"damage":0.0,"enemies":"Nemesis","floor":46.0,"turns":3.0},{"damage":0.0,"enemies":"Mind Bloom Boss Battle","floor":47.0,"turns":3.0},{"damage":0.0,"enemies":"Reptomancer","floor":48.0,"turns":2.0},{"damage":0.0,"enemies":"Donu and Deca","floor":50.0,"turns":4.0},{"damage":45,"enemies":"Shield and Spear","floor":54,"turns":4},{"damage":48,"enemies":"The Heart","floor":55,"turns":2}],"seed_played":"4366137059617525334","potions_obtained":[{"floor":3.0,"key":"BlessingOfTheForge"},{"floor":5.0,"key":"Dexterity Potion"},{"floor":6.0,"key":"Strength Potion"},{"floor":10.0,"key":"Explosive Potion"},{"floor":13.0,"key":"Fruit Juice"},{"floor":19.0,"key":"Explosive Potion"},{"floor":20.0,"key":"SpeedPotion"},{"floor":23.0,"key":"Ancient Potion"},{"floor":25.0,"key":"StancePotion"},{"floor":35.0,"key":"Fire Potion"},{"floor":37.0,"key":"LiquidMemories"},{"floor":40.0,"key":"Dexterity Potion"},{"floor":41.0,"key":"SkillPotion"},{"floor":54,"key":"DistilledChaos"}],"is_trial":false,"path_per_floor":["M","M","M","?","M","E","R","E","T","M","E","?","M","$","R","B",null,"M","M","M","M","M","E","R","E","T","E","R","M","?","?","R","B",null,"M","$","M","M","M","E","M","?","T","M","T","E","?","E","R","B",null,"R","$","E","B"],"character_chosen":"WATCHER","items_purchased":["Sanctity","SandsOfTime+1","Potion Belt","PreservedInsect","Sling","Toy Ornithopter"],"campfire_rested":3,"item_purchase_floors":[14,36,36,36,36,53],"current_hp_per_floor":[72,72,72,60,57,35,56,41,41,41,13,13,14,14,37,14,77,77,77,77,68,68,50,50,50,50,50,50,50,50,50,50,50,77,67,67,67,67,67,67,61,61,61,61,61,61,61,61,77,77,77,77,77,32,0,0],"gold":49,"neow_bonus":"ONE_RARE_RELIC","is_daily":false,"chose_seed":false,"campfire_upgraded":3,"win_rate":0.0,"timestamp":1614322882,"path_taken":["M","M","M","?","M","E","R","E","T","M","E","?","M","$","R","BOSS","M","M","M","M","?","E","R","E","T","E","R","M","?","?","R","BOSS","M","$","M","M","M","E","M","?","T","M","?","E","?","E","R","BOSS","R","$","E","BOSS"],"items_purchased_type":["Card","Card","Relic","Relic","Relic","Relic"],"build_version":"2020-12-22","purchased_purges":1,"victory":false,"max_hp_per_floor":[72,72,72,72,72,72,72,72,72,72,72,72,77,77,77,77,77,77,77,77,77,77,77,77,77,77,77,77,77,77,77,77,77,77,77,77,77,77,77,77,77,77,77,77,77,77,77,77,77,77,77,77,77,77,77,77],"relic_stats":{"Gremlin Horn":[18,16],"counters":[33,131],"CeramicFish":45,"Blue Candle":[0],"Eternal Feather":16,"Yang":[5],"PreservedInsect":298,"Ginger":[7],"Whetstone":["SignatureMove","Consecrate"],"Orichalcum":[54],"WarpedTongs":[101],"Dream Catcher":1,"Ornamental Fan":[136],"Mummified Hand":[2],"Bronze Scales":[283],"Black Star":4,"obtain_stats":[{"Ice Cream":47,"Gremlin Horn":25,"CeramicFish":40,"Yang":54,"Ginger":40,"Whetstone":45,"Ancient Tea Set":4,"Sling":36,"Dream Catcher":46,"Matryoshka":27,"Mummified Hand":54,"Red Mask":42,"Toxic Egg 2":23,"Potion Belt":36,"Blue Candle":43,"Damaru":48,"Eternal Feather":46,"PreservedInsect":36,"Omamori":11,"Orichalcum":6,"WarpedTongs":12,"Du-Vu Doll":48,"Anchor":45,"Ornamental Fan":8,"Bronze Scales":9,"HolyWater":17,"Molten Egg 2":26,"Black Star":34,"PureWater":0,"FossilizedHelix":0,"Toy Ornithopter":53},{"Ice Cream":29,"Gremlin Horn":17,"CeramicFish":25,"Yang":32,"Ginger":25,"Whetstone":27,"Ancient Tea Set":3,"Sling":21,"Dream Catcher":28,"Matryoshka":18,"Mummified Hand":32,"Red Mask":26,"Toxic Egg 2":16,"Potion Belt":21,"Blue Candle":26,"Damaru":30,"Eternal Feather":28,"PreservedInsect":21,"Omamori":8,"Orichalcum":5,"WarpedTongs":8,"Du-Vu Doll":30,"Anchor":27,"Ornamental Fan":6,"Bronze Scales":6,"HolyWater":10,"Molten Egg 2":17,"Black Star":20,"PureWater":0,"FossilizedHelix":0,"Toy Ornithopter":31},{"Ice Cream":119,"Gremlin Horn":72,"CeramicFish":104,"Yang":129,"Ginger":104,"Whetstone":113,"Ancient Tea Set":8,"Sling":89,"Dream Catcher":116,"Matryoshka":76,"Mummified Hand":129,"Red Mask":109,"Toxic Egg 2":66,"Potion Belt":89,"Blue Candle":109,"Damaru":121,"Eternal Feather":116,"PreservedInsect":89,"Omamori":30,"Orichalcum":16,"WarpedTongs":30,"Du-Vu Doll":121,"Anchor":113,"Ornamental Fan":21,"Bronze Scales":21,"HolyWater":40,"Molten Egg 2":72,"Black Star":85,"PureWater":0,"FossilizedHelix":0,"Toy Ornithopter":125}],"Toy Ornithopter":15},"card_choices":[{"not_picked":["Halt","Meditate"],"picked":"Wallop","floor":1.0},{"not_picked":["ClearTheMind","BowlingBash"],"picked":"Wireheading","floor":2.0},{"not_picked":["Indignation","Consecrate"],"picked":"EmptyFist","floor":3.0},{"not_picked":["Collect","Swivel"],"picked":"Halt","floor":5.0},{"not_picked":["Omniscience","EmptyMind"],"picked":"Consecrate","floor":6.0},{"not_picked":["WreathOfFlame","MentalFortress"],"picked":"InnerPeace","floor":8.0},{"not_picked":["Perseverance","Weave"],"picked":"Fasting2","floor":10.0},{"not_picked":["WaveOfTheHand","CrushJoints"],"picked":"Crescendo","floor":11.0},{"not_picked":["Crescendo","BowlingBash"],"picked":"ForeignInfluence","floor":13.0},{"not_picked":["Scrawl","ConjureBlade"],"picked":"DeusExMachina","floor":16.0},{"not_picked":["Protect","Nirvana"],"picked":"DeceiveReality","floor":18.0},{"not_picked":["Consecrate","JustLucky"],"picked":"Tantrum","floor":19.0},{"not_picked":["Meditate","Wireheading+1","CutThroughFate"],"picked":"SKIP","floor":20.0},{"not_picked":["FlurryOfBlows","Crescendo","Prostrate"],"picked":"SKIP","floor":21.0},{"not_picked":["Worship","InnerPeace","Conclude"],"picked":"SKIP","floor":22.0},{"not_picked":["WreathOfFlame+1","Prostrate+1"],"picked":"DeceiveReality+1","floor":23.0},{"not_picked":["Evaluate+1","DeusExMachina+1"],"picked":"SignatureMove","floor":25.0},{"not_picked":["CarveReality+1","Brilliance+1"],"picked":"DeceiveReality+1","floor":27.0},{"not_picked":["FlyingSleeves+1","ReachHeaven+1","Crescendo+1"],"picked":"SKIP","floor":29.0},{"not_picked":["Blasphemy+1","SpiritShield+1"],"picked":"DevaForm","floor":33.0},{"not_picked":["Consecrate+1","FlyingSleeves+1","ReachHeaven+1"],"picked":"SKIP","floor":35.0},{"not_picked":["PathToVictory+1","Swivel+1","EmptyFist+1"],"picked":"SKIP","floor":37.0},{"not_picked":["Evaluate+1","Prostrate+1","WreathOfFlame+1"],"picked":"SKIP","floor":38.0},{"not_picked":["Wireheading","Crescendo+1"],"picked":"Tantrum+1","floor":39.0},{"not_picked":["EmptyMind+1","EmptyBody+1"],"picked":"CutThroughFate+1","floor":40.0},{"not_picked":["FlyingSleeves+1","Adaptation+1"],"picked":"Consecrate+1","floor":41.0},{"not_picked":["FlyingSleeves+1","ClearTheMind+1"],"picked":"Indignation+1","floor":44.0},{"not_picked":["Alpha+1","Prostrate+1","EmptyBody+1"],"picked":"SKIP","floor":46.0},{"not_picked":["Tantrum+1","CrushJoints+1"],"picked":"WheelKick+1","floor":47.0},{"not_picked":["MentalFortress+1","Perseverance+1","LikeWater"],"picked":"SKIP","floor":48.0},{"not_picked":["Evaluate+1","Crescendo+1"],"picked":"TalkToTheHand+1","floor":52.0},{"not_picked":["PathToVictory+1","CarveReality+1","BattleHymn"],"picked":"SKIP","floor":54}],"player_experience":284185,"relics_obtained":[{"floor":6.0,"key":"Orichalcum"},{"floor":8.0,"key":"Ornamental Fan"},{"floor":9.0,"key":"Bronze Scales"},{"floor":11.0,"key":"Omamori"},{"floor":23.0,"key":"Toxic Egg 2"},{"floor":25.0,"key":"Gremlin Horn"},{"floor":26.0,"key":"Molten Egg 2"},{"floor":27.0,"key":"Matryoshka"},{"floor":40.0,"key":"Ginger"},{"floor":40.0,"key":"CeramicFish"},{"floor":43.0,"key":"Blue Candle"},{"floor":45.0,"key":"Anchor"},{"floor":45.0,"key":"Whetstone"},{"floor":46.0,"key":"Eternal Feather"},{"floor":46.0,"key":"Dream Catcher"},{"floor":47.0,"key":"Ice Cream"},{"floor":48.0,"key":"Du-Vu Doll"},{"floor":48.0,"key":"Damaru"},{"floor":54,"key":"Mummified Hand"},{"floor":54,"key":"Yang"}],"event_choices":[{"damage_healed":0.0,"max_hp_gain":0.0,"max_hp_loss":0.0,"gold_gain":0.0,"event_name":"Scrap Ooze","player_choice":"Success","floor":4.0,"gold_loss":0.0,"damage_taken":12.0,"relics_obtained":["Ancient Tea Set"]},{"damage_healed":0.0,"max_hp_gain":0.0,"max_hp_loss":0.0,"gold_gain":0.0,"event_name":"Accursed Blacksmith","player_choice":"Rummage","floor":12.0,"gold_loss":0.0,"damage_taken":0.0,"relics_obtained":["WarpedTongs"],"cards_obtained":["Pain"]},{"damage_healed":0.0,"max_hp_gain":0.0,"max_hp_loss":0.0,"gold_gain":0.0,"cards_transformed":["Strike_P","Strike_P"],"event_name":"Drug Dealer","player_choice":"Became Test Subject","floor":30.0,"gold_loss":0.0,"damage_taken":0.0,"cards_obtained":["Tantrum","DeusExMachina"]},{"cards_removed":["Defend_P"],"damage_healed":0.0,"max_hp_gain":0.0,"max_hp_loss":0.0,"gold_gain":0.0,"event_name":"Purifier","player_choice":"Purged","floor":31.0,"gold_loss":0.0,"damage_taken":0.0},{"damage_healed":0.0,"max_hp_gain":0.0,"max_hp_loss":0.0,"gold_gain":0.0,"event_name":"Tomb of Lord Red Mask","player_choice":"Paid","floor":42.0,"gold_loss":182.0,"damage_taken":0.0,"relics_obtained":["Red Mask"]},{"damage_healed":0.0,"max_hp_gain":0.0,"max_hp_loss":0.0,"gold_gain":0.0,"event_name":"MindBloom","player_choice":"Fight","floor":47.0,"gold_loss":0.0,"damage_taken":0.0}],"is_beta":false,"boss_relics":[{"not_picked":["Fusion Hammer","Empty Cage"],"picked":"HolyWater"},{"not_picked":["Velvet Choker","Sozu"],"picked":"Black Star"}],"items_purged_floors":[14],"is_endless":false,"potions_floor_spawned":[3,5,6,10,13,19,20,23,25,35,37,40,41,54],"killed_by":"The Heart","ascension_level":3}}