{"host":"2se5dq1do2gp0x9k","time":1614311724,"event":{"mods":["AchievementEnabler","BaseMod","Block Reminder","Colored Map","Colored Powertips","Minty Spire (QoL Compilation)","Relic Stats","StSLib","SuperFastMode"],"gold_per_floor":[114,114,129,129,129,129,163,163,163,190,221,30,57,57,57,150,150,170,191,191,207,226,259,259,175,175,218,218,343,343,379,379,470,470,489,344,363,638,438,474,229,262,285,48,82,106,170,170,170,170,170],"floor_reached":52,"language":"ENG","playtime":2686,"items_purged":["Defend_G","Strike_G","Regret","Defend_G","Defend_G"],"score":2716,"play_id":"b3f642c1-19d3-41c7-b12a-9543473e1e4e","local_time":"20210225195524","is_ascension_mode":true,"campfire_choices":[{"data":"Blade Dance","floor":6.0,"key":"SMITH"},{"data":"Neutralize","floor":8.0,"key":"SMITH"},{"data":"After Image","floor":15,"key":"SMITH"},{"data":"Finisher","floor":24,"key":"SMITH"},{"floor":28,"key":"REST"},{"floor":30,"key":"REST"},{"data":"Heel Hook","floor":32,"key":"SMITH"},{"floor":49,"key":"REST"}],"circlet_count":0,"master_deck":["AscendersBane","Strike_G+1","Defend_G","Defend_G","Survivor","Neutralize+1","Dagger Spray+1","Distraction+1","Blade Dance+1","Heel Hook","Deflect+1","Heel Hook","After Image+1","Cloak And Dagger+1","Well Laid Plans+1","Wraith Form v2+1","Finisher+1","Outmaneuver+1","Heel Hook+1","Prepared+1","Crippling Poison+1","Leg Sweep+1","Concentrate+1","Deflect+1","A Thousand Cuts+1","Heel Hook+1","Blade Dance+1","Panache+1","Wraith Form v2+1","Deflect+1","Panache+1","Cloak And Dagger+1","Dark Shackles+1","Deflect+1","Prepared+1","After Image+1","Flash of Steel+1","Blind+1","Cloak And Dagger+1","Burst+1","Flash of Steel+1","Madness+1","Flash of Steel+1"],"relics":["Ring of the Snake","NeowsBlessing","The Courier","Toxic Egg 2","Odd Mushroom","Mummified Hand","Membership Card","Frozen Egg 2","Golden Idol","Runic Pyramid","Akabeko","Molten Egg 2","Bottled Lightning","Calipers","White Beast Statue","Potion Belt","Empty Cage","InkBottle","Kunai","Anchor","Regal Pillow","Gremlin Horn","Peace Pipe"],"acts_visited":["Exordium","TheCity","TheBeyond"],"potions_floor_usage":[16,16,27,31,33,50,50],"damage_taken":[{"damage":0.0,"enemies":"Small Slimes","floor":1.0,"turns":1.0},{"damage":0.0,"enemies":"2 Louse","floor":3.0,"turns":1.0},{"damage":0.0,"enemies":"Gremlin Nob","floor":7.0,"turns":1.0},{"damage":0.0,"enemies":"The Mushroom Lair","floor":10.0,"turns":4.0},{"damage":19.0,"enemies":"Lagavulin","floor":11.0,"turns":6.0},{"damage":9,"enemies":"Gremlin Nob","floor":13,"turns":4},{"damage":0,"enemies":"The Guardian","floor":16,"turns":15},{"damage":0,"enemies":"Spheric Guardian","floor":18,"turns":7},{"damage":10,"enemies":"Shell Parasite","floor":19,"turns":5},{"damage":0,"enemies":"Chosen and Byrds","floor":21,"turns":6},{"damage":1,"enemies":"Centurion and Healer","floor":22,"turns":7},{"damage":12,"enemies":"Gremlin Leader","floor":23,"turns":10},{"damage":25,"enemies":"Slavers","floor":27,"turns":2},{"damage":8,"enemies":"Colosseum Slavers","floor":29,"turns":4},{"damage":1,"enemies":"Colosseum Nobs","floor":29,"turns":5},{"damage":0,"enemies":"Gremlin Leader","floor":31,"turns":7},{"damage":0,"enemies":"Champ","floor":33,"turns":13},{"damage":0,"enemies":"3 Darklings","floor":35,"turns":6},{"damage":0,"enemies":"Orb Walker","floor":37,"turns":3},{"damage":1,"enemies":"Nemesis","floor":40,"turns":11},{"damage":0,"enemies":"Reptomancer","floor":42,"turns":4},{"damage":0,"enemies":"Nemesis","floor":45,"turns":7},{"damage":0,"enemies":"Sphere and 2 Shapes","floor":46,"turns":4},{"damage":3,"enemies":"2 Orb Walkers","floor":47,"turns":3},{"damage":0,"enemies":"Donu and Deca","floor":50,"turns":4},{"damage":0,"enemies":"Awakened One","floor":51,"turns":7}],"seed_played":"5381689149770382769","potions_obtained":[{"floor":3.0,"key":"CunningPotion"},{"floor":7.0,"key":"LiquidMemories"},{"floor":13,"key":"Fruit Juice"},{"floor":16,"key":"Strength Potion"},{"floor":21,"key":"SpeedPotion"},{"floor":27,"key":"Fire Potion"},{"floor":31,"key":"LiquidMemories"},{"floor":33,"key":"ColorlessPotion"},{"floor":35,"key":"Strength Potion"},{"floor":37,"key":"Weak Potion"},{"floor":45,"key":"CunningPotion"},{"floor":46,"key":"DistilledChaos"}],"is_trial":false,"path_per_floor":["M","?","M","?","?","R","E","R","T","?","E","$","E","?","R","B",null,"M","M","?","M","M","E","R","$","T","E","R","?","R","E","R","B",null,"M","$","M","?","$","E","$","E","T","$","E","M","?","?","R","B","B",null],"character_chosen":"THE_SILENT","items_purchased":["Membership Card","After Image","Cloak And Dagger+1","Crippling Poison+1","Leg Sweep+1","Blade Dance+1","Panache+1","Wraith Form v2+1","Deflect+1","Panache+1","Kunai","Dark Shackles+1","Deflect+1","After Image+1","Flash of Steel+1","Blind+1"],"campfire_rested":3,"item_purchase_floors":[12,12,12,25,25,36,36,39,39,39,41,41,41,44,44,44],"current_hp_per_floor":[59,59,59,39,61,61,61,61,61,61,42,42,33,33,33,38,58,58,48,48,48,47,35,35,35,35,10,29,20,39,39,39,39,59,59,59,59,59,59,58,58,58,58,58,58,58,55,45,65,65,65],"gold":170,"neow_bonus":"THREE_ENEMY_KILL","is_daily":false,"chose_seed":false,"campfire_upgraded":5,"win_rate":0.0,"timestamp":1614311724,"path_taken":["M","?","M","?","?","R","E","R","T","?","E","$","E","?","R","BOSS","M","M","?","?","M","E","R","$","T","E","R","?","R","E","R","BOSS","M","$","M","?","$","E","?","E","T","$","E","?","?","?","R","BOSS","BOSS"],"items_purchased_type":["Relic","Card","Card","Card","Card","Card","Card","Card","Card","Card","Relic","Card","Card","Card","Card","Card"],"build_version":"2020-12-22","purchased_purges":5,"victory":true,"max_hp_per_floor":[66,66,66,66,66,66,66,66,66,66,66,66,66,60,60,65,65,65,65,65,65,65,65,65,65,65,65,65,65,65,65,65,65,65,65,65,65,65,65,65,65,65,65,65,65,65,65,65,65,65,65],"relic_stats":{"Peace Pipe":0,"Regal Pillow":1,"Gremlin Horn":[7,7],"counters":[26,147],"Mummified Hand":[98],"Golden Idol":185,"Kunai":[30],"obtain_stats":[{"Potion Belt":31,"Regal Pillow":43,"Calipers":29,"NeowsBlessing":0,"Gremlin Horn":45,"Golden Idol":14,"The Courier":7,"Odd Mushroom":10,"Frozen Egg 2":13,"Empty Cage":34,"Akabeko":23,"White Beast Statue":29,"Peace Pipe":47,"Anchor":42,"Mummified Hand":11,"Molten Egg 2":26,"Membership Card":12,"Bottled Lightning":27,"Kunai":41,"Toxic Egg 2":9,"InkBottle":40,"Ring of the Snake":0,"Runic Pyramid":17},{"Potion Belt":16,"Regal Pillow":21,"Calipers":15,"NeowsBlessing":0,"Gremlin Horn":22,"Golden Idol":6,"The Courier":3,"Odd Mushroom":4,"Frozen Egg 2":6,"Empty Cage":17,"Akabeko":12,"White Beast Statue":15,"Peace Pipe":24,"Anchor":21,"Mummified Hand":5,"Molten Egg 2":12,"Membership Card":5,"Bottled Lightning":13,"Kunai":20,"Toxic Egg 2":3,"InkBottle":20,"Ring of the Snake":0,"Runic Pyramid":7},{"Potion Belt":85,"Regal Pillow":122,"Calipers":78,"NeowsBlessing":0,"Gremlin Horn":129,"Golden Idol":17,"The Courier":3,"Odd Mushroom":7,"Frozen Egg 2":17,"Empty Cage":98,"Akabeko":67,"White Beast Statue":78,"Peace Pipe":136,"Anchor":122,"Mummified Hand":13,"Molten Egg 2":67,"Membership Card":13,"Bottled Lightning":69,"Kunai":118,"Toxic Egg 2":3,"InkBottle":118,"Ring of the Snake":0,"Runic Pyramid":32}],"InkBottle":[25],"Ring of the Snake":[52]},"card_choices":[{"not_picked":["Slice","Dagger Throw"],"picked":"Dagger Spray","floor":1.0},{"not_picked":["Dagger Throw","Sucker Punch"],"picked":"Blade Dance","floor":3.0},{"not_picked":["Dagger Spray","Escape Plan"],"picked":"Heel Hook","floor":7.0},{"not_picked":["Expertise+1","Flying Knee"],"picked":"Deflect+1","floor":10.0},{"not_picked":["Catalyst+1","Riddle With Holes"],"picked":"Heel Hook","floor":11.0},{"not_picked":["Finisher","Flying Knee"],"picked":"Well Laid Plans+1","floor":13},{"not_picked":["Burst+1","Bullet Time+1"],"picked":"Wraith Form v2+1","floor":16},{"not_picked":["Backflip+1","Cloak And Dagger+1"],"picked":"Finisher","floor":18},{"not_picked":["Endless Agony","Dagger Throw"],"picked":"Outmaneuver+1","floor":19},{"not_picked":["Deadly Poison+1","Poisoned Stab","Dagger Throw"],"picked":"SKIP","floor":21},{"not_picked":["Poisoned Stab","Dagger Spray"],"picked":"Heel Hook","floor":22},{"not_picked":["Backstab","Deflect+1"],"picked":"Prepared+1","floor":23},{"not_picked":["Riddle With Holes+1","Doppelganger+1","Bane+1"],"picked":"SKIP","floor":27},{"not_picked":["Cloak And Dagger+1","Setup+1"],"picked":"Concentrate+1","floor":29},{"not_picked":["Bane+1","Eviscerate+1"],"picked":"Deflect+1","floor":31},{"not_picked":["Glass Knife+1","Venomology+1"],"picked":"A Thousand Cuts+1","floor":33},{"not_picked":["Deadly Poison+1","Accuracy+1"],"picked":"Heel Hook+1","floor":35},{"not_picked":["Backstab+1","Dagger Spray+1","Deadly Poison+1"],"picked":"SKIP","floor":37},{"not_picked":["Slice+1","Blade Dance+1"],"picked":"Cloak And Dagger+1","floor":40},{"not_picked":["Escape Plan+1","Backflip+1"],"picked":"Prepared+1","floor":42},{"not_picked":["Well Laid Plans+1","Skewer+1"],"picked":"Cloak And Dagger+1","floor":45},{"not_picked":["Bouncing Flask+1","Predator+1","Dagger Throw+1"],"picked":"SKIP","floor":46},{"not_picked":["Blade Dance+1","Bouncing Flask+1"],"picked":"Burst+1","floor":47},{"not_picked":["Chrysalis+1","Magnetism+1"],"picked":"Flash of Steel+1","floor":48},{"not_picked":["Magnetism+1","Discovery+1"],"picked":"Madness+1","floor":48},{"not_picked":["Chrysalis+1","Enlightenment+1"],"picked":"Flash of Steel+1","floor":48}],"player_experience":4152703,"relics_obtained":[{"floor":7.0,"key":"The Courier"},{"floor":9.0,"key":"Toxic Egg 2"},{"floor":10.0,"key":"Odd Mushroom"},{"floor":11.0,"key":"Mummified Hand"},{"floor":13,"key":"Frozen Egg 2"},{"floor":23,"key":"Akabeko"},{"floor":26,"key":"Molten Egg 2"},{"floor":27,"key":"Bottled Lightning"},{"floor":29,"key":"Calipers"},{"floor":29,"key":"White Beast Statue"},{"floor":31,"key":"Potion Belt"},{"floor":40,"key":"InkBottle"},{"floor":42,"key":"Anchor"},{"floor":43,"key":"Regal Pillow"},{"floor":45,"key":"Gremlin Horn"},{"floor":47,"key":"Peace Pipe"}],"event_choices":[{"damage_healed":0.0,"max_hp_gain":0.0,"max_hp_loss":0.0,"gold_gain":0.0,"cards_transformed":["Strike_G"],"event_name":"Living Wall","player_choice":"Change","floor":2.0,"gold_loss":0.0,"damage_taken":0.0,"cards_obtained":["Distraction"]},{"damage_healed":0.0,"max_hp_gain":0.0,"max_hp_loss":0.0,"gold_gain":0.0,"event_name":"Shining Light","player_choice":"Entered Light","floor":4.0,"gold_loss":0.0,"damage_taken":20.0,"cards_upgraded":["Strike_G","Dagger Spray"]},{"damage_healed":22.0,"max_hp_gain":0.0,"max_hp_loss":0.0,"gold_gain":0.0,"event_name":"Big Fish","player_choice":"Banana","floor":5.0,"gold_loss":0.0,"damage_taken":0.0},{"damage_healed":0.0,"max_hp_gain":0.0,"max_hp_loss":0.0,"gold_gain":0.0,"event_name":"Mushrooms","player_choice":"Fought Mushrooms","floor":10.0,"gold_loss":0.0,"damage_taken":0.0},{"damage_healed":0,"gold_gain":0,"player_choice":"Lose Max HP","damage_taken":0,"relics_obtained":["Golden Idol"],"max_hp_gain":0,"max_hp_loss":6,"event_name":"Golden Idol","floor":14,"gold_loss":0},{"damage_healed":0,"gold_gain":0,"player_choice":"Upgraded","damage_taken":0,"max_hp_gain":0,"max_hp_loss":0,"event_name":"Upgrade Shrine","floor":20,"gold_loss":0,"cards_upgraded":["Distraction"]},{"damage_healed":0,"gold_gain":0,"player_choice":"Fight","damage_taken":0,"max_hp_gain":0,"max_hp_loss":0,"event_name":"Colosseum","floor":29,"gold_loss":0},{"damage_healed":0,"gold_gain":0,"player_choice":"Fought Nobs","damage_taken":0,"max_hp_gain":0,"max_hp_loss":0,"event_name":"Colosseum","floor":29,"gold_loss":0},{"damage_healed":0,"gold_gain":275,"player_choice":"Desecrate","damage_taken":0,"max_hp_gain":0,"max_hp_loss":0,"event_name":"Golden Shrine","floor":38,"gold_loss":0,"cards_obtained":["Regret"]},{"damage_healed":0,"gold_gain":0,"player_choice":"Fight","damage_taken":0,"max_hp_gain":0,"max_hp_loss":0,"event_name":"Mysterious Sphere","floor":47,"gold_loss":0},{"damage_healed":0,"gold_gain":0,"player_choice":"Memory 3","damage_taken":10,"max_hp_gain":0,"max_hp_loss":0,"event_name":"SensoryStone","floor":48,"gold_loss":0}],"is_beta":false,"boss_relics":[{"not_picked":["Sozu","Pandora\u0027s Box"],"picked":"Runic Pyramid"},{"not_picked":["Ring of the Serpent","SacredBark"],"picked":"Empty Cage"}],"items_purged_floors":[25,36,39,41,44],"is_endless":false,"potions_floor_spawned":[3,7,13,16,21,22,23,27,31,33,35,37,40,42,45,46,47],"ascension_level":20}}