{"host":"0y1696yaafq19vki","time":1614370048,"event":{"mods":["BaseMod","Colored Map","Conspire","Downfall","Hermit","Minty Spire (QoL Compilation)","Replay The Spire","StSLib"],"gold_per_floor":[115,135,42,42,52,79,79,79,102,102,145,174,209,283,283,427,427,467,494,494,494,494,504,15,15,66,74,74],"floor_reached":27,"language":"ENG","playtime":2067,"items_purged":[],"score":241,"play_id":"d943cad6-7c52-4e10-ba2a-81f98e3844c3","local_time":"20210226200728","is_ascension_mode":false,"campfire_choices":[{"data":"hermit:GoldenBullet","floor":7,"key":"SMITH"},{"floor":10,"key":"REST"},{"floor":15,"key":"REST"},{"floor":25,"key":"REST"}],"circlet_count":0,"master_deck":["hermit:Strike_Hermit+1","hermit:Strike_Hermit+1","hermit:Strike_Hermit+1","hermit:Strike_Hermit+1","hermit:Defend_Hermit+1","hermit:Defend_Hermit+1","hermit:Defend_Hermit+1","hermit:Defend_Hermit+1","hermit:Snapshot","hermit:Covet","hermit:GoldenBullet+1","hermit:Vantage","hermit:WideOpen","hermit:WideOpen","hermit:Dive","ReplayTheSpireMod:Doomed","hermit:CalledShot","sneckomod:QuickBite","Perseverance","hermit:Ricochet+1","Terror+1","LessonLearned+1","Madness","hermit:Coalescence+1","hermit:Deadeye","hermit:Headshot","champ:HeavySlash"],"relics":["hermit:Momento","PrismaticShard","Blood Vial","Golden Idol","Whetstone","Replay:Bandana","Ring of Chaos","Bag of Marbles","hermit:Spyglass","Prayer Wheel"],"acts_visited":["Exordium","TheCity"],"potions_floor_usage":[23,23,27],"damage_taken":[{"damage":0,"enemies":"Cultist","floor":1,"turns":4},{"damage":0,"enemies":"Small Slimes","floor":2,"turns":3},{"damage":0,"enemies":"2 Louse","floor":5,"turns":3},{"damage":29,"enemies":"Lagavulin","floor":6,"turns":8},{"damage":6,"enemies":"Gremlin Nob","floor":11,"turns":3},{"damage":0,"enemies":"Looter","floor":12,"turns":1},{"damage":0,"enemies":"Gremlin Gang","floor":13,"turns":4},{"damage":43,"enemies":"Slime Boss","floor":16,"turns":12},{"damage":30,"enemies":"3 Byrds","floor":18,"turns":7},{"damage":27,"enemies":"Shell Parasite","floor":19,"turns":6},{"damage":16,"enemies":"3 Cultists","floor":23,"turns":5},{"damage":36,"enemies":"Slavers","floor":26,"turns":6},{"damage":5,"enemies":"Cultist and Chosen","floor":27,"turns":1}],"seed_played":"4236117923083070563","potions_obtained":[{"floor":1,"key":"Swift Potion"},{"floor":5,"key":"SmokeBomb"},{"floor":13,"key":"Milkshake"},{"floor":18,"key":"champ:CounterPotion"}],"is_trial":false,"path_per_floor":["M","M","$","?","M","E","R","?","T","R","E","M","M","?","R","B",null,"M","M","?","PTL","PTL","M","$","R","E","M"],"character_chosen":"HERMIT","items_purchased":["hermit:WideOpen","hermit:Dive","hermit:Deadeye","Bag of Marbles","hermit:Spyglass","hermit:Headshot"],"campfire_rested":3,"item_purchase_floors":[3,3,24,24,24,24],"current_hp_per_floor":[82,82,82,82,82,53,53,33,33,57,53,55,57,57,81,39,82,52,27,27,27,27,13,13,37,3,0,0],"gold":74,"neow_bonus":"TEN_PERCENT_HP_BONUS","is_daily":false,"chose_seed":false,"campfire_upgraded":1,"win_rate":0.0,"timestamp":1614370048,"path_taken":["M","?","$","?","M","E","R","?","T","R","E","M","M","?","R","BOSS","M","M","?","PTL","PTL","M","$","R","E","M"],"items_purchased_type":["Card","Card","Card","Relic","Relic","Card"],"build_version":"2020-12-22","purchased_purges":0,"victory":false,"max_hp_per_floor":[82,82,82,82,82,82,82,82,82,82,82,82,82,82,82,82,82,82,82,82,82,82,82,82,82,82,82,82],"card_choices":[{"not_picked":["hermit:Showdown","hermit:PistolWhip"],"picked":"hermit:GoldenBullet","floor":1},{"not_picked":["hermit:Quickdraw","hermit:TakeCover"],"picked":"hermit:Vantage","floor":2},{"not_picked":["Slimebound:SlimeBrawl","bronze:CloningBeam"],"picked":"hermit:CalledShot","floor":5},{"not_picked":["Heatsinks","Mirror Shield"],"picked":"sneckomod:QuickBite","floor":6},{"not_picked":["champ:PreemptiveStrike","EmptyMind"],"picked":"Perseverance","floor":11},{"not_picked":["hexamod:GhostShield","Slimebound:HauntingLick"],"picked":"hermit:Ricochet","floor":12},{"not_picked":["Armaments","Dagger Throw"],"picked":"Terror","floor":13},{"not_picked":["bronze:HyperBeam","A Thousand Cuts"],"picked":"LessonLearned","floor":16},{"not_picked":["Slice","Guardian:TemporalShield"],"picked":"Madness","floor":18},{"not_picked":["Thunderclap","sneckomod:UnknownBlock"],"picked":"hermit:Coalescence+1","floor":19},{"not_picked":["sneckomod:ImprovisedGuard","Slimebound:SplitLeeching"],"picked":"champ:HeavySlash","floor":26}],"player_experience":82874,"relics_obtained":[{"floor":6,"key":"Blood Vial"},{"floor":9,"key":"Whetstone"},{"floor":11,"key":"Replay:Bandana"},{"floor":26,"key":"Prayer Wheel"}],"event_choices":[{"damage_healed":0,"gold_gain":0,"player_choice":"Take Damage","damage_taken":20,"relics_obtained":["Golden Idol"],"max_hp_gain":0,"max_hp_loss":0,"event_name":"Golden Idol","floor":8,"gold_loss":0},{"damage_healed":0,"gold_gain":74,"player_choice":"Gained Gold","damage_taken":0,"max_hp_gain":0,"max_hp_loss":0,"event_name":"Golden Wing","floor":14,"gold_loss":0},{"damage_healed":0,"gold_gain":0,"player_choice":"Simplicity","damage_taken":0,"max_hp_gain":0,"max_hp_loss":0,"event_name":"Back to Basics","floor":20,"gold_loss":0,"cards_upgraded":["hermit:Strike_Hermit","hermit:Strike_Hermit","hermit:Defend_Hermit","hermit:Defend_Hermit","hermit:Defend_Hermit","hermit:Defend_Hermit"]}],"is_beta":false,"boss_relics":[{"not_picked":["Snecko Eye","Painkiller Herb"],"picked":"Ring of Chaos"}],"items_purged_floors":[],"is_endless":false,"potions_floor_spawned":[1,5,13,16,18],"killed_by":"Cultist and Chosen","ascension_level":0}}