{"host":"rw1trt79hfpl7pom","time":1614315364,"event":{"mods":["BaseMod","Bestiary","Colored Map","Jorbs\u0027s Wanderer Trilogy","Minty Spire (QoL Compilation)","Relic Stats","StSLib","SuperFastMode"],"gold_per_floor":[113,129,140,150,163,163,196,121,121,121,121,154,220,246,246,317,317,333,411,0,12,25,50,69,103,103,103,118,147,147,157,157,157,157],"floor_reached":33,"language":"ENG","playtime":2408,"items_purged":[],"score":808,"play_id":"97b3bf8b-1b8f-4b9b-8f70-2126605ab49e","local_time":"20210225205604","is_ascension_mode":true,"campfire_choices":[{"data":"Streamline","floor":6.0,"key":"SMITH"},{"data":"Skim","floor":10.0,"key":"SMITH"},{"data":"Fission","floor":15.0,"key":"SMITH"},{"data":"Defragment","floor":27.0,"key":"SMITH"},{"data":"Capacitor","floor":30.0,"key":"SMITH"},{"data":"Rainbow","floor":32.0,"key":"SMITH"}],"circlet_count":0,"master_deck":["AscendersBane","Strike_B","Strike_B","Strike_B","Defend_B","Defend_B","Defend_B","Defend_B","Zap","Dualcast","Skim+1","Streamline+1","Undo","White Noise","Glacier","Fission+1","Capacitor+1","Hologram","Biased Cognition","Hologram","Rainbow+1","Defragment+1","Hologram","Glacier","Go for the Eyes","Stack","Steam","Pain","Redo","Double Energy","Coolheaded"],"relics":["Cursed Key","Meat on the Bone","SsserpentHead","Ancient Tea Set","Bottled Tornado","Runic Pyramid","Red Mask","Gambling Chip","Ornamental Fan","Thread and Needle","Mummified Hand","WingedGreaves"],"acts_visited":["Exordium","TheCity"],"potions_floor_usage":[33,33],"damage_taken":[{"damage":4.0,"enemies":"Small Slimes","floor":1.0,"turns":4.0},{"damage":0.0,"enemies":"2 Louse","floor":2.0,"turns":2.0},{"damage":0.0,"enemies":"Cultist","floor":3.0,"turns":3.0},{"damage":0.0,"enemies":"Blue Slaver","floor":4.0,"turns":5.0},{"damage":6.0,"enemies":"Looter","floor":5.0,"turns":4.0},{"damage":9.0,"enemies":"Lagavulin","floor":7.0,"turns":6.0},{"damage":8.0,"enemies":"3 Sentries","floor":12.0,"turns":10.0},{"damage":4.0,"enemies":"Exordium Wildlife","floor":13.0,"turns":4.0},{"damage":4.0,"enemies":"Lagavulin","floor":14.0,"turns":6.0},{"damage":0.0,"enemies":"The Guardian","floor":16.0,"turns":12.0},{"damage":1.0,"enemies":"Chosen","floor":18.0,"turns":8.0},{"damage":37.0,"enemies":"Masked Bandits","floor":19.0,"turns":5.0},{"damage":0.0,"enemies":"Shell Parasite","floor":21.0,"turns":6.0},{"damage":12.0,"enemies":"Centurion and Healer","floor":22.0,"turns":7.0},{"damage":16.0,"enemies":"Slavers","floor":23.0,"turns":9.0},{"damage":0.0,"enemies":"Snake Plant","floor":24.0,"turns":6.0},{"damage":2.0,"enemies":"Gremlin Leader","floor":25.0,"turns":9.0},{"damage":9.0,"enemies":"Snecko","floor":28.0,"turns":6.0},{"damage":12.0,"enemies":"Book of Stabbing","floor":29.0,"turns":6.0},{"damage":14.0,"enemies":"Centurion and Healer","floor":31.0,"turns":13.0},{"damage":59,"enemies":"Automaton","floor":33,"turns":10}],"seed_played":"3443710570629556909","potions_obtained":[{"floor":1.0,"key":"FearPotion"},{"floor":4.0,"key":"EssenceOfSteel"},{"floor":7.0,"key":"FocusPotion"},{"floor":23.0,"key":"Block Potion"},{"floor":25.0,"key":"CultistPotion"}],"is_trial":false,"path_per_floor":["M","M","M","M","M","R","E","?","T","R","?","E","M","E","R","B",null,"M","?","$","M","M","E","M","E","T","R","M","E","R","M","R","B"],"character_chosen":"DEFECT","items_purchased":["Gambling Chip","Defragment"],"campfire_rested":0,"item_purchase_floors":[20,20],"current_hp_per_floor":[60,60,60,60,54,54,45,45,45,45,45,37,45,41,41,41,64,63,38,38,38,38,34,46,44,44,44,47,47,47,45,45,0,0],"gold":157,"neow_bonus":"BOSS_RELIC","is_daily":false,"chose_seed":false,"campfire_upgraded":6,"win_rate":0.0,"timestamp":1614315364,"path_taken":["M","M","M","M","M","R","E","?","T","R","?","E","?","E","R","BOSS","M","?","$","M","M","E","M","E","T","R","M","E","R","M","R","BOSS"],"items_purchased_type":["Relic","Card"],"build_version":"2020-12-22","purchased_purges":0,"victory":false,"max_hp_per_floor":[71,71,71,71,71,71,71,71,71,71,71,71,71,71,71,71,71,71,71,71,71,71,71,71,71,71,71,71,71,71,71,71,71,71],"relic_stats":{"SsserpentHead":100,"counters":[21,141],"Ornamental Fan":[20],"Mummified Hand":[20],"Gambling Chip":[18],"Cursed Key":1,"obtain_stats":[{"Thread and Needle":25,"Bottled Tornado":14,"Cursed Key":0,"Ancient Tea Set":12,"SsserpentHead":11,"Ornamental Fan":23,"Mummified Hand":26,"Gambling Chip":20,"WingedGreaves":29,"Red Mask":19,"Cracked Core":0,"Meat on the Bone":7,"Runic Pyramid":17},{"Thread and Needle":17,"Bottled Tornado":9,"Cursed Key":0,"Ancient Tea Set":7,"SsserpentHead":6,"Ornamental Fan":15,"Mummified Hand":17,"Gambling Chip":12,"WingedGreaves":19,"Red Mask":12,"Cracked Core":0,"Meat on the Bone":6,"Runic Pyramid":10},{"Thread and Needle":106,"Bottled Tornado":44,"Cursed Key":0,"Ancient Tea Set":34,"SsserpentHead":24,"Ornamental Fan":91,"Mummified Hand":106,"Gambling Chip":69,"WingedGreaves":118,"Red Mask":69,"Cracked Core":0,"Meat on the Bone":24,"Runic Pyramid":56}],"Meat on the Bone":96},"card_choices":[{"not_picked":["Conserve Battery","Steam"],"picked":"Skim","floor":1.0},{"not_picked":["Go for the Eyes","Tempest"],"picked":"Streamline","floor":2.0},{"not_picked":["Barrage","Cold Snap"],"picked":"Undo","floor":3.0},{"not_picked":["Streamline","Cold Snap"],"picked":"White Noise","floor":4.0},{"not_picked":["Turbo","Chaos","Leap"],"picked":"SKIP","floor":5.0},{"not_picked":["Turbo","Chaos","Leap"],"picked":"SKIP","floor":5.0},{"not_picked":["Stack","Rainbow"],"picked":"Glacier","floor":7.0},{"not_picked":["Fusion","Force Field"],"picked":"Fission","floor":12.0},{"not_picked":["Gash","Sweeping Beam"],"picked":"Capacitor","floor":13.0},{"not_picked":["Melter","Auto Shields"],"picked":"Hologram","floor":14.0},{"not_picked":["Fission","Meteor Strike"],"picked":"Biased Cognition","floor":16.0},{"not_picked":["Barrage","Compile Driver"],"picked":"Hologram","floor":18.0},{"not_picked":["Aggregate","Blizzard"],"picked":"Rainbow","floor":19.0},{"not_picked":["Reprogram","Hello World"],"picked":"Hologram","floor":21.0},{"not_picked":["Sweeping Beam","Recycle"],"picked":"Glacier","floor":22.0},{"not_picked":["Lockon","FTL"],"picked":"Go for the Eyes","floor":23.0},{"not_picked":["Fusion","Reboot"],"picked":"Stack","floor":24.0},{"not_picked":["Conserve Battery","Rebound"],"picked":"Steam","floor":25.0},{"not_picked":["Stack","Rip and Tear"],"picked":"Redo","floor":28.0},{"not_picked":["Streamline","Darkness"],"picked":"Double Energy","floor":29.0},{"not_picked":["Conserve Battery","Blizzard"],"picked":"Coolheaded","floor":31.0}],"player_experience":2925286,"relics_obtained":[{"floor":7.0,"key":"Meat on the Bone"},{"floor":12.0,"key":"Ancient Tea Set"},{"floor":14.0,"key":"Bottled Tornado"},{"floor":19.0,"key":"Red Mask"},{"floor":23.0,"key":"Ornamental Fan"},{"floor":25.0,"key":"Thread and Needle"},{"floor":26.0,"key":"Mummified Hand"},{"floor":29.0,"key":"WingedGreaves"}],"event_choices":[{"cards_removed":["Strike_B"],"damage_healed":0.0,"max_hp_gain":0.0,"max_hp_loss":0.0,"gold_gain":0.0,"event_name":"The Cleric","player_choice":"Card Removal","floor":8.0,"gold_loss":75.0,"damage_taken":0.0},{"damage_healed":0.0,"max_hp_gain":0.0,"max_hp_loss":0.0,"gold_gain":0.0,"event_name":"FaceTrader","player_choice":"Trade","floor":11.0,"gold_loss":0.0,"damage_taken":0.0,"relics_obtained":["SsserpentHead"]},{"damage_healed":0.0,"max_hp_gain":0.0,"max_hp_loss":0.0,"gold_gain":0.0,"event_name":"Masked Bandits","player_choice":"Fought Bandits","floor":19.0,"gold_loss":0.0,"damage_taken":0.0}],"is_beta":false,"boss_relics":[{"not_picked":["Tiny House","Nuclear Battery"],"picked":"Runic Pyramid"}],"items_purged_floors":[],"is_endless":false,"potions_floor_spawned":[1,4,7,12,14,18,23,25,28,31],"killed_by":"Automaton","ascension_level":20}}