{"host":"fbdlh90rovbiajun","time":1614318037,"event":{"mods":["AchievementEnabler","BaseMod","Colored Map","Keyboard Shortcuts","Minty Spire (QoL Compilation)","SuperFastMode"],"gold_per_floor":[114,114,114,114,130,158,178,178,223,223,223],"floor_reached":10,"language":"KOR","playtime":209,"items_purged":[],"score":99,"play_id":"1ab3f220-b6e7-4d11-805d-ffc013e9f1e8","local_time":"20210226144037","is_ascension_mode":true,"campfire_choices":[{"data":"Eruption","floor":8,"key":"SMITH"}],"circlet_count":0,"master_deck":["AscendersBane","Strike_P","Strike_P","Strike_P","Defend_P","Defend_P","Defend_P","Eruption+1","Vigilance","FollowUp","FearNoEvil","LikeWater","Halt"],"relics":["PureWater","Orichalcum","Prayer Wheel","Tiny Chest"],"acts_visited":["Exordium"],"potions_floor_usage":[],"damage_taken":[{"damage":16,"enemies":"Small Slimes","floor":1,"turns":2},{"damage":7,"enemies":"Jaw Worm","floor":5,"turns":3},{"damage":26,"enemies":"Gremlin Nob","floor":6,"turns":4},{"damage":0,"enemies":"Cultist","floor":7,"turns":2},{"damage":10,"enemies":"3 Sentries","floor":10,"turns":3}],"seed_played":"7710433048051685811","potions_obtained":[{"floor":5,"key":"Ambrosia"},{"floor":6,"key":"StancePotion"}],"is_trial":false,"path_per_floor":["M","?","?","$","M","E","M","R","T","E"],"character_chosen":"WATCHER","items_purchased":[],"campfire_rested":0,"item_purchase_floors":[],"current_hp_per_floor":[49,42,42,42,35,9,9,9,9,0,0],"gold":223,"neow_bonus":"TRANSFORM_CARD","is_daily":false,"chose_seed":false,"campfire_upgraded":1,"win_rate":0.0,"timestamp":1614318037,"path_taken":["M","?","?","$","M","E","?","R","T","E"],"items_purchased_type":[],"build_version":"2020-12-22","purchased_purges":0,"victory":false,"max_hp_per_floor":[72,72,72,72,72,72,72,72,72,72,72],"card_choices":[{"not_picked":["SashWhip","PathToVictory"],"picked":"FearNoEvil","floor":1},{"not_picked":["ClearTheMind","Protect","SashWhip"],"picked":"SKIP","floor":5},{"not_picked":["ClearTheMind","CutThroughFate","WheelKick"],"picked":"SKIP","floor":6},{"not_picked":["SashWhip","Crescendo"],"picked":"Halt","floor":7},{"not_picked":["WaveOfTheHand","EmptyFist","Evaluate"],"picked":"SKIP","floor":7}],"player_experience":133516,"relics_obtained":[{"floor":6,"key":"Prayer Wheel"},{"floor":9,"key":"Tiny Chest"}],"event_choices":[{"damage_healed":0,"gold_gain":0,"player_choice":"Success","damage_taken":7,"relics_obtained":["Orichalcum"],"max_hp_gain":0,"max_hp_loss":0,"event_name":"Scrap Ooze","floor":2,"gold_loss":0},{"damage_healed":0,"gold_gain":0,"cards_transformed":["Strike_P"],"player_choice":"Transformed","damage_taken":0,"max_hp_gain":0,"max_hp_loss":0,"event_name":"Transmorgrifier","floor":3,"gold_loss":0,"cards_obtained":["LikeWater"]}],"is_beta":false,"boss_relics":[],"items_purged_floors":[],"is_endless":false,"potions_floor_spawned":[5,6],"killed_by":"3 Sentries","ascension_level":10}}