{"host":"bakf0s4odzu8z5xt","time":1614326429,"event":{"mods":["2.2 Compatiblity","BaseMod","Downfall","Friendly Minions","Minty Spire (QoL Compilation)","StSLib"],"gold_per_floor":[99,116,129,129,148,162,162,162,180,180,215,6,36,53,67,164,164,64,81,81,81,281,281,334,19,52,64,82,100,119,154,164,267,267,267,279,289,300,210,242,242,242,142,160,177,77,88,118,129,129,129,160,11,11,11,11],"floor_reached":57,"language":"ENG","playtime":4974,"items_purged":["Slimebound:Defend_Slimebound","Slimebound:Split"],"score":1546,"play_id":"321d7c56-0c59-4ec0-b517-fe70b50f28af","local_time":"20210226000029","is_ascension_mode":true,"campfire_choices":[{"data":"Slimebound:CorrosiveSpit","floor":1,"key":"SMITH"},{"data":"Slimebound:Darklings","floor":8,"key":"SMITH"},{"data":"Slimebound:Prepare","floor":18,"key":"SMITH"},{"data":"Slimebound:Recycling","floor":35,"key":"SMITH"},{"floor":43,"key":"RECALL"},{"data":"Slimebound:DouseInSlime","floor":46,"key":"SMITH"},{"data":"Slimebound:LevelUp","floor":54,"key":"SMITH"}],"circlet_count":0,"master_deck":["Slimebound:Defend_Slimebound","Slimebound:Defend_Slimebound","Slimebound:Defend_Slimebound","Slimebound:CorrosiveSpit+1","Slimebound:RollThrough","Slimebound:Recollect+1","Slimebound:Darklings+1","Slimebound:TongueLash","Slimebound:ItLooksTasty","Slimebound:Prepare+1","Slimebound:PressTheAttack","Slimebound:Recollect","Slimebound:Schlurp+1","Slimebound:WasteNot","Slimebound:DouseInSlime+1","Slimebound:LeechingTouch","Slimebound:HauntingLick+1","Slimebound:LevelUp+1","Slimebound:RainOfGoop+1","Slimebound:LeadByExample+1","Slimebound:AcidTongue+1","Slimebound:Recycling+1","Slimebound:GoopSpray+1","Slimebound:TongueLash+1","Slimebound:Schlurp","Slimebound:SplitMire","Slimebound:Schlurp+1","Slimebound:LeechingTouch+1","Slimebound:Dissolve","Slimebound:RainOfGoop+1","Slimebound:LeechingTouch"],"relics":["Slimebound:AbsorbEndCombat","Singing Bowl","Sundial","Thread and Needle","Lee\u0027s Waffle","Guardian:GemstoneGun","Empty Cage","downfall:HeartBlessingGreen","Strawberry","Oddly Smooth Stone","Calipers","champ:DuelingGlove","Mummified Hand","sneckomod:SneckoTalon","Nunchaku","downfall:HeartBlessingBlue","downfall:HeartBlessingRed","War Paint","Toy Ornithopter"],"acts_visited":["Exordium","TheCity","TheBeyond","TheEnding"],"potions_floor_usage":[9,11,13,13,15,23,26,26,26,28,29,31,31,31,38,45,47,48,48,56,56],"damage_taken":[{"damage":0,"enemies":"2 Louse","floor":2,"turns":2},{"damage":2,"enemies":"Jaw Worm","floor":3,"turns":3},{"damage":1,"enemies":"Small Slimes","floor":5,"turns":3},{"damage":8,"enemies":"Blue Slaver","floor":6,"turns":4},{"damage":9,"enemies":"Red Slaver","floor":9,"turns":4},{"damage":45,"enemies":"Gremlin Nob","floor":11,"turns":4},{"damage":0,"enemies":"downfall:FleeingMerchant","floor":12,"turns":4},{"damage":6,"enemies":"3 Sentries","floor":13,"turns":6},{"damage":1,"enemies":"downfall:LooterAlt","floor":14,"turns":3},{"damage":0,"enemies":"Exordium Wildlife","floor":15,"turns":1},{"damage":31,"enemies":"DF_ARCHETYPE_STREAMLINE","floor":16,"turns":10},{"damage":0,"enemies":"Spheric Guardian","floor":19,"turns":4},{"damage":0,"enemies":"3 Byrds","floor":23,"turns":1},{"damage":0,"enemies":"downfall:FleeingMerchant","floor":25,"turns":4},{"damage":4,"enemies":"Book of Stabbing","floor":26,"turns":5},{"damage":1,"enemies":"Cultist and Chosen","floor":27,"turns":6},{"damage":2,"enemies":"Snecko","floor":28,"turns":6},{"damage":12,"enemies":"Snake Plant","floor":29,"turns":3},{"damage":13,"enemies":"Centurion and Healer","floor":30,"turns":6},{"damage":0,"enemies":"Gremlin Leader","floor":31,"turns":8},{"damage":20,"enemies":"Shelled Parasite and Fungi","floor":32,"turns":4},{"damage":25,"enemies":"SI_MIRROR_ARCHETYPE","floor":33,"turns":10},{"damage":11,"enemies":"3 Shapes","floor":36,"turns":4},{"damage":1,"enemies":"Orb Walker","floor":37,"turns":4},{"damage":14,"enemies":"Sphere and 2 Shapes","floor":38,"turns":4},{"damage":0,"enemies":"downfall:FleeingMerchant","floor":39,"turns":4},{"damage":9,"enemies":"Giant Head","floor":40,"turns":7},{"damage":2,"enemies":"3 Darklings","floor":44,"turns":4},{"damage":0,"enemies":"Writhing Mass","floor":45,"turns":5},{"damage":9,"enemies":"Jaw Worm Horde","floor":47,"turns":5},{"damage":5,"enemies":"Reptomancer","floor":48,"turns":4},{"damage":20,"enemies":"4 Shapes","floor":49,"turns":5},{"damage":24,"enemies":"IC_BLOCK_ARCHETYPE","floor":50,"turns":10},{"damage":35,"enemies":"downfall:CharBossMerchant","floor":52,"turns":6},{"damage":0,"enemies":"downfall:NeowBoss","floor":55,"turns":15},{"damage":68,"enemies":"downfall:NeowBossFinal","floor":56,"turns":12}],"seed_played":"2306631109200339534","potions_obtained":[{"floor":0,"key":"SteroidPotion"},{"floor":0,"key":"Swift Potion"},{"floor":0,"key":"CultistPotion"},{"floor":9,"key":"EntropicBrew"},{"floor":11,"key":"AttackPotion"},{"floor":13,"key":"Slimebound:ThreeZeroPotion"},{"floor":14,"key":"Slimebound:SlimyTonguePotion"},{"floor":15,"key":"Slimebound:SlimyTonguePotion"},{"floor":19,"key":"SmokeBomb"},{"floor":27,"key":"Ancient Potion"},{"floor":28,"key":"hexamod:SoulburnPotion"},{"floor":29,"key":"Explosive Potion"},{"floor":32,"key":"Guardian:BlockOnCardUsePotion"},{"floor":36,"key":"Slimebound:SlimedPotion"},{"floor":44,"key":"DistilledChaos"},{"floor":45,"key":"SkillPotion"},{"floor":47,"key":"Guardian:BlockOnCardUsePotion"},{"floor":49,"key":"Dexterity Potion"},{"floor":52,"key":"Swift Potion"}],"is_trial":false,"path_per_floor":["R","M","M","?","M","M","T","R","M","T","E","$","E","M","M","B",null,"R","M","?","?","?","M","T","$","E","M","M","M","M","E","M","B",null,"R","M","M","M","$","E","T","?","R","M","M","R","M","E","M","B",null,"E","$","R","B","B",null],"character_chosen":"SLIMEBOUND","items_purchased":["Lee\u0027s Waffle","Fire Potion","Calipers","Slimebound:LeechingTouch"],"campfire_rested":0,"item_purchase_floors":[12,12,25,53],"current_hp_per_floor":[65,65,65,70,70,64,64,64,59,59,18,77,77,79,79,54,73,73,81,88,88,88,88,88,90,92,91,90,84,77,85,71,54,84,84,81,84,80,88,87,87,87,97,103,106,106,101,104,92,76,100,75,75,75,83,33],"gold":11,"neow_bonus":"THREE_SMALL_POTIONS","is_daily":false,"chose_seed":false,"campfire_upgraded":6,"win_rate":0.0,"timestamp":1614326429,"path_taken":["R","M","M","?","M","M","T","R","M","?","E","$","E","M","M","BOSS","R","M","?","?","?","M","T","$","E","M","M","?","M","E","M","BOSS","R","M","M","M","$","E","T","?","R","M","M","R","M","E","M","BOSS","E","$","R","BOSS","BOSS"],"items_purchased_type":["Relic","Potion","Relic","Card"],"build_version":"2020-12-22","purchased_purges":2,"victory":true,"max_hp_per_floor":[65,65,65,70,70,70,70,70,70,70,70,77,77,79,79,79,79,79,81,88,88,88,88,88,90,92,92,92,94,94,94,94,94,94,94,94,94,96,96,96,96,96,106,106,106,106,106,108,108,108,108,110,110,110,110,110],"card_choices":[{"not_picked":["Slimebound:SamplingLick","Slimebound:BestDefense"],"picked":"Slimebound:RollThrough","floor":2},{"not_picked":["Slimebound:LivingWall","Slimebound:TongueLash"],"picked":"Slimebound:Recollect","floor":3},{"not_picked":["Slimebound:PressTheAttack","Slimebound:LeechEnergy"],"picked":"Slimebound:Darklings","floor":5},{"not_picked":["Slimebound:RainOfGoop","Slimebound:SlimeSpikes"],"picked":"Slimebound:TongueLash","floor":6},{"not_picked":["Slimebound:LeechEnergy","Slimebound:SpikyOuterGoop"],"picked":"Slimebound:ItLooksTasty","floor":9},{"not_picked":["Slimebound:SelfFormingGoo","Slimebound:SplitMire"],"picked":"Slimebound:Prepare","floor":11},{"not_picked":["Slimebound:SplitMire","Slimebound:LeechingTouch"],"picked":"Slimebound:PressTheAttack","floor":12},{"not_picked":["Slimebound:ComboTackle","Slimebound:LivingWall"],"picked":"Slimebound:Recollect","floor":13},{"not_picked":["Slimebound:TongueLash","Slimebound:Chomp","Slimebound:SpikyOuterGoop"],"picked":"Singing Bowl","floor":14},{"not_picked":["Slimebound:SlimeSpikes","Slimebound:LivingWall"],"picked":"Slimebound:Schlurp","floor":15},{"not_picked":["Slimebound:MassFeed","Slimebound:CheckThePlaybook"],"picked":"Slimebound:WasteNot","floor":16},{"not_picked":["Slimebound:LeechEnergy","Slimebound:Repurpose","Slimebound:ComboTackle"],"picked":"Singing Bowl","floor":19},{"not_picked":["Slimebound:SplitAcid","Slimebound:ViciousTackle","Slimebound:RollThrough+1"],"picked":"Singing Bowl","floor":25},{"not_picked":["Slimebound:Grow","Slimebound:LivingWall","Slimebound:SamplingLick"],"picked":"Singing Bowl","floor":26},{"not_picked":["Slimebound:LeechingTouch","Slimebound:AcidTongue"],"picked":"Slimebound:HauntingLick+1","floor":27},{"not_picked":["Slimebound:GoopTackle","Slimebound:SplitAcid"],"picked":"Slimebound:LevelUp","floor":28},{"not_picked":["Slimebound:GoopTackle","Slimebound:ItLooksTasty+1","Slimebound:SlimeSpikes+1"],"picked":"Singing Bowl","floor":29},{"not_picked":["Slimebound:SlimeTap","Slimebound:LeechingTouch"],"picked":"Slimebound:RainOfGoop+1","floor":30},{"not_picked":["Slimebound:Recollect","Slimebound:TongueLash"],"picked":"Slimebound:LeadByExample+1","floor":31},{"not_picked":["Slimebound:GoopTackle","Slimebound:TongueLash"],"picked":"Slimebound:AcidTongue+1","floor":32},{"not_picked":["Slimebound:FirmFortitude","Slimebound:SelfFormingGoo"],"picked":"Slimebound:Recycling","floor":33},{"not_picked":["Slimebound:SplitBruiser+1","Slimebound:PressTheAttack+1"],"picked":"Slimebound:GoopSpray+1","floor":36},{"not_picked":["Slimebound:FinishingTackle","Slimebound:RollThrough+1"],"picked":"Slimebound:TongueLash+1","floor":37},{"not_picked":["Slimebound:GoopTackle+1","Slimebound:ServeAndProtect+1","Slimebound:HungryTackle+1"],"picked":"Singing Bowl","floor":38},{"not_picked":["Slimebound:DisruptingSlam","Slimebound:Dissolve+1"],"picked":"Slimebound:Schlurp","floor":39},{"not_picked":["Slimebound:PressTheAttack+1","Slimebound:Schlurp"],"picked":"Slimebound:SplitMire","floor":40},{"not_picked":["Slimebound:Repurpose","Slimebound:HauntingLick+1"],"picked":"Slimebound:Schlurp+1","floor":44},{"not_picked":["Slimebound:GrowthPunch","Slimebound:GoopTackle+1"],"picked":"Slimebound:LeechingTouch+1","floor":45},{"not_picked":["Slimebound:Grow+1","Slimebound:ItLooksTasty+1"],"picked":"Slimebound:Dissolve","floor":47},{"not_picked":["Slimebound:FinishingTackle+1","Slimebound:SelfFormingGoo","Slimebound:Repurpose"],"picked":"Singing Bowl","floor":48},{"not_picked":["Slimebound:BestDefense+1","Slimebound:LeechEnergy"],"picked":"Slimebound:RainOfGoop+1","floor":49},{"not_picked":["Slimebound:HauntingLick+1","Slimebound:SlimeTap","Slimebound:PrepareCrush"],"picked":"Singing Bowl","floor":52}],"player_experience":2284042,"relics_obtained":[{"floor":7,"key":"Singing Bowl"},{"floor":10,"key":"Sundial"},{"floor":11,"key":"Thread and Needle"},{"floor":13,"key":"Guardian:GemstoneGun"},{"floor":24,"key":"Oddly Smooth Stone"},{"floor":26,"key":"champ:DuelingGlove"},{"floor":31,"key":"Mummified Hand"},{"floor":40,"key":"Nunchaku"},{"floor":48,"key":"War Paint"},{"floor":52,"key":"Toy Ornithopter"}],"event_choices":[{"damage_healed":0,"gold_gain":0,"player_choice":"Donut","damage_taken":0,"max_hp_gain":5,"max_hp_loss":0,"event_name":"Big Fish","floor":4,"gold_loss":0},{"damage_healed":0,"gold_gain":0,"cards_transformed":["Slimebound:Tackle","Slimebound:Strike_Slimebound"],"player_choice":"Became Test Subject","damage_taken":0,"max_hp_gain":0,"max_hp_loss":0,"event_name":"Drug Dealer","floor":21,"gold_loss":0,"cards_obtained":["Slimebound:DouseInSlime","Slimebound:LeechingTouch"]},{"damage_healed":0,"gold_gain":0,"player_choice":"Ignored","damage_taken":0,"max_hp_gain":0,"max_hp_loss":0,"event_name":"Mysterious Sphere","floor":42,"gold_loss":0}],"is_beta":false,"boss_relics":[{"not_picked":["Busted Crown","Slimebound:TarBlob"],"picked":"Empty Cage"},{"not_picked":["Calling Bell","SlaversCollar"],"picked":"sneckomod:SneckoTalon"}],"items_purged_floors":[39,53],"is_endless":false,"potions_floor_spawned":[9,11,13,14,15,16,19,27,28,29,32,36,44,45,47,49,52],"ascension_level":5}}