{"host":"cdbhaz9p3iutjbyx","time":1614332408,"event":{"mods":["AchievementEnabler","BaseMod","Downfall","GifTheSpireLib","Hubris","Minty Spire (QoL Compilation)","Rare Cards Sparkle","StSLib","The Disciple","The Senshi"],"gold_per_floor":[118,118,132,142,142,174,174,501,501,515,28,46,46,62,62,161,161,175,190,190,218,238,238,270,270,270,64,74,74,87,87,87],"floor_reached":31,"language":"ENG","playtime":3544,"items_purged":[],"score":266,"play_id":"84b7eec6-9d75-4a2f-bcff-2e9972ca953f","local_time":"20210226104008","is_ascension_mode":false,"campfire_choices":[{"floor":7,"key":"REST"},{"floor":13,"key":"REST"},{"data":"Trip","floor":15,"key":"SMITH"},{"floor":23,"key":"REST"},{"floor":25,"key":"REST"},{"floor":29,"key":"REST"}],"circlet_count":0,"master_deck":["Strike_R","Strike_R","Strike_R","Strike_R","Strike_R","Defend_R+1","Defend_R","Defend_R","Defend_R","Bash","Burning Pact","Intimidate","Metallicize","Clash","Offering","Ghostly Armor","Burning Pact","Trip+1","Warcry+1","Clash","Burning Pact","Headbutt","Offering","CurseOfTheBell","Dropkick","Second Wind+1","Pommel Strike","Shrug It Off","Sadistic Nature","Flex","Uppercut","Flex"],"relics":["Burning Blood","Unceasing Top","Spirit Poop","hubris:MysteriousPyramids","Old Coin","Gremlin Horn","Champion Belt","Calling Bell","Mercury Hourglass","WingedGreaves","War Paint","hubris:Towel","Red Mask","Self Forming Clay","Red Skull"],"acts_visited":["Exordium","TheCity"],"potions_floor_usage":[16,16,24],"damage_taken":[{"damage":5,"enemies":"Small Slimes","floor":1,"turns":4},{"damage":5,"enemies":"Cultist","floor":3,"turns":4},{"damage":5,"enemies":"2 Louse","floor":4,"turns":2},{"damage":50,"enemies":"Lagavulin","floor":6,"turns":7},{"damage":41,"enemies":"3 Sentries","floor":8,"turns":12},{"damage":4,"enemies":"Red Slaver","floor":10,"turns":4},{"damage":4,"enemies":"Looter","floor":12,"turns":3},{"damage":0,"enemies":"2 Fungi Beasts","floor":14,"turns":3},{"damage":44,"enemies":"The Guardian","floor":16,"turns":14},{"damage":18,"enemies":"Chosen","floor":18,"turns":6},{"damage":12,"enemies":"3 Byrds","floor":19,"turns":4},{"damage":16,"enemies":"Masked Bandits","floor":21,"turns":5},{"damage":35,"enemies":"Snecko","floor":22,"turns":8},{"damage":44,"enemies":"Book of Stabbing","floor":24,"turns":6},{"damage":12,"enemies":"Chosen and Byrds","floor":28,"turns":4},{"damage":17,"enemies":"Centurion and Healer","floor":30,"turns":5},{"damage":40,"enemies":"hubris:Merchant","floor":31,"turns":6}],"seed_played":"6182401470893278331","potions_obtained":[{"floor":1,"key":"SteroidPotion"},{"floor":12,"key":"BlessingOfTheForge"},{"floor":14,"key":"ColorlessPotion"},{"floor":16,"key":"SneckoOil"},{"floor":18,"key":"LiquidMemories"},{"floor":22,"key":"Dexterity Potion"},{"floor":24,"key":"SpeedPotion"}],"is_trial":false,"path_per_floor":["M","?","M","M","?","E","R","E","T","M","$","M","R","M","R","B",null,"M","M","?","?","M","R","E","R","T","$","M","R","M","$"],"character_chosen":"IRONCLAD","items_purchased":["Champion Belt","Trip","Warcry","Clash","Sadistic Nature","Flex"],"campfire_rested":5,"item_purchase_floors":[11,11,11,11,27,27],"current_hp_per_floor":[80,80,80,80,80,36,60,25,25,27,27,29,53,59,59,21,80,68,62,62,52,23,47,9,33,33,33,27,51,40,0,0],"gold":87,"neow_bonus":"ONE_RARE_RELIC","is_daily":false,"chose_seed":false,"campfire_upgraded":1,"win_rate":0.0,"timestamp":1614332408,"path_taken":["M","?","?","M","?","E","R","E","T","M","$","?","R","M","R","BOSS","M","M","?","?","M","R","E","R","T","?","M","R","?","$"],"items_purchased_type":["Relic","Card","Card","Card","Card","Card"],"build_version":"2020-12-22","purchased_purges":0,"victory":false,"max_hp_per_floor":[80,80,80,80,80,80,80,80,80,80,80,80,80,80,80,80,80,80,80,80,80,80,80,80,80,80,80,80,80,80,80,80],"card_choices":[{"not_picked":["Pommel Strike","Body Slam"],"picked":"Burning Pact","floor":1},{"not_picked":["Reckless Charge","Sword Boomerang"],"picked":"Metallicize","floor":3},{"not_picked":["Body Slam","Twin Strike"],"picked":"Clash","floor":4},{"not_picked":["Flex","Armaments"],"picked":"Offering","floor":6},{"not_picked":["Disarm","Cleave"],"picked":"Ghostly Armor","floor":8},{"not_picked":["Twin Strike","Pummel"],"picked":"Burning Pact","floor":10},{"not_picked":["Fire Breathing","Flex"],"picked":"Burning Pact","floor":12},{"not_picked":["hubris:CleavingFinish","Heavy Blade"],"picked":"Headbutt","floor":14},{"not_picked":["Demon Form","Juggernaut"],"picked":"Offering","floor":16},{"not_picked":["Perfected Strike","Heavy Blade+1"],"picked":"Dropkick","floor":18},{"not_picked":["Clothesline","True Grit"],"picked":"Second Wind+1","floor":19},{"not_picked":["Cleave","Pummel"],"picked":"Pommel Strike","floor":21},{"not_picked":["Hemokinesis","Reckless Charge"],"picked":"Shrug It Off","floor":22},{"not_picked":["Carnage","Reckless Charge","Cleave"],"picked":"SKIP","floor":24},{"not_picked":["Pommel Strike","Sword Boomerang"],"picked":"Uppercut","floor":28},{"not_picked":["Twin Strike","Thunderclap"],"picked":"Flex","floor":30}],"player_experience":17781,"relics_obtained":[{"floor":6,"key":"hubris:MysteriousPyramids"},{"floor":8,"key":"Old Coin"},{"floor":9,"key":"Gremlin Horn"},{"floor":17,"key":"Mercury Hourglass"},{"floor":17,"key":"WingedGreaves"},{"floor":17,"key":"War Paint"},{"floor":21,"key":"Red Mask"},{"floor":24,"key":"Self Forming Clay"},{"floor":26,"key":"Red Skull"}],"event_choices":[{"damage_healed":0,"gold_gain":0,"player_choice":"1 cards matched","damage_taken":0,"max_hp_gain":0,"max_hp_loss":0,"event_name":"Match and Keep!","floor":2,"gold_loss":0,"cards_obtained":["Intimidate"]},{"cards_removed":["hubris:Despair"],"damage_healed":0,"gold_gain":0,"player_choice":"Offered Curse","damage_taken":0,"relics_obtained":["Spirit Poop"],"max_hp_gain":0,"max_hp_loss":0,"event_name":"Bonfire Elementals","floor":5,"gold_loss":0},{"damage_healed":0,"gold_gain":0,"player_choice":"Fought Bandits","damage_taken":0,"max_hp_gain":0,"max_hp_loss":0,"event_name":"Masked Bandits","floor":21,"gold_loss":0}],"is_beta":false,"boss_relics":[{"not_picked":["Busted Crown","Runic Dome"],"picked":"Calling Bell"}],"items_purged_floors":[],"is_endless":false,"potions_floor_spawned":[1,12,14,16,18,22,24,28],"killed_by":"hubris:Merchant","ascension_level":0}}