{"host":"gn4zoccfnie4id9c","time":1614371842,"event":{"mods":["AchievementEnabler","BaseMod","Colored Map","Minty Spire (QoL Compilation)"],"gold_per_floor":[218,238,238,238,88,118,293,306,306,332,332,144,158,192,192,293,293,306,306,15,50,50,50,50,85,97,120,47,90,102,126,138,150,150],"floor_reached":33,"language":"ENG","playtime":5484,"items_purged":["Doubt"],"score":339,"play_id":"6dc64a6b-d088-45b6-b45e-f67137078406","local_time":"20210226153722","is_ascension_mode":false,"campfire_choices":[{"floor":11,"key":"REST"},{"floor":15,"key":"REST"},{"floor":23,"key":"REST"},{"floor":30,"key":"REST"},{"data":"ForeignInfluence","floor":32,"key":"SMITH"}],"circlet_count":0,"master_deck":["Strike_P","Strike_P","Strike_P","Strike_P","Defend_P","Defend_P","Defend_P","Defend_P","Eruption+1","Vigilance","LikeWater","CrushJoints","EmptyFist","ReachHeaven","FlurryOfBlows","Collect","Consecrate","ForeignInfluence+1","Scrawl","Consecrate+1","Indignation","FollowUp","JustLucky","Judgement","CutThroughFate+1"],"relics":["HolyWater","PreservedInsect","Ginger","Lizard Tail","Bag of Preparation","Smiling Mask","Torii","Red Mask","MawBank","Darkstone Periapt","CaptainsWheel","Eternal Feather"],"acts_visited":["Exordium","TheCity"],"potions_floor_usage":[6,14,14,16,33,33,33],"damage_taken":[{"damage":0,"enemies":"Cultist","floor":1,"turns":2},{"damage":2,"enemies":"Small Slimes","floor":2,"turns":4},{"damage":15,"enemies":"3 Sentries","floor":6,"turns":8},{"damage":0,"enemies":"2 Louse","floor":8,"turns":1},{"damage":7,"enemies":"Blue Slaver","floor":13,"turns":2},{"damage":13,"enemies":"Lagavulin","floor":14,"turns":5},{"damage":0,"enemies":"Slime Boss","floor":16,"turns":3},{"damage":15,"enemies":"2 Thieves","floor":18,"turns":3},{"damage":12,"enemies":"Masked Bandits","floor":21,"turns":3},{"damage":32,"enemies":"Book of Stabbing","floor":25,"turns":4},{"damage":9,"enemies":"Shell Parasite","floor":27,"turns":6},{"damage":3,"enemies":"Gremlin Leader","floor":29,"turns":5},{"damage":9,"enemies":"Centurion and Healer","floor":31,"turns":3},{"damage":127,"enemies":"Champ","floor":33,"turns":7}],"seed_played":"-597371767453529969","potions_obtained":[{"floor":1,"key":"Energy Potion"},{"floor":6,"key":"Weak Potion"},{"floor":8,"key":"Swift Potion"},{"floor":13,"key":"Strength Potion"},{"floor":25,"key":"Ancient Potion"},{"floor":29,"key":"BottledMiracle"},{"floor":31,"key":"Strength Potion"}],"is_trial":false,"path_per_floor":["M","M","?","?","$","E","?","M","T","T","R","$","M","E","R","B",null,"M","?","$","?","?","R","$","E","T","M","?","E","R","M","R","B"],"character_chosen":"WATCHER","items_purchased":["PreservedInsect","FlurryOfBlows","Collect","Torii"],"campfire_rested":4,"item_purchase_floors":[5,12,12,20],"current_hp_per_floor":[72,70,70,70,70,55,55,55,55,55,72,72,65,52,72,72,72,57,57,57,45,45,66,66,34,34,25,25,22,55,46,61,0,0],"gold":150,"neow_bonus":"HUNDRED_GOLD","is_daily":false,"chose_seed":false,"campfire_upgraded":1,"win_rate":0.0,"timestamp":1614371842,"path_taken":["M","?","?","?","$","E","?","?","T","?","R","$","M","E","R","BOSS","M","?","$","?","?","R","$","E","T","M","?","E","R","M","R","BOSS"],"items_purchased_type":["Relic","Card","Card","Relic"],"build_version":"2020-12-22","purchased_purges":1,"victory":false,"max_hp_per_floor":[72,72,72,72,72,72,72,72,72,72,72,72,72,72,72,72,72,72,72,72,72,72,72,72,72,72,72,72,72,72,72,72,72,72],"card_choices":[{"not_picked":["FlyingSleeves","SashWhip"],"picked":"LikeWater","floor":1},{"not_picked":["WindmillStrike","CutThroughFate"],"picked":"CrushJoints","floor":2},{"not_picked":["FlurryOfBlows","Prostrate"],"picked":"EmptyFist","floor":6},{"not_picked":["ThirdEye","Wallop"],"picked":"ReachHeaven","floor":8},{"not_picked":["ThirdEye","WheelKick"],"picked":"Consecrate","floor":13},{"not_picked":["DeceiveReality","Halt"],"picked":"ForeignInfluence","floor":14},{"not_picked":["Ragnarok","Blasphemy"],"picked":"Scrawl","floor":16},{"not_picked":["JustLucky+1","CutThroughFate"],"picked":"Consecrate+1","floor":18},{"not_picked":["Worship","Pray"],"picked":"Indignation","floor":21},{"not_picked":["ReachHeaven","SashWhip"],"picked":"FollowUp","floor":25},{"not_picked":["Indignation","SashWhip"],"picked":"JustLucky","floor":27},{"not_picked":["BowlingBash","BattleHymn+1"],"picked":"Judgement","floor":29},{"not_picked":["Collect","FollowUp+1"],"picked":"CutThroughFate+1","floor":31}],"player_experience":137990,"relics_obtained":[{"floor":6,"key":"Ginger"},{"floor":9,"key":"Lizard Tail"},{"floor":10,"key":"Bag of Preparation"},{"floor":14,"key":"Smiling Mask"},{"floor":21,"key":"Red Mask"},{"floor":25,"key":"MawBank"},{"floor":26,"key":"Darkstone Periapt"},{"floor":29,"key":"Eternal Feather"}],"event_choices":[{"damage_healed":0,"gold_gain":0,"player_choice":"Leave","damage_taken":0,"max_hp_gain":0,"max_hp_loss":0,"event_name":"The Cleric","floor":3,"gold_loss":0},{"damage_healed":0,"gold_gain":0,"player_choice":"Grow","damage_taken":0,"max_hp_gain":0,"max_hp_loss":0,"event_name":"Living Wall","floor":4,"gold_loss":0,"cards_upgraded":["Eruption"]},{"damage_healed":0,"gold_gain":175,"player_choice":"AGREE","damage_taken":0,"max_hp_gain":0,"max_hp_loss":0,"event_name":"Liars Game","floor":7,"gold_loss":0,"cards_obtained":["Doubt"]},{"damage_healed":0,"gold_gain":0,"player_choice":"Ignored","damage_taken":0,"max_hp_gain":0,"max_hp_loss":0,"event_name":"Ghosts","floor":19,"gold_loss":0},{"damage_healed":0,"gold_gain":0,"player_choice":"Fought Bandits","damage_taken":0,"max_hp_gain":0,"max_hp_loss":0,"event_name":"Masked Bandits","floor":21,"gold_loss":0},{"damage_healed":0,"gold_gain":0,"player_choice":"Ignored","damage_taken":0,"max_hp_gain":0,"max_hp_loss":0,"event_name":"Vampires","floor":22,"gold_loss":0},{"damage_healed":0,"gold_gain":0,"player_choice":"Obtained Relic","damage_taken":0,"relics_obtained":["CaptainsWheel"],"max_hp_gain":0,"max_hp_loss":0,"event_name":"Addict","floor":28,"gold_loss":85}],"is_beta":false,"boss_relics":[{"not_picked":["Philosopher\u0027s Stone","Calling Bell"],"picked":"HolyWater"}],"items_purged_floors":[12],"is_endless":false,"potions_floor_spawned":[1,6,8,13,25,29,31],"killed_by":"Champ","ascension_level":0}}