{"host":"hrvs05np4ys7itky","time":1614311432,"event":{"mods":["BaseMod","Colored Map","Colored Powertips","Downfall","Emptier Cage","Hermit","Highlight Path","Minty Spire (QoL Compilation)","Permanent Neow","Rare Cards Sparkle","Relic Stats","StSLib","everything is the same but u backflip on backflip"],"gold_per_floor":[360,360,84,103,103,128,128,155,155,185,205,225,225,254,254,325,325,340,357,375,33,51,86,0,0,0,18,46,11,11,31,31,31,31],"floor_reached":33,"language":"ENG","playtime":1722,"items_purged":["Strike_R"],"score":595,"play_id":"6dc42d57-eb44-4570-87bc-f1467fd9e8d0","local_time":"20210225225032","is_ascension_mode":true,"campfire_choices":[{"floor":7.0,"key":"REST"},{"floor":13,"key":"REST"},{"data":"Cleave","floor":15,"key":"SMITH"},{"floor":25,"key":"REST"},{"data":"Corruption","floor":30,"key":"SMITH"},{"data":"Spot Weakness","floor":32,"key":"SMITH"}],"circlet_count":0,"master_deck":["AscendersBane","Strike_R+1","Defend_R","Defend_R","Defend_R+1","Defend_R","Bash","Clothesline","Cleave+1","Wild Strike","Whirlwind+1","Uppercut+1","Shrug It Off","Carnage+1","Iron Wave+1","Ghostly Armor","Corruption+1","Battle Trance","Feel No Pain","Spot Weakness+1","Pummel+1","True Grit","Seeing Red","Sentinel","Sentinel"],"relics":["Burning Blood","MealTicket","Molten Egg 2","Anchor","Kunai","Nunchaku","Pantograph","Empty Cage","Vajra","Mercury Hourglass","Frozen Egg 2","Bag of Marbles"],"acts_visited":["Exordium","TheCity"],"potions_floor_usage":[8,14,16,18,23,28,28,28,28,31,33],"damage_taken":[{"damage":4.0,"enemies":"2 Louse","floor":1.0,"turns":4.0},{"damage":1.0,"enemies":"Jaw Worm","floor":4.0,"turns":3.0},{"damage":34.0,"enemies":"Lagavulin","floor":6.0,"turns":8.0},{"damage":27,"enemies":"3 Sentries","floor":8,"turns":7},{"damage":27,"enemies":"Lagavulin","floor":10,"turns":7},{"damage":0,"enemies":"Small Slimes","floor":11,"turns":3},{"damage":0,"enemies":"Looter","floor":12,"turns":2},{"damage":4,"enemies":"Gremlin Nob","floor":14,"turns":3},{"damage":14,"enemies":"Slime Boss","floor":16,"turns":11},{"damage":0,"enemies":"3 Byrds","floor":18,"turns":5},{"damage":0,"enemies":"Chosen","floor":19,"turns":4},{"damage":26,"enemies":"Snake Plant","floor":20,"turns":4},{"damage":39,"enemies":"3 Cultists","floor":22,"turns":6},{"damage":20,"enemies":"Gremlin Leader","floor":23,"turns":5},{"damage":9,"enemies":"Sentry and Sphere","floor":27,"turns":5},{"damage":0,"enemies":"Book of Stabbing","floor":28,"turns":3},{"damage":6,"enemies":"Snecko","floor":31,"turns":4},{"damage":83,"enemies":"Champ","floor":33,"turns":13}],"seed_played":"4001409604892059687","potions_obtained":[{"floor":6.0,"key":"Swift Potion"},{"floor":10,"key":"DistilledChaos"},{"floor":12,"key":"Block Potion"},{"floor":16,"key":"Weak Potion"},{"floor":22,"key":"Dexterity Potion"},{"floor":23,"key":"EntropicBrew"},{"floor":27,"key":"hexamod:SoulburnPotion"},{"floor":28,"key":"SneckoOil"},{"floor":31,"key":"BloodPotion"}],"is_trial":false,"path_per_floor":["M","?","$","M","?","E","R","E","T","E","M","M","R","E","R","B",null,"M","M","M","$","M","E","?","R","T","M","E","$","R","M","R","B"],"character_chosen":"IRONCLAD","items_purchased":["MealTicket","Cleave","Feel No Pain","Vajra","Spot Weakness","Pummel+1","Sentinel"],"campfire_rested":3,"item_purchase_floors":[3,3,21,21,21,21,29],"current_hp_per_floor":[68,48,48,53,58,30,51,30,30,9,15,21,42,44,44,61,70,73,73,53,68,35,21,21,42,42,39,45,60,60,60,60,4,4],"gold":31,"neow_bonus":"TWO_FIFTY_GOLD","is_daily":false,"chose_seed":false,"campfire_upgraded":3,"win_rate":0.0,"timestamp":1614311432,"path_taken":["M","?","$","M","?","E","R","E","T","E","M","M","R","E","R","BOSS","M","M","M","$","M","E","?","R","T","M","E","$","R","M","R","BOSS"],"items_purchased_type":["Relic","Card","Card","Relic","Card","Card","Card"],"build_version":"2020-12-22","purchased_purges":1,"victory":false,"max_hp_per_floor":[68,68,68,68,73,73,73,73,73,73,73,73,73,73,73,73,73,73,73,73,73,73,73,73,73,73,73,73,73,73,73,73,73,73],"relic_stats":{"Nunchaku":[10],"counters":[18,97],"Pantograph":38,"MealTicket":30,"Kunai":[4],"obtain_stats":[{"Anchor":8,"Nunchaku":10,"Pantograph":14,"Vajra":21,"MealTicket":3,"Molten Egg 2":6,"Bag of Marbles":28,"Kunai":9,"Frozen Egg 2":26,"Empty Cage":17,"Burning Blood":0,"Mercury Hourglass":23},{"Anchor":4,"Nunchaku":5,"Pantograph":8,"Vajra":12,"MealTicket":1,"Molten Egg 2":3,"Bag of Marbles":16,"Kunai":4,"Frozen Egg 2":14,"Empty Cage":9,"Burning Blood":0,"Mercury Hourglass":14},{"Anchor":22,"Nunchaku":29,"Pantograph":37,"Vajra":61,"MealTicket":4,"Molten Egg 2":15,"Bag of Marbles":80,"Kunai":22,"Frozen Egg 2":72,"Empty Cage":48,"Burning Blood":0,"Mercury Hourglass":72}],"Burning Blood":91,"Mercury Hourglass":[36]},"card_choices":[{"not_picked":["Anger","Armaments"],"picked":"Clothesline","floor":1.0},{"not_picked":["Clothesline","Twin Strike"],"picked":"Wild Strike","floor":4.0},{"not_picked":["Warcry","Thunderclap+1"],"picked":"Whirlwind+1","floor":6.0},{"not_picked":["Entrench","Clash+1"],"picked":"Uppercut+1","floor":8},{"not_picked":["Carnage+1","Rampage+1"],"picked":"Shrug It Off","floor":10},{"not_picked":["Clash+1","Rupture"],"picked":"Carnage+1","floor":11},{"not_picked":["Twin Strike+1","Double Tap"],"picked":"Iron Wave+1","floor":12},{"not_picked":["Double Tap","Headbutt+1"],"picked":"Ghostly Armor","floor":14},{"not_picked":["Immolate+1","Berserk"],"picked":"Corruption","floor":16},{"not_picked":["Perfected Strike+1","Wild Strike+1","Sword Boomerang+1"],"picked":"SKIP","floor":18},{"not_picked":["Havoc+1","Blood for Blood+1","Twin Strike+1"],"picked":"SKIP","floor":19},{"not_picked":["Carnage+1","Flex"],"picked":"Battle Trance","floor":20},{"not_picked":["Clothesline+1","Havoc"],"picked":"True Grit","floor":22},{"not_picked":["Warcry","Anger+1"],"picked":"Seeing Red","floor":23},{"not_picked":["Wild Strike+1","Body Slam+1"],"picked":"Sentinel","floor":27},{"not_picked":["Rampage+1","Heavy Blade+1","Bludgeon+1"],"picked":"SKIP","floor":28},{"not_picked":["Rupture+1","Headbutt+1","Perfected Strike+1"],"picked":"SKIP","floor":31}],"player_experience":1135462,"relics_obtained":[{"floor":6.0,"key":"Molten Egg 2"},{"floor":8,"key":"Anchor"},{"floor":9,"key":"Kunai"},{"floor":10,"key":"Nunchaku"},{"floor":14,"key":"Pantograph"},{"floor":23,"key":"Mercury Hourglass"},{"floor":26,"key":"Frozen Egg 2"},{"floor":28,"key":"Bag of Marbles"}],"event_choices":[{"damage_healed":0.0,"max_hp_gain":0.0,"max_hp_loss":0.0,"gold_gain":0.0,"event_name":"Shining Light","player_choice":"Entered Light","floor":2.0,"gold_loss":0.0,"damage_taken":20.0,"cards_upgraded":["Defend_R","Strike_R"]},{"damage_healed":0.0,"max_hp_gain":5.0,"max_hp_loss":0.0,"gold_gain":0.0,"event_name":"Big Fish","player_choice":"Donut","floor":5.0,"gold_loss":0.0,"damage_taken":0.0},{"damage_healed":0,"gold_gain":0,"player_choice":"Paid Fearfully","damage_taken":0,"max_hp_gain":0,"max_hp_loss":0,"event_name":"Masked Bandits","floor":24,"gold_loss":86}],"is_beta":false,"boss_relics":[{"not_picked":["SlaversCollar","SacredBark"],"picked":"Empty Cage"}],"items_purged_floors":[3],"is_endless":false,"potions_floor_spawned":[6,10,12,16,22,23,27,28,31],"killed_by":"Champ","ascension_level":15}}