{"host":"v4nyfngrgywi7zc6","time":1614370443,"event":{"mods":["2.2 Compatiblity","Act Like it!","BaseMod","Custom Start","Friendly Minions","Library of Ruina","Minty Spire (QoL Compilation)","Reliquary","Ruina","Shop Mod","StSLib"],"gold_per_floor":[20,32,32,52,52,52,70,96,96,46,80,80,107,119,119,217,217,233,54,54,65,151,183,183,183,258,277,309,309,325,338,338,437,437,453,503,503,503,517,549,560,578,578,588,513,527,527,554,554,554,554,554,454,487,487],"floor_reached":56,"language":"ENG","playtime":3362,"items_purged":["LightDefense","LightAttack"],"score":1392,"play_id":"1f861d18-a8a6-49ac-b146-e7285f5d26a4","local_time":"20210226141403","is_ascension_mode":false,"campfire_choices":[{"floor":15.0,"key":"RECALL"},{"data":"HiddenBlade","floor":25,"key":"SMITH"},{"data":"SmokingPipe","floor":29,"key":"SMITH"},{"data":"ruina:LoveAndHate","floor":32,"key":"SMITH"},{"data":"DeepDrag","floor":47,"key":"SMITH"},{"data":"CleanUp","floor":49,"key":"SMITH"},{"data":"ChargeAndCover","floor":52,"key":"SMITH"}],"circlet_count":0,"master_deck":["LightAttack","ChargeAndCover+1","GuidanceOfTheGears+1","DeepDrag+1","SmokingPipe+1","Marionette+1","HiddenBlade+1","FrontalAssault+1","ruina:LoveAndHate+1","CleanUp+1","CurseOfTheBell","QuickAttack+1","DeepDrag+1"],"relics":["PageOfLibrarian","PageOfLaetitia","PageOfBigBadWolf","PageOfMercenary","PageOfTheKnightOfDespair","reliquary:WritOfMandamus","PageOfTheQueenOfHatred","PageOfGreed","PageOfWrath","PageOfNihil","Calling Bell","reliquary:WeakTea","CaptainsWheel","PageOfWizard","Lizard Tail","PageOfLumberjack","War Paint","reliquary:SharkskinSheath"],"acts_visited":["Exordium","Exordium","TheBeyond","TheEnding"],"potions_floor_usage":[30,36,50],"damage_taken":[{"damage":0.0,"enemies":"Small Slimes","floor":1.0,"turns":5.0},{"damage":0.0,"enemies":"2 Louse","floor":2.0,"turns":2.0},{"damage":0.0,"enemies":"Cultist","floor":4.0,"turns":4.0},{"damage":0.0,"enemies":"Looter","floor":7.0,"turns":2.0},{"damage":0.0,"enemies":"3 Sentries","floor":8.0,"turns":7.0},{"damage":11.0,"enemies":"Gremlin Nob","floor":11.0,"turns":3.0},{"damage":0.0,"enemies":"Lagavulin","floor":13.0,"turns":4.0},{"damage":0.0,"enemies":"3 Louse","floor":14.0,"turns":3.0},{"damage":0.0,"enemies":"Slime Boss","floor":16.0,"turns":5.0},{"damage":5,"enemies":"ruina:BadWolf","floor":18,"turns":3},{"damage":0,"enemies":"ruina:3_Bats","floor":21,"turns":1},{"damage":6,"enemies":"ruina:Mountain","floor":23,"turns":5},{"damage":0,"enemies":"ruina:3_Scarecrows","floor":27,"turns":3},{"damage":2,"enemies":"ruina:RoadHome","floor":28,"turns":2},{"damage":53,"enemies":"ruina:QueenOfHate","floor":30,"turns":8},{"damage":0,"enemies":"ruina:KnightOfDespair","floor":31,"turns":3},{"damage":7,"enemies":"ruina:JesterOfNihil","floor":33,"turns":6},{"damage":0,"enemies":"3 Shapes","floor":35,"turns":2},{"damage":42,"enemies":"Mind Bloom Boss Battle","floor":36,"turns":3},{"damage":1,"enemies":"Orb Walker","floor":39,"turns":2},{"damage":10,"enemies":"Nemesis","floor":40,"turns":5},{"damage":0,"enemies":"Transient","floor":41,"turns":5},{"damage":4,"enemies":"4 Shapes","floor":42,"turns":2},{"damage":7,"enemies":"Spire Growth","floor":44,"turns":2},{"damage":2,"enemies":"Jaw Worm Horde","floor":46,"turns":2},{"damage":7,"enemies":"Giant Head","floor":48,"turns":4},{"damage":25,"enemies":"Awakened One","floor":50,"turns":6},{"damage":12,"enemies":"Shield and Spear","floor":54,"turns":4},{"damage":33,"enemies":"The Heart","floor":55,"turns":5}],"seed_played":"6581373942554117122","potions_obtained":[{"floor":2.0,"key":"DistilledChaos"},{"floor":11.0,"key":"FearPotion"},{"floor":16.0,"key":"FearPotion"},{"floor":21,"key":"BlessingOfTheForge"},{"floor":28,"key":"Explosive Potion"},{"floor":33,"key":"AttackPotion"},{"floor":42,"key":"SneckoOil"}],"is_trial":false,"path_per_floor":["M","M","$","M","?","?","M","E","T","?","E","?","E","M","R","B",null,"M","$","?","M","?","E","?","R","T","M","E","R","M","M","R","B",null,"M","?","?","?","M","E","M","M","T","M","$","M","R","E","R","B",null,"R","$","E","B",null],"character_chosen":"Librarian","items_purchased":["ruina:LoveAndHate"],"campfire_rested":0,"item_purchase_floors":[19],"current_hp_per_floor":[60,61,61,61,54,54,55,60,60,60,53,53,57,69,69,81,91,90,90,98,99,99,99,99,99,99,99,99,99,67,86,86,97,99,99,62,62,62,67,66,77,83,83,83,83,94,94,96,96,88,99,99,99,99,73],"gold":487,"neow_bonus":"REMOVE_TWO","is_daily":false,"chose_seed":false,"campfire_upgraded":6,"win_rate":0.0,"timestamp":1614370443,"path_taken":["M","M","$","M","?","?","M","E","T","?","E","?","E","M","R","BOSS","M","?","?","M","?","E","?","R","T","M","E","R","M","M","R","BOSS","M","?","?","?","?","E","M","M","T","M","$","M","R","E","R","BOSS","R","$","E","BOSS"],"items_purchased_type":["Card"],"build_version":"2020-12-22","purchased_purges":2,"victory":true,"max_hp_per_floor":[74,74,74,74,74,74,91,91,91,91,91,91,91,91,91,91,91,91,91,99,99,99,99,99,99,99,99,99,99,99,99,99,99,99,99,99,99,99,99,99,99,99,99,99,99,252,99,99,99,99,99,99,99,99,99],"card_choices":[{"not_picked":["FlowOfTheSword","PreemptiveStrike","HandlingWork","Reload","UpbeatPerformance","GutHarvesting","IllEndYou","WrathOfTorment"],"picked":"GuidanceOfTheGears","floor":1.0},{"not_picked":["MultiBlock","QuickAttack","ToWhereThePrescriptPoints","Overcharge","Outburst","HiddenBlade","SmokingPipe","PreparedMind"],"picked":"DeepDrag","floor":2.0},{"not_picked":["Standoff","Rampage_lor","EnergyStrike","SetFire","GrazeTheGrass","AGoldenOpportunity","SpearedSweep","Unlock1","SearingSword"],"picked":"SKIP","floor":4.0},{"not_picked":["Diversion","GreatSerpentsImpact","ChargeUp","ViolentFlame","Multislash","VenomousFangs","HandleRequest","Endure","IllEndYou"],"picked":"SKIP","floor":7.0},{"not_picked":["MindWhip","ProselytesBlade","MindCrush","BindingArms","MultiBlock","EnergyStrike","ExtremeEdge","WillOfThePrescript"],"picked":"SmokingPipe","floor":8.0},{"not_picked":["BindingChains","MultiHit","SnakeSlit","ExtractFuel","EnergyStrike","Eject","WaitUp","Endure","Struggle"],"picked":"SKIP","floor":11.0},{"not_picked":["Leap_lor","CutIn","FleetEdge","EnergyCycle","MirageStorm","FleetFootsteps","DarkCloud","BulkyImpact"],"picked":"Marionette","floor":13.0},{"not_picked":["EnergyShield","SerpentSwordTechnique","Bvapour","GuardingStance","SetFire","Thrust","EnergyCycle","PreemptiveStrike"],"picked":"HiddenBlade","floor":14.0},{"not_picked":["SpearedSweep+1","SnakesPrey","GreatSerpentsImpact","NightInTheBackstreets","MultiBlock","GuidanceOfTheGears","InnerArdor","SenseQuarry"],"picked":"FrontalAssault+1","floor":18},{"not_picked":["Unlock1","SuppressingShot+1","LawAndOrder","GaleKick","MindWhip","MindCrush","PreemptiveStrike","ViolentFlame+1","NightInTheBackstreets"],"picked":"SKIP","floor":21},{"not_picked":["SharpSwipe+1","SkyClearingCut","CookingPrep","JiaoTu","FeelinGood","Pound","NightInTheBackstreets","DriedUp","SunsetBlade"],"picked":"SKIP","floor":23},{"not_picked":["EnergyStrike","BoundaryOfDeath","Rampage_lor","Unlock1","MultiHit","HighKick","TendonChords","HeavyPeaks+1","UpbeatPerformance"],"picked":"SKIP","floor":27},{"not_picked":["CoordinatedAssault","WillProduceFineSilk","Thrust+1","EnergyStrike","IdentifyWeakpoint","WrathOfTorment+1","EmotionalTurbulence","SnakesPrey","Unlock1"],"picked":"SKIP","floor":28},{"not_picked":["ViolentFlame","GreatSerpentsImpact","Faith","StrongStrike","FleshFillet","WillOfThePrescript","PreemptiveStrike","DevastatingThrash","NightInTheBackstreets"],"picked":"SKIP","floor":30},{"not_picked":["Thrust","NightInTheBackstreets","BackAttack","SinglePointStab+1","MultiHit","StrikeDown","Outburst","Thirst+1","DesperateStruggle"],"picked":"SKIP","floor":31},{"not_picked":["BoundaryOfDeath","GutHarvesting"],"picked":"CleanUp","floor":33},{"not_picked":["SmokingPipe","SpearedSweep","PinpointShot+1","YouOnlyLiveOnce+1","SteelKnuckles+1","Endure","SuppressingShot","Suppress","ClassAndRespect"],"picked":"SKIP","floor":35},{"not_picked":["GrazeTheGrass","Mutilate","DesperateStruggle","Faith","SkitterAway","Preparation+1","RhinoRam+1","Collision","FierceCharge"],"picked":"SKIP","floor":39},{"not_picked":["WillBeTasty+1","Duel_lor","EnergyStrike","Reload+1","ShockRound+1","QuickAttack","UnforgettableMelody","GuidanceOfTheGears","BurningFlash+1"],"picked":"SKIP","floor":40},{"not_picked":["ChiWen","DesperateStruggle+1","Diversion+1","FendThisOffIfYouCan+1","PreparedMind","AGoldenOpportunity","BackstreetsDash","FocusFire"],"picked":"QuickAttack+1","floor":41},{"not_picked":["Standoff+1","Thrust+1","SkitterAway","Collision","BiXi","GrazeTheGrass","FierceOnslaught+1","InkOver","StrongStrike+1"],"picked":"SKIP","floor":42},{"not_picked":["AsThePrescriptOrders+1","HeavyPeaks+1","IngredientHunt+1","StayCalm","WaitUp","AbsorbImpact+1","SerpentSwordTechnique+1","Rewind+1"],"picked":"DeepDrag","floor":44},{"not_picked":["SweepTheBackstreets","GrazeTheGrass+1","PreemptiveStrike","GuardingStance+1","DarkCloud","StartinOutLightly","HeavyPeaks","Wallop_lor","Reload"],"picked":"SKIP","floor":46},{"not_picked":["HighSpeedStabbing+1","TendonChords","RushDown+1","Execute_lor","StrongStrike","SomberProcuration","SunsetBlade+1","WrathOfTorment+1","AutomatedMovement"],"picked":"SKIP","floor":48},{"not_picked":["Observe","GuardingStance","SkitterAway+1","EnergyStrike","FierceCharge+1","Marionette+1","GreatSerpentsImpact","CrackOfDawn","Zzzzzap+1"],"picked":"SKIP","floor":54}],"player_experience":224940,"relics_obtained":[{"floor":8.0,"key":"PageOfLaetitia"},{"floor":9.0,"key":"PageOfBigBadWolf"},{"floor":11.0,"key":"PageOfMercenary"},{"floor":13.0,"key":"PageOfTheKnightOfDespair"},{"floor":23,"key":"PageOfTheQueenOfHatred"},{"floor":26,"key":"PageOfGreed"},{"floor":28,"key":"PageOfWrath"},{"floor":30,"key":"PageOfNihil"},{"floor":34,"key":"reliquary:WeakTea"},{"floor":34,"key":"CaptainsWheel"},{"floor":34,"key":"PageOfWizard"},{"floor":36,"key":"Lizard Tail"},{"floor":40,"key":"PageOfLumberjack"},{"floor":48,"key":"War Paint"},{"floor":54,"key":"reliquary:SharkskinSheath"}],"event_choices":[{"cards_removed":["LightDefense"],"damage_healed":0.0,"max_hp_gain":0.0,"max_hp_loss":0.0,"gold_gain":0.0,"event_name":"Golden Wing","player_choice":"Card Removal","floor":5.0,"gold_loss":0.0,"damage_taken":7.0},{"cards_removed":["LightAttack"],"damage_healed":0.0,"max_hp_gain":0.0,"max_hp_loss":0.0,"gold_gain":0.0,"event_name":"Living Wall","player_choice":"Forget","floor":6.0,"gold_loss":0.0,"damage_taken":0.0},{"cards_removed":["LightDefense"],"damage_healed":0.0,"max_hp_gain":0.0,"max_hp_loss":0.0,"gold_gain":0.0,"event_name":"The Cleric","player_choice":"Card Removal","floor":10.0,"gold_loss":50.0,"damage_taken":0.0},{"damage_healed":0.0,"max_hp_gain":0.0,"max_hp_loss":0.0,"gold_gain":0.0,"event_name":"Accursed Blacksmith","player_choice":"Forge","floor":12.0,"gold_loss":0.0,"damage_taken":0.0,"cards_upgraded":["DeepDrag"]},{"damage_healed":0,"gold_gain":0,"player_choice":"Fight","damage_taken":0,"max_hp_gain":0,"max_hp_loss":0,"event_name":"MindBloom","floor":36,"gold_loss":0},{"damage_healed":0,"gold_gain":0,"player_choice":"Memory 1","damage_taken":0,"max_hp_gain":0,"max_hp_loss":0,"event_name":"SensoryStone","floor":37,"gold_loss":0},{"cards_removed":["LightDefense"],"damage_healed":0,"gold_gain":0,"player_choice":"Removed Skill","damage_taken":0,"max_hp_gain":0,"max_hp_loss":0,"event_name":"Falling","floor":38,"gold_loss":0}],"is_beta":false,"boss_relics":[{"not_picked":["Astrolabe","SacredBark"],"picked":"reliquary:WritOfMandamus"},{"not_picked":["SlaversCollar","Philosopher\u0027s Stone"],"picked":"Calling Bell"}],"items_purged_floors":[45,53],"is_endless":false,"potions_floor_spawned":[2,11,16,21,28,33,35,42,46],"ascension_level":0}}