{"host":"ormi09wwzv7sq47a","time":1614372492,"event":{"mods":["2.2 Compatiblity","AchievementEnabler","Act Like it!","BaseMod","Bestiary","Better Altar","Better Note","Better Sensory Stone","Better Silent Start","Better Skull","Better Third Choice","Better Vampires","BetterRewards","Block Reminder","Card Forge","Colored Map","Colored Powertips","Curses Come First","Downfall","Highlight Path","Minty Spire (QoL Compilation)","Permanent Neow","Quick Restart","Rare Cards Sparkle","Relic Stats","Shop Mod","StSLib","The Jungle"],"gold_per_floor":[113,131,6,23,23,23,34,34,57,57,76,76,76,76,76,167,167,143,143,167,191,212,212,256,256,280,280,293,293,326,241,241,241,241],"floor_reached":33,"language":"ENG","playtime":1769,"items_purged":["Strike_P","Defend_P","Defend_P"],"score":495,"play_id":"167ff615-3712-498d-b733-896bbe246e5e","local_time":"20210226174812","is_ascension_mode":true,"campfire_choices":[{"data":"Apotheosis","floor":6.0,"key":"SMITH"},{"data":"SignatureMove","floor":8.0,"key":"SMITH"},{"data":"LikeWater","floor":10.0,"key":"SMITH"},{"data":"PathToVictory","floor":13.0,"key":"SMITH"},{"data":"Protect","floor":15.0,"key":"SMITH"},{"data":"ThirdEye","floor":23.0,"key":"SMITH"},{"data":"ThirdEye","floor":25.0,"key":"SMITH"},{"data":"ThirdEye","floor":27.0,"key":"SMITH"},{"data":"LikeWater","floor":29.0,"key":"SMITH"},{"floor":32.0,"key":"REST"}],"circlet_count":0,"master_deck":["AscendersBane","Strike_P+1","Strike_P+1","Strike_P","Defend_P","Defend_P","Vigilance+1","PathToVictory+1","LikeWater+1","Apotheosis+1","Evaluate+1","ThirdEye+1","ThirdEye+1","SignatureMove+1","Protect+1","Injury","SpiritShield+1","Evaluate+1","ThirdEye+1","LikeWater+1","Prostrate"],"relics":["PureWater","Hammer of Thor","Seething Fire","Anvil of the Gods","TungstenRod","War Paint","Golden Idol","Velvet Choker","Damaru","Whetstone","Pen Nib","Smiling Mask"],"acts_visited":["Exordium","TheCity"],"potions_floor_usage":[],"damage_taken":[{"damage":0.0,"enemies":"Small Slimes","floor":1.0,"turns":3.0},{"damage":0.0,"enemies":"Cultist","floor":2.0,"turns":4.0},{"damage":2.0,"enemies":"Jaw Worm","floor":4.0,"turns":3.0},{"damage":0.0,"enemies":"2 Fungi Beasts","floor":7.0,"turns":4.0},{"damage":0.0,"enemies":"Exordium Wildlife","floor":11.0,"turns":4.0},{"damage":18.0,"enemies":"Slime Boss","floor":16.0,"turns":8.0},{"damage":2.0,"enemies":"2 Thieves","floor":18.0,"turns":5.0},{"damage":7.0,"enemies":"Chosen","floor":20.0,"turns":6.0},{"damage":6.0,"enemies":"Snake Plant","floor":21.0,"turns":5.0},{"damage":3.0,"enemies":"Centurion and Healer","floor":22.0,"turns":6.0},{"damage":9.0,"enemies":"Gremlin Leader","floor":24.0,"turns":9.0},{"damage":0.0,"enemies":"Snecko","floor":28.0,"turns":5.0},{"damage":16.0,"enemies":"Slavers","floor":30.0,"turns":9.0},{"damage":43,"enemies":"Champ","floor":33,"turns":10}],"seed_played":"8905522309982332397","potions_obtained":[{"floor":7.0,"key":"EntropicBrew"},{"floor":18.0,"key":"SmokeBomb"},{"floor":22.0,"key":"sneckomod:MuddlingPotion"},{"floor":28.0,"key":"LiquidBronze"}],"is_trial":false,"path_per_floor":["M","M","$","M","?","R","M","R","T","R","M","?","R","?","R","B",null,"M","?","M","M","M","R","E","R","T","R","M","R","E","?","R","B"],"character_chosen":"WATCHER","items_purchased":["PathToVictory","LikeWater","Apotheosis"],"campfire_rested":1,"item_purchase_floors":[0,0,0],"current_hp_per_floor":[30,30,30,28,28,28,28,28,28,28,28,28,28,28,28,10,54,52,52,45,39,36,36,27,27,27,27,27,27,11,11,31,0,0],"gold":241,"neow_bonus":"","is_daily":false,"chose_seed":false,"campfire_upgraded":9,"win_rate":0.0,"timestamp":1614372492,"path_taken":["M","M","$","M","?","R","?","R","T","R","M","?","R","?","R","BOSS","M","?","?","M","M","R","E","R","T","R","M","R","E","?","R","BOSS"],"items_purchased_type":["Card","Card","Card"],"build_version":"2020-12-22","purchased_purges":3,"victory":false,"max_hp_per_floor":[68,68,68,68,68,68,68,68,68,68,68,68,68,68,68,68,68,68,68,68,68,68,68,68,68,68,68,68,68,68,68,68,68,68],"relic_stats":{"counters":[87,421],"Golden Idol":55,"Pen Nib":[1],"Whetstone":["Strike_P","Strike_P"],"War Paint":["Evaluate","Vigilance"],"Smiling Mask":0,"obtain_stats":[{"Ice Cream":36,"Hammer of Thor":0,"Whetstone":43,"Sozu":17,"Centennial Puzzle":0,"HornCleat":21,"DollysMirror":29,"MealTicket":12,"Kunai":31,"Girya":0,"Happy Flower":41,"Blue Candle":19,"Astrolabe":17,"Oddly Smooth Stone":24,"Velvet Choker":17,"Pen Nib":30,"Letter Opener":46,"War Paint":0,"Question Card":14,"Akabeko":0,"Du-Vu Doll":0,"Shuriken":11,"Anvil of the Gods":0,"Meat on the Bone":11,"Darkstone Periapt":23,"Regal Pillow":45,"Lantern":54,"Singing Bowl":30,"Melange":8,"Yang":6,"Mango":0,"CloakClasp":0,"Bag of Preparation":29,"expansioncontent:StudyCardRelic":34,"Juzu Bracelet":0,"Ancient Tea Set":44,"Smiling Mask":31,"Nunchaku":14,"Mummified Hand":9,"bronze:DonusWashers":0,"Golden Idol":12,"Damaru":24,"Thread and Needle":0,"champ:DeflectingBracers":0,"PreservedInsect":29,"theJungle:SpiritDisease":30,"Seething Fire":0,"Orichalcum":26,"MawBank":6,"Mercury Hourglass":13,"CaptainsWheel":29,"Anchor":7,"HolyWater":34,"Bottled Lightning":54,"PureWater":0,"TungstenRod":38,"Toy Ornithopter":24},{"Ice Cream":52,"Hammer of Thor":0,"Whetstone":54,"Sozu":16,"Centennial Puzzle":32,"HornCleat":17,"DollysMirror":47,"MealTicket":65,"Kunai":49,"Girya":59,"Happy Flower":54,"Blue Candle":17,"Astrolabe":41,"Oddly Smooth Stone":18,"Velvet Choker":79,"Pen Nib":86,"Letter Opener":55,"War Paint":32,"Question Card":15,"Akabeko":32,"Du-Vu Doll":32,"Shuriken":4,"Anvil of the Gods":0,"Meat on the Bone":13,"Darkstone Periapt":46,"Regal Pillow":28,"Lantern":58,"Singing Bowl":72,"Melange":12,"Yang":11,"Mango":59,"CloakClasp":7,"Bag of Preparation":47,"expansioncontent:StudyCardRelic":50,"Juzu Bracelet":59,"Ancient Tea Set":27,"Smiling Mask":86,"Nunchaku":40,"Mummified Hand":12,"bronze:DonusWashers":32,"Golden Idol":78,"Damaru":84,"Thread and Needle":32,"champ:DeflectingBracers":7,"PreservedInsect":47,"theJungle:SpiritDisease":20,"Seething Fire":0,"Orichalcum":46,"MawBank":63,"Mercury Hourglass":40,"CaptainsWheel":20,"Anchor":37,"HolyWater":22,"Bottled Lightning":31,"PureWater":0,"TungstenRod":25,"Toy Ornithopter":70},{"Ice Cream":254,"Hammer of Thor":0,"Whetstone":260,"Sozu":71,"Centennial Puzzle":171,"HornCleat":75,"DollysMirror":225,"MealTicket":306,"Kunai":231,"Girya":288,"Happy Flower":260,"Blue Candle":75,"Astrolabe":207,"Oddly Smooth Stone":81,"Velvet Choker":366,"Pen Nib":411,"Letter Opener":263,"War Paint":171,"Question Card":63,"Akabeko":171,"Du-Vu Doll":171,"Shuriken":14,"Anvil of the Gods":0,"Meat on the Bone":54,"Darkstone Periapt":223,"Regal Pillow":141,"Lantern":282,"Singing Bowl":337,"Melange":49,"Yang":44,"Mango":288,"CloakClasp":30,"Bag of Preparation":225,"expansioncontent:StudyCardRelic":244,"Juzu Bracelet":288,"Ancient Tea Set":134,"Smiling Mask":411,"Nunchaku":197,"Mummified Hand":49,"bronze:DonusWashers":171,"Golden Idol":358,"Damaru":397,"Thread and Needle":171,"champ:DeflectingBracers":30,"PreservedInsect":225,"theJungle:SpiritDisease":93,"Seething Fire":0,"Orichalcum":223,"MawBank":302,"Mercury Hourglass":197,"CaptainsWheel":93,"Anchor":184,"HolyWater":107,"Bottled Lightning":159,"PureWater":0,"TungstenRod":123,"Toy Ornithopter":330}],"TungstenRod":16},"card_choices":[{"not_picked":["BowlingBash","CarveReality"],"picked":"Evaluate","floor":1.0},{"not_picked":["Evaluate","ClearTheMind"],"picked":"ThirdEye","floor":2.0},{"not_picked":["Consecrate","ForeignInfluence"],"picked":"ThirdEye","floor":4.0},{"not_picked":["Protect","SashWhip"],"picked":"SignatureMove","floor":7.0},{"not_picked":["Blasphemy","Worship"],"picked":"Protect","floor":11.0},{"not_picked":["Blasphemy","Ragnarok"],"picked":"SpiritShield","floor":16.0},{"not_picked":["Consecrate","DeceiveReality","WreathOfFlame"],"picked":"SKIP","floor":18.0},{"not_picked":["EmptyFist","WreathOfFlame","CutThroughFate"],"picked":"SKIP","floor":20.0},{"not_picked":["WreathOfFlame","CutThroughFate"],"picked":"Evaluate+1","floor":21.0},{"not_picked":["SashWhip","Halt","ClearTheMind"],"picked":"SKIP","floor":22.0},{"not_picked":["Crescendo","Protect"],"picked":"ThirdEye","floor":24.0},{"not_picked":["Scrawl","Crescendo"],"picked":"LikeWater","floor":28.0},{"not_picked":["ClearTheMind","FlyingSleeves"],"picked":"Prostrate","floor":30.0}],"player_experience":1186158,"relics_obtained":[{"floor":9.0,"key":"War Paint"},{"floor":24.0,"key":"Damaru"},{"floor":26.0,"key":"Whetstone"},{"floor":30.0,"key":"Pen Nib"}],"event_choices":[{"cards_removed":["Eruption"],"damage_healed":0.0,"max_hp_gain":0.0,"max_hp_loss":0.0,"gold_gain":0.0,"event_name":"Bonfire Elementals","player_choice":"Offered Basic","floor":5.0,"gold_loss":0.0,"damage_taken":0.0},{"damage_healed":0.0,"max_hp_gain":0.0,"max_hp_loss":0.0,"gold_gain":0.0,"event_name":"Golden Idol","player_choice":"Take Wound","floor":12.0,"gold_loss":0.0,"damage_taken":0.0,"relics_obtained":["Golden Idol"],"cards_obtained":["Injury"]},{"damage_healed":28.0,"max_hp_gain":0.0,"max_hp_loss":68.0,"gold_gain":0.0,"event_name":"betterThird:BetterShining","player_choice":"Leave","floor":14.0,"gold_loss":0.0,"damage_taken":0.0},{"damage_healed":0.0,"max_hp_gain":0.0,"max_hp_loss":0.0,"gold_gain":0.0,"event_name":"Accursed Blacksmith","player_choice":"Forge","floor":19.0,"gold_loss":0.0,"damage_taken":0.0,"cards_upgraded":["SpiritShield"]},{"damage_healed":0.0,"max_hp_gain":0.0,"max_hp_loss":0.0,"gold_gain":0.0,"event_name":"Addict","player_choice":"Obtained Relic","floor":31.0,"gold_loss":85.0,"damage_taken":0.0,"relics_obtained":["Smiling Mask"]}],"is_beta":false,"boss_relics":[{"not_picked":["Fusion Hammer","Pandora\u0027s Box"],"picked":"Velvet Choker"}],"items_purged_floors":[0,0,3],"is_endless":false,"potions_floor_spawned":[7,18,22,28],"killed_by":"Champ","ascension_level":16}}