{"host":"ut3q8wc68upnfjmc","time":1614301604,"event":{"mods":["BaseMod","Colored Map","Colored Powertips","Downfall","Minty Spire (QoL Compilation)","StSLib","Unceasing Turn Reminder"],"gold_per_floor":[111,111,81,93,107,107,136,136,136,169,189,208,226,74,74,171,171,185,201,201,214,214,214,243,243,267,296,306,12,12,46,46,141,141,151,151,151,171,187,187,187],"floor_reached":40,"language":"ENG","playtime":2366,"items_purged":[],"score":636,"play_id":"0c7b77e8-c830-466b-88f0-516af1d2f46b","local_time":"20210225190644","is_ascension_mode":true,"campfire_choices":[{"data":"Caltrops","floor":6,"key":"SMITH"},{"data":"A Thousand Cuts","floor":8,"key":"SMITH"},{"floor":15,"key":"REST"},{"data":"Acrobatics","floor":23,"key":"SMITH"},{"data":"Backflip","floor":25,"key":"SMITH"},{"floor":32,"key":"REST"}],"circlet_count":0,"master_deck":["Strike_G","Strike_G","Strike_G","Strike_G","Defend_G","Defend_G","Defend_G","Defend_G","Defend_G","Survivor","Neutralize","Underhanded Strike","A Thousand Cuts+1","All Out Attack","Caltrops+1","Cloak And Dagger","Acrobatics+1","Reflex","Tactician","Quick Slash+1","Unload+1","Backstab+1","Underhanded Strike+1","Blade Dance+1","Backflip+1","Glass Knife+1","Terror","Caltrops","Calculated Gamble","Shame","PiercingWail","Poisoned Stab+1","Corpse Explosion","Deadly Poison+1","Madness","Madness","Bane+1"],"relics":["Ring of the Serpent","NeowsBlessing","Pantograph","Mummified Hand","Molten Egg 2","Anchor","Sozu","Blue Candle","Smiling Mask","Happy Flower","Bag of Marbles","Dream Catcher","Strawberry"],"acts_visited":["Exordium","TheCity","TheBeyond"],"potions_floor_usage":[7,7,10,12,16,16],"damage_taken":[{"damage":0,"enemies":"Cultist","floor":1,"turns":1},{"damage":0,"enemies":"2 Louse","floor":4,"turns":1},{"damage":0,"enemies":"Jaw Worm","floor":5,"turns":1},{"damage":24,"enemies":"Gremlin Nob","floor":7,"turns":4},{"damage":14,"enemies":"3 Sentries","floor":10,"turns":4},{"damage":8,"enemies":"Large Slime","floor":11,"turns":5},{"damage":3,"enemies":"Exordium Wildlife","floor":12,"turns":3},{"damage":6,"enemies":"Looter","floor":13,"turns":3},{"damage":0,"enemies":"Slime Boss","floor":16,"turns":7},{"damage":9,"enemies":"2 Thieves","floor":18,"turns":2},{"damage":1,"enemies":"Spheric Guardian","floor":19,"turns":2},{"damage":15,"enemies":"Centurion and Healer","floor":21,"turns":4},{"damage":21,"enemies":"Book of Stabbing","floor":24,"turns":4},{"damage":0,"enemies":"Gremlin Leader","floor":27,"turns":4},{"damage":0,"enemies":"Sentry and Sphere","floor":28,"turns":3},{"damage":23,"enemies":"Book of Stabbing","floor":31,"turns":3},{"damage":62,"enemies":"Champ","floor":33,"turns":9},{"damage":8,"enemies":"3 Shapes","floor":35,"turns":2},{"damage":0,"enemies":"3 Darklings","floor":38,"turns":2},{"damage":24,"enemies":"Spire Growth","floor":39,"turns":4},{"damage":41,"enemies":"Reptomancer","floor":40,"turns":2}],"seed_played":"8194170355231568035","potions_obtained":[{"floor":3,"key":"DuplicationPotion"},{"floor":3,"key":"ColorlessPotion"},{"floor":7,"key":"Weak Potion"},{"floor":10,"key":"Dexterity Potion"},{"floor":11,"key":"Fire Potion"},{"floor":13,"key":"FearPotion"}],"is_trial":false,"path_per_floor":["M","?","?","M","M","R","E","R","T","E","M","M","M","$","R","B",null,"M","M","?","M","?","R","E","R","T","E","M","$","?","E","R","B",null,"M","?","?","M","M","E"],"character_chosen":"THE_SILENT","items_purchased":["Anchor","Bag of Marbles","Caltrops","Calculated Gamble"],"campfire_rested":2,"item_purchase_floors":[14,29,29,29],"current_hp_per_floor":[70,70,70,70,70,70,46,46,46,32,24,21,15,15,36,61,70,61,60,47,32,57,57,36,36,36,36,36,36,36,20,44,7,82,74,64,64,64,40,0,0],"gold":187,"neow_bonus":"THREE_ENEMY_KILL","is_daily":false,"chose_seed":false,"campfire_upgraded":4,"win_rate":0.0,"timestamp":1614301604,"path_taken":["M","?","?","?","M","R","E","R","T","E","M","M","M","$","R","BOSS","M","M","?","M","?","R","E","R","T","E","M","?","?","E","R","BOSS","M","?","?","M","M","E"],"items_purchased_type":["Relic","Relic","Card","Card"],"build_version":"2020-12-22","purchased_purges":0,"victory":false,"max_hp_per_floor":[70,70,70,70,70,70,70,70,70,70,70,70,70,70,70,70,70,70,70,75,75,75,75,75,75,75,75,75,75,75,82,82,82,82,82,82,82,82,82,82,82],"card_choices":[{"not_picked":["Cloak And Dagger","Bane"],"picked":"Underhanded Strike","floor":1},{"not_picked":["Reflex","Finisher"],"picked":"All Out Attack","floor":4},{"not_picked":["PiercingWail","Sucker Punch"],"picked":"Caltrops","floor":5},{"not_picked":["Sucker Punch","PiercingWail"],"picked":"Cloak And Dagger","floor":7},{"not_picked":["Venomology","Riddle With Holes+1"],"picked":"Acrobatics","floor":10},{"not_picked":["Underhanded Strike+1","Choke+1"],"picked":"Reflex","floor":11},{"not_picked":["Quick Slash+1","Cloak And Dagger"],"picked":"Tactician","floor":12},{"not_picked":["Dagger Spray+1","Reflex"],"picked":"Quick Slash+1","floor":13},{"not_picked":["Malaise","Burst"],"picked":"Unload+1","floor":16},{"not_picked":["Dagger Throw+1","Accuracy"],"picked":"Backstab+1","floor":18},{"not_picked":["Blade Dance","Deflect"],"picked":"Underhanded Strike+1","floor":19},{"not_picked":["Flying Knee+1","Footwork"],"picked":"Blade Dance+1","floor":21},{"not_picked":["Endless Agony+1","Flying Knee+1"],"picked":"Backflip","floor":24},{"not_picked":["Expertise","Cloak And Dagger"],"picked":"Glass Knife+1","floor":27},{"not_picked":["Dagger Spray+1","Slice+1"],"picked":"Terror","floor":28},{"not_picked":["Eviscerate+1","Cloak And Dagger"],"picked":"PiercingWail","floor":31},{"not_picked":["Deadly Poison","Masterful Stab+1"],"picked":"Poisoned Stab+1","floor":32},{"not_picked":["Unload+1","Phantasmal Killer"],"picked":"Corpse Explosion","floor":33},{"not_picked":["Dagger Spray+1","All Out Attack+1"],"picked":"Deadly Poison+1","floor":35},{"not_picked":["PiercingWail","Dagger Spray+1"],"picked":"Bane+1","floor":38},{"not_picked":["Backflip","Terror","Deflect"],"picked":"SKIP","floor":39}],"player_experience":65645,"relics_obtained":[{"floor":7,"key":"Pantograph"},{"floor":9,"key":"Mummified Hand"},{"floor":10,"key":"Molten Egg 2"},{"floor":24,"key":"Blue Candle"},{"floor":26,"key":"Smiling Mask"},{"floor":27,"key":"Happy Flower"},{"floor":31,"key":"Strawberry"}],"event_choices":[{"damage_healed":0,"gold_gain":0,"cards_transformed":["Strike_G"],"player_choice":"Change","damage_taken":0,"max_hp_gain":0,"max_hp_loss":0,"event_name":"Living Wall","floor":2,"gold_loss":0,"cards_obtained":["A Thousand Cuts"]},{"damage_healed":0,"gold_gain":0,"player_choice":"Bought 2 Potions","damage_taken":0,"max_hp_gain":0,"max_hp_loss":0,"event_name":"The Woman in Blue","floor":3,"gold_loss":0},{"damage_healed":0,"gold_gain":0,"player_choice":"Shed Blood","damage_taken":18,"max_hp_gain":5,"max_hp_loss":0,"event_name":"Forgotten Altar","floor":20,"gold_loss":0},{"damage_healed":25,"gold_gain":0,"player_choice":"Heal","damage_taken":0,"max_hp_gain":0,"max_hp_loss":0,"event_name":"The Library","floor":22,"gold_loss":0},{"damage_healed":0,"gold_gain":0,"player_choice":"Stole Relic","damage_taken":0,"relics_obtained":["Dream Catcher"],"max_hp_gain":0,"max_hp_loss":0,"event_name":"Addict","floor":30,"gold_loss":0,"cards_obtained":["Shame"]},{"damage_healed":0,"gold_gain":0,"player_choice":"Embrace Madness","damage_taken":10,"max_hp_gain":0,"max_hp_loss":0,"event_name":"Winding Halls","floor":36,"gold_loss":0,"cards_obtained":["Madness","Madness"]},{"damage_healed":0,"gold_gain":0,"player_choice":"Ignored","damage_taken":0,"max_hp_gain":0,"max_hp_loss":0,"event_name":"Mysterious Sphere","floor":37,"gold_loss":0}],"is_beta":false,"boss_relics":[{"not_picked":["Philosopher\u0027s Stone","Fusion Hammer"],"picked":"Sozu"},{"not_picked":["Runic Dome","Cursed Key"],"picked":"Ring of the Serpent"}],"items_purged_floors":[],"is_endless":false,"potions_floor_spawned":[7,10,11,13,18,21,38],"killed_by":"Reptomancer","ascension_level":3}}