{"host":"v63m4f6t57xrjbnq","time":1614353065,"event":{"mods":["100% Spire Juice","ATMod(阿瑾Mod)","Act Like it!","Arknights","BaseMod","Colored Powertips","Dota2Spire","Downfall","Energized Spire","Gensokyo","Hallownest","KinomotoSakuraMod(木之本樱)","KomeijiMod","LagranYue(拉格朗・月)","Lobotomy","LobotomyExtend","Marisa（F雨　魔理沙）","Marked Mod","Minty Spire (QoL Compilation)","Quick Restart","Reimu（博丽灵梦）","Relic Filter Mod","Remilia（蕾米莉亚）","Replay The Spire","RumiaBox-露米娅的神秘盒子","StSLib","The Administrix","The Marked","The Senshi","The Servant 0.9.4","Waifu the Spire","WarShipGirlsR/战舰少女R mod","Yakumo Yukari mod","Youmu（魂魄妖梦）","Yuyuko","【遗物卡牌】REMEMod"],"gold_per_floor":[118,11,11,111,122,122,122,157,184,44,356,382,396,396,396,396,396],"floor_reached":16,"language":"ZHS","playtime":1040,"items_purged":[],"score":215,"play_id":"64f14f6a-628c-4a08-a949-ce3eca60c3b0","local_time":"20210226232425","is_ascension_mode":true,"campfire_choices":[],"circlet_count":0,"master_deck":["ats:Strike C","ats:Strike G","ats:Strike S","ats:Strike V","ats:Defend","ats:Defend","ats:Defend","ats:Defend","ats:Emotion Absorption","Dreamy Sakura","Defend_purpleEX","ats:Calcification","ats:Automatic Cover","ats:Rat Pack","EscapeVelocity+1","ats:Explosion Area Strengthen","ats:Shell Defense+1"],"relics":["ats:Sanity","AT_ATBox","REME_ComplimentaryCards","LagranYue:RandomDrawCardRelic","Baka","Pear","Dota2Spire:HeartOfTarrasque","Dota2Spire:HeartOfTarrasque","Happy Flower","Omamori","ats:Originium","REME_PuzzleBoxRelic","Dota2Spire:Satanic","AT_Kusabimaru","Calipers"],"acts_visited":["Gensokyo:Gensokyo"],"potions_floor_usage":[16],"damage_taken":[{"damage":9.0,"enemies":"Gensokyo:Python","floor":1.0,"turns":4.0},{"damage":17.0,"enemies":"Gensokyo:2_Kodama","floor":5.0,"turns":7.0},{"damage":49.0,"enemies":"Gensokyo:Cirno","floor":8.0,"turns":14.0},{"damage":6.0,"enemies":"Gensokyo:Gryphon","floor":11.0,"turns":3.0},{"damage":12.0,"enemies":"Gensokyo:Aya","floor":12.0,"turns":6.0},{"damage":0.0,"enemies":"Gensokyo:2_Rabbits","floor":13.0,"turns":3.0},{"damage":111,"enemies":"Gensokyo:Reimu","floor":16,"turns":17}],"seed_played":"1100642824083969563","potions_obtained":[{"floor":5.0,"key":"ats:Burn Small Potion"},{"floor":8.0,"key":"Fire Potion"},{"floor":12.0,"key":"Block Potion"}],"is_trial":false,"path_per_floor":["M","COS","?","?","M","?","?","E","T","?","M","E","M","?","R","B"],"character_chosen":"DOCTOR_CLASS","items_purchased":[],"campfire_rested":0,"item_purchase_floors":[],"current_hp_per_floor":[57,57,52,52,59,59,59,21,21,21,16,5,5,10,41,0,0],"gold":396,"neow_bonus":"THREE_RARE_CARDS","is_daily":false,"chose_seed":false,"campfire_upgraded":0,"win_rate":0.0,"timestamp":1614353065,"path_taken":["M","COS","?","?","?","?","?","E","T","?","M","E","M","?","R","BOSS"],"items_purchased_type":[],"build_version":"2020-12-22","purchased_purges":0,"victory":false,"max_hp_per_floor":[72,72,82,82,104,104,104,104,104,104,104,104,104,104,104,104,104],"card_choices":[{"not_picked":["ats:Rat Pack","ats:Echo Reverb"],"picked":"ats:Calcification","floor":0.0},{"not_picked":["ats:Leaping Hammer","ats:Hook Shot"],"picked":"ats:Automatic Cover","floor":1.0},{"not_picked":["ats:Ignite","ats:Support Order","ats:Defend Order"],"picked":"SKIP","floor":5.0},{"not_picked":["ats:Blood Oath","ats:Leaping Hammer","ats:Apocalypse"],"picked":"SKIP","floor":8.0},{"not_picked":["ats:Flame Of Heaven","ats:Leaping Hammer"],"picked":"ats:Rat Pack","floor":11.0},{"not_picked":["ats:Ignite","ats:Guardian Obelisk"],"picked":"ats:Explosion Area Strengthen","floor":12.0},{"not_picked":["ats:Hammer On","ats:Collapsing Strike"],"picked":"ats:Shell Defense","floor":13.0}],"player_experience":277893,"relics_obtained":[{"floor":1.0,"key":"Baka"},{"floor":5.0,"key":"Dota2Spire:HeartOfTarrasque"},{"floor":5.0,"key":"Dota2Spire:HeartOfTarrasque"},{"floor":8.0,"key":"ats:Originium"},{"floor":8.0,"key":"REME_PuzzleBoxRelic"},{"floor":12.0,"key":"ats:Originium"},{"floor":12.0,"key":"AT_Kusabimaru"}],"event_choices":[],"is_beta":false,"boss_relics":[],"items_purged_floors":[],"is_endless":false,"potions_floor_spawned":[5,8,12],"killed_by":"Gensokyo:Reimu","ascension_level":13}}