{"host":"dlqyscxstsnu98l1","time":1614324438,"event":{"mods":["AchievementEnabler","BaseMod","Colored Map","Colored Powertips","GifTheSpireLib","Highlight Path","Minty Spire (QoL Compilation)","Random Character Button","SacredBarkPlus","StSLib","everything is the same but u backflip on backflip"],"gold_per_floor":[214,136,154,134,148,180,180,198,198,217,217,64,78,89,89,187,187,205,217,3,102,115,115,148,162,162,162,162],"floor_reached":27,"language":"ENG","playtime":1537,"items_purged":["Strike_P"],"score":308,"play_id":"accab175-cc7c-4c06-8534-bbb560ca954f","local_time":"20210226012718","is_ascension_mode":true,"campfire_choices":[{"data":"LikeWater","floor":7,"key":"SMITH"},{"floor":15,"key":"REST"},{"data":"ConjureBlade","floor":23,"key":"SMITH"}],"circlet_count":0,"master_deck":["Strike_P","Strike_P","Strike_P","Defend_P","Defend_P","Defend_P","Defend_P","Eruption","Vigilance","LikeWater+1","Study","Protect","Consecrate","InnerPeace","ThirdEye","Parasite","ConjureBlade+1","Ragnarok","PathToVictory","BattleHymn","DevaForm","Nirvana+1","ThirdEye","ThirdEye+1","WreathOfFlame+1"],"relics":["PureWater","Akabeko","Orichalcum","Orrery","Velvet Choker","Membership Card","Bottled Lightning","Meat on the Bone"],"acts_visited":["Exordium","TheCity"],"potions_floor_usage":[6,8,13,16,24,27],"damage_taken":[{"damage":1,"enemies":"2 Louse","floor":1,"turns":4},{"damage":2,"enemies":"Cultist","floor":3,"turns":5},{"damage":3,"enemies":"Jaw Worm","floor":5,"turns":7},{"damage":12,"enemies":"3 Sentries","floor":6,"turns":17},{"damage":3,"enemies":"Large Slime","floor":8,"turns":11},{"damage":0,"enemies":"3 Louse","floor":10,"turns":2},{"damage":26,"enemies":"Gremlin Gang","floor":13,"turns":6},{"damage":0,"enemies":"Lots of Slimes","floor":14,"turns":1},{"damage":18,"enemies":"Hexaghost","floor":16,"turns":7},{"damage":4,"enemies":"Shell Parasite","floor":18,"turns":5},{"damage":0,"enemies":"Spheric Guardian","floor":19,"turns":1},{"damage":12,"enemies":"Centurion and Healer","floor":22,"turns":9},{"damage":20,"enemies":"Gremlin Leader","floor":24,"turns":8},{"damage":16,"enemies":"Shelled Parasite and Fungi","floor":25,"turns":10},{"damage":12,"enemies":"Snake Plant","floor":27,"turns":1}],"seed_played":"-8795637674996757437","potions_obtained":[{"floor":4,"key":"Block Potion"},{"floor":5,"key":"PowerPotion"},{"floor":6,"key":"Dexterity Potion"},{"floor":8,"key":"DistilledChaos"},{"floor":14,"key":"Fire Potion"},{"floor":19,"key":"Explosive Potion"},{"floor":24,"key":"Weak Potion"}],"is_trial":false,"path_per_floor":["M","$","M","?","M","E","R","M","T","M","?","$","M","M","R","B",null,"M","M","$","?","M","R","E","M","T","M"],"character_chosen":"WATCHER","items_purchased":["Study","Orrery","Membership Card","ThirdEye"],"campfire_rested":1,"item_purchase_floors":[2,12,20,20],"current_hp_per_floor":[64,64,62,62,59,47,47,44,44,44,62,62,36,36,57,39,64,60,60,60,60,48,48,28,12,12,0,0],"gold":162,"neow_bonus":"HUNDRED_GOLD","is_daily":false,"chose_seed":false,"campfire_upgraded":2,"win_rate":0.0,"timestamp":1614324438,"path_taken":["M","$","M","?","?","E","R","M","T","M","?","$","M","M","R","BOSS","M","M","$","?","M","R","E","M","T","M"],"items_purchased_type":["Card","Relic","Relic","Card"],"build_version":"2020-12-22","purchased_purges":1,"victory":false,"max_hp_per_floor":[72,72,72,72,72,72,72,72,72,72,72,72,72,72,72,72,72,72,72,72,72,72,72,72,72,72,72,72],"card_choices":[{"not_picked":["EmptyFist","JustLucky"],"picked":"LikeWater","floor":1},{"not_picked":["WreathOfFlame","Halt","ClearTheMind"],"picked":"SKIP","floor":3},{"not_picked":["FlurryOfBlows","SandsOfTime"],"picked":"Protect","floor":5},{"not_picked":["Worship","Indignation"],"picked":"Consecrate","floor":6},{"not_picked":["CrushJoints","Halt"],"picked":"InnerPeace","floor":8},{"not_picked":["WaveOfTheHand","FlyingSleeves"],"picked":"ThirdEye","floor":10},{"not_picked":["Meditate","Prostrate"],"picked":"ConjureBlade","floor":12},{"not_picked":["Prostrate","SandsOfTime"],"picked":"Ragnarok","floor":12},{"not_picked":["Wireheading","FollowUp"],"picked":"PathToVictory","floor":12},{"not_picked":["FlyingSleeves","ForeignInfluence","Wallop"],"picked":"SKIP","floor":13},{"not_picked":["EmptyBody","Halt"],"picked":"BattleHymn","floor":14},{"not_picked":["Vault","Establishment"],"picked":"DevaForm","floor":16},{"not_picked":["WreathOfFlame","BowlingBash+1","Consecrate"],"picked":"SKIP","floor":18},{"not_picked":["Evaluate","Consecrate"],"picked":"Nirvana+1","floor":19},{"not_picked":["FlurryOfBlows","Protect"],"picked":"ThirdEye+1","floor":22},{"not_picked":["Halt","CrushJoints"],"picked":"WreathOfFlame+1","floor":24},{"not_picked":["CarveReality","Consecrate","CrushJoints"],"picked":"SKIP","floor":25}],"player_experience":280512,"relics_obtained":[{"floor":6,"key":"Akabeko"},{"floor":9,"key":"Orichalcum"},{"floor":24,"key":"Bottled Lightning"},{"floor":26,"key":"Meat on the Bone"}],"event_choices":[{"damage_healed":0,"gold_gain":0,"player_choice":"Bought 1 Potion","damage_taken":0,"max_hp_gain":0,"max_hp_loss":0,"event_name":"The Woman in Blue","floor":4,"gold_loss":0},{"damage_healed":18,"gold_gain":0,"player_choice":"Healed and dodged fight","damage_taken":0,"max_hp_gain":0,"max_hp_loss":0,"event_name":"Mushrooms","floor":11,"gold_loss":0,"cards_obtained":["Parasite"]},{"damage_healed":0,"gold_gain":99,"player_choice":"Stole From Cult","damage_taken":0,"max_hp_gain":0,"max_hp_loss":0,"event_name":"Nest","floor":21,"gold_loss":0}],"is_beta":false,"boss_relics":[{"not_picked":["HolyWater","Coffee Dripper"],"picked":"Velvet Choker"}],"items_purged_floors":[20],"is_endless":false,"potions_floor_spawned":[5,6,8,14,19,24],"killed_by":"Snake Plant","ascension_level":6}}