{"host":"ugys05tpep779cl6","time":1614357781,"event":{"mods":["AchievementEnabler","Aspiration","BaseMod","Beaked The Cultist","CatGirl Mod","Colored Powertips","HololiveMod","Lobotomy","Minty Spire (QoL Compilation)","Quick Restart","Replay The Spire","Spicy Shops","StSLib","The Druid"],"gold_per_floor":[114,114,114,114,125,125,155,155,155,180,200,200,227,246,246,341,341,357,370,388,164,79,113,129,129,129,129,129,129],"floor_reached":28,"language":"ENG","playtime":1208,"items_purged":["Strike_R"],"score":320,"play_id":"13cd8f8e-09ec-463a-9074-a33d0f1b789f","local_time":"20210226174301","is_ascension_mode":true,"campfire_choices":[{"data":"Iron Wave","floor":6.0,"key":"SMITH"},{"data":"Body Slam","floor":8.0,"key":"SMITH"},{"floor":12.0,"key":"RECALL"}],"circlet_count":0,"master_deck":["Strike_R","Strike_R+1","Strike_R+1","Defend_R","Defend_R","Defend_R+1","Bash","Iron Wave+1","Body Slam+1","Shrug It Off","Warcry+1","Disarm","Demon Form","Swivel"],"relics":["Burning Blood","aspiration:DSix","HornCleat","CaptainsWheel","Simple Rune","Ring of Chaos","Lee\u0027s Waffle","aspiration:Nostalgia","Replay:M_SmolderingBlood","Replay:Accelerometer","Chameleon Ring","Turnip"],"acts_visited":["Exordium","TheCity"],"potions_floor_usage":[28],"damage_taken":[{"damage":13.0,"enemies":"Jaw Worm","floor":1.0,"turns":4.0},{"damage":0.0,"enemies":"Small Slimes","floor":5.0,"turns":2.0},{"damage":26.0,"enemies":"3 Sentries","floor":7.0,"turns":12.0},{"damage":31.0,"enemies":"Lagavulin","floor":10.0,"turns":7.0},{"damage":0.0,"enemies":"Cultist","floor":11.0,"turns":3.0},{"damage":5.0,"enemies":"3 Sentries","floor":13.0,"turns":8.0},{"damage":0.0,"enemies":"Exordium Thugs","floor":14.0,"turns":5.0},{"damage":38.0,"enemies":"Fading Forest","floor":16.0,"turns":11.0},{"damage":14.0,"enemies":"2 Thieves","floor":18.0,"turns":5.0},{"damage":12.0,"enemies":"Spheric Guardian","floor":19.0,"turns":7.0},{"damage":17.0,"enemies":"Chosen and Byrds","floor":20.0,"turns":8.0},{"damage":40.0,"enemies":"Book of Stabbing","floor":23.0,"turns":7.0},{"damage":29.0,"enemies":"Cultist and Chosen","floor":24.0,"turns":8.0},{"damage":7,"enemies":"Gremlin Leader","floor":28,"turns":5}],"seed_played":"-720671195613888354","potions_obtained":[{"floor":7.0,"key":"Milkshake"},{"floor":11.0,"key":"Languid Potion"},{"floor":13.0,"key":"Swift Potion"},{"floor":14.0,"key":"EssenceOfSteel"},{"floor":24.0,"key":"HeartOfIron"}],"is_trial":false,"path_per_floor":["M","?","?","?","M","R","E","R","T","E","M","R","E","M","R","B",null,"M","M","M","$","?","E","M","?","T","?","E"],"character_chosen":"IRONCLAD","items_purchased":["Lee\u0027s Waffle"],"campfire_rested":0,"item_purchase_floors":[21],"current_hp_per_floor":[73,57,62,55,61,61,41,41,41,16,22,22,23,29,54,30,71,63,57,46,92,92,58,35,35,35,35,28,28],"gold":129,"neow_bonus":"DSIX","is_daily":false,"chose_seed":false,"campfire_upgraded":2,"win_rate":0.0,"timestamp":1614357781,"path_taken":["M","?","?","?","M","R","E","R","T","E","M","R","E","M","R","BOSS","M","M","M","$","?","E","M","?","T","?","E"],"items_purchased_type":["Relic"],"build_version":"2020-12-22","purchased_purges":1,"victory":false,"max_hp_per_floor":[80,80,85,85,85,85,85,85,85,85,85,85,85,85,85,85,85,85,85,85,92,92,92,92,92,92,92,92,92],"card_choices":[{"not_picked":["Wild Strike","Fire Breathing"],"picked":"Iron Wave","floor":1.0},{"not_picked":["Seeing Red","Iron Wave","Life Link"],"picked":"SKIP","floor":5.0},{"not_picked":["ReplayTheSpireMod:Limb From Limb","Clothesline"],"picked":"Body Slam","floor":7.0},{"not_picked":["Flex","Pummel"],"picked":"Shrug It Off","floor":10.0},{"not_picked":["Armaments","Brutality","ReplayTheSpireMod:Strike From Hell"],"picked":"SKIP","floor":11.0},{"not_picked":["Power Through","Iron Wave"],"picked":"Warcry","floor":13.0},{"not_picked":["Feel No Pain","Shrug It Off"],"picked":"Disarm","floor":14.0},{"not_picked":["Limit Break","Offering"],"picked":"Demon Form","floor":16.0},{"not_picked":["Clothesline","Pommel Strike","Armaments+1"],"picked":"SKIP","floor":18.0},{"not_picked":["Run Through","Armaments","Perfected Strike"],"picked":"SKIP","floor":19.0},{"not_picked":["Iron Wave","Hemokinesis","Twin Strike"],"picked":"SKIP","floor":20.0},{"not_picked":["Iron Wave","Hemokinesis","Twin Strike"],"picked":"SKIP","floor":20.0},{"not_picked":["Twin Strike+1","Intimidate+1","Reckless Charge"],"picked":"SKIP","floor":23.0},{"not_picked":["Fiend Fire","Flex","Entrench"],"picked":"SKIP","floor":24.0}],"player_experience":787160,"relics_obtained":[{"floor":7.0,"key":"HornCleat"},{"floor":10.0,"key":"CaptainsWheel"},{"floor":13.0,"key":"Simple Rune"},{"floor":23.0,"key":"Replay:Accelerometer"},{"floor":26.0,"key":"Turnip"}],"event_choices":[{"damage_healed":0.0,"max_hp_gain":0.0,"max_hp_loss":0.0,"gold_gain":0.0,"event_name":"Shining Light","player_choice":"Entered Light","floor":2.0,"gold_loss":0.0,"damage_taken":16.0,"cards_upgraded":["Strike_R","Strike_R"]},{"damage_healed":0.0,"max_hp_gain":5.0,"max_hp_loss":0.0,"gold_gain":0.0,"event_name":"Big Fish","player_choice":"Donut","floor":3.0,"gold_loss":0.0,"damage_taken":0.0},{"cards_removed":["Strike_R"],"damage_healed":0.0,"max_hp_gain":0.0,"max_hp_loss":0.0,"gold_gain":0.0,"event_name":"Golden Wing","player_choice":"Card Removal","floor":4.0,"gold_loss":0.0,"damage_taken":7.0},{"damage_healed":0.0,"max_hp_gain":0.0,"max_hp_loss":0.0,"gold_gain":0.0,"event_name":"Addict","player_choice":"Obtained Relic","floor":22.0,"gold_loss":85.0,"damage_taken":0.0,"relics_obtained":["aspiration:Nostalgia"]},{"damage_healed":0.0,"max_hp_gain":0.0,"max_hp_loss":0.0,"gold_gain":0.0,"cards_transformed":["Defend_R"],"event_name":"Transmorgrifier","player_choice":"Transformed","floor":27.0,"gold_loss":0.0,"damage_taken":0.0,"cards_obtained":["Swivel"]}],"is_beta":false,"boss_relics":[{"not_picked":["Electric Blood","Hololive_TopUpMoneyS"],"picked":"Ring of Chaos"}],"items_purged_floors":[21],"is_endless":false,"potions_floor_spawned":[7,11,13,14,18,24],"killed_by":"Gremlin Leader","ascension_level":5}}