{"host":"bzg9y3flbaqjj1j7","time":1614370809,"event":{"mods":["AchievementEnabler","Act Like it!","Aspiration","Aya Shameimaru","BaseMod","Challenge The Spire","Hubris","Library of Ruina","Lobotomy","LobotomyExtend","Marisa????????","Marked Mod","Minty Spire (QoL Compilation)","Permanent Neow","Poor People Problems","Quick Restart","Rare Cards Sparkle","Replay The Spire","Shop Mod","Spicy Shops","Spire Arcade","StSLib","The Animator","The Blue Laboratory"],"gold_per_floor":[114,127,127,142,162,187,202,217,217,244,86,86,115,165,165,270,270,283,51,69,81,81,81,81,93,93,121,139,158,58,71,71,176,176,176,194,194,209,229,259,275,285,285,301,326,338,358,369,0,0],"floor_reached":51,"language":"ENG","playtime":4632,"items_purged":["LightDefense","LightAttack"],"score":809,"play_id":"653c9e0e-690e-4200-b519-a816cff315b5","local_time":"20210226165009","is_ascension_mode":false,"campfire_choices":[{"floor":12.0,"key":"RECALL"},{"floor":15.0,"key":"DIG"},{"data":"Commandeering","floor":23.0,"key":"SMITH"},{"data":"TieShanKao","floor":32.0,"key":"SMITH"}],"circlet_count":0,"master_deck":["Dodge","LightDefense","LightAttack","LightAttack","LightDefense","LightDefense+1","ChargeAndCover","FocusedStrikes","Unlock1","BackAttack+1","UndertakePrescript","BindingChains","FierceCharge","RepressedFlesh","FrontalAssault","Clumsy","TieShanKao+1","Commandeering+1","SmokingPipe+1","GrazeTheGrass","RushDown","InnerArdor","DarkCloud+1","FlamingDragonFist","TendonChords","Transpierce","RapidGashes","SerpentSwordTechnique+1","SwordOfVolition+1","ShrineToMusic","Parry2","BackAttack+1","SuppressingShot","DarkCloud","TieShanKao"],"relics":["PageOfLibrarian","aspiration:Nostalgia","Cracked Core","LetterFromLob","hubris:FunFungus","Durian","Oddly Smooth Stone","ReplayTheSpireMod:CursedCoin","PageOfMountain","Anchor","Lantern","PageOfAspirationHeart","Replay:Bronze Core","PageOfBloodbath","hubris:BottledHeart","War Paint","Coffee Dripper","Gremlin Horn","Replay:Rubber Ducky","Replay:Bottled Flurry","Red Mask"],"acts_visited":["Exordium","TheCity","TheBeyond"],"potions_floor_usage":[40,41,41,42,45,50,50],"damage_taken":[{"damage":0.0,"enemies":"Small Slimes","floor":1.0,"turns":2.0},{"damage":0.0,"enemies":"Cultist","floor":2.0,"turns":2.0},{"damage":0.0,"enemies":"2 Louse","floor":4.0,"turns":2.0},{"damage":0.0,"enemies":"Exordium Wildlife","floor":5.0,"turns":2.0},{"damage":8.0,"enemies":"Gremlin Nob","floor":6.0,"turns":3.0},{"damage":0.0,"enemies":"Large Slime","floor":7.0,"turns":4.0},{"damage":8.0,"enemies":"Lots of Slimes","floor":8.0,"turns":3.0},{"damage":0.0,"enemies":"3 Sentries","floor":10.0,"turns":2.0},{"damage":13.0,"enemies":"Lagavulin","floor":13.0,"turns":5.0},{"damage":0.0,"enemies":"Hexaghost","floor":16.0,"turns":5.0},{"damage":0.0,"enemies":"Shell Parasite","floor":18.0,"turns":2.0},{"damage":0.0,"enemies":"3 Byrds","floor":20.0,"turns":3.0},{"damage":0.0,"enemies":"Centurion and Healer","floor":21.0,"turns":2.0},{"damage":0.0,"enemies":"3 Cultists","floor":25.0,"turns":2.0},{"damage":0.0,"enemies":"Slavers","floor":27.0,"turns":3.0},{"damage":0.0,"enemies":"Snake Plant","floor":28.0,"turns":2.0},{"damage":0.0,"enemies":"Shelled Parasite and Fungi","floor":29.0,"turns":2.0},{"damage":0.0,"enemies":"Chosen and Byrds","floor":31.0,"turns":2.0},{"damage":0.0,"enemies":"Collector","floor":33.0,"turns":4.0},{"damage":0.0,"enemies":"3 Shapes","floor":36.0,"turns":3.0},{"damage":0.0,"enemies":"3 Darklings","floor":38.0,"turns":3.0},{"damage":0.0,"enemies":"4 Shapes","floor":39.0,"turns":3.0},{"damage":0,"enemies":"Nemesis","floor":40,"turns":3},{"damage":0,"enemies":"Sphere and 2 Shapes","floor":41,"turns":1},{"damage":0,"enemies":"3 Darklings","floor":42,"turns":2},{"damage":0,"enemies":"Transient","floor":44,"turns":5},{"damage":0,"enemies":"Reptomancer","floor":45,"turns":3},{"damage":0,"enemies":"Writhing Mass","floor":46,"turns":3},{"damage":0,"enemies":"Sphere and 2 Shapes","floor":47,"turns":1},{"damage":0,"enemies":"4 Shapes","floor":48,"turns":4},{"damage":0,"enemies":"Replay:Hell Engine","floor":50,"turns":6},{"damage":0,"enemies":"Malkuth","floor":51,"turns":4},{"damage":0,"enemies":"Netzach","floor":51,"turns":6}],"seed_played":"-3259322988718105583","potions_obtained":[{"floor":1.0,"key":"EssenceOfSteel"},{"floor":3.0,"key":"blueLaboratory:FrostheartPotion"},{"floor":3.0,"key":"blueLaboratory:PyrophylliteBrew"},{"floor":3.0,"key":"Fire Potion"},{"floor":5.0,"key":"Energy Potion"},{"floor":7.0,"key":"blueLaboratory:CorrosionFlask"},{"floor":8.0,"key":"blueLaboratory:ExaltedPotion"},{"floor":13.0,"key":"blueLaboratory:EnragingPotion"},{"floor":21.0,"key":"blueLaboratory:NullPotion"},{"floor":25.0,"key":"Dexterity Potion"},{"floor":29.0,"key":"blueLaboratory:FruitPunch"},{"floor":33.0,"key":"blueLaboratory:HummingbirdPotion"},{"floor":38.0,"key":"blueLaboratory:Moonshine"},{"floor":41,"key":"blueLaboratory:BottledHope"},{"floor":42,"key":"Fire Potion"},{"floor":45,"key":"Reflective Coating"},{"floor":46,"key":"EssenceOfSteel"}],"is_trial":false,"path_per_floor":["M","M","?","M","M","E","M","M","T","E","$","R","E","T","R","B",null,"M","$","M","M","?","R","?","M","T","E","M","M","$","M","R","B",null,"M","M","?","M","M","E","M","M","T","M","E","M","M","M","R","B",null],"character_chosen":"Librarian","items_purchased":["ReplayTheSpireMod:CursedCoin","PageOfMountain","PageOfBloodbath"],"campfire_rested":0,"item_purchase_floors":[11,11,19],"current_hp_per_floor":[60,60,60,60,62,54,54,46,51,51,51,51,45,45,58,58,86,79,79,79,60,1,1,1,1,1,1,1,1,1,1,1,1,1,1,1,1,1,1,1,1,1,1,1,1,5,5,8,8,23],"gold":0,"neow_bonus":"NOSTALGIA","is_daily":false,"chose_seed":false,"campfire_upgraded":2,"win_rate":0.0,"timestamp":1614370809,"path_taken":["M","M","?","M","M","E","M","?","T","E","$","R","E","?","R","BOSS","M","$","M","M","?","R","?","M","T","E","M","M","?","M","R","BOSS","M","M","?","M","?","E","M","M","T","M","E","M","M","M","R","BOSS"],"items_purchased_type":["Relic","Relic","Relic"],"build_version":"2020-12-22","purchased_purges":2,"victory":true,"max_hp_per_floor":[84,68,68,67,68,71,62,70,75,75,75,89,83,83,102,86,86,79,79,237,104,1,1,1,1,1,1,1,1,1,1,1,1,1,1,1,1,1,1,4,1,1,1,6,8,5,8,8,24,24],"card_choices":[{"not_picked":["Wallop_lor","FervidEmotions","Overpower","DriedUp","EnergyCycle","ClassAndRespect","Parry","SharpNails"],"picked":"Unlock1","floor":1.0},{"not_picked":["SerpentSwordTechnique","DaringDecision","Wallop_lor","SharpSwipe","Leap_lor","BackstreetsDash","FeelinGood","HiddenBlade"],"picked":"BackAttack","floor":2.0},{"not_picked":["Eradication","BurningFlash","StrikeDown","SinglePointStab","DestructiveImpact","DesperateStruggle","SturdyDefense","BulkyImpact"],"picked":"UndertakePrescript","floor":4.0},{"not_picked":["InnerArdor","HardRehearsal","SkyClearingCut","Thrust","HighKick","FieryDragonSlash","InkOver","StrongStrike"],"picked":"BindingChains","floor":5.0},{"not_picked":["BlindFaith","StrongStrike","YourShield","Juggling","SerpentineBarrier","WillOfThePrescript","EnergyCycle","MultiHit"],"picked":"FierceCharge","floor":6.0},{"not_picked":["Overpower","Multislash","Diversion","OpportunitySpotted","Unlock1","KeepItFresh","Reload","DefenseOrder"],"picked":"RepressedFlesh","floor":7.0},{"not_picked":["PreemptiveStrike","HighSpeedStabbing","Rewind","GuardingStance","Guardian_lor","RatsGuideToSurvival","ToWhereThePrescriptPoints","SerpentSwordTechnique","SharpSwipe"],"picked":"SKIP","floor":8.0},{"not_picked":["PreemptiveStrike","HighSpeedStabbing","Rewind","GuardingStance","Guardian_lor","RatsGuideToSurvival","ToWhereThePrescriptPoints","SerpentSwordTechnique","SharpSwipe"],"picked":"SKIP","floor":8.0},{"not_picked":["FleetEdge","TheArtOfRapidSteps","SunsetBlade","GuidanceOfTheGears","GoinFirst","SummaryJudgment","Cruelty","CutIn"],"picked":"FrontalAssault","floor":10.0},{"not_picked":["Guardian_lor","Leap_lor","FlashOfSunup","ElectricShock","BlindFaith","GuidanceOfTheGears","YoureTooSlow","SnakesPrey"],"picked":"TieShanKao","floor":13.0},{"not_picked":["Eradication","BalefulBrand"],"picked":"Commandeering","floor":16.0},{"not_picked":["ForTheFamily","Struggle","InnerArdor","Reload","HiddenBlade","BackAttack+1","QuickAttack","SharpSwipe"],"picked":"SmokingPipe+1","floor":18.0},{"not_picked":["SinglePointStab","Leap_lor","BiAn+1","MultiBlock","QuickSuppression","AbsorbImpact+1","TheWillOfTheCity","GutHarvesting","PinpointShot+1"],"picked":"SKIP","floor":20.0},{"not_picked":["QuickSuppression+1","UncannyStrike","InhaleSmoke","HighKick+1","SharpenedBlade","DimensionalRift","ConcentratedFire","StrongStrike"],"picked":"GrazeTheGrass","floor":21.0},{"not_picked":["StructuralAnalysis","MindPrepared","CombatPreparation","DirtyBlow","BindingArms","LoosenUp","FrontalAssault+1","EndlessBattle+1","MultiHit"],"picked":"SKIP","floor":25.0},{"not_picked":["SharpSwipe+1","QuickAttack+1","PinpointShot","PreemptiveStrike+1","Pound","GreatSerpentsImpact","WillOfThePrescript","WillBeTasty"],"picked":"RushDown","floor":27.0},{"not_picked":["HighKick","Bvapour","Reload+1","FaintMemories+1","FierceOnslaught","SharpSwipe","QuickSuppression","FieryWaltz"],"picked":"InnerArdor","floor":28.0},{"not_picked":["PreemptiveStrike","InkOver","IngredientHunt+1","AsThePrescriptOrders","YouOnlyLiveOnce","FleetFootsteps+1","Parry","TasteMyFlamingBat"],"picked":"DarkCloud+1","floor":29.0},{"not_picked":["UncannyStrike","Rewind","UpbeatPerformance","Tailoring","Overpower+1","StrongStrike","Outburst","FlashingStrike","Parry+1"],"picked":"SKIP","floor":31.0},{"not_picked":["BlazingStrike","WillProduceFineSilk"],"picked":"FlamingDragonFist","floor":33.0},{"not_picked":["FaintMemories","WillOfThePrescript+1","HandleRequest+1","Faith","Parry+1","EnergyShield+1","HiddenBlade","GuidanceOfTheGears"],"picked":"TendonChords","floor":36.0},{"not_picked":["DirtyBlow+1","FierceCharge","ToOvercomeCrisis+1","FlyingSword","FocusFire","ScratchThat","Reload","Standoff","EnergyStrike+1"],"picked":"SKIP","floor":38.0},{"not_picked":["Faith+1","WaitUp+1","FeelinGood","GreatSerpentsImpact+1","StrongStrike+1","TheWillOfTheCity+1","Fence","Thrust+1"],"picked":"SerpentSwordTechnique+1","floor":39.0},{"not_picked":["Parry2+1","TheWillOfTheCity+1","BurningFlash","YourShield","GuardingStance+1","ExtractFuel+1","Juggling+1","GaleKick+1"],"picked":"SwordOfVolition+1","floor":40},{"not_picked":["BindingArms+1","HandleRequest","BizarreAttack","CleanUp","WillOfThePrescript","BackstreetsDash","PreparedMind+1","Leap_lor"],"picked":"ShrineToMusic","floor":41},{"not_picked":["SweepTheBackstreets+1","ICanCookAnything+1","FleetFootsteps","Standoff","WillOfThePrescript","DimensionalRift","DistortedBlade","GuardingStance+1","TheWillOfTheCity+1"],"picked":"SKIP","floor":42},{"not_picked":["Preparation","Diversion+1","DirtyBlow+1","FleetEdge","UncannyStrike","CutIn","SilentNight","DeepDrag+1"],"picked":"Parry2","floor":44},{"not_picked":["Thrust","StrikeDown","SmokingPipe+1","HighKick+1","FormingStorm","Pound+1","BurningFlash+1","SteelKnuckles"],"picked":"BackAttack+1","floor":45},{"not_picked":["SunsetBlade+1","Unlock1","TrimTheIngredients","Pound","NightInTheBackstreets","Reload","SteelKnuckles+1","ICanCookAnything"],"picked":"SuppressingShot","floor":46},{"not_picked":["GuardingStance+1","ChargeUp","HighKick","SmokingPipe+1","ClassAndRespect","Faith+1","BiAn+1","WillOfThePrescript"],"picked":"DarkCloud","floor":47},{"not_picked":["FlashOfSunup","Marionette+1","LoosenUp","Wallop_lor+1","EndlessBattle","UnavoidableGaze+1","ShockingBlow","Rewind+1"],"picked":"TieShanKao","floor":48}],"player_experience":121651,"relics_obtained":[{"floor":1.0,"key":"LetterFromLob"},{"floor":6.0,"key":"hubris:FunFungus"},{"floor":9.0,"key":"Durian"},{"floor":10.0,"key":"Oddly Smooth Stone"},{"floor":13.0,"key":"Anchor"},{"floor":14.0,"key":"Lantern"},{"floor":15.0,"key":"PageOfAspirationHeart"},{"floor":27.0,"key":"War Paint"},{"floor":40,"key":"Gremlin Horn"},{"floor":43,"key":"Replay:Rubber Ducky"},{"floor":45,"key":"Replay:Bottled Flurry"}],"event_choices":[{"damage_healed":0.0,"max_hp_gain":0.0,"max_hp_loss":0.0,"gold_gain":0.0,"event_name":"Lab","player_choice":"Got Potions","floor":3.0,"gold_loss":0.0,"damage_taken":0.0},{"damage_healed":0.0,"max_hp_gain":5.0,"max_hp_loss":0.0,"gold_gain":0.0,"event_name":"Forgotten Altar","player_choice":"Shed Blood","floor":24.0,"gold_loss":0.0,"damage_taken":0.0},{"damage_healed":0.0,"max_hp_gain":0.0,"max_hp_loss":0.0,"gold_gain":0.0,"event_name":"Match and Keep!","player_choice":"2 cards matched","floor":37.0,"gold_loss":0.0,"damage_taken":0.0,"cards_obtained":["Transpierce","RapidGashes"]},{"damage_healed":0,"gold_gain":0,"player_choice":"Paid","damage_taken":0,"relics_obtained":["Red Mask"],"max_hp_gain":0,"max_hp_loss":0,"event_name":"Tomb of Lord Red Mask","floor":49,"gold_loss":369}],"is_beta":false,"boss_relics":[{"not_picked":["Replay:Drink Me","aspiration:SecretTechniqueScroll"],"picked":"Replay:Bronze Core"},{"not_picked":["hubris:ScarierMask","aspiration:FutureDiary"],"picked":"Coffee Dripper"}],"items_purged_floors":[19,30],"is_endless":false,"potions_floor_spawned":[1,5,7,8,13,21,25,29,33,38,39,41,42,45,46],"ascension_level":0}}