{"host":"y76clbnovzmw9ubx","time":1614305840,"event":{"mods":["AchievementEnabler","BaseMod","Minty Spire (QoL Compilation)","Permanent Neow","Relic Stats"],"gold_per_floor":[115,125,136,50,65,65,76,76,103,128,138,138,168,188,188,263,263,276,276,276,293,313,313,30,30,30,30,59,77,77,127,127,200,200,218,218,21,72,87,124,150,150,150],"floor_reached":42,"language":"ENG","playtime":3137,"items_purged":[],"score":1066,"play_id":"6a7ce07c-e472-4875-9ccb-91f65e4e410f","local_time":"20210225211720","is_ascension_mode":true,"campfire_choices":[{"data":"All Out Attack","floor":6.0,"key":"SMITH"},{"floor":8.0,"key":"REST"},{"data":"Strike_G","floor":15.0,"key":"PURGE"},{"floor":23,"key":"REST"},{"floor":25,"key":"REST"},{"data":"Ghostly","floor":27,"key":"SMITH"},{"data":"Ghostly","floor":32,"key":"SMITH"}],"circlet_count":0,"master_deck":["AscendersBane","Survivor","Neutralize","Deadly Poison","Dagger Spray","Caltrops","All Out Attack+1","Calculated Gamble","Cloak And Dagger","Backflip","Corpse Explosion","Endless Agony","A Thousand Cuts","Backflip","Glass Knife","Flying Knee","Riddle With Holes","Tools of the Trade","Slice","Blade Dance","Ghostly+1","Ghostly+1","Ghostly","Bouncing Flask","Noxious Fumes","Catalyst","Backflip","Wraith Form v2","Apotheosis","Deflect+1","Cloak And Dagger+1","Blur+1","After Image"],"relics":["Ring of the Snake","Peace Pipe","Blood Vial","Oddly Smooth Stone","Bag of Marbles","Pandora\u0027s Box","Snake Skull","PreservedInsect","Snecko Eye","Incense Burner","CeramicFish"],"acts_visited":["TheCity","TheBeyond"],"potions_floor_usage":[35,38,39,42],"damage_taken":[{"damage":5.0,"enemies":"Jaw Worm","floor":1.0,"turns":7.0},{"damage":1.0,"enemies":"Cultist","floor":2.0,"turns":4.0},{"damage":0.0,"enemies":"2 Louse","floor":3.0,"turns":3.0},{"damage":5.0,"enemies":"2 Fungi Beasts","floor":5.0,"turns":4.0},{"damage":16.0,"enemies":"Large Slime","floor":7.0,"turns":6.0},{"damage":28.0,"enemies":"Lagavulin","floor":10.0,"turns":6.0},{"damage":7.0,"enemies":"3 Louse","floor":11.0,"turns":2.0},{"damage":25.0,"enemies":"3 Sentries","floor":13.0,"turns":5.0},{"damage":0.0,"enemies":"2 Fungi Beasts","floor":14.0,"turns":1.0},{"damage":9.0,"enemies":"The Guardian","floor":16.0,"turns":13.0},{"damage":11.0,"enemies":"Shell Parasite","floor":18.0,"turns":5.0},{"damage":0.0,"enemies":"3 Byrds","floor":21.0,"turns":3.0},{"damage":23,"enemies":"Shelled Parasite and Fungi","floor":22,"turns":5},{"damage":0,"enemies":"Gremlin Leader","floor":28,"turns":6},{"damage":6,"enemies":"Snecko","floor":29,"turns":7},{"damage":27,"enemies":"Automaton","floor":33,"turns":8},{"damage":2,"enemies":"3 Shapes","floor":35,"turns":3},{"damage":6,"enemies":"2 Orb Walkers","floor":38,"turns":3},{"damage":9,"enemies":"3 Darklings","floor":39,"turns":3},{"damage":0,"enemies":"Nemesis","floor":40,"turns":5},{"damage":16,"enemies":"Spire Growth","floor":41,"turns":5},{"damage":25,"enemies":"Writhing Mass","floor":42,"turns":2}],"seed_played":"1554277469974166165","potions_obtained":[{"floor":3.0,"key":"AttackPotion"},{"floor":7.0,"key":"DistilledChaos"},{"floor":11.0,"key":"DuplicationPotion"},{"floor":16.0,"key":"Weak Potion"},{"floor":21.0,"key":"CunningPotion"},{"floor":28,"key":"GhostInAJar"},{"floor":35,"key":"Explosive Potion"},{"floor":38,"key":"ColorlessPotion"},{"floor":41,"key":"SneckoOil"}],"is_trial":false,"path_per_floor":["M","M","M","$","M","R","M","R","T","E","M","?","E","M","R","B",null,"M","?","?","M","M","R","$","R","T","R","E","M","?","?","R","B",null,"M","?","$","?","M","E","M","M"],"character_chosen":"THE_SILENT","items_purchased":["Caltrops","Noxious Fumes","Catalyst","Snake Skull","Apotheosis"],"campfire_rested":3,"item_purchase_floors":[4,24,24,24,37],"current_hp_per_floor":[39,38,38,38,33,33,17,36,36,10,5,66,41,43,43,36,59,50,33,33,33,10,19,19,28,28,28,30,26,26,26,26,1,25,25,25,25,21,14,16,2,0,0],"gold":150,"neow_bonus":"ONE_RARE_RELIC","is_daily":false,"chose_seed":false,"campfire_upgraded":3,"win_rate":0.0,"timestamp":1614305840,"path_taken":["M","M","M","$","M","R","M","R","T","E","M","?","E","M","R","BOSS","M","?","?","M","M","R","$","R","T","R","E","M","?","?","R","BOSS","M","?","$","?","M","E","M","M"],"items_purchased_type":["Card","Card","Card","Relic","Card"],"build_version":"2020-12-22","purchased_purges":0,"victory":false,"max_hp_per_floor":[66,66,66,66,66,66,66,66,66,66,66,66,66,66,66,66,66,66,33,33,33,33,33,33,33,33,33,33,33,33,33,33,33,33,33,33,33,33,33,33,33,33,33],"relic_stats":{"Peace Pipe":1,"Blood Vial":28,"counters":[22,106],"CeramicFish":18,"Snecko Eye":[36,50,40,54],"Pandora\u0027s Box":["Endless Agony","A Thousand Cuts","Riddle With Holes","Backflip","Glass Knife","Flying Knee","Riddle With Holes","Tools of the Trade","Slice"],"Snake Skull":[61],"PreservedInsect":50,"obtain_stats":[{"Peace Pipe":0,"Blood Vial":9,"CeramicFish":40,"Oddly Smooth Stone":10,"Snecko Eye":34,"Pandora\u0027s Box":17,"Snake Skull":24,"PreservedInsect":28,"Bag of Marbles":13,"Incense Burner":38,"Ring of the Snake":0},{"Peace Pipe":0,"Blood Vial":5,"CeramicFish":20,"Oddly Smooth Stone":6,"Snecko Eye":16,"Pandora\u0027s Box":10,"Snake Skull":13,"PreservedInsect":14,"Bag of Marbles":8,"Incense Burner":18,"Ring of the Snake":0},{"Peace Pipe":0,"Blood Vial":24,"CeramicFish":99,"Oddly Smooth Stone":30,"Snecko Eye":85,"Pandora\u0027s Box":51,"Snake Skull":64,"PreservedInsect":70,"Bag of Marbles":37,"Incense Burner":91,"Ring of the Snake":0}],"Ring of the Snake":[46]},"card_choices":[{"not_picked":["Prepared","Eviscerate"],"picked":"Masterful Stab","floor":1.0},{"not_picked":["Tactician","Dodge and Roll"],"picked":"Deadly Poison","floor":2.0},{"not_picked":["Blade Dance","PiercingWail"],"picked":"Dagger Spray","floor":3.0},{"not_picked":["Outmaneuver","Finisher"],"picked":"All Out Attack","floor":5.0},{"not_picked":["Slice","Dagger Spray"],"picked":"Calculated Gamble","floor":7.0},{"not_picked":["Dagger Throw","Prepared","Slice"],"picked":"SKIP","floor":10.0},{"not_picked":["Eviscerate","Outmaneuver","Tools of the Trade"],"picked":"SKIP","floor":11.0},{"not_picked":["Blade Dance","Tactician"],"picked":"Cloak And Dagger","floor":13.0},{"not_picked":["Cloak And Dagger","Accuracy"],"picked":"Backflip","floor":14.0},{"not_picked":["Adrenaline","Grand Finale"],"picked":"Corpse Explosion","floor":16.0},{"not_picked":["Infinite Blades","Calculated Gamble+1"],"picked":"Blade Dance","floor":18.0},{"not_picked":["Escape Plan","Backflip","Eviscerate"],"picked":"SKIP","floor":21.0},{"not_picked":["Distraction","Eviscerate+1"],"picked":"Bouncing Flask","floor":22},{"not_picked":["Sucker Punch","Dagger Throw","Deadly Poison"],"picked":"SKIP","floor":28},{"not_picked":["Deadly Poison","Flying Knee+1"],"picked":"Backflip","floor":29},{"not_picked":["A Thousand Cuts","Glass Knife"],"picked":"Wraith Form v2","floor":33},{"not_picked":["Acrobatics","Poisoned Stab","Prepared"],"picked":"SKIP","floor":35},{"not_picked":["Bane","Deadly Poison"],"picked":"Deflect+1","floor":38},{"not_picked":["Masterful Stab+1","Quick Slash"],"picked":"Cloak And Dagger+1","floor":39},{"not_picked":["Reflex","Deflect"],"picked":"Blur+1","floor":40},{"not_picked":["PiercingWail","Caltrops"],"picked":"After Image","floor":41}],"player_experience":3292858,"relics_obtained":[{"floor":9.0,"key":"Blood Vial"},{"floor":10.0,"key":"Oddly Smooth Stone"},{"floor":13.0,"key":"Bag of Marbles"},{"floor":28,"key":"PreservedInsect"},{"floor":38,"key":"Incense Burner"},{"floor":40,"key":"CeramicFish"}],"event_choices":[{"cards_removed":["Masterful Stab"],"damage_healed":61.0,"max_hp_gain":0.0,"max_hp_loss":0.0,"gold_gain":0.0,"event_name":"Bonfire Elementals","player_choice":"Offered Uncommon","floor":12.0,"gold_loss":0.0,"damage_taken":0.0},{"damage_healed":0.0,"max_hp_gain":0.0,"max_hp_loss":33.0,"gold_gain":0.0,"event_name":"Ghosts","player_choice":"Became a Ghost","floor":19.0,"gold_loss":0.0,"damage_taken":0.0,"cards_obtained":["Ghostly","Ghostly","Ghostly"]},{"cards_removed":["Riddle With Holes"],"damage_healed":0.0,"max_hp_gain":0.0,"max_hp_loss":0.0,"gold_gain":0.0,"event_name":"Back to Basics","player_choice":"Elegance","floor":20.0,"gold_loss":0.0,"damage_taken":0.0},{"damage_healed":0,"gold_gain":0,"player_choice":"Ignored","damage_taken":0,"max_hp_gain":0,"max_hp_loss":0,"event_name":"Vampires","floor":30,"gold_loss":0},{"damage_healed":0,"gold_gain":50,"player_choice":"Stole From Cult","damage_taken":0,"max_hp_gain":0,"max_hp_loss":0,"event_name":"Nest","floor":31,"gold_loss":0},{"damage_healed":0,"gold_gain":0,"player_choice":"Ignored","damage_taken":0,"max_hp_gain":0,"max_hp_loss":0,"event_name":"Tomb of Lord Red Mask","floor":36,"gold_loss":0},{"damage_healed":0,"gold_gain":0,"player_choice":"Fight","damage_taken":0,"max_hp_gain":0,"max_hp_loss":0,"event_name":"Mysterious Sphere","floor":38,"gold_loss":0}],"is_beta":false,"boss_relics":[{"not_picked":["Runic Pyramid","SlaversCollar"],"picked":"Pandora\u0027s Box"},{"not_picked":["HoveringKite","WristBlade"],"picked":"Snecko Eye"}],"items_purged_floors":[],"is_endless":false,"potions_floor_spawned":[3,7,11,16,21,28,29,35,38,41],"killed_by":"Writhing Mass","ascension_level":20}}