{"host":"3z4ju2qnfrhpg6py","time":1614343692,"event":{"mods":["Act Like it!","Arknights","BaseMod","Colored Powertips","Minty Spire (QoL Compilation)","Spicy Shops","StSLib","UnlockEverythingMod","Wide Potions","noobMod","¡¾ÒÅÎï¿¨ÅÆ¡¿REMEMod"],"gold_per_floor":[124,158,192,220,220,220,265,265,305,354,354,354,403,451,451,585,663,707,743,767,801,1189,1339,1388,1465,1465,1560,1596,1629,1711,1750,1750,1918,1918,1954,2020,2050,2097,2151,2151,2229,2276,2367,2367,2413,2485,2599,2947,2947,2965,2965,2965,1824,1891,2098],"floor_reached":56,"language":"ZHS","playtime":3111,"items_purged":[],"score":1618,"play_id":"febfc48f-07b5-43b4-9d63-7f2955e85427","local_time":"20210226204812","daily_mods":["Draft","Vintage","Heirloom","Time Dilation","Elite Swarm"],"is_ascension_mode":false,"campfire_choices":[{"data":"Adrenaline","floor":6,"key":"SMITH"},{"data":"ats:Neurotoxin","floor":15,"key":"SMITH"},{"data":"ats:Durian","floor":32,"key":"SMITH"},{"data":"ats:Rapid Magazine","floor":40,"key":"SMITH"},{"data":"ats:Absolute Focus","floor":44,"key":"SMITH"},{"floor":49,"key":"RECALL"},{"data":"Violence","floor":52,"key":"SMITH"}],"circlet_count":0,"master_deck":["ats:Rapid Magazine+1","ats:Hook Shot","ats:Apocalypse+1","ats:Poison Spread","ats:Curse Doll","ats:Overload","ats:Absolute Focus+1","ats:Explosion Area Strengthen","ats:Neurotoxin+1","ats:Poison Spread","ats:Flexible Camouflage","ats:Sashimi Platter","ats:Poison Spread","ats:Closed Bolt Burst Fire","Adrenaline+1","ats:Revitalization","ats:Ambush+1","ats:Calcification","ats:Echo Reverb","ats:Powerful Strike","Adrenaline+1","ats:Nebulous Foxfire","ats:Durian+1","ats:Calcification","ats:Nebulous Foxfire","ats:Calcification","Secret Weapon","Madness","Madness","REME_BattleFury+1","Violence+1","Metamorphosis","ats:Poison Spread","ats:Powerful Strike","Apotheosis"],"relics":["ats:Sanity","REME_ComplimentaryCards","ice","ats:Gyao","ats:Spiritual Recovery","MealTicket","Sundial","Frozen Egg 2","ats:Originium","StrikeDummy","Mummified Hand","Orichalcum","White Beast Statue","ats:Military Tradition","Bag of Preparation","Tiny House","Centennial Puzzle","CeramicFish","REME_ArchaeologicalTools","ats:Emergency Defibrillator","Anchor","Shuriken","Question Card","Bottled Lightning","Omamori","REME_LimitBreaker","Thread and Needle","Nunchaku","REME_LowDesire","PreservedInsect","Happy Flower","Meat on the Bone","Ancient Tea Set","Bottled Tornado","REME_HandOfSuture","TungstenRod","Gambling Chip","Ice Cream","REME_HourglassOfDeath","Vajra","Pear","Letter Opener","ats:Rhine Circuitry","PrismaticShard","Cauldron","Boot","Pantograph","REME_PuzzleBoxRelic"],"acts_visited":["Exordium","TheCity","TheBeyond","TheEnding"],"potions_floor_usage":[55,55,55,55,55],"damage_taken":[{"damage":7,"enemies":"ats:Genji","floor":1,"turns":2},{"damage":5,"enemies":"Small Slimes","floor":2,"turns":3},{"damage":0,"enemies":"Cultist","floor":3,"turns":2},{"damage":3,"enemies":"2 Fungi Beasts","floor":4,"turns":3},{"damage":34,"enemies":"Gremlin Nob","floor":7,"turns":4},{"damage":0,"enemies":"Lagavulin","floor":10,"turns":2},{"damage":0,"enemies":"Gremlin Nob","floor":13,"turns":2},{"damage":0,"enemies":"Looter","floor":14,"turns":2},{"damage":7,"enemies":"Hexaghost","floor":16,"turns":5},{"damage":0,"enemies":"2 Thieves","floor":18,"turns":2},{"damage":0,"enemies":"Chosen","floor":19,"turns":3},{"damage":0,"enemies":"Snecko","floor":21,"turns":2},{"damage":0,"enemies":"Chosen and Byrds","floor":22,"turns":3},{"damage":45,"enemies":"Slavers","floor":23,"turns":6},{"damage":0,"enemies":"Centurion and Healer","floor":24,"turns":2},{"damage":0,"enemies":"Book of Stabbing","floor":25,"turns":1},{"damage":10,"enemies":"Slavers","floor":27,"turns":3},{"damage":0,"enemies":"Shelled Parasite and Fungi","floor":28,"turns":2},{"damage":10,"enemies":"Chosen and Byrds","floor":29,"turns":1},{"damage":6,"enemies":"Gremlin Leader","floor":30,"turns":3},{"damage":15,"enemies":"Snecko","floor":31,"turns":2},{"damage":18,"enemies":"Champ","floor":33,"turns":3},{"damage":0,"enemies":"3 Darklings","floor":35,"turns":1},{"damage":15,"enemies":"3 Shapes","floor":36,"turns":3},{"damage":66,"enemies":"Transient","floor":37,"turns":5},{"damage":0,"enemies":"Sphere and 2 Shapes","floor":38,"turns":3},{"damage":6,"enemies":"4 Shapes","floor":39,"turns":3},{"damage":5,"enemies":"Nemesis","floor":41,"turns":3},{"damage":0,"enemies":"Writhing Mass","floor":42,"turns":2},{"damage":5,"enemies":"Giant Head","floor":45,"turns":2},{"damage":6,"enemies":"Nemesis","floor":47,"turns":3},{"damage":36,"enemies":"Donu and Deca","floor":50,"turns":6},{"damage":9,"enemies":"Shield and Spear","floor":54,"turns":2},{"damage":48,"enemies":"The Heart","floor":55,"turns":5}],"seed_played":"-168735801034295809","potions_obtained":[{"floor":3,"key":"Explosive Potion"},{"floor":10,"key":"LiquidBronze"},{"floor":13,"key":"Block Potion"},{"floor":35,"key":"EntropicBrew"},{"floor":53,"key":"CultistPotion"}],"is_trial":true,"path_per_floor":["M","M","M","M","?","R","E","?","T","E","?","?","E","M","R","B",null,"M","M","?","M","M","E","M","E","T","E","M","M","E","M","R","B",null,"M","M","M","M","M","R","E","M","T","R","E","?","E","?","R","B",null,"R","$","E","B",null],"character_chosen":"DOCTOR_CLASS","items_purchased":["Letter Opener","ats:Rhine Circuitry","PrismaticShard","Cauldron","Boot","Pantograph","Metamorphosis","ats:Poison Spread","ats:Powerful Strike"],"campfire_rested":0,"item_purchase_floors":[53,53,53,53,53,53,53,53,53],"current_hp_per_floor":[65,64,64,67,67,67,38,26,26,30,12,12,25,39,39,72,77,77,77,77,77,77,46,71,71,71,62,77,67,71,77,77,59,77,77,70,43,73,72,72,77,77,77,77,72,63,84,84,84,80,87,87,87,87,55],"gold":2098,"neow_bonus":"","is_daily":false,"chose_seed":false,"campfire_upgraded":6,"win_rate":0.0,"timestamp":1614343692,"path_taken":["M","M","M","M","?","R","E","?","T","E","?","?","E","M","R","BOSS","M","M","?","M","?","E","M","E","T","E","M","M","E","M","R","BOSS","M","M","M","M","M","R","E","M","T","R","E","?","E","?","R","BOSS","R","$","E","BOSS"],"items_purchased_type":["Relic","Relic","Relic","Relic","Relic","Relic","Card","Card","Card"],"build_version":"2020-12-22","purchased_purges":0,"victory":true,"max_hp_per_floor":[72,72,72,72,72,72,72,72,72,72,72,72,72,72,72,72,77,77,77,77,77,77,77,77,77,77,77,77,77,77,77,77,77,77,77,77,77,77,77,77,77,77,77,77,77,77,87,87,87,87,87,87,87,87,87],"card_choices":[{"not_picked":["ats:Apocalypse","ats:Absolute Focus"],"picked":"ats:Rapid Magazine","floor":0},{"not_picked":["ats:Hammer On","ats:Guardian Obelisk"],"picked":"ats:Hook Shot","floor":0},{"not_picked":["ats:Rapid Magazine","ats:Revitalization"],"picked":"ats:Apocalypse","floor":0},{"not_picked":["ats:Absolute Focus","ats:Closed Bolt Burst Fire"],"picked":"ats:Poison Spread","floor":0},{"not_picked":["ats:Apocalypse","ats:Shell Defense"],"picked":"ats:Curse Doll","floor":0},{"not_picked":["ats:Powerful Strike","ats:Consecutive Shot Auto"],"picked":"ats:Overload","floor":0},{"not_picked":["ats:Healing Strengthening","ats:Leaping Hammer"],"picked":"ats:Absolute Focus","floor":0},{"not_picked":["ats:Thermite Blade","ats:Very Hot Blade"],"picked":"ats:Explosion Area Strengthen","floor":0},{"not_picked":["ats:Red Shift","ats:Closed Bolt Burst Fire"],"picked":"ats:Neurotoxin","floor":0},{"not_picked":["ats:Very Hot Blade","ats:Mental Burst"],"picked":"ats:Poison Spread","floor":0},{"not_picked":["ats:Very Hot Blade","ats:Thermite Blade"],"picked":"ats:Flexible Camouflage","floor":0},{"not_picked":["ats:Apocalypse","ats:Part Time Job"],"picked":"ats:Sashimi Platter","floor":0},{"not_picked":["ats:Steam Pump","ats:Consecutive Shot Auto"],"picked":"ats:Poison Spread","floor":0},{"not_picked":["ats:Mental Burst","ats:Very Hot Blade"],"picked":"ats:Closed Bolt Burst Fire","floor":0},{"not_picked":["ats:Burning Ground","ats:Ignite"],"picked":"ats:Spore Proliferation","floor":0},{"not_picked":["ats:Dogmatic Field+1","ats:Wolf Pack","ats:Shadow Assault"],"picked":"SKIP","floor":7},{"not_picked":["ats:Echo Reverb","ats:Wolf Pack"],"picked":"ats:Ambush+1","floor":10},{"not_picked":["ats:Roar Of Ursus+1","ats:True Silver Slash"],"picked":"ats:Calcification","floor":13},{"not_picked":["ats:Fractured Body","ats:Calcification"],"picked":"ats:Echo Reverb","floor":16},{"not_picked":["ats:Encircling Forest","ats:Rapid Magazine+1"],"picked":"ats:Powerful Strike","floor":17},{"not_picked":["ats:Dogmatic Field+1","ats:Volcano"],"picked":"ats:Nebulous Foxfire","floor":23},{"not_picked":["ats:True Silver Slash","ats:Soul Rend+1"],"picked":"ats:Durian","floor":25},{"not_picked":["ats:Rat Pack","ats:Fractured Body","ats:Echo Reverb"],"picked":"ats:Calcification","floor":27},{"not_picked":["ats:Soul Rend+1","ats:Volcano","ats:Disruption Kick"],"picked":"ats:Nebulous Foxfire","floor":30},{"not_picked":["ats:Nebulous Foxfire","ats:Volcano","ats:Ambush+1"],"picked":"ats:Calcification","floor":33},{"not_picked":["ats:Calcification","ats:Soul Rend+1","ats:Durian","ats:True Silver Slash"],"picked":"Secret Weapon","floor":41},{"not_picked":["ats:Soul Rend+1","ats:Ambush+1","ats:True Silver Slash","ats:Wolf Pack","Chrysalis"],"picked":"SKIP","floor":45},{"not_picked":["Deep Breath","Sadistic Nature+1","Finesse"],"picked":"Madness","floor":46},{"not_picked":["REME_BodyOfCthun","Dark Shackles","REME_Flogging+1"],"picked":"Madness","floor":46},{"not_picked":["Metamorphosis","Panacea","Madness"],"picked":"REME_BattleFury+1","floor":46},{"not_picked":["ats:Rat Pack","ats:Dogmatic Field+1","ats:Roar Of Ursus+1","ats:Calcification"],"picked":"Violence","floor":47},{"not_picked":["Panache+1","HandOfGreed","Magnetism+1","Violence"],"picked":"Apotheosis","floor":54}],"player_experience":49871,"relics_obtained":[{"floor":1,"key":"ats:Spiritual Recovery"},{"floor":2,"key":"MealTicket"},{"floor":3,"key":"Sundial"},{"floor":4,"key":"Frozen Egg 2"},{"floor":7,"key":"ats:Originium"},{"floor":7,"key":"StrikeDummy"},{"floor":9,"key":"Orichalcum"},{"floor":10,"key":"ats:Originium"},{"floor":10,"key":"White Beast Statue"},{"floor":13,"key":"ats:Originium"},{"floor":13,"key":"ats:Military Tradition"},{"floor":14,"key":"Bag of Preparation"},{"floor":18,"key":"Centennial Puzzle"},{"floor":19,"key":"CeramicFish"},{"floor":21,"key":"REME_ArchaeologicalTools"},{"floor":22,"key":"ats:Emergency Defibrillator"},{"floor":23,"key":"ats:Originium"},{"floor":23,"key":"Anchor"},{"floor":24,"key":"Shuriken"},{"floor":25,"key":"Question Card"},{"floor":27,"key":"Bottled Lightning"},{"floor":28,"key":"Omamori"},{"floor":29,"key":"REME_LimitBreaker"},{"floor":30,"key":"Thread and Needle"},{"floor":31,"key":"Nunchaku"},{"floor":34,"key":"PreservedInsect"},{"floor":34,"key":"Happy Flower"},{"floor":35,"key":"Meat on the Bone"},{"floor":36,"key":"Ancient Tea Set"},{"floor":37,"key":"Bottled Tornado"},{"floor":38,"key":"REME_HandOfSuture"},{"floor":39,"key":"TungstenRod"},{"floor":41,"key":"Gambling Chip"},{"floor":42,"key":"Ice Cream"},{"floor":43,"key":"REME_HourglassOfDeath"},{"floor":45,"key":"Vajra"},{"floor":47,"key":"Pear"},{"floor":54,"key":"REME_PuzzleBoxRelic"}],"event_choices":[{"damage_healed":0,"gold_gain":0,"cards_transformed":["ats:Spore Proliferation"],"player_choice":"Change","damage_taken":0,"max_hp_gain":0,"max_hp_loss":0,"event_name":"Living Wall","floor":5,"gold_loss":0,"cards_obtained":["ats:Revitalization"]},{"damage_healed":0,"gold_gain":0,"player_choice":"Success","damage_taken":12,"relics_obtained":["Mummified Hand"],"max_hp_gain":0,"max_hp_loss":0,"event_name":"Scrap Ooze","floor":8,"gold_loss":0},{"damage_healed":0,"gold_gain":0,"player_choice":"Take Damage","damage_taken":18,"relics_obtained":["Golden Idol"],"max_hp_gain":0,"max_hp_loss":0,"event_name":"Golden Idol","floor":11,"gold_loss":0},{"damage_healed":0,"gold_gain":0,"player_choice":"Ignored","damage_taken":0,"max_hp_gain":0,"max_hp_loss":0,"event_name":"Shining Light","floor":12,"gold_loss":0},{"damage_healed":0,"gold_gain":0,"player_choice":"Copied","damage_taken":0,"max_hp_gain":0,"max_hp_loss":0,"event_name":"Duplicator","floor":20,"gold_loss":0,"cards_obtained":["Adrenaline"]},{"damage_healed":0,"gold_gain":0,"player_choice":"Memory 3","damage_taken":10,"max_hp_gain":0,"max_hp_loss":0,"event_name":"SensoryStone","floor":46,"gold_loss":0},{"damage_healed":0,"gold_gain":333,"player_choice":"Gave Idol","damage_taken":0,"max_hp_gain":0,"max_hp_loss":0,"event_name":"The Moai Head","floor":48,"relics_lost":["Golden Idol"],"gold_loss":0}],"is_beta":false,"boss_relics":[{"not_picked":["Runic Pyramid","Runic Dome"],"picked":"Tiny House"},{"not_picked":["Philosopher\u0027s Stone","REME_ChargedStone"],"picked":"REME_LowDesire"}],"items_purged_floors":[],"is_endless":false,"potions_floor_spawned":[3,10,13,14,16,18,19,21,22,23,24,25,27,28,29,30,31,33,35,36,37,38,39,41,42,45,47,54],"ascension_level":0}}