{"host":"5jzx1090woovszu4","time":1614300304,"event":{"mods":["BaseMod","Minty Spire (QoL Compilation)","Robot Space Explorer","Shapeshifter Mod","Spicy Shops","StSLib"],"gold_per_floor":[115,135,82,82,99,131,144,144,144,155,183,23,47,47,47,166,166,185,201,215,215,22,22,40,40,40,56,56,89,89,132,132,260,260,281,614,614,614,614,614,625,638,638,638,654,654,681,60,60,60],"floor_reached":51,"language":"ENG","playtime":2673,"items_purged":[],"score":773,"play_id":"858c8aeb-9380-4bbf-8723-dd2a1605d06e","local_time":"20210226014504","daily_mods":["SealedDeck"],"is_ascension_mode":false,"campfire_choices":[{"data":"StSShapeShifter:PoisonIvy","floor":8,"key":"SMITH"},{"floor":15,"key":"REST"},{"data":"StSShapeShifter:WolfsBane","floor":23,"key":"SMITH"},{"data":"StSShapeShifter:BarkSkin","floor":25,"key":"SMITH"},{"data":"StSShapeShifter:BaskInBloom","floor":28,"key":"SMITH"},{"data":"StSShapeShifter:RockSlide","floor":30,"key":"SMITH"},{"data":"StSShapeShifter:Efflorescence","floor":32,"key":"SMITH"},{"data":"StSShapeShifter:FlowerShield","floor":40,"key":"SMITH"},{"floor":44,"key":"REST"},{"floor":46,"key":"REST"},{"floor":49,"key":"REST"}],"circlet_count":0,"master_deck":["StSShapeShifter:FallingLeaves","StSShapeShifter:PoisonIvy+1","StSShapeShifter:FlowerShield","StSShapeShifter:Efflorescence+1","StSShapeShifter:PantherForm+1","StSShapeShifter:AdaptiveStrikes","StSShapeShifter:AdaptiveStrikes","StSShapeShifter:BurstingSpore","StSShapeShifter:BladeOfGrass","StSShapeShifter:PoisonIvy+1","StSShapeShifter:BurstingSpore","StSShapeShifter:BurstingSpore","StSShapeShifter:VileMushroom","StSShapeShifter:RockSlide+1","StSShapeShifter:BaskInBloom+1","StSShapeShifter:BarkSkin+1","StSShapeShifter:WolfsBane+1","StSShapeShifter:TopazSkin+1","StSShapeShifter:BarkSkin","StSShapeShifter:FlowerShield+1","StSShapeShifter:RhinoCalfForm","StSShapeShifter:StormGryphonForm","StSShapeShifter:FallingLeaves+1","StSShapeShifter:WolfsBane+1","StSShapeShifter:WolfsBane"],"relics":["StSShapeShifter:AnimalHeart","StSShapeShifter:TheShapeShiftersMagnolia","Nunchaku","Gambling Chip","Sundial","Bronze Scales","Odd Mushroom","StSShapeShifter:LemurHeaddress","Bag of Marbles","StSShapeShifter:LoyalLobster","Bottled Flame","War Paint","SacredBark","Dream Catcher","StSShapeShifter:PetrifiedLog","StSShapeShifter:EmeraldPantherFigurine","DollysMirror","StSShapeShifter:Fertilizer"],"acts_visited":["Exordium","TheCity","TheBeyond"],"potions_floor_usage":[6,7,11,16,31,33,33,41,41,41,50,50,50],"damage_taken":[{"damage":9,"enemies":"Jaw Worm","floor":1,"turns":2},{"damage":0,"enemies":"Small Slimes","floor":2,"turns":3},{"damage":2,"enemies":"Cultist","floor":5,"turns":3},{"damage":3,"enemies":"Gremlin Nob","floor":6,"turns":4},{"damage":0,"enemies":"Exordium Wildlife","floor":7,"turns":2},{"damage":12,"enemies":"Large Slime","floor":10,"turns":4},{"damage":16,"enemies":"3 Sentries","floor":11,"turns":4},{"damage":3,"enemies":"The Mushroom Lair","floor":13,"turns":3},{"damage":14,"enemies":"The Guardian","floor":16,"turns":7},{"damage":14,"enemies":"2 Thieves","floor":18,"turns":3},{"damage":0,"enemies":"3 Byrds","floor":19,"turns":3},{"damage":2,"enemies":"Centurion and Healer","floor":20,"turns":3},{"damage":9,"enemies":"Snake Plant","floor":24,"turns":3},{"damage":0,"enemies":"Snecko","floor":27,"turns":3},{"damage":9,"enemies":"Gremlin Leader","floor":29,"turns":4},{"damage":9,"enemies":"Slavers","floor":31,"turns":5},{"damage":21,"enemies":"Collector","floor":33,"turns":4},{"damage":17,"enemies":"Orb Walker","floor":35,"turns":5},{"damage":8,"enemies":"3 Darklings","floor":41,"turns":5},{"damage":19,"enemies":"Sphere and 2 Shapes","floor":42,"turns":4},{"damage":16,"enemies":"Transient","floor":45,"turns":5},{"damage":44,"enemies":"Nemesis","floor":47,"turns":7},{"damage":20,"enemies":"Donu and Deca","floor":50,"turns":8}],"seed_played":"-6149157086055565087","potions_obtained":[{"floor":2,"key":"EntropicBrew"},{"floor":6,"key":"SkillPotion"},{"floor":10,"key":"EntropicBrew"},{"floor":13,"key":"Energy Potion"},{"floor":19,"key":"Fire Potion"},{"floor":31,"key":"CultistPotion"},{"floor":33,"key":"SpeedPotion"},{"floor":41,"key":"Fruit Juice"}],"is_trial":true,"path_per_floor":["M","M","$","?","M","E","M","R","T","M","E","$","?","?","R","B",null,"M","M","M","?","$","R","M","R","T","M","R","E","R","E","R","B",null,"M","?","?","?","?","R","M","M","T","R","M","R","E","$","R","B",null],"character_chosen":"SHAPESHIFTER","items_purchased":["StSShapeShifter:BurstingSpore","StSShapeShifter:RockSlide","StSShapeShifter:BaskInBloom","StSShapeShifter:FlowerShield","Bag of Marbles","StSShapeShifter:EmeraldPantherFigurine","DollysMirror","SkillPotion","StSShapeShifter:Fertilizer"],"campfire_rested":4,"item_purchase_floors":[3,12,12,22,22,48,48,48,48],"current_hp_per_floor":[69,69,69,66,64,61,61,61,61,49,33,33,30,11,34,20,78,64,64,62,67,67,67,58,58,58,58,58,49,49,40,40,19,78,61,61,61,61,54,54,56,37,37,63,47,73,29,29,55,35],"gold":60,"neow_bonus":"","is_daily":false,"chose_seed":false,"campfire_upgraded":7,"win_rate":0.0,"timestamp":1614300304,"path_taken":["M","M","$","?","M","E","M","R","T","M","E","$","?","?","R","BOSS","M","M","M","?","?","R","M","R","T","M","R","E","R","E","R","BOSS","M","?","?","?","?","R","?","M","T","R","M","R","E","$","R","BOSS"],"items_purchased_type":["Card","Card","Card","Card","Relic","Relic","Relic","Potion","Relic"],"build_version":"2020-12-22","purchased_purges":0,"victory":true,"max_hp_per_floor":[78,78,78,78,78,78,78,78,78,78,78,78,78,78,78,78,78,78,78,78,78,78,78,78,78,78,78,78,78,78,78,78,78,78,78,78,78,78,78,78,88,88,88,88,88,88,88,88,88,88],"card_choices":[{"not_picked":["StSShapeShifter:OakBlade","StSShapeShifter:DeepWound"],"picked":"StSShapeShifter:PoisonIvy","floor":1},{"not_picked":["StSShapeShifter:ThornToss","StSShapeShifter:BulwarkOfDiscovery"],"picked":"StSShapeShifter:BurstingSpore","floor":2},{"not_picked":["StSShapeShifter:Sapling","StSShapeShifter:Efflorescence","StSShapeShifter:HippoForm"],"picked":"SKIP","floor":5},{"not_picked":["StSShapeShifter:CursedApple","StSShapeShifter:Rest","StSShapeShifter:ThornToss"],"picked":"SKIP","floor":6},{"not_picked":["StSShapeShifter:Rest","StSShapeShifter:Sapling"],"picked":"StSShapeShifter:BurstingSpore","floor":7},{"not_picked":["StSShapeShifter:OakBlade","StSShapeShifter:ThornToss"],"picked":"StSShapeShifter:VileMushroom","floor":10},{"not_picked":["StSShapeShifter:Roar","StSShapeShifter:ThrashAbout","StSShapeShifter:ThornedSkin"],"picked":"SKIP","floor":11},{"not_picked":["StSShapeShifter:RatForm","StSShapeShifter:FesteringBite"],"picked":"StSShapeShifter:BarkSkin","floor":13},{"not_picked":["StSShapeShifter:Summon_Mountains","StSShapeShifter:MysticalSeed"],"picked":"StSShapeShifter:WolfsBane","floor":16},{"not_picked":["StSShapeShifter:Maul+1","StSShapeShifter:OakBlade","StSShapeShifter:BloomingSlash"],"picked":"SKIP","floor":18},{"not_picked":["StSShapeShifter:Mystical_Branch","StSShapeShifter:SunflowerShuriken+1"],"picked":"StSShapeShifter:TopazSkin+1","floor":19},{"not_picked":["StSShapeShifter:Garden","StSShapeShifter:ThornToss"],"picked":"StSShapeShifter:BarkSkin","floor":20},{"not_picked":["StSShapeShifter:Maul+1","StSShapeShifter:EmbraceTheCycle"],"picked":"StSShapeShifter:RhinoCalfForm","floor":24},{"not_picked":["StSShapeShifter:BloomingSlash","StSShapeShifter:CosmicShifter","StSShapeShifter:BarkSkin"],"picked":"SKIP","floor":27},{"not_picked":["StSShapeShifter:Roar","StSShapeShifter:Rabid","StSShapeShifter:SunflowerShuriken"],"picked":"SKIP","floor":29},{"not_picked":["StSShapeShifter:BarkSkin","StSShapeShifter:FesteringBite+1","StSShapeShifter:BladeOfGrass"],"picked":"SKIP","floor":31},{"not_picked":["StSShapeShifter:CursedApple","StSShapeShifter:VineHandcuffs","StSShapeShifter:EagleForm+1"],"picked":"SKIP","floor":35},{"not_picked":["StSShapeShifter:ThrashAbout+1","StSShapeShifter:BurstingSpore+1","StSShapeShifter:BladeOfGrass+1"],"picked":"SKIP","floor":41},{"not_picked":["StSShapeShifter:ShiftingStrike+1","StSShapeShifter:BurstingSpore+1","StSShapeShifter:BloomingSlash"],"picked":"SKIP","floor":42},{"not_picked":["StSShapeShifter:FesteringBite","StSShapeShifter:HummingbirdForm+1"],"picked":"StSShapeShifter:FallingLeaves+1","floor":45},{"not_picked":["StSShapeShifter:FesteringBite","StSShapeShifter:Flourish+1","StSShapeShifter:SunflowerShuriken"],"picked":"SKIP","floor":47},{"not_picked":["StSShapeShifter:Sapling+1","StSShapeShifter:ShiftingStrike"],"picked":"StSShapeShifter:WolfsBane","floor":49}],"player_experience":655102,"relics_obtained":[{"floor":6,"key":"Gambling Chip"},{"floor":9,"key":"Sundial"},{"floor":11,"key":"Bronze Scales"},{"floor":13,"key":"Odd Mushroom"},{"floor":26,"key":"StSShapeShifter:LoyalLobster"},{"floor":29,"key":"Bottled Flame"},{"floor":31,"key":"War Paint"},{"floor":43,"key":"Dream Catcher"},{"floor":47,"key":"StSShapeShifter:PetrifiedLog"}],"event_choices":[{"damage_healed":0,"gold_gain":0,"player_choice":"Success","damage_taken":3,"relics_obtained":["Nunchaku"],"max_hp_gain":0,"max_hp_loss":0,"event_name":"Scrap Ooze","floor":4,"gold_loss":0},{"damage_healed":0,"gold_gain":0,"player_choice":"Fought Mushrooms","damage_taken":0,"max_hp_gain":0,"max_hp_loss":0,"event_name":"Mushrooms","floor":13,"gold_loss":0},{"damage_healed":0,"gold_gain":0,"player_choice":"Take Damage","damage_taken":19,"relics_obtained":["Golden Idol"],"max_hp_gain":0,"max_hp_loss":0,"event_name":"Golden Idol","floor":14,"gold_loss":0},{"cards_removed":["StSShapeShifter:BurstingSpore"],"damage_healed":5,"gold_gain":0,"player_choice":"Offered Common","damage_taken":0,"max_hp_gain":0,"max_hp_loss":0,"event_name":"Bonfire Elementals","floor":21,"gold_loss":0},{"cards_removed":["StSShapeShifter:BurstingSpore"],"damage_healed":5,"gold_gain":0,"player_choice":"Offered Special","damage_taken":0,"max_hp_gain":0,"max_hp_loss":0,"event_name":"Bonfire Elementals","floor":21,"gold_loss":0},{"damage_healed":0,"gold_gain":333,"player_choice":"Gave Idol","damage_taken":0,"max_hp_gain":0,"max_hp_loss":0,"event_name":"The Moai Head","floor":36,"relics_lost":["Golden Idol"],"gold_loss":0},{"cards_removed":["StSShapeShifter:AdaptiveStrikes"],"damage_healed":0,"gold_gain":0,"player_choice":"Removed Attack","damage_taken":0,"max_hp_gain":0,"max_hp_loss":0,"event_name":"Falling","floor":37,"gold_loss":0},{"damage_healed":0,"gold_gain":0,"player_choice":"Ignored","damage_taken":0,"max_hp_gain":0,"max_hp_loss":0,"event_name":"Tomb of Lord Red Mask","floor":38,"gold_loss":0}],"is_beta":false,"boss_relics":[{"not_picked":["Snecko Eye","Calling Bell"],"picked":"StSShapeShifter:LemurHeaddress"},{"not_picked":["Astrolabe","Runic Dome"],"picked":"SacredBark"}],"items_purged_floors":[],"is_endless":false,"potions_floor_spawned":[2,6,10,13,19,24,31,33,41],"ascension_level":0}}