{"host":"ve5hox67eka4rdnb","time":1614345186,"event":{"mods":["ATMod(°¢èªMod)","AchievementEnabler","BaseMod","Downfall","Lobotomy","LobotomyExtend","Minty Spire (QoL Compilation)","Quick Restart","Replay The Spire","StSLib"],"gold_per_floor":[99,99,99,156,156,156,156,182,7,32,43,56,56,76,96,193,193,193,193,31,31,47,47,47,47],"floor_reached":23,"language":"ZHS","playtime":1021,"items_purged":["hexamod:Defend"],"score":205,"play_id":"3db3185b-7575-4258-b86c-830ae3cf6454","local_time":"20210226211306","is_ascension_mode":true,"campfire_choices":[{"data":"hexamod:Float","floor":1,"key":"SMITH"},{"data":"AT_OneInchPunch","floor":13,"key":"SMITH"},{"data":"hexamod:ForkedFlame","floor":18,"key":"SMITH"}],"circlet_count":0,"master_deck":["hexamod:Strike","hexamod:Strike","hexamod:Strike","hexamod:Strike","hexamod:Defend","hexamod:Defend","hexamod:Defend","hexamod:Sear","hexamod:Float+1","AT_OneInchPunch+1","hexamod:SpectersWail","hexamod:Float+1","hexamod:FlamesFromBeyond","hexamod:TurnItUp","hexamod:FlamesFromBeyond","hexamod:FlamesFromBeyond","hexamod:Hexaguard","hexamod:ThermalTransfer","hexamod:VolcanoVisage","hexamod:ForkedFlame+1","hexamod:SpectralSpark","hexamod:AdvancingGuard+1"],"relics":["hexamod:SpiritBrand","AT_ATBox","downfall:HeartsMalice","LetterFromLob","AT_RedNoBalance","Replay:WaspNest","Oddly Smooth Stone","Philosopher\u0027s Stone","Gaze_r","LaetitiaHeart","Medical Kit"],"acts_visited":["Exordium","TheCity"],"potions_floor_usage":[16,19],"damage_taken":[{"damage":0,"enemies":"Small Slimes","floor":2,"turns":1},{"damage":0,"enemies":"Jaw Worm","floor":3,"turns":1},{"damage":0,"enemies":"2 Louse","floor":6,"turns":1},{"damage":21,"enemies":"Lagavulin","floor":8,"turns":5},{"damage":0,"enemies":"downfall:FleeingMerchant","floor":9,"turns":4},{"damage":13,"enemies":"Gremlin Nob","floor":10,"turns":3},{"damage":0,"enemies":"Red Slaver","floor":11,"turns":2},{"damage":0,"enemies":"Lots of Slimes","floor":12,"turns":3},{"damage":0,"enemies":"Exordium Wildlife","floor":14,"turns":3},{"damage":5,"enemies":"Large Slime","floor":15,"turns":3},{"damage":6,"enemies":"SI_SHIV_ARCHETYPE","floor":16,"turns":6},{"damage":11,"enemies":"3 Byrds","floor":19,"turns":3},{"damage":2,"enemies":"downfall:FleeingMerchant","floor":20,"turns":4},{"damage":11,"enemies":"3 Byrds","floor":22,"turns":3},{"damage":0,"enemies":"Slavers","floor":23,"turns":1}],"seed_played":"8703560454774991034","potions_obtained":[{"floor":4,"key":"FairyPotion"},{"floor":8,"key":"SteroidPotion"},{"floor":10,"key":"PowerPotion"},{"floor":11,"key":"SteroidPotion"},{"floor":16,"key":"SkillPotion"},{"floor":21,"key":"Fire Potion"},{"floor":21,"key":"Explosive Potion"}],"is_trial":false,"path_per_floor":["R","M","M","?","?","M","T","E","$","E","M","M","R","M","M","B",null,"R","M","$","?","M","E"],"character_chosen":"THE_SPIRIT","items_purchased":["hexamod:FlamesFromBeyond","hexamod:Hexaguard","Medical Kit"],"campfire_rested":0,"item_purchase_floors":[9,9,20],"current_hp_per_floor":[70,70,70,70,70,35,35,14,35,22,35,35,35,35,30,29,70,70,24,22,22,11,11,11,11],"gold":47,"neow_bonus":"THREE_ENEMY_KILL","is_daily":false,"chose_seed":false,"campfire_upgraded":3,"win_rate":0.0,"timestamp":1614345186,"path_taken":["R","M","M","?","?","M","T","E","$","E","M","M","R","M","M","BOSS","R","M","$","?","?","E"],"items_purchased_type":["Card","Card","Relic"],"build_version":"2020-12-22","purchased_purges":1,"victory":false,"max_hp_per_floor":[70,70,70,70,70,70,70,70,70,70,70,70,70,70,70,70,70,70,70,70,70,70,70,70,70],"card_choices":[{"not_picked":["hexamod:BurningTouch","hexamod:ThermalTransfer","hexamod:Haunt"],"picked":"SKIP","floor":2},{"not_picked":["hexamod:Firestarter","hexamod:GhostLash","hexamod:NightmareStrike"],"picked":"SKIP","floor":3},{"not_picked":["hexamod:HeatShield","hexamod:FlamesFromBeyond"],"picked":"hexamod:SpectersWail","floor":4},{"not_picked":["hexamod:Firestarter","hexamod:SuperheatedStrike","hexamod:ChargedBarrage"],"picked":"SKIP","floor":6},{"not_picked":["hexamod:NecessarySacrifice","hexamod:Firestarter"],"picked":"hexamod:FlamesFromBeyond","floor":8},{"not_picked":["hexamod:AdvancingGuard","hexamod:InspiringFlames"],"picked":"hexamod:TurnItUp","floor":9},{"not_picked":["hexamod:RecurringNightmare","hexamod:Haunt","hexamod:ApocalypseNow"],"picked":"SKIP","floor":10},{"not_picked":["hexamod:RecurringNightmare","hexamod:Haunt","hexamod:ApocalypseNow"],"picked":"SKIP","floor":10},{"not_picked":["hexamod:Firestarter","hexamod:HeatShield","hexamod:FlamesFromBeyond"],"picked":"SKIP","floor":11},{"not_picked":["hexamod:HeatShield","hexamod:SuperheatedStrike"],"picked":"hexamod:ThermalTransfer","floor":12},{"not_picked":["hexamod:PhantomCloak","hexamod:ThermalTransfer","hexamod:NightmareStrike"],"picked":"SKIP","floor":14},{"not_picked":["hexamod:StepThrough","hexamod:ThermalTransfer"],"picked":"hexamod:VolcanoVisage","floor":15},{"not_picked":["hexamod:Toasty","hexamod:GiftsFromTheDead"],"picked":"hexamod:ForkedFlame","floor":16},{"not_picked":["hexamod:ThirdSeal","hexamod:EmpoweredFlame"],"picked":"hexamod:SpectralSpark","floor":20},{"not_picked":["hexamod:BacktrackSmack+1","hexamod:HeatMetal"],"picked":"hexamod:AdvancingGuard+1","floor":22}],"player_experience":236064,"relics_obtained":[{"floor":2,"key":"LetterFromLob"},{"floor":4,"key":"AT_SilverBalance"},{"floor":7,"key":"Replay:WaspNest"},{"floor":8,"key":"Oddly Smooth Stone"},{"floor":10,"key":"PreservedInsect"}],"event_choices":[],"is_beta":false,"boss_relics":[{"not_picked":["Empty Cage","Kintsugi"],"picked":"Philosopher\u0027s Stone"}],"items_purged_floors":[9],"is_endless":false,"potions_floor_spawned":[8,10,11,12,14,16,19],"killed_by":"Slavers","ascension_level":1}}