{"host":"y9c31ugcc5enwcvp","time":1614318113,"event":{"mods":["Act Like it!","BaseMod","Better Match","Better Note","Colored Powertips","Downfall","Gremlin Skip","Minty Spire (QoL Compilation)","Rare Cards Sparkle","Smile Girya","Spire Arcade","StSLib","Unceasing Turn Reminder","Waifu the Spire"],"gold_per_floor":[99,113,131,15,15,27,27,27,57,57,85,109,181,193,219,326,338,250,276,198,198,198,37,85,85,85,105,5,25,25,45,55,155,155,155,172,172,189,110,137,162,37,55,55,55,55],"floor_reached":44,"language":"ENG","playtime":4320,"items_purged":["bronze:Strike","bronze:Strike","bronze:Strike"],"score":496,"play_id":"3142ed5e-8125-4688-809f-4967e0e29adc","local_time":"20210225234153","is_ascension_mode":false,"campfire_choices":[{"floor":1,"key":"RECALL"},{"floor":8,"key":"REST"},{"floor":10,"key":"REST"},{"data":"bronze:FineTuning","floor":18,"key":"SMITH"},{"data":"bronze:SpaghettiCode","floor":26,"key":"SMITH"},{"data":"bronze:Philosophize","floor":28,"key":"SMITH"},{"data":"bronze:Philosophize","floor":30,"key":"SMITH"},{"data":"bronze:Iterate","floor":35,"key":"SMITH"}],"circlet_count":0,"master_deck":["bronze:Defend","bronze:Defend","bronze:Defend","bronze:Defend","bronze:Replicate","bronze:Goto","bronze:Iterate","bronze:ChosenStrike","bronze:ClassDefault","bronze:Iterate+1","bronze:FineTuning+1","bronze:SpaghettiCode+1","bronze:Philosophize+1","bronze:ClassDefault","bronze:Iterate","bronze:Mutator","bronze:Philosophize+1","bronze:Frontload","bronze:Verify","bronze:Branch+1","Dramatic Entrance","bronze:Return","bronze:Verify","bronze:CloningBeam+1","bronze:MaxOutput","bronze:MaxOutput","bronze:Boost+1"],"relics":["bronze:PlatinumCore","downfall:ShatteredFragment","Mummified Hand","Bottled Flame","MawBank","downfall:HeartBlessingRed","Dead Branch","downfall:HeartBlessingBlue","Runic Pyramid","Gambling Chip","Lantern"],"acts_visited":["Exordium","TheCity","TheBeyond"],"potions_floor_usage":[11,16,16,20,32,33],"damage_taken":[{"damage":5,"enemies":"Cultist","floor":2,"turns":4},{"damage":4,"enemies":"2 Louse","floor":3,"turns":3},{"damage":0,"enemies":"downfall:FleeingMerchant","floor":4,"turns":4},{"damage":8,"enemies":"Jaw Worm","floor":6,"turns":4},{"damage":18,"enemies":"Gremlin Nob","floor":9,"turns":4},{"damage":36,"enemies":"Lagavulin","floor":11,"turns":5},{"damage":0,"enemies":"2 Fungi Beasts","floor":12,"turns":1},{"damage":0,"enemies":"Large Slime","floor":15,"turns":3},{"damage":27,"enemies":"SI_SHIV_ARCHETYPE","floor":16,"turns":5},{"damage":0,"enemies":"Shell Parasite","floor":19,"turns":2},{"damage":1,"enemies":"downfall:FleeingMerchant","floor":20,"turns":4},{"damage":20,"enemies":"downfall:FleeingMerchant","floor":23,"turns":4},{"damage":0,"enemies":"downfall:LooterAlt2","floor":27,"turns":1},{"damage":0,"enemies":"3 Cultists","floor":29,"turns":2},{"damage":0,"enemies":"Snecko","floor":31,"turns":2},{"damage":0,"enemies":"Shelled Parasite and Fungi","floor":32,"turns":2},{"damage":62,"enemies":"WA_ARCHETYPE_CALM","floor":33,"turns":7},{"damage":0,"enemies":"Orb Walker","floor":36,"turns":1},{"damage":2,"enemies":"3 Darklings","floor":38,"turns":2},{"damage":40,"enemies":"Nemesis","floor":40,"turns":5},{"damage":16,"enemies":"4 Shapes","floor":43,"turns":5},{"damage":33,"enemies":"Spire Growth","floor":44,"turns":2}],"seed_played":"-6151733927370474771","potions_obtained":[{"floor":2,"key":"bronze:FreeFunctionsPotion"},{"floor":11,"key":"BlessingOfTheForge"},{"floor":12,"key":"GamblersBrew"},{"floor":15,"key":"Regen Potion"},{"floor":19,"key":"Dexterity Potion"},{"floor":27,"key":"Strength Potion"},{"floor":31,"key":"ColorlessPotion"},{"floor":32,"key":"Energy Potion"}],"is_trial":false,"path_per_floor":["R","M","M","$","?","M","T","R","E","R","E","M","?","?","M","B",null,"R","M","$","?","?","$","T","?","R","M","R","M","R","M","M","B",null,"R","M","?","M","$","E","T","$","M","M"],"character_chosen":"THE_AUTOMATON","items_purchased":["bronze:Iterate","bronze:ItsAFeature","Dead Branch","Dramatic Entrance","bronze:MaxOutput"],"campfire_rested":2,"item_purchase_floors":[4,4,23,23,39],"current_hp_per_floor":[77,72,68,68,47,39,39,62,44,67,31,31,31,31,31,9,77,77,77,76,76,76,56,56,56,56,56,66,66,66,66,66,4,87,87,87,87,85,85,45,45,45,29,0,0,0],"gold":55,"neow_bonus":"TEN_PERCENT_HP_BONUS","is_daily":false,"chose_seed":false,"campfire_upgraded":5,"win_rate":0.0,"timestamp":1614318113,"path_taken":["R","M","M","$","?","M","T","R","E","R","E","M","?","?","M","BOSS","R","M","$","?","?","$","T","?","R","M","R","M","R","M","M","BOSS","R","M","?","M","?","E","T","$","M","M"],"items_purchased_type":["Card","Card","Relic","Card","Card"],"build_version":"2020-12-22","purchased_purges":3,"victory":false,"max_hp_per_floor":[77,77,77,77,77,77,77,77,77,77,77,77,77,77,77,77,77,77,77,77,77,77,77,77,77,77,77,87,87,87,87,87,87,87,87,87,87,87,87,87,87,87,87,87,87,87],"card_choices":[{"not_picked":["bronze:Backtrace","bronze:MaxOutput"],"picked":"bronze:Iterate","floor":2},{"not_picked":["bronze:Backtrace","bronze:DelayedGuard"],"picked":"bronze:ChosenStrike","floor":3},{"not_picked":["bronze:WildBeam","bronze:CutThrough"],"picked":"bronze:ClassDefault","floor":4},{"not_picked":["bronze:Return","bronze:Flail"],"picked":"bronze:FineTuning","floor":6},{"not_picked":["bronze:CutThrough","bronze:Shell"],"picked":"bronze:SpaghettiCode","floor":9},{"not_picked":["bronze:Fortify","bronze:Overheat"],"picked":"bronze:Philosophize","floor":11},{"not_picked":["bronze:Safeguard","bronze:WhirlingStrike"],"picked":"bronze:ClassDefault","floor":12},{"not_picked":["bronze:Shell","bronze:BugBarrage"],"picked":"bronze:Iterate","floor":15},{"not_picked":["bronze:ShipIt","bronze:Virus"],"picked":"bronze:Mutator","floor":16},{"not_picked":["bronze:FollowUp","bronze:CutThrough"],"picked":"bronze:Philosophize","floor":19},{"not_picked":["bronze:ClassDefault","bronze:Overheat"],"picked":"bronze:Frontload","floor":20},{"not_picked":["bronze:Overheat","bronze:Turbo+1"],"picked":"bronze:Branch+1","floor":23},{"not_picked":["bronze:Return","bronze:NullPointer","bronze:ItsAFeature"],"picked":"SKIP","floor":27},{"not_picked":["bronze:Fortify","bronze:Flail"],"picked":"bronze:Return","floor":29},{"not_picked":["bronze:OilSpill","bronze:DelayedSlice+1","bronze:BugBarrage"],"picked":"SKIP","floor":31},{"not_picked":["bronze:Shield","bronze:Overheat","bronze:WildBeam"],"picked":"SKIP","floor":32},{"not_picked":["bronze:ShipIt","bronze:AlphaBuild"],"picked":"bronze:Verify","floor":33},{"not_picked":["bronze:Frontload+1","bronze:DelayedGuard+1"],"picked":"bronze:CloningBeam+1","floor":36},{"not_picked":["bronze:Overheat","bronze:DelayedGuard+1"],"picked":"bronze:MaxOutput","floor":38},{"not_picked":["bronze:MaxOutput","bronze:Overheat"],"picked":"bronze:Boost+1","floor":40},{"not_picked":["bronze:DelayedSlice+1","bronze:Invalidate+1","bronze:Overheat"],"picked":"SKIP","floor":43}],"player_experience":153745,"relics_obtained":[{"floor":7,"key":"Mummified Hand"},{"floor":9,"key":"Bottled Flame"},{"floor":11,"key":"MawBank"},{"floor":40,"key":"Gambling Chip"},{"floor":41,"key":"Lantern"}],"event_choices":[{"damage_healed":0,"gold_gain":0,"player_choice":"Ignored","damage_taken":0,"max_hp_gain":0,"max_hp_loss":0,"event_name":"betterNote:BetterNote","floor":21,"gold_loss":0,"cards_obtained":["Vault"]},{"damage_healed":0,"gold_gain":0,"player_choice":"Read","damage_taken":0,"max_hp_gain":0,"max_hp_loss":0,"event_name":"The Library","floor":22,"gold_loss":0,"cards_obtained":["bronze:Verify"]},{"cards_removed":["bronze:ItsAFeature"],"damage_healed":0,"gold_gain":0,"player_choice":"Offered Uncommon","damage_taken":0,"max_hp_gain":0,"max_hp_loss":0,"event_name":"Bonfire Elementals","floor":37,"gold_loss":0}],"is_beta":false,"boss_relics":[{"not_picked":["Philosopher\u0027s Stone","Runic Dome"],"picked":"bronze:PlatinumCore"},{"not_picked":["Velvet Choker","Fusion Hammer"],"picked":"Runic Pyramid"}],"items_purged_floors":[20,23,42],"is_endless":false,"potions_floor_spawned":[2,11,12,15,19,27,31,32],"killed_by":"Spire Growth","ascension_level":0}}