{"host":"tvwbxqry54t86y0v","time":1614309971,"event":{"mods":["2.2 Compatiblity","A Magickal Journey","Act Like it!","Arknights","Astrologer","BaseMod","Beaked The Cultist","BetterRewards","Block Reminder","Clockwork Mod","Colored Powertips","DeckTracker","Downfall","Fiend Mod","GungeonMod","Hermit","Hubris","Infinite Spire","Ironclad Rager","JesterMod","Marked Mod","Mimic Mod","Minty Spire (QoL Compilation)","Potionbrewer","Reliquary","Replay The Spire","Robot Space Explorer","Shade Mod","Somnambulant","StSLib","The Bug Knight","The Cursed","The Death Knight","The Druid","The Elementalist","The Exalted","The Forsaken","The Hierophant","The Jungle","The Marked","The Mystic","The Problem Sleuth","The Runesmith","The Senshi","The Spell Scribe","The Valiant","The Wild Card","TheFirefly","TheHeartMod","TheVacant","Unceasing Turn Reminder","thorton"],"gold_per_floor":[118,71,71,71,71,71,2,2,82,106,120,136,61,84,84,213,213,228,247,247,260,260,303,156,156,156,156,172,197,215,265,265,393,393,417,417,417,163,182,182,215,215,215,215,215],"floor_reached":44,"language":"ENG","playtime":1724,"items_purged":["Injury"],"score":446,"play_id":"3627f3b3-81fe-4ce5-aadf-b275fd9baf46","local_time":"20210226142611","is_ascension_mode":false,"campfire_choices":[{"data":"DeathKnight:DancingRuneblade","floor":6,"key":"SMITH"},{"data":"DeathKnight:DancingRuneblade","floor":8,"key":"SMITH"},{"data":"DeathKnight:DeathStrike","floor":15,"key":"SMITH"},{"data":"DeathKnight:BoneSpear","floor":25,"key":"SMITH"},{"data":"DeathKnight:Hysteria","floor":27,"key":"SMITH"},{"data":"DeathKnight:BloodStrike","floor":32,"key":"SMITH"},{"floor":40,"key":"RECALL"}],"circlet_count":0,"master_deck":["DeathKnight:Strike_DeathKnight","DeathKnight:Strike_DeathKnight","DeathKnight:Strike_DeathKnight","DeathKnight:Strike_DeathKnight","DeathKnight:Strike_DeathKnight","DeathKnight:Defend_DeathKnight","DeathKnight:Defend_DeathKnight","DeathKnight:Defend_DeathKnight","DeathKnight:Defend_DeathKnight","DeathKnight:RuneStrike","DeathKnight:DancingRuneblade+1","DeathKnight:Hysteria+1","DeathKnight:AntiMagicShell+1","DeathKnight:DancingRuneblade+1","DeathKnight:DeathStrike+1","DeathKnight:DeathStrike","DeathKnight:BoneSpear+1","DeathKnight:BoneShield","Pain","DeathKnight:DancingRuneblade+1","DeathKnight:BloodStrike+1","DeathKnight:BloodStrike+1"],"relics":["DeathKnight:BrokenRuneblade","Golden Idol","Letter Opener","Matryoshka","Bromod:ArcaneGrace","GremlinMask","WarpedTongs","Replay:Wax Seal","infinitespire:PuzzleCube","Potion Belt","Vajra","DeathKnight:Shadowmourne","Mummified Hand","Chameleon Ring","reliquary:RosewoodLute","Quantum Egg"],"acts_visited":["Exordium","TheCity","TheBeyond"],"potions_floor_usage":[16,23,33,41,41,44],"damage_taken":[{"damage":1,"enemies":"Cultist","floor":1,"turns":4},{"damage":10,"enemies":"Small Slimes","floor":10,"turns":3},{"damage":6,"enemies":"2 Louse","floor":11,"turns":4},{"damage":7,"enemies":"Red Slaver","floor":12,"turns":4},{"damage":22,"enemies":"Large Slime","floor":14,"turns":6},{"damage":34,"enemies":"The Guardian","floor":16,"turns":11},{"damage":5,"enemies":"Chosen","floor":18,"turns":4},{"damage":22,"enemies":"Shell Parasite","floor":19,"turns":8},{"damage":36,"enemies":"Cultist and Chosen","floor":21,"turns":7},{"damage":48,"enemies":"Slavers","floor":23,"turns":6},{"damage":15,"enemies":"Snake Plant","floor":28,"turns":5},{"damage":22,"enemies":"Centurion and Healer","floor":29,"turns":7},{"damage":25,"enemies":"Cultist and Chosen","floor":30,"turns":7},{"damage":67,"enemies":"Automaton","floor":33,"turns":11},{"damage":49,"enemies":"3 Shapes","floor":35,"turns":5},{"damage":13,"enemies":"Orb Walker","floor":39,"turns":2},{"damage":62,"enemies":"Reptomancer","floor":41,"turns":4},{"damage":35,"enemies":"Nemesis","floor":44,"turns":2}],"seed_played":"7327758671656431383","potions_obtained":[{"floor":10,"key":"champ:CounterPotion"},{"floor":14,"key":"SkillPotion"},{"floor":16,"key":"Elixir"},{"floor":18,"key":"potionbrewer:DiscountPotion"},{"floor":28,"key":"Swift Potion"},{"floor":29,"key":"DemoMod:LeadSkinPotion"},{"floor":41,"key":"DeathKnight:RimePotion"}],"is_trial":false,"path_per_floor":["M","$","?","?","?","R","$","R","T","M","M","M","$","M","R","B",null,"M","M","?","M","?","E","$","R","T","R","M","M","M","?","R","B",null,"M","?","?","$","M","R","E","T","T","E"],"character_chosen":"DEATH_KNIGHT","items_purchased":["DeathKnight:Hysteria","DeathKnight:DancingRuneblade","infinitespire:PuzzleCube","Mummified Hand"],"campfire_rested":0,"item_purchase_floors":[2,7,24,38],"current_hp_per_floor":[81,81,81,81,81,81,81,81,81,71,65,58,58,44,44,22,82,82,66,66,49,49,41,41,41,41,41,48,54,68,68,68,80,82,60,60,60,60,48,48,9,9,9,0,0],"gold":215,"neow_bonus":"TEN_PERCENT_HP_BONUS","is_daily":false,"chose_seed":false,"campfire_upgraded":6,"win_rate":0.0,"timestamp":1614309971,"path_taken":["M","$","?","?","?","R","$","R","T","M","M","M","?","?","R","BOSS","M","M","?","?","?","E","$","R","T","R","?","M","M","?","R","BOSS","M","?","?","?","M","R","E","?","T","E"],"items_purchased_type":["Card","Card","Relic","Relic"],"build_version":"2020-12-22","purchased_purges":1,"victory":false,"max_hp_per_floor":[82,82,82,82,82,82,82,82,82,82,82,82,82,82,82,82,82,82,82,82,82,82,82,82,82,82,82,82,82,82,82,82,82,82,82,82,82,82,82,82,82,82,82,82,82],"card_choices":[{"not_picked":["DeathKnight:DeathGrip","DeathKnight:UnholyFrenzy"],"picked":"DeathKnight:DancingRuneblade","floor":1},{"not_picked":["DeathKnight:DeathGrip","DeathKnight:IcyTouch","DeathKnight:Runeguard"],"picked":"SKIP","floor":10},{"not_picked":["DeathKnight:Ossuary","DeathKnight:RuneShock","DeathKnight:BloodTap"],"picked":"SKIP","floor":11},{"not_picked":["DeathKnight:BludPresence","DeathKnight:GargoyleSkin"],"picked":"DeathKnight:DeathStrike","floor":12},{"not_picked":["DeathKnight:BoneShield","DeathKnight:GargoyleSkin"],"picked":"DeathKnight:DeathStrike","floor":14},{"not_picked":["DeathKnight:BladedArmor+1","DeathKnight:RuneShock"],"picked":"DeathKnight:BoneSpear","floor":18},{"not_picked":["DeathKnight:BludPresence","DeathKnight:FrosPresence"],"picked":"DeathKnight:BoneShield","floor":19},{"not_picked":["DeathKnight:UnholyAssault","DeathKnight:UnholyPresence","DeathKnight:HowlingBlast"],"picked":"SKIP","floor":21},{"not_picked":["DeathKnight:FrostStrike","DeathKnight:VampiricBlood","DeathKnight:BloodEchoes+1"],"picked":"SKIP","floor":23},{"not_picked":["DeathKnight:FrosPresence","DeathKnight:BludPresence"],"picked":"DeathKnight:DancingRuneblade+1","floor":28},{"not_picked":["DeathKnight:Hysteria","DeathKnight:HornOfWinter+1","DeathKnight:IceboundArmor+1"],"picked":"SKIP","floor":29},{"not_picked":["DeathKnight:SindragosasBreath","DeathKnight:MutagenicPlague"],"picked":"DeathKnight:BloodStrike","floor":30},{"not_picked":["DeathKnight:GargoyleSkin","DeathKnight:UnholyPresence"],"picked":"DeathKnight:BloodStrike+1","floor":35},{"not_picked":["DeathKnight:FrosPresence+1","DeathKnight:FesteringStrike+1","DeathKnight:MindFreeze+1"],"picked":"SKIP","floor":39},{"not_picked":["DeathKnight:Obliterate","DeathKnight:MindFreeze","DeathKnight:DeathGrip"],"picked":"SKIP","floor":41}],"player_experience":1186901,"relics_obtained":[{"floor":4,"key":"Letter Opener"},{"floor":9,"key":"Matryoshka"},{"floor":23,"key":"Replay:Wax Seal"},{"floor":26,"key":"Potion Belt"},{"floor":26,"key":"Vajra"},{"floor":41,"key":"Chameleon Ring"},{"floor":42,"key":"reliquary:RosewoodLute"},{"floor":43,"key":"Quantum Egg"}],"event_choices":[{"damage_healed":0,"gold_gain":0,"player_choice":"Take Wound","damage_taken":0,"relics_obtained":["Golden Idol"],"max_hp_gain":0,"max_hp_loss":0,"event_name":"Golden Idol","floor":3,"gold_loss":0,"cards_obtained":["Injury"]},{"damage_healed":0,"gold_gain":0,"player_choice":"Trade","damage_taken":0,"relics_obtained":["GremlinMask"],"max_hp_gain":0,"max_hp_loss":0,"event_name":"FaceTrader","floor":20,"gold_loss":0},{"damage_healed":0,"gold_gain":0,"player_choice":"Rummage","damage_taken":0,"relics_obtained":["WarpedTongs"],"max_hp_gain":0,"max_hp_loss":0,"event_name":"Accursed Blacksmith","floor":22,"gold_loss":0,"cards_obtained":["Pain"]},{"cards_removed":["DeathKnight:RuneTap"],"damage_healed":0,"gold_gain":0,"player_choice":"Removed Skill","damage_taken":0,"max_hp_gain":0,"max_hp_loss":0,"event_name":"Falling","floor":36,"gold_loss":0},{"damage_healed":0,"gold_gain":0,"player_choice":"Ignored","damage_taken":0,"max_hp_gain":0,"max_hp_loss":0,"event_name":"The Moai Head","floor":37,"gold_loss":0}],"is_beta":false,"boss_relics":[{"not_picked":["theForsaken:PaleLantern","jesterMod:MachoBrace"],"picked":"Bromod:ArcaneGrace"},{"not_picked":["Philosopher\u0027s Stone","Replay:Wanted Poster"],"picked":"DeathKnight:Shadowmourne"}],"items_purged_floors":[13],"is_endless":false,"potions_floor_spawned":[10,14,16,18,28,29,41],"killed_by":"Nemesis","ascension_level":0}}