{"host":"928gv66myv2vlnsd","time":1614305372,"event":{"mods":["BaseMod","Highlight Path","Minty Spire (QoL Compilation)","Relic Stats","StSLib"],"gold_per_floor":[110,110,126,140,6,31,31,58,58,70,98,118,138,156,156,230,230,248,261,22,22,22,47,47,47,115,146,21,31,31,46,46,118,118,132,132,144,159,159,188,188,216,216,12,12,12,46,56,56,56,56,56],"floor_reached":51,"language":"ENG","playtime":1999,"items_purged":["Strike_R","Strike_R","Regret","Pain"],"score":1640,"play_id":"d49554de-491e-4421-a1dc-a9ecc9da9e4d","local_time":"20210225210932","is_ascension_mode":true,"campfire_choices":[{"data":"Bash","floor":7,"key":"SMITH"},{"floor":15,"key":"REST"},{"floor":25,"key":"REST"},{"data":"Limit Break","floor":32,"key":"SMITH"},{"floor":45,"key":"REST"},{"floor":49,"key":"RECALL"}],"circlet_count":0,"master_deck":["AscendersBane","Strike_R","Strike_R","Strike_R+1","Defend_R","Defend_R","Defend_R","Defend_R","Bash+1","Pommel Strike","Inflame","Cleave","Clothesline","Pommel Strike","Injury","Perfected Strike","True Grit","Limit Break+1","Shrug It Off","CurseOfTheBell","Shrug It Off+1","Shockwave","Sword Boomerang+1","Necronomicurse","Armaments","Perfected Strike+1","Offering","Flame Barrier+1","Heavy Blade","Regret","Flame Barrier+1"],"relics":["Cursed Key","Letter Opener","Ornamental Fan","Du-Vu Doll","Sundial","Calling Bell","Potion Belt","Meat on the Bone","Mango","Strawberry","Necronomicon","Peace Pipe","Darkstone Periapt","Whetstone","Snecko Eye","Happy Flower","Mercury Hourglass","Lizard Tail","Bronze Scales"],"acts_visited":["Exordium","TheCity","TheBeyond"],"potions_floor_usage":[13,23,40,42,42,48,50],"damage_taken":[{"damage":8,"enemies":"Small Slimes","floor":1,"turns":3},{"damage":0,"enemies":"Cultist","floor":3,"turns":3},{"damage":2,"enemies":"2 Louse","floor":4,"turns":3},{"damage":15,"enemies":"3 Sentries","floor":6,"turns":7},{"damage":6,"enemies":"Gremlin Nob","floor":8,"turns":3},{"damage":2,"enemies":"2 Fungi Beasts","floor":10,"turns":3},{"damage":6,"enemies":"3 Sentries","floor":11,"turns":5},{"damage":0,"enemies":"Red Slaver","floor":12,"turns":2},{"damage":0,"enemies":"Gremlin Gang","floor":13,"turns":1},{"damage":11,"enemies":"Looter","floor":14,"turns":3},{"damage":27,"enemies":"The Guardian","floor":16,"turns":9},{"damage":33,"enemies":"Spheric Guardian","floor":18,"turns":4},{"damage":0,"enemies":"Chosen","floor":19,"turns":3},{"damage":22,"enemies":"Gremlin Leader","floor":23,"turns":7},{"damage":24,"enemies":"Slavers","floor":27,"turns":2},{"damage":0,"enemies":"Sentry and Sphere","floor":29,"turns":2},{"damage":15,"enemies":"Centurion and Healer","floor":31,"turns":2},{"damage":50,"enemies":"Champ","floor":33,"turns":10},{"damage":6,"enemies":"Orb Walker","floor":35,"turns":2},{"damage":10,"enemies":"3 Darklings","floor":37,"turns":4},{"damage":6,"enemies":"Spire Growth","floor":38,"turns":2},{"damage":55,"enemies":"Nemesis","floor":40,"turns":5},{"damage":22,"enemies":"Giant Head","floor":42,"turns":6},{"damage":32,"enemies":"Nemesis","floor":47,"turns":5},{"damage":3,"enemies":"Writhing Mass","floor":48,"turns":2},{"damage":63,"enemies":"Donu and Deca","floor":50,"turns":8},{"damage":59,"enemies":"Time Eater","floor":51,"turns":7}],"seed_played":"3887416154633858547","potions_obtained":[{"floor":6,"key":"FearPotion"},{"floor":10,"key":"SteroidPotion"},{"floor":16,"key":"HeartOfIron"},{"floor":19,"key":"Dexterity Potion"},{"floor":29,"key":"AttackPotion"},{"floor":31,"key":"LiquidBronze"},{"floor":38,"key":"Block Potion"},{"floor":40,"key":"Block Potion"}],"is_trial":false,"path_per_floor":["M","?","M","M","$","E","R","E","T","M","E","M","M","M","R","B",null,"M","M","$","?","?","E","$","R","T","E","$","M","?","M","R","B",null,"M","?","M","M","?","E","?","E","T","$","R","?","E","M","R","B","B"],"character_chosen":"IRONCLAD","items_purchased":["Cleave","Shockwave","Sword Boomerang","SkillPotion"],"campfire_rested":3,"item_purchase_floors":[5,20,20,44],"current_hp_per_floor":[60,60,60,58,58,43,43,37,37,35,29,29,29,18,40,13,74,53,53,53,60,39,29,29,57,57,45,45,57,106,91,91,53,93,87,93,83,77,77,34,34,24,30,30,63,63,43,52,52,59,0,0],"gold":56,"neow_bonus":"BOSS_RELIC","is_daily":false,"chose_seed":false,"campfire_upgraded":2,"win_rate":0.0,"timestamp":1614305372,"path_taken":["M","?","M","M","$","E","R","E","T","M","E","M","M","M","R","BOSS","M","M","$","?","?","E","$","R","T","E","$","M","?","M","R","BOSS","M","?","?","M","?","E","?","E","T","$","R","?","E","M","R","BOSS","BOSS"],"items_purchased_type":["Card","Card","Card","Potion"],"build_version":"2020-12-22","purchased_purges":4,"victory":false,"max_hp_per_floor":[75,75,75,75,75,75,75,75,75,75,75,75,75,75,75,75,89,89,89,89,96,96,96,96,96,96,96,96,96,106,106,106,106,106,106,112,112,112,112,112,106,106,112,112,112,112,112,112,112,112,112,112],"relic_stats":{"Darkstone Periapt":12,"Happy Flower":[9],"counters":[27,113],"Letter Opener":[67],"Whetstone":["Strike_R","Sword Boomerang"],"Cursed Key":3,"Mercury Hourglass":[43],"Peace Pipe":0,"Lizard Tail":56,"Ornamental Fan":[136],"Sundial":[8],"Bronze Scales":[50],"Snecko Eye":[64,62,71,67],"Necronomicon":[32],"obtain_stats":[{"Potion Belt":17,"Darkstone Periapt":26,"Happy Flower":40,"Mango":17,"Letter Opener":2,"Whetstone":27,"Cursed Key":0,"Burning Blood":0,"Mercury Hourglass":42,"Du-Vu Doll":8,"Calling Bell":17,"Peace Pipe":23,"Lizard Tail":43,"Ornamental Fan":6,"Sundial":11,"Strawberry":21,"Bronze Scales":47,"Snecko Eye":34,"Necronomicon":22,"Meat on the Bone":17},{"Potion Belt":11,"Darkstone Periapt":14,"Happy Flower":22,"Mango":11,"Letter Opener":1,"Whetstone":15,"Cursed Key":0,"Burning Blood":0,"Mercury Hourglass":23,"Du-Vu Doll":5,"Calling Bell":11,"Peace Pipe":14,"Lizard Tail":23,"Ornamental Fan":4,"Sundial":7,"Strawberry":13,"Bronze Scales":24,"Snecko Eye":18,"Necronomicon":13,"Meat on the Bone":11},{"Potion Belt":42,"Darkstone Periapt":56,"Happy Flower":85,"Mango":42,"Letter Opener":3,"Whetstone":58,"Cursed Key":0,"Burning Blood":0,"Mercury Hourglass":91,"Du-Vu Doll":19,"Calling Bell":42,"Peace Pipe":56,"Lizard Tail":91,"Ornamental Fan":16,"Sundial":27,"Strawberry":49,"Bronze Scales":96,"Snecko Eye":72,"Necronomicon":49,"Meat on the Bone":42}],"Meat on the Bone":120},"card_choices":[{"not_picked":["Anger","Headbutt"],"picked":"Perfected Strike","floor":1},{"not_picked":["Seeing Red","Headbutt"],"picked":"Pommel Strike","floor":3},{"not_picked":["Clash","Iron Wave"],"picked":"Inflame","floor":4},{"not_picked":["Twin Strike","Offering"],"picked":"Clothesline","floor":6},{"not_picked":["Clash","Combust"],"picked":"Pommel Strike","floor":8},{"not_picked":["Iron Wave","Wild Strike"],"picked":"Perfected Strike","floor":10},{"not_picked":["Cleave","Pommel Strike","Havoc"],"picked":"SKIP","floor":11},{"not_picked":["Pommel Strike","Warcry"],"picked":"True Grit","floor":12},{"not_picked":["Warcry","Second Wind"],"picked":"Limit Break","floor":13},{"not_picked":["Iron Wave","Body Slam"],"picked":"Shrug It Off","floor":14},{"not_picked":["Fiend Fire","Double Tap"],"picked":"Barricade","floor":16},{"not_picked":["Iron Wave","Searing Blow","Infernal Blade+1"],"picked":"SKIP","floor":18},{"not_picked":["Perfected Strike+1","Sever Soul"],"picked":"Shrug It Off+1","floor":19},{"not_picked":["Anger","Shockwave"],"picked":"Armaments","floor":23},{"not_picked":["Rupture","Rampage+1","Clash"],"picked":"SKIP","floor":27},{"not_picked":["Sword Boomerang","Intimidate+1","Sentinel"],"picked":"SKIP","floor":29},{"not_picked":["Cleave","Flex"],"picked":"Perfected Strike+1","floor":31},{"not_picked":["Fiend Fire","Berserk"],"picked":"Offering","floor":33},{"not_picked":["Anger","Sword Boomerang","Shrug It Off"],"picked":"SKIP","floor":35},{"not_picked":["Combust","Second Wind","Havoc"],"picked":"SKIP","floor":37},{"not_picked":["Rampage","Clash+1"],"picked":"Flame Barrier+1","floor":38},{"not_picked":["Clash","Warcry","Shrug It Off"],"picked":"SKIP","floor":40},{"not_picked":["Wild Strike","Brutality"],"picked":"Heavy Blade","floor":42},{"not_picked":["Pummel","Carnage"],"picked":"Flame Barrier+1","floor":47},{"not_picked":["Cleave","Flex","Warcry"],"picked":"SKIP","floor":48}],"player_experience":1481395,"relics_obtained":[{"floor":6,"key":"Ornamental Fan"},{"floor":8,"key":"Du-Vu Doll"},{"floor":11,"key":"Sundial"},{"floor":17,"key":"Potion Belt"},{"floor":17,"key":"Meat on the Bone"},{"floor":17,"key":"Mango"},{"floor":22,"key":"Necronomicon"},{"floor":23,"key":"Peace Pipe"},{"floor":26,"key":"Darkstone Periapt"},{"floor":27,"key":"Whetstone"},{"floor":40,"key":"Happy Flower"},{"floor":42,"key":"Mercury Hourglass"},{"floor":43,"key":"Lizard Tail"},{"floor":47,"key":"Bronze Scales"}],"event_choices":[{"cards_removed":["Perfected Strike"],"damage_healed":0,"gold_gain":0,"player_choice":"Gave Card","damage_taken":0,"relics_obtained":["Letter Opener"],"max_hp_gain":0,"max_hp_loss":0,"event_name":"WeMeetAgain","floor":2,"gold_loss":0},{"damage_healed":0,"gold_gain":0,"player_choice":"Stole Relic","damage_taken":0,"relics_obtained":["Strawberry"],"max_hp_gain":0,"max_hp_loss":0,"event_name":"Addict","floor":21,"gold_loss":0,"cards_obtained":["Shame"]},{"damage_healed":0,"gold_gain":0,"player_choice":"Obtained Book","damage_taken":21,"max_hp_gain":0,"max_hp_loss":0,"event_name":"Cursed Tome","floor":22,"gold_loss":0},{"cards_removed":["Barricade"],"damage_healed":39,"gold_gain":0,"player_choice":"Offered Rare","damage_taken":0,"max_hp_gain":10,"max_hp_loss":0,"event_name":"Bonfire Elementals","floor":30,"gold_loss":0},{"damage_healed":0,"gold_gain":0,"cards_transformed":["Shame"],"player_choice":"Transformed","damage_taken":0,"max_hp_gain":0,"max_hp_loss":0,"event_name":"Transmorgrifier","floor":36,"gold_loss":0,"cards_obtained":["Pain"]},{"damage_healed":0,"gold_gain":0,"player_choice":"Ignored","damage_taken":0,"max_hp_gain":0,"max_hp_loss":0,"event_name":"Tomb of Lord Red Mask","floor":39,"gold_loss":0},{"damage_healed":0,"gold_gain":0,"player_choice":"Max HP","damage_taken":0,"max_hp_gain":0,"max_hp_loss":6,"event_name":"Winding Halls","floor":41,"gold_loss":0},{"damage_healed":0,"gold_gain":0,"player_choice":"Ignored","damage_taken":0,"max_hp_gain":0,"max_hp_loss":0,"event_name":"Mysterious Sphere","floor":46,"gold_loss":0}],"is_beta":false,"boss_relics":[{"not_picked":["SacredBark","Runic Pyramid"],"picked":"Calling Bell"},{"not_picked":["Mark of Pain","SlaversCollar"],"picked":"Snecko Eye"}],"items_purged_floors":[5,20,28,44],"is_endless":false,"potions_floor_spawned":[6,10,11,12,16,19,29,31,38,40],"killed_by":"Time Eater","ascension_level":20}}