{"host":"2wp95sdfrgw3k439","time":1614318659,"event":{"mods":["BaseMod","Better Altar","Better Skull","Better Third Choice","Curses Come First","Minty Spire (QoL Compilation)","Permanent Neow","StSLib"],"gold_per_floor":[114,132,148,216,227,260,270,293,317,330,345,359,359,371,371,472,472,485,59,75,174,192,192,142,142,168,168,185,210,223,233,233,233,233],"floor_reached":33,"language":"ENG","playtime":1179,"items_purged":[],"score":399,"play_id":"be4dd480-88f4-428b-85b2-9a66754392f7","local_time":"20210225225059","is_ascension_mode":true,"campfire_choices":[{"floor":13,"key":"REST"},{"floor":15,"key":"REST"},{"floor":23,"key":"REST"},{"floor":25,"key":"REST"},{"data":"Rainbow","floor":27,"key":"SMITH"},{"data":"Seek","floor":32,"key":"SMITH"}],"circlet_count":0,"master_deck":["Strike_B+1","Strike_B","Defend_B","Defend_B","Defend_B","Zap","Dualcast","Machine Learning+1","Auto Shields+1","Gash+1","Scrape+1","Sweeping Beam","Conserve Battery","Ball Lightning","Rainbow+1","BootSequence","Electrodynamics","Beam Cell+1","Go for the Eyes+1","Gash+1","Gash+1","Melter+1","Seek+1","Conserve Battery+1"],"relics":["Astrolabe","Symbiotic Virus","Mercury Hourglass","Akabeko","Lantern","Runic Dome","Molten Egg 2","Whetstone","Toy Ornithopter","Nunchaku"],"acts_visited":["Exordium","TheCity"],"potions_floor_usage":[7,12,28,29,31],"damage_taken":[{"damage":0,"enemies":"Cultist","floor":1,"turns":4},{"damage":7,"enemies":"Jaw Worm","floor":2,"turns":2},{"damage":0,"enemies":"2 Louse","floor":3,"turns":3},{"damage":6,"enemies":"Looter","floor":5,"turns":3},{"damage":45,"enemies":"3 Sentries","floor":6,"turns":7},{"damage":0,"enemies":"Lots of Slimes","floor":7,"turns":2},{"damage":0,"enemies":"Gremlin Gang","floor":10,"turns":4},{"damage":0,"enemies":"3 Louse","floor":11,"turns":2},{"damage":4,"enemies":"Blue Slaver","floor":12,"turns":2},{"damage":0,"enemies":"Exordium Wildlife","floor":14,"turns":2},{"damage":9,"enemies":"The Guardian","floor":16,"turns":8},{"damage":7,"enemies":"Shell Parasite","floor":18,"turns":4},{"damage":10,"enemies":"2 Thieves","floor":20,"turns":3},{"damage":22,"enemies":"Snake Plant","floor":22,"turns":3},{"damage":7,"enemies":"Centurion and Healer","floor":28,"turns":4},{"damage":24,"enemies":"Slavers","floor":29,"turns":4},{"damage":2,"enemies":"Cultist and Chosen","floor":30,"turns":4},{"damage":2,"enemies":"Shelled Parasite and Fungi","floor":31,"turns":3},{"damage":53,"enemies":"Automaton","floor":33,"turns":6}],"seed_played":"7445062997251579882","potions_obtained":[{"floor":6,"key":"DistilledChaos"},{"floor":7,"key":"FearPotion"},{"floor":10,"key":"Weak Potion"},{"floor":11,"key":"SteroidPotion"},{"floor":12,"key":"Dexterity Potion"},{"floor":30,"key":"Block Potion"}],"is_trial":false,"path_per_floor":["M","M","M","T","M","E","M","T","T","M","M","M","R","M","R","B",null,"M","$","M","?","M","R","?","R","T","R","M","E","M","M","R","B"],"character_chosen":"DEFECT","items_purchased":["Molten Egg 2","Go for the Eyes+1","Whetstone"],"campfire_rested":4,"item_purchase_floors":[19,19,19],"current_hp_per_floor":[68,61,61,61,55,10,10,10,10,10,10,6,28,28,50,41,67,60,60,50,50,28,50,50,72,72,72,68,49,47,50,50,0,0],"gold":233,"neow_bonus":"BOSS_RELIC","is_daily":false,"chose_seed":false,"campfire_upgraded":2,"win_rate":0.0,"timestamp":1614318659,"path_taken":["M","M","M","?","M","E","M","?","T","M","M","M","R","M","R","BOSS","M","$","M","?","M","R","?","R","T","R","M","E","M","?","R","BOSS"],"items_purchased_type":["Relic","Card","Relic"],"build_version":"2020-12-22","purchased_purges":0,"victory":false,"max_hp_per_floor":[75,75,75,75,75,75,75,75,75,75,75,75,75,75,75,75,75,75,75,75,75,75,75,75,75,75,75,75,75,75,75,75,75,75],"card_choices":[{"not_picked":["Go for the Eyes","Beam Cell"],"picked":"Scrape","floor":1},{"not_picked":["Recycle","Hologram","Rebound"],"picked":"SKIP","floor":2},{"not_picked":["Capacitor","Stack","Rip and Tear"],"picked":"SKIP","floor":3},{"not_picked":["Hello World","Echo Form"],"picked":"Sweeping Beam","floor":5},{"not_picked":["Turbo","Barrage"],"picked":"Conserve Battery","floor":6},{"not_picked":["Doom and Gloom","Auto Shields"],"picked":"Ball Lightning","floor":7},{"not_picked":["Cold Snap","Barrage","Streamline"],"picked":"SKIP","floor":10},{"not_picked":["Lockon","Redo"],"picked":"Rainbow","floor":11},{"not_picked":["Conserve Battery","Turbo"],"picked":"BootSequence","floor":12},{"not_picked":["Sweeping Beam","Rebound","Heatsinks"],"picked":"SKIP","floor":14},{"not_picked":["Buffer","Echo Form"],"picked":"Electrodynamics","floor":16},{"not_picked":["Go for the Eyes","Streamline"],"picked":"Beam Cell+1","floor":18},{"not_picked":["BootSequence","Streamline+1"],"picked":"Gash+1","floor":20},{"not_picked":["Chill","Steam+1"],"picked":"Gash+1","floor":22},{"not_picked":["Ball Lightning+1","Stack","Barrage+1"],"picked":"SKIP","floor":28},{"not_picked":["Streamline+1","Force Field+1"],"picked":"Melter+1","floor":29},{"not_picked":["Reprogram","Melter+1"],"picked":"Seek","floor":30},{"not_picked":["Leap","Sweeping Beam+1"],"picked":"Conserve Battery+1","floor":31}],"player_experience":579689,"relics_obtained":[{"floor":4,"key":"Symbiotic Virus"},{"floor":6,"key":"Mercury Hourglass"},{"floor":8,"key":"Akabeko"},{"floor":9,"key":"Lantern"},{"floor":26,"key":"Toy Ornithopter"},{"floor":29,"key":"Nunchaku"}],"event_choices":[{"damage_healed":0,"gold_gain":99,"player_choice":"Steal","damage_taken":0,"max_hp_gain":0,"max_hp_loss":0,"event_name":"betterThird:BetterNest","floor":21,"gold_loss":0},{"damage_healed":0,"gold_gain":0,"player_choice":"Bet on Murderer","damage_taken":0,"max_hp_gain":0,"max_hp_loss":0,"event_name":"The Joust","floor":24,"gold_loss":50}],"is_beta":false,"boss_relics":[{"not_picked":["Velvet Choker","Empty Cage"],"picked":"Runic Dome"}],"items_purged_floors":[],"is_endless":false,"potions_floor_spawned":[6,7,10,11,12,16,20,22,30],"killed_by":"Automaton","ascension_level":9}}