{"host":"Rich","time":1614381607,"event":{"mods":["AchievementEnabler","BaseMod","Highlight Path","Minty Spire (QoL Compilation)","Relic Stats"],"gold_per_floor":[110,35,35,48,48,74,94,125,125,125,125,143,163,190,190,190,190],"floor_reached":16,"language":"ENG","playtime":400,"items_purged":["Strike_P"],"score":286,"play_id":"cb56d3b7-998f-4d0c-9168-59555fea8fbf","local_time":"20210226182007","is_ascension_mode":true,"campfire_choices":[{"floor":10,"key":"REST"},{"data":"Halt","floor":15,"key":"SMITH"}],"circlet_count":0,"master_deck":["AscendersBane","Strike_P","Strike_P+1","Strike_P","Defend_P+1","Defend_P","Defend_P","Defend_P","Eruption","Vigilance","FearNoEvil","MentalFortress","Crescendo","CutThroughFate","Halt+1","BowlingBash","DevaForm"],"relics":["PureWater","NeowsBlessing","White Beast Statue","Juzu Bracelet","Gremlin Horn","Odd Mushroom","Boot"],"acts_visited":["Exordium"],"potions_floor_usage":[7,8,13,14,16],"damage_taken":[{"damage":0,"enemies":"2 Louse","floor":1,"turns":1},{"damage":0,"enemies":"Small Slimes","floor":4,"turns":1},{"damage":0,"enemies":"Lagavulin","floor":6,"turns":1},{"damage":9,"enemies":"Jaw Worm","floor":7,"turns":2},{"damage":16,"enemies":"Gremlin Nob","floor":8,"turns":3},{"damage":1,"enemies":"Red Slaver","floor":12,"turns":4},{"damage":1,"enemies":"The Mushroom Lair","floor":13,"turns":2},{"damage":22,"enemies":"Lagavulin","floor":14,"turns":7},{"damage":29,"enemies":"Hexaghost","floor":16,"turns":7}],"seed_played":"-2105639850274528060","potions_obtained":[{"floor":1,"key":"Weak Potion"},{"floor":7,"key":"BottledMiracle"},{"floor":8,"key":"Dexterity Potion"},{"floor":12,"key":"AttackPotion"},{"floor":13,"key":"BottledMiracle"},{"floor":14,"key":"SpeedPotion"}],"is_trial":false,"path_per_floor":["M","$","?","M","?","E","M","E","T","R","?","M","?","E","R","B"],"character_chosen":"WATCHER","items_purchased":[],"campfire_rested":1,"item_purchase_floors":[],"current_hp_per_floor":[61,61,41,41,46,46,37,21,21,42,42,41,40,18,18,0,0],"gold":190,"neow_bonus":"THREE_ENEMY_KILL","is_daily":false,"chose_seed":false,"campfire_upgraded":1,"win_rate":0.0,"timestamp":1614381607,"path_taken":["M","$","?","M","?","E","M","E","T","R","?","M","?","E","R","BOSS"],"items_purchased_type":[],"build_version":"2020-12-18","purchased_purges":1,"victory":false,"max_hp_per_floor":[68,68,68,68,73,73,73,73,73,73,73,73,73,73,73,73,73],"relic_stats":{"Gremlin Horn":[2,2],"counters":[9,28],"Juzu Bracelet":0,"Boot":[3],"obtain_stats":[{"NeowsBlessing":0,"Gremlin Horn":9,"Juzu Bracelet":8,"PureWater":0,"Odd Mushroom":13,"Boot":14,"White Beast Statue":6},{"NeowsBlessing":0,"Gremlin Horn":5,"Juzu Bracelet":5,"PureWater":0,"Odd Mushroom":7,"Boot":8,"White Beast Statue":3},{"NeowsBlessing":0,"Gremlin Horn":8,"Juzu Bracelet":8,"PureWater":0,"Odd Mushroom":14,"Boot":21,"White Beast Statue":3}]},"card_choices":[{"not_picked":["MentalFortress","Conclude"],"picked":"FearNoEvil","floor":1},{"not_picked":["Conclude","Crescendo"],"picked":"MentalFortress","floor":4},{"not_picked":["Wireheading","EmptyFist"],"picked":"Crescendo","floor":6},{"not_picked":["ClearTheMind","CrushJoints"],"picked":"CutThroughFate","floor":7},{"not_picked":["JustLucky","Scrawl"],"picked":"Halt","floor":8},{"not_picked":["FollowUp","Prostrate"],"picked":"BowlingBash","floor":12},{"not_picked":["Prostrate","Vengeance"],"picked":"DevaForm","floor":13},{"not_picked":["PathToVictory","BattleHymn","FollowUp"],"picked":"SKIP","floor":14}],"player_experience":2033014,"relics_obtained":[{"floor":6,"key":"White Beast Statue"},{"floor":8,"key":"Juzu Bracelet"},{"floor":9,"key":"Gremlin Horn"},{"floor":13,"key":"Odd Mushroom"},{"floor":14,"key":"Boot"}],"event_choices":[{"damage_healed":0,"gold_gain":0,"player_choice":"Entered Light","damage_taken":20,"max_hp_gain":0,"max_hp_loss":0,"event_name":"Shining Light","floor":3,"gold_loss":0,"cards_upgraded":["Strike_P","Defend_P"]},{"damage_healed":0,"gold_gain":0,"player_choice":"Donut","damage_taken":0,"max_hp_gain":5,"max_hp_loss":0,"event_name":"Big Fish","floor":5,"gold_loss":0},{"damage_healed":0,"gold_gain":0,"player_choice":"Ignored","damage_taken":0,"max_hp_gain":0,"max_hp_loss":0,"event_name":"Liars Game","floor":11,"gold_loss":0},{"damage_healed":0,"gold_gain":0,"player_choice":"Fought Mushrooms","damage_taken":0,"max_hp_gain":0,"max_hp_loss":0,"event_name":"Mushrooms","floor":13,"gold_loss":0}],"is_beta":true,"boss_relics":[],"items_purged_floors":[2],"is_endless":false,"potions_floor_spawned":[1,7,8,12,13,14],"killed_by":"Hexaghost","ascension_level":20}}