{"host":"w5o3iglp98qr199u","time":1614370218,"event":{"mods":["AchievementEnabler","BaseMod","Bestiary","Colored Map","Colored Powertips","Highlight Path","Minty Spire (QoL Compilation)","Relic Stats","StSLib","SuperFastMode"],"gold_per_floor":[111,111,128,145,163,163,163,163,186,200,220,247,266,282,282,384,384,398,348,35,52,62,95,105,134,161,161,161],"floor_reached":27,"language":"ENG","playtime":1479,"items_purged":["Flechettes"],"score":324,"play_id":"87067f2f-b917-4c96-b9e3-643b5f25a882","local_time":"20210226211018","is_ascension_mode":true,"campfire_choices":[{"data":"Bane","floor":6.0,"key":"SMITH"},{"data":"Bouncing Flask","floor":8.0,"key":"SMITH"},{"floor":15.0,"key":"REST"}],"circlet_count":0,"master_deck":["Survivor","Neutralize","Night Terror","Poisoned Stab","Bouncing Flask+1","Bane+1","Masterful Stab","Deadly Poison","Dagger Spray","Adrenaline","Tools of the Trade","Malaise","Masterful Stab","Bouncing Flask","Backflip","After Image","Dodge and Roll","Dodge and Roll","Crippling Poison","Catalyst","Calculated Gamble+1","Noxious Fumes+1"],"relics":["Ring of the Snake","Art of War","Orichalcum","InkBottle","Pandora\u0027s Box","Bottled Lightning","Smiling Mask","Juzu Bracelet","Bronze Scales"],"acts_visited":["Exordium","TheCity"],"potions_floor_usage":[16,16,22,23,23,25],"damage_taken":[{"damage":9.0,"enemies":"Jaw Worm","floor":1.0,"turns":5.0},{"damage":1.0,"enemies":"Cultist","floor":3.0,"turns":3.0},{"damage":4.0,"enemies":"Small Slimes","floor":4.0,"turns":4.0},{"damage":14.0,"enemies":"Exordium Thugs","floor":5.0,"turns":5.0},{"damage":5.0,"enemies":"Gremlin Gang","floor":10.0,"turns":7.0},{"damage":0.0,"enemies":"Lots of Slimes","floor":11.0,"turns":4.0},{"damage":23.0,"enemies":"3 Sentries","floor":12.0,"turns":9.0},{"damage":3.0,"enemies":"Blue Slaver","floor":13.0,"turns":4.0},{"damage":0.0,"enemies":"Gremlin Gang","floor":14.0,"turns":3.0},{"damage":12,"enemies":"Slime Boss","floor":16,"turns":12},{"damage":1,"enemies":"3 Byrds","floor":18,"turns":4},{"damage":0,"enemies":"Spheric Guardian","floor":21,"turns":3},{"damage":9,"enemies":"Centurion and Healer","floor":22,"turns":5},{"damage":31,"enemies":"Book of Stabbing","floor":23,"turns":6},{"damage":13,"enemies":"Sentry and Sphere","floor":24,"turns":4},{"damage":10,"enemies":"Gremlin Leader","floor":25,"turns":7},{"damage":14,"enemies":"Slavers","floor":27,"turns":1}],"seed_played":"7180605782279049250","potions_obtained":[{"floor":10.0,"key":"EssenceOfSteel"},{"floor":11.0,"key":"GhostInAJar"},{"floor":12.0,"key":"Dexterity Potion"},{"floor":14.0,"key":"Dexterity Potion"},{"floor":16,"key":"Poison Potion"},{"floor":18,"key":"Regen Potion"},{"floor":22,"key":"Fruit Juice"},{"floor":23,"key":"Block Potion"}],"is_trial":false,"path_per_floor":["M","?","M","M","M","R","T","R","T","M","M","E","M","M","R","B",null,"M","?","$","M","M","E","M","E","T","E"],"character_chosen":"THE_SILENT","items_purchased":["Bottled Lightning"],"campfire_rested":1,"item_purchase_floors":[20],"current_hp_per_floor":[61,61,60,56,42,42,42,42,42,37,37,14,11,11,32,20,58,57,57,57,57,53,37,24,14,14,0,0],"gold":161,"neow_bonus":"ONE_RANDOM_RARE_CARD","is_daily":false,"chose_seed":false,"campfire_upgraded":2,"win_rate":0.0,"timestamp":1614370218,"path_taken":["M","?","M","?","M","R","?","R","T","?","?","E","M","M","R","BOSS","M","?","?","M","M","E","M","E","T","E"],"items_purchased_type":["Relic"],"build_version":"2020-12-22","purchased_purges":1,"victory":false,"max_hp_per_floor":[70,70,70,70,70,70,70,70,70,70,70,70,70,70,70,70,70,70,70,70,70,75,75,75,75,75,75,75],"relic_stats":{"counters":[17,86],"Bronze Scales":[6],"Pandora\u0027s Box":["Malaise","Masterful Stab","Bouncing Flask","Backflip","After Image","Dodge and Roll","Dodge and Roll","Crippling Poison","Catalyst"],"Art of War":[10],"Juzu Bracelet":0,"Orichalcum":[114],"Smiling Mask":0,"obtain_stats":[{"Bronze Scales":26,"Pandora\u0027s Box":17,"Art of War":7,"Juzu Bracelet":25,"Bottled Lightning":20,"Orichalcum":9,"Smiling Mask":23,"InkBottle":12,"Ring of the Snake":0},{"Bronze Scales":16,"Pandora\u0027s Box":10,"Art of War":4,"Juzu Bracelet":16,"Bottled Lightning":11,"Orichalcum":4,"Smiling Mask":14,"InkBottle":7,"Ring of the Snake":0},{"Bronze Scales":85,"Pandora\u0027s Box":56,"Art of War":17,"Juzu Bracelet":85,"Bottled Lightning":60,"Orichalcum":17,"Smiling Mask":74,"InkBottle":37,"Ring of the Snake":0}],"InkBottle":[14],"Ring of the Snake":[34]},"card_choices":[{"not_picked":["Quick Slash","Deadly Poison"],"picked":"Poisoned Stab","floor":1.0},{"not_picked":["Dagger Throw","Footwork"],"picked":"Bane","floor":3.0},{"not_picked":["Cloak And Dagger","Poisoned Stab"],"picked":"Masterful Stab","floor":4.0},{"not_picked":["Infinite Blades","Choke","Backflip"],"picked":"SKIP","floor":5.0},{"not_picked":["Noxious Fumes","Quick Slash"],"picked":"Deadly Poison","floor":10.0},{"not_picked":["Expertise","Quick Slash"],"picked":"Flechettes","floor":11.0},{"not_picked":["Night Terror","Concentrate","Cloak And Dagger"],"picked":"SKIP","floor":12.0},{"not_picked":["Eviscerate","Deadly Poison"],"picked":"Dagger Spray","floor":13.0},{"not_picked":["Blade Dance","Acrobatics"],"picked":"Adrenaline","floor":14.0},{"not_picked":["Phantasmal Killer","Die Die Die"],"picked":"Tools of the Trade","floor":16},{"not_picked":["Flechettes+1","Choke"],"picked":"Calculated Gamble+1","floor":18},{"not_picked":["Dagger Throw+1","Cloak And Dagger"],"picked":"Noxious Fumes+1","floor":21},{"not_picked":["Flying Knee","Blade Dance+1","Skewer+1"],"picked":"SKIP","floor":22},{"not_picked":["Concentrate+1","Blade Dance","Distraction+1"],"picked":"SKIP","floor":23},{"not_picked":["Flechettes","Cloak And Dagger","Prepared"],"picked":"SKIP","floor":24},{"not_picked":["Underhanded Strike+1","Slice","Skewer+1"],"picked":"SKIP","floor":25}],"player_experience":100309,"relics_obtained":[{"floor":7.0,"key":"Art of War"},{"floor":9.0,"key":"Orichalcum"},{"floor":12.0,"key":"InkBottle"},{"floor":23,"key":"Smiling Mask"},{"floor":25,"key":"Juzu Bracelet"},{"floor":26,"key":"Bronze Scales"}],"event_choices":[{"damage_healed":0.0,"max_hp_gain":0.0,"max_hp_loss":0.0,"gold_gain":0.0,"cards_transformed":["Strike_G"],"event_name":"Transmorgrifier","player_choice":"Transformed","floor":2.0,"gold_loss":0.0,"damage_taken":0.0,"cards_obtained":["Bouncing Flask"]},{"damage_healed":0,"gold_gain":0,"player_choice":"Bet on Owner","damage_taken":0,"max_hp_gain":0,"max_hp_loss":0,"event_name":"The Joust","floor":19,"gold_loss":50}],"is_beta":false,"boss_relics":[{"not_picked":["Astrolabe","Runic Pyramid"],"picked":"Pandora\u0027s Box"}],"items_purged_floors":[20],"is_endless":false,"potions_floor_spawned":[10,11,12,14,16,18,22,23],"killed_by":"Slavers","ascension_level":5}}