{"host":"IMPacifista","time":1614322074,"event":{"mods":["BaseMod","Minty Spire (QoL Compilation)"],"gold_per_floor":[109,121,131,149,114,114,139,198,198,198,212,212,225,68,68,168,168,187,205,6,6,6,6,25,60,60,60,78,95,110,209,209,209,209],"floor_reached":33,"language":"ENG","playtime":1848,"items_purged":[],"score":390,"play_id":"9d5d470b-8a7d-46ef-907f-2cd5e1d5bc1a","local_time":"20210225224754","is_ascension_mode":true,"campfire_choices":[{"floor":6,"key":"REST"},{"floor":12,"key":"REST"},{"floor":15,"key":"REST"},{"floor":23,"key":"REST"},{"floor":27,"key":"REST"},{"floor":32,"key":"REST"}],"circlet_count":0,"master_deck":["Strike_R","Strike_R","Defend_R","Defend_R","Defend_R","Defend_R","Bash","Cleave","Inflame","Cleave","Ghostly Armor","Shrug It Off","Wild Strike","Wild Strike","Shrug It Off","Juggernaut","Immolate","Uppercut+1","Shrug It Off","Body Slam","Jack Of All Trades","Spot Weakness","Disarm","Carnage","Dual Wield"],"relics":["Empty Cage","Bronze Scales","Gambling Chip","Darkstone Periapt","Velvet Choker","Regal Pillow","Enchiridion","InkBottle","Tiny Chest"],"acts_visited":["Exordium","TheCity"],"potions_floor_usage":[16,19,30],"damage_taken":[{"damage":0,"enemies":"2 Louse","floor":1,"turns":5},{"damage":9,"enemies":"Jaw Worm","floor":2,"turns":5},{"damage":12,"enemies":"Small Slimes","floor":3,"turns":3},{"damage":16,"enemies":"Blue Slaver","floor":4,"turns":4},{"damage":35,"enemies":"3 Sentries","floor":7,"turns":8},{"damage":32,"enemies":"Gremlin Nob","floor":8,"turns":4},{"damage":18,"enemies":"Gremlin Gang","floor":11,"turns":3},{"damage":2,"enemies":"Looter","floor":13,"turns":3},{"damage":56,"enemies":"Hexaghost","floor":16,"turns":11},{"damage":11,"enemies":"Spheric Guardian","floor":18,"turns":4},{"damage":0,"enemies":"3 Byrds","floor":19,"turns":3},{"damage":10,"enemies":"Centurion and Healer","floor":24,"turns":5},{"damage":52,"enemies":"Gremlin Leader","floor":25,"turns":6},{"damage":24,"enemies":"Cultist and Chosen","floor":28,"turns":5},{"damage":21,"enemies":"Snake Plant","floor":29,"turns":3},{"damage":0,"enemies":"Shelled Parasite and Fungi","floor":30,"turns":4},{"damage":44,"enemies":"Champ","floor":33,"turns":9}],"seed_played":"-7443528890044512053","potions_obtained":[{"floor":2,"key":"Strength Potion"},{"floor":4,"key":"FairyPotion"},{"floor":13,"key":"SmokeBomb"},{"floor":16,"key":"Fruit Juice"},{"floor":18,"key":"AttackPotion"},{"floor":29,"key":"DistilledChaos"}],"is_trial":false,"path_per_floor":["M","M","M","M","?","R","E","?","T","?","M","R","M","$","R","B",null,"M","M","$","?","?","R","M","E","T","R","M","M","M","?","R","B"],"character_chosen":"IRONCLAD","items_purchased":["Juggernaut","Regal Pillow","Body Slam"],"campfire_rested":6,"item_purchase_floors":[14,20,20],"current_hp_per_floor":[72,63,51,35,55,79,44,12,12,12,24,48,46,46,70,19,69,58,58,58,42,30,70,60,8,8,48,24,3,3,3,43,0,0],"gold":209,"neow_bonus":"BOSS_RELIC","is_daily":false,"chose_seed":false,"campfire_upgraded":0,"win_rate":0.0,"timestamp":1614322074,"path_taken":["M","M","M","M","?","R","E","?","T","?","M","R","M","?","R","BOSS","M","M","$","?","?","R","M","E","T","R","M","M","?","?","R","BOSS"],"items_purchased_type":["Card","Relic","Card"],"build_version":"2020-12-18","purchased_purges":0,"victory":false,"max_hp_per_floor":[80,80,80,80,80,80,80,80,80,80,80,80,80,80,80,85,85,85,85,85,85,85,85,85,85,85,85,85,85,85,85,85,85,85],"card_choices":[{"not_picked":["Flex","Wild Strike"],"picked":"Cleave","floor":1},{"not_picked":["Havoc","Battle Trance"],"picked":"Inflame","floor":2},{"not_picked":["Warcry","Infernal Blade"],"picked":"Cleave","floor":3},{"not_picked":["Body Slam","Fiend Fire"],"picked":"Ghostly Armor","floor":4},{"not_picked":["Headbutt","True Grit"],"picked":"Shrug It Off","floor":7},{"not_picked":["True Grit","Iron Wave"],"picked":"Wild Strike","floor":8},{"not_picked":["Sever Soul","Havoc","Clash"],"picked":"SKIP","floor":11},{"not_picked":["Hemokinesis","Demon Form"],"picked":"Shrug It Off","floor":13},{"not_picked":["Offering","Demon Form"],"picked":"Immolate","floor":16},{"not_picked":["Twin Strike","Perfected Strike"],"picked":"Uppercut+1","floor":18},{"not_picked":["Body Slam","Havoc+1"],"picked":"Shrug It Off","floor":19},{"not_picked":["Pummel","Anger+1","Cleave"],"picked":"SKIP","floor":24},{"not_picked":["Anger","Havoc+1"],"picked":"Spot Weakness","floor":25},{"not_picked":["Sword Boomerang","Body Slam"],"picked":"Disarm","floor":28},{"not_picked":["Fire Breathing","Iron Wave"],"picked":"Carnage","floor":29},{"not_picked":["Thunderclap","Perfected Strike"],"picked":"Dual Wield","floor":30}],"player_experience":351255,"relics_obtained":[{"floor":7,"key":"Bronze Scales"},{"floor":9,"key":"Darkstone Periapt"},{"floor":21,"key":"Enchiridion"},{"floor":25,"key":"InkBottle"},{"floor":26,"key":"Tiny Chest"}],"event_choices":[{"damage_healed":20,"gold_gain":0,"player_choice":"Healed","damage_taken":0,"max_hp_gain":0,"max_hp_loss":0,"event_name":"The Cleric","floor":5,"gold_loss":35},{"damage_healed":0,"gold_gain":0,"player_choice":"Searched \u00272\u0027 times","damage_taken":0,"relics_obtained":["Gambling Chip"],"max_hp_gain":0,"max_hp_loss":0,"event_name":"Dead Adventurer","floor":8,"gold_loss":0},{"damage_healed":0,"gold_gain":0,"cards_transformed":["Strike_R"],"player_choice":"Change","damage_taken":0,"max_hp_gain":0,"max_hp_loss":0,"event_name":"Living Wall","floor":10,"gold_loss":0,"cards_obtained":["Wild Strike"]},{"damage_healed":0,"gold_gain":0,"player_choice":"Obtained Book","damage_taken":16,"max_hp_gain":0,"max_hp_loss":0,"event_name":"Cursed Tome","floor":21,"gold_loss":0},{"damage_healed":0,"gold_gain":0,"player_choice":"CARD ","damage_taken":12,"max_hp_gain":0,"max_hp_loss":0,"event_name":"Knowing Skull","floor":22,"potions_obtained":[],"gold_loss":0,"cards_obtained":["Jack Of All Trades"]},{"damage_healed":0,"gold_gain":99,"player_choice":"Stole From Cult","damage_taken":0,"max_hp_gain":0,"max_hp_loss":0,"event_name":"Nest","floor":31,"gold_loss":0}],"is_beta":true,"boss_relics":[{"not_picked":["Calling Bell","Runic Dome"],"picked":"Velvet Choker"}],"items_purged_floors":[],"is_endless":false,"potions_floor_spawned":[2,4,13,16,18,29],"killed_by":"Champ","ascension_level":9}}