{"host":"cz96naaoibjp08st","time":1614363807,"event":{"mods":["Act Like it!","BaseMod","BetterRewards","GifTheSpireLib","Hallownest","Library of Ruina","Minty Spire (QoL Compilation)","Replay The Spire","Shop Mod","Slay the StarCraft II Mod","StSLib","The Bug Knight"],"gold_per_floor":[215,235,235,235,246,246,310,310,362,362,362,410,432,18,18,129,129,157,157,157,178,31,31,54,54,54,54],"floor_reached":26,"language":"ZHS","playtime":1764,"items_purged":[],"score":204,"play_id":"35c546e7-c0b5-4dc8-9afe-dcec1b5362da","local_time":"20210227022327","is_ascension_mode":false,"campfire_choices":[{"data":"FocusedStrikes","floor":6,"key":"SMITH"},{"data":"AssaultOrder","floor":8,"key":"SMITH"},{"data":"ShockRound","floor":10,"key":"SMITH"},{"data":"LeRegole","floor":23,"key":"SMITH"},{"data":"YouOnlyLiveOnce","floor":25,"key":"SMITH"}],"circlet_count":0,"master_deck":["Dodge","LightDefense","LightAttack","LightAttack","LightDefense","LightDefense","ChargeAndCover","FocusedStrikes+1","FaintMemories","ShockRound+1","TimeForALittleTest","WillOfThePrescript+1","FleetFootsteps","LeRegole+1","SturdyDefense","YouOnlyLiveOnce+1"],"relics":["PageOfLibrarian","PageOfSpiderBud","HollowMod:StagPassRelic","Pen Nib","Replay:Bandana","Ice Cream","Frozen Egg 2","MealTicket","Replay:Drink Me","MutagenicStrength","HollowMod:PaleOreRelic","ClockworkSouvenir"],"acts_visited":["Exordium","TheCity"],"potions_floor_usage":[18,18],"damage_taken":[{"damage":0,"enemies":"Cultist","floor":1,"turns":5},{"damage":4,"enemies":"Jaw Worm","floor":2,"turns":5},{"damage":0,"enemies":"2 Louse","floor":5,"turns":3},{"damage":7,"enemies":"Gremlin Nob","floor":7,"turns":4},{"damage":17,"enemies":"3 Sentries","floor":12,"turns":6},{"damage":0,"enemies":"2 Fungi Beasts","floor":13,"turns":3},{"damage":56,"enemies":"Fading Forest","floor":16,"turns":11},{"damage":27,"enemies":"Spheric Guardian","floor":18,"turns":13},{"damage":19,"enemies":"Chosen","floor":21,"turns":9},{"damage":14,"enemies":"3 Cultists","floor":24,"turns":5}],"seed_played":"-3301959246273644862","potions_obtained":[{"floor":2,"key":"Adrenaline Potion"},{"floor":12,"key":"Cursed Concoction"},{"floor":13,"key":"BlessingOfTheForge"},{"floor":18,"key":"Elixir"}],"is_trial":false,"path_per_floor":["M","M","T","?","M","R","?","R","T","R","?","E","M","$","R","B",null,"M","?","?","M","$","R","M","R","T"],"character_chosen":"Librarian","items_purchased":["Frozen Egg 2","MealTicket","ClockworkSouvenir"],"campfire_rested":0,"item_purchase_floors":[14,14,22],"current_hp_per_floor":[60,56,56,56,56,56,52,52,52,52,52,44,52,52,75,51,53,33,33,33,17,32,32,27,27,27,27],"gold":54,"neow_bonus":"HUNDRED_GOLD","is_daily":false,"chose_seed":false,"campfire_upgraded":5,"win_rate":0.0,"timestamp":1614363807,"path_taken":["M","M","?","?","?","R","?","R","T","R","?","E","?","$","R","BOSS","M","?","?","?","$","R","M","R","T"],"items_purchased_type":["Relic","Relic","Relic"],"build_version":"2020-12-22","purchased_purges":0,"victory":false,"max_hp_per_floor":[63,201,201,201,65,63,78,78,78,78,78,67,67,67,78,70,53,46,46,46,50,50,61,67,67,67,67],"card_choices":[{"not_picked":["Reload","HighSpeedStabbing","Riposte","AsThePrescriptOrders","BizarreAttack","Gamble","Collision","SuppressingShot"],"picked":"FaintMemories","floor":1},{"not_picked":["SerpentSwordTechnique","RatsGuideToSurvival","Pound","HiddenBlade","Eject","SuppressingShot","InkOver","FierceOnslaught"],"picked":"ShockRound","floor":2},{"not_picked":["MultiHit","HighKick","BiteOff","StrongStrike","AsThePrescriptOrders","PinpointShot","SearingSword","StrikeDown"],"picked":"AssaultOrder","floor":5},{"not_picked":["GuidanceOfTheGears","Pound","Diversion","ViolentFlame","DevastatingThrash","FierceCharge","CoordinatedAssault","QuickSuppression"],"picked":"TimeForALittleTest","floor":7},{"not_picked":["SuppressingShot","FierceCharge","Overpower","RulesOfTheBackstreets","FrontalAssault","HiddenBlade","Leap_lor","AutomatedMovement"],"picked":"WillOfThePrescript","floor":12},{"not_picked":["Reload","Overpower","AsThePrescriptOrders","SpearedSweep","UnavoidableGaze","StructuralAnalysis","ViolentFlame","TheArtOfRapidSteps"],"picked":"FleetFootsteps","floor":13},{"not_picked":["EmotionalTurbulence","Punishment"],"picked":"LeRegole","floor":16},{"not_picked":["ViolentFlame+1","StructuralAnalysis","DriedUp","BackAttack","Thrust","UnavoidableGaze","AGoldenOpportunity","AlloutWar"],"picked":"SturdyDefense","floor":18},{"not_picked":["Parry2+1","GuidanceOfTheGears","SkyClearingCut","BayonetCombat","CumulusWall+1","FierceCharge","FervidEmotions","BackstreetsDash","Outburst"],"picked":"SKIP","floor":21},{"not_picked":["Thirst+1","Unlock1","StrongStrike+1","DarkCloud+1","SunsetBlade+1","SerpentSwordTechnique","Juggling+1","EnergyStrike"],"picked":"YouOnlyLiveOnce","floor":24}],"player_experience":316220,"relics_obtained":[{"floor":3,"key":"PageOfSpiderBud"},{"floor":7,"key":"HollowMod:StagPassRelic"},{"floor":9,"key":"Pen Nib"},{"floor":11,"key":"Replay:Bandana"},{"floor":12,"key":"Ice Cream"}],"event_choices":[{"damage_healed":0,"gold_gain":0,"player_choice":"Bought 0 Potions","damage_taken":0,"max_hp_gain":0,"max_hp_loss":0,"event_name":"The Woman in Blue","floor":4,"gold_loss":0},{"damage_healed":0,"gold_gain":0,"player_choice":"Searched \u00271\u0027 times","damage_taken":0,"max_hp_gain":0,"max_hp_loss":0,"event_name":"Dead Adventurer","floor":7,"gold_loss":0},{"damage_healed":0,"gold_gain":0,"player_choice":"Relic","damage_taken":0,"max_hp_gain":0,"max_hp_loss":0,"event_name":"Wheel of Change","floor":11,"gold_loss":0},{"damage_healed":0,"gold_gain":0,"player_choice":"Inject Mutagens","damage_taken":0,"relics_obtained":["MutagenicStrength"],"max_hp_gain":0,"max_hp_loss":0,"event_name":"Drug Dealer","floor":19,"gold_loss":0},{"damage_healed":0,"gold_gain":0,"player_choice":"Gave Potion","damage_taken":0,"relics_obtained":["HollowMod:PaleOreRelic"],"max_hp_gain":0,"max_hp_loss":0,"event_name":"WeMeetAgain","floor":20,"gold_loss":0}],"is_beta":false,"boss_relics":[{"not_picked":["Philosopher\u0027s Stone","Velvet Choker"],"picked":"Replay:Drink Me"}],"items_purged_floors":[],"is_endless":false,"potions_floor_spawned":[2,12,13,18],"ascension_level":0}}