{"host":"2fgwwnzqc97k7iys","time":1614302446,"event":{"mods":["BaseMod","Colored Map","Minty Spire (QoL Compilation)","Quick Restart","Relic Stats"],"gold_per_floor":[117,129,142,156,168,168,203,203,203,203,219,66,66,81,81,81,81],"floor_reached":16,"language":"ENG","playtime":959,"items_purged":["Strike_G"],"score":161,"play_id":"bfe55daa-8bc6-4c1a-9c77-8156e156611d","local_time":"20210225192046","is_ascension_mode":true,"campfire_choices":[{"data":"Setup","floor":6,"key":"SMITH"},{"data":"Crippling Poison","floor":8,"key":"SMITH"},{"data":"Poisoned Stab","floor":10,"key":"SMITH"},{"floor":13,"key":"REST"},{"data":"Noxious Fumes","floor":15,"key":"SMITH"}],"circlet_count":0,"master_deck":["AscendersBane","Strike_G","Strike_G","Strike_G","Strike_G","Defend_G","Defend_G","Defend_G","Survivor","Neutralize","Setup+1","Poisoned Stab+1","Bane","Crippling Poison+1","Heel Hook","PiercingWail","Cloak And Dagger","Well Laid Plans","Noxious Fumes+1"],"relics":["Ring of the Snake","Bronze Scales","White Beast Statue"],"acts_visited":["Exordium"],"potions_floor_usage":[7,7,14],"damage_taken":[{"damage":0,"enemies":"Cultist","floor":1,"turns":4},{"damage":15,"enemies":"Small Slimes","floor":2,"turns":4},{"damage":0,"enemies":"2 Louse","floor":3,"turns":4},{"damage":0,"enemies":"Large Slime","floor":4,"turns":5},{"damage":6,"enemies":"Red Slaver","floor":5,"turns":3},{"damage":24,"enemies":"3 Sentries","floor":7,"turns":10},{"damage":0,"enemies":"2 Fungi Beasts","floor":11,"turns":3},{"damage":6,"enemies":"Looter","floor":14,"turns":3},{"damage":21,"enemies":"Slime Boss","floor":16,"turns":6}],"seed_played":"3927984489287429442","potions_obtained":[{"floor":3,"key":"SkillPotion"},{"floor":4,"key":"SkillPotion"},{"floor":7,"key":"Ancient Potion"},{"floor":11,"key":"Explosive Potion"},{"floor":14,"key":"SteroidPotion"}],"is_trial":false,"path_per_floor":["M","M","M","M","M","R","E","R","T","R","M","$","R","M","R","B"],"character_chosen":"THE_SILENT","items_purchased":["Well Laid Plans"],"campfire_rested":1,"item_purchase_floors":[12],"current_hp_per_floor":[63,48,48,48,42,42,18,18,18,18,18,18,36,30,30,9,9],"gold":81,"neow_bonus":"TRANSFORM_TWO_CARDS","is_daily":false,"chose_seed":false,"campfire_upgraded":4,"win_rate":0.0,"timestamp":1614302446,"path_taken":["M","M","M","?","M","R","E","R","T","R","M","$","R","M","R","BOSS"],"items_purchased_type":["Card"],"build_version":"2020-12-22","purchased_purges":1,"victory":false,"max_hp_per_floor":[63,63,63,63,63,63,63,63,63,63,63,63,63,63,63,63,63],"relic_stats":{"counters":[9,42],"Bronze Scales":[21],"obtain_stats":[{"Bronze Scales":7,"White Beast Statue":9,"Ring of the Snake":0},{"Bronze Scales":6,"White Beast Statue":6,"Ring of the Snake":0},{"Bronze Scales":30,"White Beast Statue":30,"Ring of the Snake":0}],"Ring of the Snake":[18]},"card_choices":[{"not_picked":["Underhanded Strike","Cloak And Dagger"],"picked":"Bane","floor":1},{"not_picked":["Blade Dance","Flying Knee"],"picked":"Crippling Poison","floor":2},{"not_picked":["Sucker Punch","Underhanded Strike"],"picked":"Heel Hook","floor":3},{"not_picked":["Choke","Flying Knee"],"picked":"PiercingWail","floor":4},{"not_picked":["Concentrate","Outmaneuver","Dagger Throw"],"picked":"SKIP","floor":5},{"not_picked":["Predator","Deflect"],"picked":"Cloak And Dagger","floor":7},{"not_picked":["Endless Agony","Distraction","Outmaneuver"],"picked":"SKIP","floor":11},{"not_picked":["Predator","All Out Attack"],"picked":"Noxious Fumes","floor":14}],"player_experience":671523,"relics_obtained":[{"floor":7,"key":"Bronze Scales"},{"floor":9,"key":"White Beast Statue"}],"event_choices":[],"is_beta":false,"boss_relics":[],"items_purged_floors":[12],"is_endless":false,"potions_floor_spawned":[3,4,7,11,14],"killed_by":"Slime Boss","ascension_level":11}}