{"host":"v63m4f6t57xrjbnq","time":1614323114,"event":{"mods":["100% Spire Juice","ATMod(阿瑾Mod)","Act Like it!","Arknights","BaseMod","Colored Powertips","Dota2Spire","Downfall","Energized Spire","Gensokyo","Hallownest","KinomotoSakuraMod(木之本樱)","KomeijiMod","LagranYue(拉格朗・月)","Lobotomy","LobotomyExtend","Marisa（F雨　魔理沙）","Marked Mod","Minty Spire (QoL Compilation)","Quick Restart","Reimu（博丽灵梦）","Relic Filter Mod","Remilia（蕾米莉亚）","Replay The Spire","RumiaBox-露米娅的神秘盒子","StSLib","The Administrix","The Marked","The Senshi","The Servant 0.9.4","Waifu the Spire","WarShipGirlsR/战舰少女R mod","Yakumo Yukari mod","Youmu（魂魄妖梦）","Yuyuko","【遗物卡牌】REMEMod"],"gold_per_floor":[366,581,288,288,288,323,323,623,623],"floor_reached":8,"language":"ZHS","playtime":454,"items_purged":[],"score":108,"play_id":"e9b60f2f-e6d6-43ac-b13e-a70cfe5b420b","local_time":"20210226150514","is_ascension_mode":true,"campfire_choices":[{"data":"ats:Part Time Job","floor":7.0,"key":"SMITH"}],"circlet_count":0,"master_deck":["AscendersBane","ats:Strike C","ats:Strike G","ats:Strike S","ats:Strike V","ats:Armor Crushing Shot","ats:Defend","ats:Defend","ats:Defend","ats:Defend","ats:Emotion Absorption","LagranYue:BasePowerCard","AdministrixMod:RedCloak","ats:Explosion Area Strengthen","ats:Curse Doll","Gensokyo:TarnishedGold","Gensokyo:ScrapIron","Gensokyo:DepletedGenerator","ats:Closed Bolt Burst Fire+1","ats:Part Time Job+1"],"relics":["ats:Sanity","AT_ATBox","REME_ComplimentaryCards","LagranYue:RandomDrawCardRelic","Baka","Toolbox","Gensokyo:CelestialsFlawlessClothing","Dota2Spire:MaskOfMadness","ats:Originium","Dota2Spire:MantaStyle"],"acts_visited":["Gensokyo:Gensokyo"],"potions_floor_usage":[],"damage_taken":[{"damage":15.0,"enemies":"Gensokyo:Gryphon","floor":1.0,"turns":3.0},{"damage":0.0,"enemies":"Gensokyo:2_Kodama","floor":2.0,"turns":1.0},{"damage":94.0,"enemies":"Gensokyo:Mamizou","floor":6.0,"turns":15.0},{"damage":106,"enemies":"Gensokyo:Aya","floor":8,"turns":6}],"seed_played":"-3141076267081489305","potions_obtained":[],"is_trial":false,"path_per_floor":["M","M","COS","?","?","E","R","?"],"character_chosen":"DOCTOR_CLASS","items_purchased":[],"campfire_rested":0,"item_purchase_floors":[],"current_hp_per_floor":[50,50,50,32,32,25,25,0,0],"gold":623,"neow_bonus":"TWO_FIFTY_GOLD","is_daily":false,"chose_seed":false,"campfire_upgraded":1,"win_rate":0.0,"timestamp":1614323114,"path_taken":["M","M","COS","?","?","E","R","?"],"items_purchased_type":[],"build_version":"2020-12-22","purchased_purges":0,"victory":false,"max_hp_per_floor":[72,72,72,72,72,72,72,72,72],"card_choices":[{"not_picked":["ats:Flexible Camouflage","ats:Absolute Focus"],"picked":"ats:Explosion Area Strengthen","floor":1.0},{"not_picked":["ats:Guard Mode","ats:Ignite"],"picked":"ats:Curse Doll","floor":2.0},{"not_picked":["ats:Serious Mode","ats:Blood Oath"],"picked":"ats:Part Time Job","floor":6.0}],"player_experience":276652,"relics_obtained":[{"floor":1.0,"key":"Baka"},{"floor":6.0,"key":"ats:Originium"},{"floor":6.0,"key":"Dota2Spire:MantaStyle"}],"event_choices":[],"is_beta":false,"boss_relics":[],"items_purged_floors":[],"is_endless":false,"potions_floor_spawned":[],"killed_by":"Gensokyo:Aya","ascension_level":13}}