{"host":"v0xbo920qxoewo3e","time":1614381609,"event":{"mods":["Act Like it!","Aspiration","Astrologer","BaseMod","Conspire","Downfall","Friendly Minions","GifTheSpireLib","Halation","Hermit","Hubris","Infinite Spire","Jedi Mod","Jorbs\u0027s Wanderer Trilogy","Koishi","Marisa????????","Minty Spire (QoL Compilation)","Potionbrewer","Rare Cards Sparkle","Reimu??????","Remilia??????","Replay The Spire","StSLib","Stuff the Spire","The Animator","The Blackbeard","The Bladedancer","The Bug Knight","The Construct","The Cursed","The Disciple","The Gatherer","The Jungle","The Problem Sleuth","The Runesmith","The Servant 0.9.4","TheBandit","Unceasing Turn Reminder"],"gold_per_floor":[114,128,139,32,48,74,74,106,132,142,162,173,191,31,31,133,133,150,227,242,87,116,116,151,151,174,244,244,255,255,255,255,351,351,366,73,86,118,118,180,180,190,190,251,251,251],"floor_reached":45,"language":"ENG","playtime":8551,"items_purged":["hermit:Snapshot"],"score":657,"play_id":"6ffc00e2-2176-4f7b-bec4-a6fb9d95b840","local_time":"20210227012009","is_ascension_mode":true,"campfire_choices":[{"data":"hermit:Maintenance","floor":7,"key":"SMITH"},{"data":"hermit:Showdown","floor":15,"key":"SMITH"},{"data":"hermit:Vantage","floor":23,"key":"SMITH"},{"data":"hermit:DeadOrAlive","floor":25,"key":"SMITH"},{"data":"hermit:Magnum","floor":30,"key":"SMITH"},{"data":"hermit:HighCaliber","floor":32,"key":"SMITH"},{"floor":41,"key":"REST"}],"circlet_count":0,"master_deck":["hermit:Strike_Hermit","hermit:Strike_Hermit","hermit:Strike_Hermit","hermit:Strike_Hermit","hermit:Defend_Hermit","hermit:Defend_Hermit","hermit:Defend_Hermit","hermit:Defend_Hermit","hermit:Covet","hermit:LuckOfTheDraw","hermit:Showdown+1","hermit:Maintenance+1","hermit:Shortfuse","hermit:GoldenBullet","hermit:Vantage+1","hermit:GoldenBullet","hermit:DeadOrAlive+1","hermit:Maintenance+1","hermit:BodyArmor+1","hermit:HighCaliber+1","hermit:Magnum+1","hermit:Coalescence","hermit:NoHoldsBarred","hermit:LuckOfTheDraw","infinitespire:Execution","hermit:RoundhouseKick","hermit:FlashPowder"],"relics":["hermit:Momento","hubris:Spice","StuffTheSpire:GrapeVine","Simple Rune","hubris:VirtuousBlindfold","Garlic","Bronze Scales","StuffTheSpire:PointBlank","Mastiff:ReiMu","StuffTheSpire:HeavyRock","StuffTheSpire:CocoNut","jedi:crownofsimplicity"],"acts_visited":["Exordium","TheCity","TheBeyond"],"potions_floor_usage":[6,8,16,18,22,33],"damage_taken":[{"damage":0,"enemies":"Cultist","floor":1,"turns":3},{"damage":0,"enemies":"conspire:RoseBush","floor":2,"turns":6},{"damage":0,"enemies":"Small Slimes","floor":3,"turns":2},{"damage":6,"enemies":"Looter","floor":5,"turns":2},{"damage":3,"enemies":"3 Sentries","floor":6,"turns":9},{"damage":25,"enemies":"Gremlin Nob","floor":8,"turns":4},{"damage":2,"enemies":"Lots of Slimes","floor":10,"turns":5},{"damage":0,"enemies":"Large Slime","floor":11,"turns":2},{"damage":0,"enemies":"Looter","floor":12,"turns":2},{"damage":4,"enemies":"2 Fungi Beasts","floor":13,"turns":3},{"damage":23,"enemies":"Fading Forest","floor":16,"turns":11},{"damage":0,"enemies":"2 Thieves","floor":18,"turns":4},{"damage":0,"enemies":"Spheric Guardian","floor":20,"turns":3},{"damage":3,"enemies":"Shelled Parasite and Fungi","floor":22,"turns":9},{"damage":5,"enemies":"HollowMod:Nosk","floor":24,"turns":10},{"damage":3,"enemies":"conspire:Head Lice","floor":27,"turns":5},{"damage":1,"enemies":"conspire:HollyBat","floor":29,"turns":7},{"damage":24,"enemies":"Champ","floor":33,"turns":11},{"damage":0,"enemies":"3 Shapes","floor":35,"turns":7},{"damage":0,"enemies":"3 Darklings","floor":37,"turns":7},{"damage":1,"enemies":"Spire Growth","floor":38,"turns":4},{"damage":53,"enemies":"Nightmare","floor":40,"turns":10},{"damage":18,"enemies":"Maw","floor":42,"turns":6},{"damage":15,"enemies":"Nemesis","floor":44,"turns":3},{"damage":10,"enemies":"Jaw Worm Horde","floor":45,"turns":2}],"seed_played":"-6077858950377275054","potions_obtained":[{"floor":1,"key":"potionbrewer:AcidPotion"},{"floor":6,"key":"Strength Potion"},{"floor":8,"key":"Block Potion"},{"floor":10,"key":"potionbrewer:CleansingPotion"},{"floor":13,"key":"potionbrewer:EndurancePotion"},{"floor":20,"key":"potionbrewer:CleansingPotion"},{"floor":22,"key":"potionbrewer:StunPotion"},{"floor":35,"key":"champ:CounterPotion"},{"floor":38,"key":"LifebloodPotion"}],"is_trial":false,"path_per_floor":["M","M","M","$","M","E","R","E","T","M","M","M","M","$","R","B",null,"M","T","M","$","M","R","E","R","T","E","?","M","R","?","R","B",null,"M","$","M","M","?","NM","R","M","T","E","M"],"character_chosen":"HERMIT","items_purchased":["hermit:Maintenance","hermit:Shortfuse","hermit:Vantage","hermit:GoldenBullet","Bronze Scales","hubris:Spice"],"campfire_rested":1,"item_purchase_floors":[4,4,14,14,21,36],"current_hp_per_floor":[75,75,75,75,69,74,74,49,49,47,47,47,43,43,43,28,83,83,83,83,83,80,80,75,75,75,72,72,71,71,71,71,47,91,91,83,75,74,81,28,50,32,32,17,7,7],"gold":251,"neow_bonus":"UPGRADE_CARD","is_daily":false,"chose_seed":false,"campfire_upgraded":6,"win_rate":0.0,"timestamp":1614381609,"path_taken":["M","M","M","$","M","E","R","E","T","M","?","?","M","$","R","BOSS","M","?","M","$","M","R","E","R","T","E","?","M","R","?","R","BOSS","M","$","M","M","?","NM","R","?","T","E","M"],"items_purchased_type":["Card","Card","Card","Card","Relic","Relic"],"build_version":"2020-12-22","purchased_purges":1,"victory":false,"max_hp_per_floor":[75,75,75,75,75,83,83,83,83,83,83,83,83,83,83,83,83,83,83,83,83,83,83,83,83,83,83,83,83,83,83,83,83,91,91,83,75,75,82,74,74,66,66,66,66,66],"card_choices":[{"not_picked":["hermit:Headshot","hermit:Ricochet"],"picked":"hermit:LuckOfTheDraw","floor":1},{"not_picked":["hermit:Glare","hermit:Desperado"],"picked":"hermit:Showdown","floor":2},{"not_picked":["hermit:Desperado","hermit:Manifest","hermit:Snipe"],"picked":"SKIP","floor":3},{"not_picked":["hermit:LowProfile","hermit:Desperado"],"picked":"hermit:Dive","floor":5},{"not_picked":["hermit:Desperado","hermit:Grudge","hermit:Coalescence"],"picked":"SKIP","floor":6},{"not_picked":["hermit:Gestalt","hermit:CursedWeapon","hermit:ItchyTrigger"],"picked":"SKIP","floor":8},{"not_picked":["hermit:Ricochet","hermit:PistolWhip"],"picked":"hermit:Purgatory","floor":10},{"not_picked":["hermit:Deadeye","hermit:PistolWhip","hermit:Feint"],"picked":"SKIP","floor":11},{"not_picked":["hermit:LoneWolf","hermit:Headshot","hermit:Coalescence"],"picked":"SKIP","floor":12},{"not_picked":["hermit:Deadeye","hermit:Manifest"],"picked":"hermit:GoldenBullet","floor":13},{"not_picked":["hermit:Purgatory","hermit:Magnum"],"picked":"hermit:DeadOrAlive","floor":16},{"not_picked":["hermit:Enervate","hermit:SprayPray","hermit:Desperado+1"],"picked":"SKIP","floor":18},{"not_picked":["hermit:NoHoldsBarred","hermit:Manifest"],"picked":"hermit:Maintenance+1","floor":20},{"not_picked":["hermit:Desperado+1","hermit:ItchyTrigger"],"picked":"hermit:BodyArmor+1","floor":22},{"not_picked":["hermit:HoleUp","hermit:PistolWhip"],"picked":"hermit:HighCaliber","floor":24},{"not_picked":["hermit:Ricochet","hermit:LowProfile"],"picked":"hermit:Magnum","floor":27},{"not_picked":["hermit:TrackingShot","hermit:NoHoldsBarred","hermit:Coalescence"],"picked":"SKIP","floor":29},{"not_picked":["hermit:Desperado","hermit:WideOpen+1","hermit:Snipe"],"picked":"SKIP","floor":35},{"not_picked":["hermit:Spite","hermit:DeadMansHand+1"],"picked":"hubris:SpiceAddiction","floor":37},{"not_picked":["hermit:Midnight","hermit:PistolWhip+1","hermit:LoneWolf+1"],"picked":"SKIP","floor":38},{"not_picked":["infinitespire:SealOfDarkness+","infinitespire:Oblivion"],"picked":"infinitespire:Execution","floor":40},{"not_picked":["hermit:Dissolve","hermit:Roulette+1"],"picked":"hermit:RoundhouseKick","floor":40},{"not_picked":["hermit:Dive+1","hermit:LuckOfTheDraw"],"picked":"hubris:SpiceAddiction","floor":42},{"not_picked":["hermit:FromBeyond","hermit:Feint"],"picked":"hermit:FlashPowder","floor":44}],"player_experience":1552817,"relics_obtained":[{"floor":6,"key":"hubris:Spice"},{"floor":8,"key":"StuffTheSpire:GrapeVine"},{"floor":9,"key":"Simple Rune"},{"floor":19,"key":"Garlic"},{"floor":24,"key":"StuffTheSpire:PointBlank"},{"floor":26,"key":"Mastiff:ReiMu"},{"floor":27,"key":"StuffTheSpire:HeavyRock"},{"floor":40,"key":"hubris:Spice"},{"floor":43,"key":"jedi:crownofsimplicity"}],"event_choices":[{"damage_healed":0,"gold_gain":0,"cards_transformed":["hermit:Purgatory","hermit:Dive"],"player_choice":"Became Test Subject","damage_taken":0,"max_hp_gain":0,"max_hp_loss":0,"event_name":"Drug Dealer","floor":28,"gold_loss":0,"cards_obtained":["hermit:Coalescence","hermit:NoHoldsBarred"]}],"is_beta":false,"boss_relics":[{"not_picked":["hubris:Spice","Cursed Key"],"picked":"hubris:VirtuousBlindfold"},{"not_picked":["hubris:CrackedHourglass","Ring of Chaos"],"picked":"hubris:Spice"}],"items_purged_floors":[14],"is_endless":false,"potions_floor_spawned":[1,6,8,10,13,20,22,35,38],"killed_by":"Jaw Worm Horde","ascension_level":4}}