{"host":"puhn14s7bdwcyqz6","time":1614309759,"event":{"mods":["BaseMod","CapriCore","Koishi","Marisa（霧雨　魔理沙）","Minty Spire (QoL Compilation)","Reimu（博丽灵梦）","Remilia（蕾米莉亚）","StSLib","The Administrix","The Immortal","The Senshi","The Servant 0.9.4"],"gold_per_floor":[114,125,13,29,46,76,76,109,109,143,162,162,174,186,186,288,288,299,299,64,75,92,92,92,92],"floor_reached":24,"language":"ENG","playtime":1773,"items_purged":[],"score":242,"play_id":"43eb5c5c-e32b-4c59-83db-e4d2e102131a","local_time":"20210225222239","is_ascension_mode":true,"campfire_choices":[{"data":"HeartBreak","floor":7,"key":"SMITH"},{"floor":12,"key":"REST"},{"floor":15,"key":"REST"},{"data":"SuperhumanBloodyKnife","floor":23,"key":"SMITH"}],"circlet_count":0,"master_deck":["Strike_RM","Strike_RM","Strike_RM","Strike_RM","Defend_RM","Defend_RM","Defend_RM","Defend_RM","RedMoon","ScarletShoot","VampireClaw","BombardNight","HeartBreak+1","VampireKiss","ScarletNetherworld","VampireFantasy","HunterOfTheNight","VampirishNight","NightDance","BlasphemousPunishment","UltimateOffering","EternalNight","TricksterDevil","BloodyMagicSquare+1","StarOfDavid","NightDance","Septette","AfternoonTea","UltimateOffering+1","SuperhumanBloodyKnife+1"],"relics":["ScarletHat","NeowsBlessing","Nunchaku","Centennial Puzzle","Letter Opener","Darkstone Periapt"],"acts_visited":["Exordium","TheCity"],"potions_floor_usage":[8,14,18,24],"damage_taken":[{"damage":0,"enemies":"Cultist","floor":1,"turns":1},{"damage":0,"enemies":"2 Louse","floor":2,"turns":1},{"damage":0,"enemies":"Jaw Worm","floor":4,"turns":1},{"damage":7,"enemies":"Looter","floor":5,"turns":2},{"damage":20,"enemies":"Lagavulin","floor":6,"turns":8},{"damage":36,"enemies":"Gremlin Nob","floor":8,"turns":6},{"damage":7,"enemies":"3 Sentries","floor":10,"turns":4},{"damage":0,"enemies":"Exordium Thugs","floor":11,"turns":2},{"damage":14,"enemies":"Blue Slaver","floor":13,"turns":4},{"damage":5,"enemies":"Exordium Wildlife","floor":14,"turns":2},{"damage":34,"enemies":"The Guardian","floor":16,"turns":6},{"damage":27,"enemies":"2 Thieves","floor":18,"turns":2},{"damage":54,"enemies":"3 Byrds","floor":21,"turns":4},{"damage":11,"enemies":"3 Cultists","floor":22,"turns":3},{"damage":31,"enemies":"Gremlin Leader","floor":24,"turns":2}],"seed_played":"8814382324365688126","potions_obtained":[{"floor":1,"key":"GrandPatriotsElixir:ReiMu"},{"floor":6,"key":"GrandPatriotsElixir:ReiMu"},{"floor":13,"key":"Explosive Potion"},{"floor":14,"key":"Dexterity Potion"},{"floor":16,"key":"SteroidPotion"}],"is_trial":false,"path_per_floor":["M","M","$","M","M","E","R","E","T","E","M","R","M","M","R","B",null,"M","?","$","M","M","R","E"],"character_chosen":"REMILIA","items_purchased":["HeartBreak","VampireKiss","StarOfDavid","NightDance","Septette","AfternoonTea"],"campfire_rested":2,"item_purchase_floors":[3,3,20,20,20,20],"current_hp_per_floor":[75,75,75,75,70,54,54,25,25,22,25,48,37,33,56,38,78,53,88,88,38,28,28,0,0],"gold":92,"neow_bonus":"THREE_ENEMY_KILL","is_daily":false,"chose_seed":false,"campfire_upgraded":2,"win_rate":0.0,"timestamp":1614309759,"path_taken":["M","M","$","?","M","E","R","E","T","E","M","R","M","?","R","BOSS","M","?","$","M","M","R","E"],"items_purchased_type":["Card","Card","Card","Card","Card","Card"],"build_version":"2020-12-22","purchased_purges":0,"victory":false,"max_hp_per_floor":[75,75,75,75,75,75,75,78,78,78,78,78,78,78,78,78,78,78,88,88,88,88,88,88,88],"card_choices":[{"not_picked":["BombardNight","BloodHunter"],"picked":"VampireClaw","floor":1},{"not_picked":["StarOfDavid","CharismaGuard"],"picked":"BombardNight","floor":2},{"not_picked":["DiffusionOfMisfortune","BombardNight"],"picked":"ScarletNetherworld","floor":4},{"not_picked":["FavorOfDestiny","CharismaGuard"],"picked":"VampireFantasy","floor":5},{"not_picked":["EndlessAdversity","BombardNight"],"picked":"HunterOfTheNight","floor":6},{"not_picked":["BloodHunter","UnderTheZenith"],"picked":"VampirishNight","floor":8},{"not_picked":["CeilingFear","Maim"],"picked":"NightDance","floor":10},{"not_picked":["VampireKiss","EndlessAdversity"],"picked":"BlasphemousPunishment","floor":11},{"not_picked":["VampireKiss","CeilingFear"],"picked":"UltimateOffering","floor":13},{"not_picked":["MastersStateliness","VampireSweep"],"picked":"EternalNight","floor":14},{"not_picked":["ScarletCoffin","ForecastOfChange"],"picked":"TricksterDevil","floor":16},{"not_picked":["BombardNight","NightDance"],"picked":"BloodyMagicSquare+1","floor":18},{"not_picked":["VampirishNight","CharismaGuard+1"],"picked":"UltimateOffering+1","floor":21},{"not_picked":["Stigmanizer","MastersStateliness"],"picked":"SuperhumanBloodyKnife","floor":22}],"player_experience":88224,"relics_obtained":[{"floor":6,"key":"Nunchaku"},{"floor":8,"key":"Centennial Puzzle"},{"floor":9,"key":"Letter Opener"},{"floor":10,"key":"Darkstone Periapt"}],"event_choices":[],"is_beta":false,"boss_relics":[{"not_picked":["Fusion Hammer","Runic Dome","Sozu"]}],"items_purged_floors":[],"is_endless":false,"potions_floor_spawned":[1,6,13,14,16],"killed_by":"Gremlin Leader","ascension_level":2}}