{"host":"m9622w2ctpb03k26","time":1614328855,"event":{"mods":["BaseMod","Downfall","Hermit","Hubris","Infinite Spire","Marisa????????","Minty Spire (QoL Compilation)","Replay The Spire","StSLib","The Animator","The Cursed","The Marked","The Necromancer","The Poker Player"],"gold_per_floor":[114,127,143,143,157,183,183,193,193,193,193,193,212,225,225,225,225],"floor_reached":16,"language":"ENG","playtime":8303,"items_purged":[],"score":104,"play_id":"10db3123-2d7a-4fab-aea7-75f053ea60e3","local_time":"20210226024055","is_ascension_mode":false,"campfire_choices":[{"data":"theMarked:BanishingWave","floor":7,"key":"SMITH"},{"floor":12,"key":"REST"},{"floor":15,"key":"REST"}],"circlet_count":0,"master_deck":["theMarked:Strike","theMarked:Strike","theMarked:Strike","theMarked:Strike","theMarked:Strike","theMarked:Defend","theMarked:Defend","theMarked:Defend","theMarked:Defend","theMarked:SoldierOfQuellstein","theMarked:Improvise","theMarked:HeightenedSenses","theMarked:BanishingWave+1","theMarked:Frustration","theMarked:Toughness+1","theMarked:ChainLightning","theMarked:Aftermath"],"relics":["theMarked:ArtifactOfAir","NeowsBlessing","infinitespire:Eraser","Golden Idol"],"acts_visited":["Exordium"],"potions_floor_usage":[16,16],"damage_taken":[{"damage":0,"enemies":"Small Slimes","floor":1,"turns":1},{"damage":0,"enemies":"Cultist","floor":2,"turns":1},{"damage":0,"enemies":"Jaw Worm","floor":3,"turns":1},{"damage":4,"enemies":"2 Fungi Beasts","floor":5,"turns":3},{"damage":49,"enemies":"Lagavulin","floor":6,"turns":10},{"damage":0,"enemies":"Gremlin Gang","floor":8,"turns":1},{"damage":5,"enemies":"Looter","floor":13,"turns":3},{"damage":9,"enemies":"2 Fungi Beasts","floor":14,"turns":3},{"damage":46,"enemies":"The Guardian","floor":16,"turns":6}],"seed_played":"-7129513152282029233","potions_obtained":[{"floor":3,"key":"Elixir"},{"floor":4,"key":"SneckoOil"},{"floor":4,"key":"CultistPotion"},{"floor":13,"key":"BlessingOfTheForge"},{"floor":14,"key":"champ:CounterPotion"}],"is_trial":false,"path_per_floor":["M","M","M","?","M","E","R","M","T","?","?","R","M","M","R","B"],"character_chosen":"THE_DEFAULT","items_purchased":[],"campfire_rested":2,"item_purchase_floors":[],"current_hp_per_floor":[72,72,72,72,68,19,19,19,19,19,19,39,34,25,45,0,0],"gold":225,"neow_bonus":"THREE_ENEMY_KILL","is_daily":false,"chose_seed":false,"campfire_upgraded":1,"win_rate":0.0,"timestamp":1614328855,"path_taken":["M","M","M","?","?","E","R","M","T","?","?","R","M","?","R","BOSS"],"items_purchased_type":[],"build_version":"2020-12-22","purchased_purges":0,"victory":false,"max_hp_per_floor":[72,72,72,72,72,72,72,72,72,67,67,67,67,67,67,67,67],"card_choices":[{"not_picked":["theMarked:LightningStrikesTwice","theMarked:Standoff"],"picked":"theMarked:Improvise","floor":1},{"not_picked":["theMarked:TwofoldDefense","theMarked:Reabsorb"],"picked":"theMarked:HeightenedSenses","floor":2},{"not_picked":["theMarked:EmpowerWeapon","theMarked:Frustration"],"picked":"theMarked:BanishingWave","floor":3},{"not_picked":["theMarked:TakeCover","theMarked:EmpowerWeapon"],"picked":"theMarked:Frustration","floor":5},{"not_picked":["theMarked:WastefulAttack","theMarked:SwordAndMagic"],"picked":"theMarked:Toughness","floor":6},{"not_picked":["theMarked:TwofoldDefense","theMarked:WastefulAttack"],"picked":"theMarked:ChainLightning","floor":8},{"not_picked":["theMarked:Frustration","theMarked:TakeCover"],"picked":"theMarked:Aftermath","floor":13},{"not_picked":["theMarked:Parkour","theMarked:ElectricStrings","theMarked:Polarize"],"picked":"SKIP","floor":14}],"player_experience":129016,"relics_obtained":[{"floor":6,"key":"infinitespire:Eraser"}],"event_choices":[{"damage_healed":0,"gold_gain":0,"player_choice":"Got Potions","damage_taken":0,"max_hp_gain":0,"max_hp_loss":0,"event_name":"Lab","floor":4,"gold_loss":0},{"damage_healed":0,"gold_gain":0,"player_choice":"Lose Max HP","damage_taken":0,"relics_obtained":["Golden Idol"],"max_hp_gain":0,"max_hp_loss":5,"event_name":"Golden Idol","floor":10,"gold_loss":0},{"damage_healed":0,"gold_gain":0,"player_choice":"Forge","damage_taken":0,"max_hp_gain":0,"max_hp_loss":0,"event_name":"Accursed Blacksmith","floor":11,"gold_loss":0,"cards_upgraded":["theMarked:Toughness"]}],"is_beta":false,"boss_relics":[],"items_purged_floors":[],"is_endless":false,"potions_floor_spawned":[3,6,13,14],"killed_by":"The Guardian","ascension_level":0}}