{"host":"ggy1mjjy92c62u6a","time":1614321577,"event":{"mods":["10 clothes from DAL","ATMod(阿瑾Mod)","Act Like it!","BaseMod","Colored Powertips","GifTheSpireLib","Infinite Spire","Library of Ruina","Library of Ruina Extra","Lobotomy","LobotomyExtend","Marisa（F雨　魔理沙）","Minty Spire (QoL Compilation)","Quick Restart","Relic Filter Mod","Relic Stats","Reliquary","Remilia（蕾米莉亚）","Replay The Spire","RumiaBox-露米娅的神秘盒子","Shop Mod","Spicy Shops","StSLib","SuperFastMode","Youmu（魂魄妖梦）","[功能]功能增强和修复MOD","【功能Mod】混沌之环修复补丁","【遗物Mod】死灵法师NEW","【遗物卡牌】REMEMod"],"gold_per_floor":[114,31,31,46,56,56,88,88,88,88,88,105,122,122,122,222,222,240,240,240,259,64,64,82,82,82,93,93,110,127,227,227,227,227],"floor_reached":33,"language":"ZHS","playtime":2649,"items_purged":["Strike_RM","Strike_RM","Strike_RM"],"score":349,"play_id":"df855600-bb12-4187-a5e3-8297662b1ee0","local_time":"20210226143937","is_ascension_mode":true,"campfire_choices":[{"data":"AT_EmpoweredMortalDraw","floor":6.0,"key":"SMITH"},{"data":"AT_LightSaberMaster","floor":8.0,"key":"SMITH"},{"data":"AT_DarkMatter","floor":10.0,"key":"SMITH"},{"floor":15.0,"key":"REST"},{"data":"REME_CRH","floor":23.0,"key":"SMITH"},{"data":"ScarletImprint","floor":28.0,"key":"SMITH"},{"data":"Pinks","floor":32,"key":"SMITH"}],"circlet_count":0,"master_deck":["Strike_RM","Defend_RM","Defend_RM","Defend_RM","RedMoon","ScarletShoot","AT_DarkMatter+1","ScarletNetherworld","AT_EmpoweredMortalDraw+1","Deep Breath","Secret Technique","AT_LightSaberMaster+1","ScarletNetherworld","ScarletImprint+1","ScarletDevilSign","RedMoon","ScarletSymphony","Pinks+1","Adrenaline","REME_CRH+1","CeilingFear","Berserk","AT_PowerWithin+1"],"relics":["ScarletHat","REME_ComplimentaryCards","AT_ATBox","CogitoBucket","Baka","LetterFromLob","ReplayTheSpireMod:ShopPack","Omamori","reliquary:TridentHead","PrismaticShard","reliquary:KinkedSpring","Replay:Ringing Soul","Painkiller Herb","reliquary:RosewoodLute","ClockworkSouvenir","SecretRecord","PageOfLittleHelper","DALC_EIGHT","infinitespire:FocusingShard"],"acts_visited":["Exordium","TheCity"],"potions_floor_usage":[31],"damage_taken":[{"damage":0.0,"enemies":"2 Louse","floor":1.0,"turns":3.0},{"damage":0.0,"enemies":"Cultist","floor":4.0,"turns":4.0},{"damage":9.0,"enemies":"Small Slimes","floor":5.0,"turns":2.0},{"damage":25.0,"enemies":"Lagavulin","floor":7.0,"turns":4.0},{"damage":6.0,"enemies":"Looter","floor":12.0,"turns":2.0},{"damage":23.0,"enemies":"3 Louse","floor":13.0,"turns":3.0},{"damage":15.0,"enemies":"Slime Boss","floor":16.0,"turns":5.0},{"damage":12.0,"enemies":"Shell Parasite","floor":18.0,"turns":3.0},{"damage":0.0,"enemies":"Spheric Guardian","floor":21.0,"turns":2.0},{"damage":14.0,"enemies":"Snake Plant","floor":24.0,"turns":5.0},{"damage":0.0,"enemies":"Centurion and Healer","floor":27.0,"turns":2.0},{"damage":2.0,"enemies":"Snecko","floor":29.0,"turns":3.0},{"damage":0.0,"enemies":"Chosen and Byrds","floor":30.0,"turns":3.0},{"damage":0,"enemies":"Colosseum Slavers","floor":31,"turns":2},{"damage":0,"enemies":"Colosseum Nobs","floor":31,"turns":1},{"damage":118,"enemies":"KingOfGreed","floor":33,"turns":6}],"seed_played":"-1677403274885923145","potions_obtained":[{"floor":1.0,"key":"Explosive Potion"},{"floor":5.0,"key":"PowerPotion"},{"floor":13.0,"key":"EssenceOfSteel"}],"is_trial":false,"path_per_floor":["M","$","?","M","M","R","E","R","T","R","?","M","M","?","R","B",null,"M","AVR","?","?","T","T","?","T","T","?","T","?","?","?","T","B"],"character_chosen":"REMILIA","items_purchased":["ReplayTheSpireMod:ShopPack","ClockworkSouvenir"],"campfire_rested":1,"item_purchase_floors":[2,22],"current_hp_per_floor":[75,75,75,75,66,66,46,46,46,46,39,39,36,36,67,60,104,102,102,102,102,102,102,91,91,91,94,94,93,95,98,98,0,0],"gold":227,"neow_bonus":"","is_daily":false,"chose_seed":false,"campfire_upgraded":6,"win_rate":0.0,"timestamp":1614321577,"path_taken":["M","$","?","?","M","R","E","R","T","R","?","M","M","?","R","BOSS","M","AVR","?","?","?","T","?","T","T","?","T","?","?","?","T","BOSS"],"items_purchased_type":["Relic","Relic"],"build_version":"2020-12-22","purchased_purges":3,"victory":false,"max_hp_per_floor":[75,75,75,105,105,105,105,105,105,105,105,104,104,104,104,104,104,102,102,102,102,102,102,105,105,105,105,105,105,105,108,108,108,108],"relic_stats":{"counters":[18,52],"obtain_stats":[{"AT_ATBox":0,"Painkiller Herb":19,"PageOfLittleHelper":30,"SecretRecord":26,"infinitespire:FocusingShard":31,"Baka":1,"Omamori":7,"reliquary:RosewoodLute":20,"DALC_EIGHT":31,"PrismaticShard":14,"ScarletHat":0,"ClockworkSouvenir":22,"reliquary:KinkedSpring":17,"reliquary:TridentHead":9,"Replay:Ringing Soul":19,"CogitoBucket":0,"LetterFromLob":1,"REME_ComplimentaryCards":0,"ReplayTheSpireMod:ShopPack":2},{"AT_ATBox":0,"Painkiller Herb":9,"PageOfLittleHelper":15,"SecretRecord":11,"infinitespire:FocusingShard":17,"Baka":1,"Omamori":4,"reliquary:RosewoodLute":9,"DALC_EIGHT":17,"PrismaticShard":7,"ScarletHat":0,"ClockworkSouvenir":10,"reliquary:KinkedSpring":8,"reliquary:TridentHead":4,"Replay:Ringing Soul":9,"CogitoBucket":0,"LetterFromLob":1,"REME_ComplimentaryCards":0,"ReplayTheSpireMod:ShopPack":1},{"AT_ATBox":0,"Painkiller Herb":27,"PageOfLittleHelper":43,"SecretRecord":34,"infinitespire:FocusingShard":46,"Baka":3,"Omamori":13,"reliquary:RosewoodLute":27,"DALC_EIGHT":46,"PrismaticShard":19,"ScarletHat":0,"ClockworkSouvenir":29,"reliquary:KinkedSpring":24,"reliquary:TridentHead":13,"Replay:Ringing Soul":27,"CogitoBucket":0,"LetterFromLob":3,"REME_ComplimentaryCards":0,"ReplayTheSpireMod:ShopPack":3}]},"card_choices":[{"not_picked":["DiffusionOfMisfortune","ScarletImprint"],"picked":"ScarletNetherworld","floor":1.0},{"not_picked":["Thinking Ahead","REME_Flogging"],"picked":"AT_EmpoweredMortalDraw","floor":2.0},{"not_picked":["Replay:Sssssssssshield","Good Instincts"],"picked":"Deep Breath","floor":2.0},{"not_picked":["Replay:Sssssssssshield","ReplayTheSpireMod:Trickstab"],"picked":"Secret Technique","floor":2.0},{"not_picked":["StarOfDavid","ScarletDevil","Stigmanizer"],"picked":"SKIP","floor":4.0},{"not_picked":["MastersStateliness","SuperhumanBloodyKnife"],"picked":"ScarletNetherworld","floor":5.0},{"not_picked":["BloodAndWine","VampireClaw"],"picked":"ScarletImprint","floor":5.0},{"not_picked":["ScarletDream","FavorOfDestiny"],"picked":"ScarletDevilSign","floor":5.0},{"not_picked":["TwelveNightmare","UnstableMagic","BloodySeventeenLaser"],"picked":"SKIP","floor":5.0},{"not_picked":["VampireKiss","EndlessAdversity","RedRainbow"],"picked":"SKIP","floor":7.0},{"not_picked":["GlobalNightmare","DiffusionOfMisfortune","DevilSight"],"picked":"SKIP","floor":12.0},{"not_picked":["CharismaGuard","ScarletDream"],"picked":"ScarletSymphony","floor":13.0},{"not_picked":["BoundaryOfDeath","EscapeVelocity"],"picked":"Pinks","floor":16.0},{"not_picked":["ChargeUp","Vault"],"picked":"Adrenaline","floor":16.0},{"not_picked":["Justitia","SoundOfStar"],"picked":"REME_CRH","floor":16.0},{"not_picked":["Replay:LoomingThreat","Observe"],"picked":"CeilingFear","floor":16.0},{"not_picked":["SerpentSwordTechnique+1","REME_Repentance","HellGodSword"],"picked":"SKIP","floor":18.0},{"not_picked":["Quick Slash","Brawl+1","QuickAttack"],"picked":"SKIP","floor":21.0},{"not_picked":["DispleasureOfTheSevenHakus+1","Marionette+1"],"picked":"Berserk","floor":24.0},{"not_picked":["Shockwave","GrandCross","Retaliate"],"picked":"SKIP","floor":27.0},{"not_picked":["WillOfThePrescript","MiserableFate","NightDance"],"picked":"SKIP","floor":29.0},{"not_picked":["True Grit+1","Camael","Feast"],"picked":"SKIP","floor":30.0},{"not_picked":["DeepEcoloBomb+1","HighKick+1"],"picked":"AT_PowerWithin+1","floor":31}],"player_experience":164315,"relics_obtained":[{"floor":1.0,"key":"Baka"},{"floor":1.0,"key":"LetterFromLob"},{"floor":7.0,"key":"Omamori"},{"floor":9.0,"key":"reliquary:TridentHead"},{"floor":26.0,"key":"SecretRecord"},{"floor":30.0,"key":"PageOfLittleHelper"},{"floor":31,"key":"DALC_EIGHT"},{"floor":31,"key":"infinitespire:FocusingShard"}],"event_choices":[{"damage_healed":0.0,"max_hp_gain":0.0,"max_hp_loss":0.0,"gold_gain":0.0,"event_name":"Match and Keep!","player_choice":"1 cards matched","floor":3.0,"gold_loss":0.0,"damage_taken":0.0,"cards_obtained":["AT_LightSaberMaster"]},{"cards_removed":["Defend_RM"],"damage_healed":0.0,"max_hp_gain":0.0,"max_hp_loss":0.0,"gold_gain":0.0,"event_name":"Golden Wing","player_choice":"Card Removal","floor":11.0,"gold_loss":0.0,"damage_taken":7.0},{"damage_healed":0.0,"max_hp_gain":0.0,"max_hp_loss":0.0,"gold_gain":0.0,"event_name":"The Mausoleum","player_choice":"Opened","floor":20.0,"gold_loss":0.0,"damage_taken":0.0,"relics_obtained":["reliquary:RosewoodLute"]},{"damage_healed":0,"gold_gain":0,"player_choice":"Fight","damage_taken":0,"max_hp_gain":0,"max_hp_loss":0,"event_name":"Colosseum","floor":31,"gold_loss":0},{"damage_healed":0,"gold_gain":0,"player_choice":"Fought Nobs","damage_taken":0,"max_hp_gain":0,"max_hp_loss":0,"event_name":"Colosseum","floor":31,"gold_loss":0}],"is_beta":false,"boss_relics":[{"not_picked":["infinitespire:Cupcake","Astrolabe"],"picked":"reliquary:KinkedSpring"}],"items_purged_floors":[19,22,22],"is_endless":false,"potions_floor_spawned":[1,5,13,16,27,30],"killed_by":"KingOfGreed","ascension_level":2}}