{"host":"31s8hzukbhz1k6i6","time":1614303300,"event":{"mods":["AchievementEnabler","BaseMod","Bestiary","Colored Map","Filter the Spire","Minty Spire (QoL Compilation)","Relic Stats"],"gold_per_floor":[118,130,150,74,74,74,101,101,153,184,194,194,249,297,309,321,321],"floor_reached":16,"language":"ENG","playtime":706,"items_purged":[],"score":236,"play_id":"22f07331-b1eb-488f-a5a3-a80c0cec47f8","local_time":"20210225173500","is_ascension_mode":true,"campfire_choices":[{"data":"Dagger Spray","floor":6,"key":"SMITH"},{"data":"Glass Knife","floor":8,"key":"SMITH"},{"data":"Glass Knife","floor":15,"key":"SMITH"}],"circlet_count":0,"master_deck":["AscendersBane","Strike_G","Strike_G","Strike_G","Strike_G","Strike_G","Defend_G+1","Defend_G","Defend_G","Defend_G+1","Defend_G","Survivor","Neutralize","Glass Knife+1","Poisoned Stab","Dagger Spray+1","Dagger Spray","Die Die Die","Glass Knife+1","Glass Knife+1"],"relics":["Ring of the Snake","Oddly Smooth Stone","War Paint","CeramicFish","Golden Idol","MawBank"],"acts_visited":["Exordium"],"potions_floor_usage":[7,11,16,16],"damage_taken":[{"damage":1.0,"enemies":"Cultist","floor":1.0,"turns":4.0},{"damage":6.0,"enemies":"Jaw Worm","floor":2.0,"turns":3.0},{"damage":0,"enemies":"2 Louse","floor":3,"turns":2},{"damage":22,"enemies":"Lagavulin","floor":7,"turns":6},{"damage":20,"enemies":"3 Sentries","floor":10,"turns":3},{"damage":0,"enemies":"Large Slime","floor":11,"turns":4},{"damage":14,"enemies":"Lagavulin","floor":14,"turns":6},{"damage":3,"enemies":"Hexaghost","floor":16,"turns":9}],"seed_played":"924973269519588371","potions_obtained":[{"floor":1.0,"key":"Fruit Juice"},{"floor":2,"key":"Poison Potion"},{"floor":10,"key":"EssenceOfSteel"},{"floor":11,"key":"EssenceOfSteel"}],"is_trial":false,"path_per_floor":["M","M","M","$","?","R","E","R","T","E","M","?","?","E","R","B"],"character_chosen":"THE_SILENT","items_purchased":["Die Die Die"],"campfire_rested":0,"item_purchase_floors":[4],"current_hp_per_floor":[58,52,52,52,52,52,30,30,30,10,15,15,15,1,1,0,0],"gold":321,"neow_bonus":"THREE_RARE_CARDS","is_daily":false,"chose_seed":false,"campfire_upgraded":3,"win_rate":0.0,"timestamp":1614303300,"path_taken":["M","M","M","$","?","R","E","R","T","E","M","?","?","E","R","BOSS"],"items_purchased_type":["Card"],"build_version":"2020-12-22","purchased_purges":0,"victory":false,"max_hp_per_floor":[60,60,60,60,60,60,60,60,60,60,65,59,59,59,59,59,59],"relic_stats":{"counters":[8,37],"Golden Idol":8,"CeramicFish":9,"War Paint":["Defend_G","Defend_G"],"MawBank":24,"obtain_stats":[{"Golden Idol":12,"CeramicFish":10,"Oddly Smooth Stone":7,"War Paint":9,"MawBank":14,"Ring of the Snake":0},{"Golden Idol":6,"CeramicFish":5,"Oddly Smooth Stone":4,"War Paint":4,"MawBank":7,"Ring of the Snake":0},{"Golden Idol":22,"CeramicFish":18,"Oddly Smooth Stone":15,"War Paint":15,"MawBank":28,"Ring of the Snake":0}],"Ring of the Snake":[16]},"card_choices":[{"not_picked":["Burst","Storm of Steel"],"picked":"Glass Knife","floor":0.0},{"not_picked":["Escape Plan","Dagger Throw"],"picked":"Poisoned Stab","floor":1.0},{"not_picked":["Predator","Flying Knee"],"picked":"Dagger Spray","floor":2},{"not_picked":["Riddle With Holes","Well Laid Plans"],"picked":"Dagger Spray","floor":3},{"not_picked":["Sucker Punch","Escape Plan"],"picked":"Glass Knife","floor":7},{"not_picked":["Flying Knee","Dagger Throw","Prepared"],"picked":"SKIP","floor":10},{"not_picked":["Poisoned Stab","Concentrate","PiercingWail"],"picked":"SKIP","floor":11},{"not_picked":["Doppelganger","Footwork"],"picked":"Glass Knife","floor":14}],"player_experience":238390,"relics_obtained":[{"floor":7,"key":"Oddly Smooth Stone"},{"floor":9,"key":"War Paint"},{"floor":10,"key":"CeramicFish"},{"floor":14,"key":"MawBank"}],"event_choices":[{"damage_healed":0,"gold_gain":0,"player_choice":"Grow","damage_taken":0,"max_hp_gain":0,"max_hp_loss":0,"event_name":"Living Wall","floor":5,"gold_loss":0,"cards_upgraded":["Glass Knife"]},{"damage_healed":0,"gold_gain":0,"player_choice":"Lose Max HP","damage_taken":0,"relics_obtained":["Golden Idol"],"max_hp_gain":0,"max_hp_loss":6,"event_name":"Golden Idol","floor":12,"gold_loss":0},{"damage_healed":0,"gold_gain":55,"player_choice":"Gained Gold","damage_taken":0,"max_hp_gain":0,"max_hp_loss":0,"event_name":"Golden Wing","floor":13,"gold_loss":0}],"is_beta":false,"boss_relics":[],"items_purged_floors":[],"is_endless":false,"potions_floor_spawned":[1,2,3,10,11],"killed_by":"Hexaghost","ascension_level":20}}