{"host":"kw3n9x3mpxk65n60","time":1614310745,"event":{"mods":["BaseMod","Colored Map","Colored Powertips","Downfall","GifTheSpireLib","Hubris","Minty Spire (QoL Compilation)","Replay The Spire","StSLib","The Jungle"],"gold_per_floor":[99,109,122,142,127,147,193,368,397,397,497,497,33,62,73,177,177,177,197,197,197],"floor_reached":19,"language":"ENG","playtime":1668,"items_purged":["Amnesia"],"score":220,"play_id":"2d4ec267-13e9-4544-b1e9-a8d13f3308b0","local_time":"20210225193905","is_ascension_mode":true,"campfire_choices":[{"floor":1,"key":"DIG"},{"data":"bronze:Goto","floor":10,"key":"SMITH"},{"data":"bronze:InfiniteLoop","floor":12,"key":"SMITH"},{"data":"downfall:Haunted","floor":18,"key":"PURGE"}],"circlet_count":0,"master_deck":["bronze:Strike","bronze:Strike","bronze:Strike","bronze:Strike","bronze:Defend","bronze:Defend","bronze:Defend","bronze:Defend","bronze:Replicate","bronze:Goto+1","bronze:Branch","bronze:DelayedSlice","bronze:FineTuning","bronze:NullPointer","bronze:BitShift","Pot Of Greed","Pot Of Greed","Doubt","bronze:WhirlingStrike","downfall:Haunted","bronze:InfiniteLoop+1","downfall:Haunted","downfall:Haunted","bronze:Overload","Pot Of Greed","bronze:ClassDefault","bronze:CloningBeam","bronze:CleanCode","bronze:Separator+1"],"relics":["bronze:BronzeCore","ReplayFunnel","Grinning Jar","Toy Ornithopter","Du-Vu Doll","Lee\u0027s Waffle","hubris:ToyBattleship","Slimebound:PreparedRelic","hubris:Backtick","Yang"],"acts_visited":["Exordium","TheCity"],"potions_floor_usage":[4,14],"damage_taken":[{"damage":1,"enemies":"Cultist","floor":2,"turns":4},{"damage":3,"enemies":"2 Louse","floor":3,"turns":3},{"damage":0,"enemies":"Jaw Worm","floor":4,"turns":3},{"damage":1,"enemies":"downfall:FleeingMerchant","floor":5,"turns":4},{"damage":5,"enemies":"Exordium Wildlife","floor":6,"turns":6},{"damage":35,"enemies":"Gremlin Nob","floor":9,"turns":7},{"damage":0,"enemies":"downfall:FleeingMerchant","floor":13,"turns":4},{"damage":16,"enemies":"3 Sentries","floor":14,"turns":3},{"damage":11,"enemies":"Exordium Thugs","floor":15,"turns":2},{"damage":37,"enemies":"IC_STATUS_ARCHETYPE","floor":16,"turns":7},{"damage":0,"enemies":"Spheric Guardian","floor":19,"turns":2}],"seed_played":"8996775731739129378","potions_obtained":[{"floor":2,"key":"PowerPotion"},{"floor":6,"key":"sneckomod:MuddlingPotion"},{"floor":9,"key":"Death Potion"},{"floor":14,"key":"Venom Potion"},{"floor":16,"key":"Dexterity Potion"}],"is_trial":false,"path_per_floor":["R_BF","M","M","M","$","M","T","?","E","R","?","R","$","E","M","B",null,"R_BF","M"],"character_chosen":"THE_AUTOMATON","items_purchased":["bronze:ClassDefault","Lee\u0027s Waffle","hubris:ToyBattleship"],"campfire_rested":0,"item_purchase_floors":[13,13,13],"current_hp_per_floor":[77,76,73,73,72,67,67,67,32,32,37,37,89,78,67,30,89,89,89,89,89],"gold":197,"neow_bonus":"TEN_PERCENT_HP_BONUS","is_daily":false,"chose_seed":false,"campfire_upgraded":2,"win_rate":0.0,"timestamp":1614310745,"path_taken":["R_BF","M","M","M","$","?","T","?","E","R","?","R","?","E","M","BOSS","R_BF","M"],"items_purchased_type":["Card","Relic","Relic"],"build_version":"2020-12-22","purchased_purges":1,"victory":false,"max_hp_per_floor":[77,77,77,77,77,77,77,77,77,77,82,82,89,89,89,89,89,89,89,89,89],"card_choices":[{"not_picked":["bronze:Boost","bronze:Constructor"],"picked":"bronze:Branch","floor":2},{"not_picked":["bronze:BugBarrage","bronze:InfiniteBeams"],"picked":"bronze:DelayedSlice","floor":3},{"not_picked":["bronze:Fortify","bronze:Separator"],"picked":"bronze:FineTuning","floor":4},{"not_picked":["bronze:BuggyMess","bronze:Shell"],"picked":"bronze:NullPointer","floor":5},{"not_picked":["bronze:InfiniteBeams","bronze:Refactor"],"picked":"bronze:BitShift","floor":6},{"not_picked":["bronze:Deprecate","bronze:BronzeArmor"],"picked":"bronze:WhirlingStrike","floor":9},{"not_picked":["bronze:DelayedGuard","bronze:BuggyMess"],"picked":"bronze:Overload","floor":13},{"not_picked":["bronze:FollowUp","bronze:MaxOutput"],"picked":"bronze:CloningBeam","floor":14},{"not_picked":["bronze:CutThrough","bronze:Mutator","bronze:Separator"],"picked":"SKIP","floor":15},{"not_picked":["bronze:Library","bronze:TinkerersToolbox"],"picked":"bronze:CleanCode","floor":16},{"not_picked":["bronze:OilSpill","bronze:DelayedGuard"],"picked":"bronze:Separator+1","floor":19}],"player_experience":348030,"relics_obtained":[{"floor":1,"key":"ReplayFunnel"},{"floor":7,"key":"Grinning Jar"},{"floor":9,"key":"Toy Ornithopter"},{"floor":14,"key":"Slimebound:PreparedRelic"}],"event_choices":[],"is_beta":false,"boss_relics":[{"not_picked":["Abe\u0027s Treasure","Snecko Eye"],"picked":"hubris:Backtick"}],"items_purged_floors":[13],"is_endless":false,"potions_floor_spawned":[2,6,9,14,16],"killed_by":"Spheric Guardian","ascension_level":2}}