{"host":"4333ugbd3tcpphs5","time":1614313825,"event":{"mods":["Act Like it!","Aspiration","Astrologer","Bard","BaseMod","Beaked The Cultist","Bestiary","BetterRewards","Block Reminder","Bossed Relics","Colored Map","Colored Powertips","Conspire","Curses Come First","Disable Question Mark Monsters","Energized Spire","Glutton Mod","Halation","Hermit","Hubris","Infinite Spire","Keyboard Shortcuts","Marisa????????","Minty Spire (QoL Compilation)","Prisma Mod","Quick Restart","Rare Cards Sparkle","Replay The Spire","Spicy Shops","StSLib","SuperFastMode","Synergy Search","The Cursed","The Necromancer","The Sage","Transform Curses","Treasure Hunter"],"gold_per_floor":[288,134,134,134,57,75,75,86,110,110,135,135,135,203,203,302,302,313,313,313,329,343,343,357,371,371,403,430,73,73,90,90,193,193,211,224,23,35,35,35,64,64,64,80,95,95,196,196,196,301,301,306,324,328,394,394,394,394,394,394,411,411,410,410,410,410,469,469,470,467,467,467,523,525,525,525,525,511,510,509,499,499,499,560,560,560,560,560,564,562,563,554,561,561,661,661,652,652,664,664,750,750,754,754,808,812,812,812,828,828,854,699,799,799,848,848,848,929,929,927,925,925,925,930,944,944,938,938,933,933],"floor_reached":129,"language":"ENG","playtime":6305,"items_purged":[],"score":2694,"play_id":"ee962a7c-f8eb-4248-9600-902e4bbfcd09","local_time":"20210225233025","is_ascension_mode":false,"campfire_choices":[{"data":"Forethought","floor":7,"key":"SMITH"},{"data":"Death_March_Dance","floor":10,"key":"SMITH"},{"data":"Siphon_Strength","floor":13,"key":"SMITH"},{"data":"TH:ElvenBoots","floor":15,"key":"SMITH"},{"data":"Cloudkill","floor":23,"key":"SMITH"},{"data":"Summon_Undead_Army","floor":30,"key":"SMITH"},{"data":"hubris:InfiniteBlow","floor":40,"key":"SMITH"},{"data":"Summon_Death_Knight","floor":46,"key":"SMITH"},{"data":"Summon_Death_Knight","floor":49,"key":"SMITH"},{"data":"Summon_Vampire_Lady","floor":57,"key":"SMITH"},{"data":"Cloudkill","floor":66,"key":"SMITH"},{"data":"Summon_Undead_Army","floor":76,"key":"SMITH"},{"floor":83,"key":"REST"},{"data":"hubris:DuctTapeCard","floor":100,"key":"SMITH"},{"data":"hubris:InfiniteBlow+2","floor":108,"key":"SMITH"},{"data":"Siphon_Strength","floor":110,"key":"SMITH"},{"data":"TH:ElvenBoots","floor":114,"key":"SMITH"},{"data":"hubris:InfiniteBlow+4","floor":117,"key":"SMITH"}],"circlet_count":0,"master_deck":["conspire:GhostlyDefend","conspire:GhostlyDefend","conspire:GhostlyDefend+1","conspire:GhostlyDefend","Negative_Energy_Arrows+1","Bone_Wall","Negative_Energy_Burst+1","Forethought+1","Siphon_Strength+1","Shackles_Of_Pain","TH:DeckOfManyThings","TH:ArmorSpikes","Bone_Prison","TH:ElvenBoots+1","Cloudkill+1","Spectral_Armor+1","Corrupt+1","Shade_Step+1","Stop_Heart+1","Chill_Blood","TH:ArmorSpikes","TH:ArmorSpikes+1","Summon_Death_Knight+1","TH:ElvenBoots+1","Summon_Undead_Army+1","Uncharnel+1","TH:TreasureMap+1","Summon_Vampire_Lady+1","hubris:InfiniteBlow+5","Summon_Undead+1","Grasp_Heart","TH:BikiniMail+1","Summon_Death_Knight+1","TH:CopperCoins","Scare","Summon_Undead+1","Cloudkill+1","Blood_for_Blood","Toxic_Smoke_Screen","Siphon_Strength+1","TH:TreasureMap","TH:TreasureMap","Summon_Undead_Army+1","TH:TreasureMap+1","Summon_Death_Knight","CurseOfTheBell","TH:DeckOfManyThings+1","Bone_Shift","TH:DeckOfManyThings","Summon_Undead_Army+1","TH:ArmorSpikes","Blood_Magic","Spectral_Armor+1","TH:CursedSword","Summon_Death_Knight","ReplayTheSpireMod:Chaos Vortex","Singularity","Madness","Acceleration","ManaConvection+1","OrrerysSun+1","TH:CursedSword","Deaths_Shadow+1","hubris:DuctTapeCard+2","TH:BikiniMail","CollectingQuirk","TH:ElvenBoots+1","BigCrunch","Spectral_Walk+1","PulseMagic","Blood_for_Blood","Mayhem+1","TH:BikiniMail","TH:ArmorSpikes+1","TH:DeckOfManyThings","TH:BikiniMail","Spectral_Walk","PowerUp","Bite","Bite","Bite","Bite","Bite","Bone_Prison","TH:DeckOfManyThings","SprinkleStarSeal"],"relics":["Vampire_Amulet","Happy Flower","aspiration:TomeofQuesting","Medical Kit","Pocketwatch","halation:LettersToHer","Smiling Mask","Pantograph","energizedSpire:SpiderWeb","Nloth\u0027s Gift","Shuriken","Question Card","Centennial Puzzle","Membership Card","Replay:Mystery Machine","Lantern","beaked:SacredDeck","aspiration:FetidBarrel","Juzu Bracelet","Oddly Smooth Stone","MealTicket","Lizard Tail","infinitespire:CursedDice","aspiration:RitualDagger","sagemod:Red_Beast_Statue","Bottled Lightning","Ring of Fangs","Ring of Fury","Replay:Grab Bag","conspire:SlowCooker","conspire:SeveredTorchhead","Calling Bell","aspiration:ChemicalBlood","halation:SelfBoilingWater","aspiration:AnachronicSnailShell","Gremlin Food","infinitespire:WardingShard","halation:TwoAmDonut","MutagenicStrength","ReplayTheSpireMod:Ninjato","infinitespire:Satchel","aspiration:MarisaSkillbook","hubris:Metronome","ReplayTheSpireMod:TigerMarble","hubris:DuctTape","halation:PinkSoulGem","Replay:Wax Seal","halation:HeavySnake","sagemod:Creepy_Carousel","Potion Belt","Bag of Marbles","halation:PromiseList","sagemod:The_Guidebook_Guide","infinitespire:Lucky Rock","infinitespire:Cupcake","aspiration:RitualStick","Replay:Multitool","hubris:BottledHeart","ReplayTheSpireMod:Lightbulb"],"acts_visited":["Exordium","TheCity","TheBeyond","Exordium","TheCity","TheBeyond","Exordium","TheCity"],"potions_floor_usage":[69,69,70,70,74,74,74,74,78,78,78,79,79,81,81,81,82,82,84,84,84,84,84,84,90,90,90,92,92,93,93,97,97,97,97,97,97,99,99,101,101,101,101,101,104,104,105,109,118,118,120,120,120,125,125,127,127,127,127,127,127],"damage_taken":[{"damage":3,"enemies":"Jaw Worm","floor":1,"turns":3},{"damage":0,"enemies":"Cultist","floor":6,"turns":4},{"damage":2,"enemies":"conspire:RoseBush","floor":8,"turns":3},{"damage":14,"enemies":"Gremlin Nob","floor":11,"turns":4},{"damage":46,"enemies":"Slime Boss","floor":16,"turns":16},{"damage":26,"enemies":"conspire:FuzzyDice","floor":18,"turns":7},{"damage":11,"enemies":"3 Byrds","floor":21,"turns":6},{"damage":0,"enemies":"Centurion and Healer","floor":22,"turns":7},{"damage":11,"enemies":"Snake Plant","floor":24,"turns":5},{"damage":18,"enemies":"Snecko","floor":25,"turns":7},{"damage":6,"enemies":"conspire:Head Lice","floor":27,"turns":6},{"damage":0,"enemies":"conspire:HollyBat","floor":31,"turns":5},{"damage":38,"enemies":"Automaton","floor":33,"turns":10},{"damage":20,"enemies":"3 Shapes","floor":35,"turns":5},{"damage":35,"enemies":"3 Darklings","floor":36,"turns":5},{"damage":2,"enemies":"Maw","floor":38,"turns":6},{"damage":31,"enemies":"conspire:MimicChest","floor":41,"turns":6},{"damage":0,"enemies":"Writhing Mass","floor":44,"turns":6},{"damage":7,"enemies":"Spire Growth","floor":45,"turns":6},{"damage":65,"enemies":"infinitespire:Three Voidlings","floor":47,"turns":4},{"damage":15,"enemies":"Nightmare_Alpha","floor":47,"turns":9},{"damage":22,"enemies":"Time Eater","floor":50,"turns":11},{"damage":14,"enemies":"Jaw Worm","floor":52,"turns":3},{"damage":3,"enemies":"2 Louse","floor":53,"turns":1},{"damage":10,"enemies":"Cultist","floor":54,"turns":3},{"damage":22,"enemies":"Red Slaver","floor":59,"turns":4},{"damage":53,"enemies":"3 Sentries","floor":61,"turns":4},{"damage":6,"enemies":"Large Slime","floor":63,"turns":3},{"damage":85,"enemies":"Fading Forest","floor":67,"turns":11},{"damage":57,"enemies":"2 Thieves","floor":69,"turns":3},{"damage":43,"enemies":"Shell Parasite","floor":70,"turns":4},{"damage":37,"enemies":"Slavers","floor":74,"turns":4},{"damage":75,"enemies":"Shelled Parasite and Fungi","floor":78,"turns":5},{"damage":43,"enemies":"Snecko","floor":79,"turns":5},{"damage":42,"enemies":"Sentry and Sphere","floor":80,"turns":4},{"damage":17,"enemies":"Gremlin Leader","floor":81,"turns":6},{"damage":56,"enemies":"Snake Plant","floor":82,"turns":4},{"damage":53,"enemies":"Automaton","floor":84,"turns":7},{"damage":21,"enemies":"3 Darklings","floor":86,"turns":3},{"damage":9,"enemies":"3 Shapes","floor":89,"turns":3},{"damage":40,"enemies":"Sphere and 2 Shapes","floor":90,"turns":3},{"damage":73,"enemies":"Nemesis","floor":91,"turns":5},{"damage":52,"enemies":"Writhing Mass","floor":92,"turns":5},{"damage":58,"enemies":"Nightmare","floor":93,"turns":4},{"damage":50,"enemies":"Transient","floor":97,"turns":4},{"damage":62,"enemies":"Nemesis","floor":99,"turns":5},{"damage":49,"enemies":"Replay:Hell Engine","floor":101,"turns":3},{"damage":6,"enemies":"2 Louse","floor":103,"turns":3},{"damage":17,"enemies":"Jaw Worm","floor":104,"turns":3},{"damage":28,"enemies":"Gremlin Nob","floor":105,"turns":3},{"damage":9,"enemies":"Cultist","floor":106,"turns":3},{"damage":24,"enemies":"3 Sentries","floor":109,"turns":4},{"damage":45,"enemies":"Hexaghost","floor":118,"turns":4},{"damage":61,"enemies":"2 Thieves","floor":120,"turns":4},{"damage":9,"enemies":"Chosen","floor":121,"turns":3},{"damage":9,"enemies":"Sentry and Sphere","floor":124,"turns":3},{"damage":18,"enemies":"Book of Stabbing","floor":125,"turns":2},{"damage":0,"enemies":"3 Cultists","floor":127,"turns":3},{"damage":10,"enemies":"Colosseum Slavers","floor":129,"turns":1}],"seed_played":"4510726967423350634","potions_obtained":[{"floor":6,"key":"Venom Potion"},{"floor":11,"key":"Weak Potion"},{"floor":16,"key":"Ancient Potion"},{"floor":38,"key":"CultistPotion"},{"floor":56,"key":"infinitespire:BlackPotion"},{"floor":56,"key":"CultistPotion"},{"floor":56,"key":"PowerPotion"},{"floor":69,"key":"CultistPotion"},{"floor":69,"key":"Reflective Coating"},{"floor":70,"key":"ColorlessPotion"},{"floor":74,"key":"DuplicationPotion"},{"floor":74,"key":"Regen Potion"},{"floor":78,"key":"Toxic Potion"},{"floor":78,"key":"Milkshake"},{"floor":79,"key":"DuplicationPotion"},{"floor":81,"key":"Regen Potion"},{"floor":82,"key":"Toxic Potion"},{"floor":84,"key":"Explosive Potion"},{"floor":84,"key":"Languid Potion"},{"floor":90,"key":"LifebloodPotion"},{"floor":91,"key":"FairyPotion"},{"floor":91,"key":"DistilledChaos"},{"floor":92,"key":"GamblersBrew"},{"floor":93,"key":"Fruit Juice"},{"floor":93,"key":"EssenceOfSteel"},{"floor":97,"key":"SteroidPotion"},{"floor":97,"key":"Energy Potion"},{"floor":97,"key":"Swift Potion"},{"floor":97,"key":"Milkshake"},{"floor":99,"key":"LiquidBronze"},{"floor":99,"key":"Energy Potion"},{"floor":101,"key":"LifebloodPotion"},{"floor":104,"key":"LifebloodPotion"},{"floor":104,"key":"Energy Potion"},{"floor":105,"key":"DuplicationPotion"},{"floor":125,"key":"DistilledChaos"},{"floor":125,"key":"Toxic Potion"},{"floor":127,"key":"Fruit Juice"},{"floor":127,"key":"Fire Potion"},{"floor":127,"key":"Venom Potion"},{"floor":127,"key":"SteroidPotion"}],"is_trial":false,"path_per_floor":["M","$","?","?","$","M","R","M","T","R","E","?","R","T","R","B",null,"M","?","?","M","M","R","M","M","T","E","T","$","R","M","R_BF","B",null,"M","M","$","M","T","R","?","?","T","M","M","R","?","AVR","R","B",null,"M","M","M","?","?","R","?","M","T","E","?","M","?","?","R","B",null,"M","M","T","?","?","E","?","R","T","M","M","M","E","M","R","B",null,"M","?","?","M","M","E","M","NM","T","?","?","M","?","E","R","B",null,"M","M","?","M","?","R","E","R","T","$","?","R","T","?","R","B",null,"M","M","?","?","M","E","?","M","T","?"],"character_chosen":"NECROMANCER","items_purchased":["Happy Flower","aspiration:TomeofQuesting","Medical Kit","Death_March_Dance","halation:LettersToHer","Siphon_Strength","Membership Card","Replay:Mystery Machine","Lantern","Summon_Undead_Army","Uncharnel+1","aspiration:FetidBarrel","Juzu Bracelet","halation:PromiseList","sagemod:The_Guidebook_Guide"],"campfire_rested":1,"item_purchase_floors":[0,0,0,0,2,5,29,29,29,29,29,37,37,112,112],"current_hp_per_floor":[58,58,58,58,58,60,60,60,60,60,48,48,48,48,48,33,75,53,53,53,48,52,52,43,27,27,35,35,35,35,37,59,43,75,66,39,39,57,57,57,34,34,34,39,40,40,30,30,30,71,75,63,64,65,65,65,65,65,57,57,19,19,15,85,82,82,41,82,29,82,82,82,62,76,76,76,76,35,32,10,82,41,65,82,82,82,82,82,82,80,24,82,90,90,90,90,91,91,91,91,91,91,91,91,91,91,91,91,92,92,92,92,92,92,92,92,92,92,92,71,92,74,64,64,64,1,1,1,0,0],"gold":933,"neow_bonus":"","is_daily":false,"chose_seed":false,"campfire_upgraded":17,"win_rate":0.0,"timestamp":1614313825,"path_taken":["M","$","?","?","$","M","R","?","T","R","E","?","R","?","R","BOSS","M","?","?","M","?","R","M","?","T","E","?","$","R","M","R_BF","BOSS","M","M","$","M","?","R","?","?","T","M","M","R","?","AVR","R","BOSS","M","M","M","?","?","R","?","M","T","E","?","M","?","?","R","BOSS","M","M","?","?","?","E","?","R","T","M","M","M","E","M","R","BOSS","M","?","?","M","M","E","M","NM","T","?","?","M","?","E","R","BOSS","M","M","?","M","?","R","E","R","T","$","?","R","?","?","R","BOSS","M","M","?","?","M","E","?","M","T","?"],"items_purchased_type":["Relic","Relic","Relic","Card","Relic","Card","Relic","Relic","Relic","Card","Card","Relic","Relic","Relic","Relic"],"build_version":"2020-12-22","purchased_purges":0,"victory":false,"max_hp_per_floor":[75,75,75,75,75,75,75,75,75,75,75,75,75,75,75,75,75,75,75,75,75,75,75,75,75,75,75,75,75,75,75,75,75,75,75,75,75,75,75,75,75,75,75,75,75,75,75,75,75,75,75,75,75,75,75,75,75,75,75,75,75,75,75,85,82,82,82,82,82,82,82,82,82,82,82,82,82,82,82,82,82,82,82,82,82,82,82,82,82,82,82,82,90,90,90,90,91,91,91,91,91,91,91,91,91,91,91,91,92,92,92,92,92,92,92,92,92,92,92,92,92,92,64,64,64,1,1,1,1,1],"card_choices":[{"not_picked":["Scare","Bone_Shift"],"picked":"Negative_Energy_Burst","floor":1},{"not_picked":["Bone_Spikes","Blood_Curse","Vampiric_Strike"],"picked":"SKIP","floor":6},{"not_picked":["Consume_Illness","Finger_Of_Death"],"picked":"Shackles_Of_Pain","floor":8},{"not_picked":["TH:PixieDust"],"picked":"TH:DeckOfManyThings","floor":9},{"not_picked":["TH:Mimic"],"picked":"TH:ArmorSpikes","floor":11},{"not_picked":["Shackles_Of_Pain","Bone_Shift"],"picked":"Bone_Prison","floor":11},{"not_picked":["TH:Mimic"],"picked":"TH:ElvenBoots","floor":14},{"not_picked":["TH:PixieDust"],"picked":"TH:ElvenBoots","floor":16},{"not_picked":["Blood_Wake","Grasp_Heart"],"picked":"Cloudkill","floor":16},{"not_picked":["Bone_Bullets","Thousand_Bone_Knives+1"],"picked":"Spectral_Armor","floor":18},{"not_picked":["Thousand_Bone_Knives+1","Finger_Of_Death","Shackles_Of_Pain"],"picked":"SKIP","floor":21},{"not_picked":["Scare","Blood_Wake"],"picked":"Shade_Step+1","floor":22},{"not_picked":["Bone_Spikes","Bone_Armory"],"picked":"Stop_Heart+1","floor":24},{"not_picked":["Scare","Blood_for_Blood"],"picked":"Chill_Blood","floor":25},{"not_picked":["TH:DeckOfManyThings"],"picked":"TH:ArmorSpikes","floor":26},{"not_picked":["TH:Mimic"],"picked":"TH:ArmorSpikes","floor":27},{"not_picked":["Summon_Lich+1","Blood_for_Blood"],"picked":"Summon_Death_Knight","floor":27},{"not_picked":["TH:ArmorSpikes","TH:EnergyPotion"],"picked":"TH:ElvenBoots","floor":28},{"not_picked":["Shade_Step+1","Bone_Armor","Detonate_Bones","Corrupt"],"picked":"SKIP","floor":31},{"not_picked":["TH:DeckOfManyThings","TH:Mimic"],"picked":"TH:TreasureMap","floor":33},{"not_picked":["Skeleton_Dragon","Blood_Wake","Blood_Magic"],"picked":"Summon_Vampire_Lady","floor":33},{"not_picked":["Blood_Is_Power+1","Death_Knell","Negative_Energy_Mist+1","Slay_Living"],"picked":"SKIP","floor":35},{"not_picked":["Toxic_Smoke_Screen+1","Bone_Armor","Bones_to_Steel"],"picked":"Summon_Undead+1","floor":36},{"not_picked":["Bone_Shift+1","Bone_Bullets","Toxic_Smoke_Screen+1"],"picked":"Grasp_Heart","floor":38},{"not_picked":["TH:ElvenBoots","TH:CopperCoins"],"picked":"TH:BikiniMail","floor":39},{"not_picked":["Chill_Blood+1","Bone_Armor","Cloudkill"],"picked":"Summon_Death_Knight","floor":41},{"not_picked":["TH:ElvenBoots","TH:PixieDust"],"picked":"TH:CopperCoins","floor":43},{"not_picked":["Summon_Undead+1","Bones_to_Steel+1","Consume_Illness+1"],"picked":"Scare","floor":44},{"not_picked":["Death_Coil+1","Negative_Energy_Mist","Negative_Energy_Shield+1","Shackles_Of_Pain"],"picked":"SKIP","floor":45},{"not_picked":["infinitespire:Fortify","hubris:InfiniteBlow"],"picked":"infinitespire:FutureSight","floor":47},{"not_picked":["Chill_Blood","Spectral_Armor+1","Bones_to_Steel"],"picked":"Summon_Undead+1","floor":47},{"not_picked":["Grasp_Heart","Skeleton_Dragon","Reap_The_Weak"],"picked":"Cloudkill","floor":50},{"not_picked":["Finger_Of_Death","Negative_Energy_Sphere","Chill_Blood"],"picked":"Blood_for_Blood","floor":52},{"not_picked":["Death_Coil","Negative_Energy_Burst","Bones_to_Steel","Bone_Spikes"],"picked":"SKIP","floor":53},{"not_picked":["Shackles_Of_Pain","Detonate_Bones","Death_March_Dance"],"picked":"Toxic_Smoke_Screen","floor":54},{"not_picked":["Negative_Energy_Shield","Negative_Energy_Javelin","Blood_Curse"],"picked":"Siphon_Strength","floor":59},{"not_picked":["TH:PixieDust","TH:EnergyPotion"],"picked":"TH:TreasureMap","floor":60},{"not_picked":["TH:DeckOfManyThings","TH:Mimic"],"picked":"TH:TreasureMap","floor":61},{"not_picked":["Shade_Step","Life_Drain","Blood_Magic","Epidemic"],"picked":"SKIP","floor":61},{"not_picked":["Negative_Energy_Mist","Negative_Energy_Sphere","Acid_Javelin"],"picked":"Summon_Undead_Army","floor":63},{"not_picked":["TH:EnergyPotion","TH:PixieDust"],"picked":"TH:TreasureMap","floor":67},{"not_picked":["Detonate_Bones","Grasp_Heart","Blood_Wake"],"picked":"Summon_Death_Knight","floor":67},{"not_picked":["Deaths_Shadow+1","Bones_to_Steel","Bone_Shift+1","Consume_Illness"],"picked":"SKIP","floor":69},{"not_picked":["Negative_Energy_Bomb","Corrupt","Deaths_Shadow+1","Negative_Energy_Burst"],"picked":"SKIP","floor":70},{"not_picked":["TH:EnergyPotion","TH:CopperCoins"],"picked":"TH:DeckOfManyThings","floor":71},{"not_picked":["Bone_Armor","Life_Tap","Bones_to_Steel"],"picked":"Bone_Shift","floor":73},{"not_picked":["TH:TreasureMap","TH:EnergyPotion","TH:Mimic"],"picked":"SKIP","floor":74},{"not_picked":["Deaths_Shadow+1","Chill_Blood+1","Death_Coil+1","Negative_Energy_Sphere"],"picked":"SKIP","floor":74},{"not_picked":["TH:CopperCoins","TH:TreasureMap"],"picked":"TH:DeckOfManyThings","floor":77},{"not_picked":["Bone_Bullets","Slay_Living","Scare"],"picked":"Summon_Undead_Army+1","floor":78},{"not_picked":["Pandemic","Blood_Whip","Negative_Energy_Mist","Bone_Shift"],"picked":"SKIP","floor":79},{"not_picked":["Bone_Armor","Slay_Living+1","Negative_Energy_Javelin+1","Spectral_Walk"],"picked":"SKIP","floor":80},{"not_picked":["TH:PixieDust","TH:CursedSword"],"picked":"TH:ArmorSpikes","floor":81},{"not_picked":["Violent_Necrosis","Bone_Shift","Life_Drain"],"picked":"Blood_Magic","floor":81},{"not_picked":["Bone_Spikes","Bones_to_Steel","Corrupt"],"picked":"Spectral_Armor","floor":82},{"not_picked":["TH:TreasureMap","TH:DeckOfManyThings"],"picked":"TH:CursedSword","floor":84},{"not_picked":["Summon_Vampire_Lady","Blood_Wake","Blood_Magic"],"picked":"Summon_Death_Knight","floor":84},{"not_picked":["hubris:InfiniteBlow","Replay:Fractal Strike"],"picked":"ReplayTheSpireMod:Chaos Vortex","floor":85},{"not_picked":["DoubleSpark+1","Bone_Shift+1","Blood_Whip+1","Bones_to_Steel"],"picked":"Singularity","floor":86},{"not_picked":["Midas Touch","Dramatic Entrance","Jack Of All Trades","Specialist"],"picked":"Madness","floor":87},{"not_picked":["Whirlwind_of_Bones+1","MilkyWay","Thousand_Bone_Knives","UltimateShortwave"],"picked":"Acceleration","floor":89},{"not_picked":["Negative_Energy_Mist+1","ShootingEcho+1","Slay_Living","NonDirectionalLaser"],"picked":"ManaConvection","floor":90},{"not_picked":["BinaryStars","MillisecondPulsars","GasGiant+1","DoubleSpark"],"picked":"OrrerysSun+1","floor":91},{"not_picked":["TH:CursedSword","TH:BikiniMail","TH:ElvenBoots","TH:TreasureMap"],"picked":"SKIP","floor":91},{"not_picked":["DarkMatter+1","Finger_Of_Death+1","Occultation+1","Corrupt","WitchLeyline+1"],"picked":"SKIP","floor":92},{"not_picked":["TH:ArmorSpikes","TH:Mimic","TH:TreasureMap"],"picked":"TH:CursedSword","floor":93},{"not_picked":["DC+1","MysteriousBeam","CollectingQuirk","BinaryStars"],"picked":"Deaths_Shadow+1","floor":93},{"not_picked":["TH:CursedSword","TH:DeckOfManyThings","TH:TreasureMap"],"picked":"TH:BikiniMail","floor":94},{"not_picked":["Stop_Heart+1","NonDirectionalLaser","GasGiant+1","Shackles_Of_Pain","OrrerysSun+1"],"picked":"SKIP","floor":97},{"not_picked":["DoubleSpark","LuminesStrike+1","BlazingStar","Bone_Armor+1"],"picked":"CollectingQuirk","floor":99},{"not_picked":["TH:CursedSword","TH:DeckOfManyThings","TH:PixieDust","TH:ElvenBoots"],"picked":"SKIP","floor":99},{"not_picked":["TH:ArmorSpikes","TH:Mimic","TH:TreasureMap"],"picked":"TH:ElvenBoots","floor":101},{"not_picked":["ManaRampage","AbsoluteMagnitude","Blood_Magic","Reap_The_Weak"],"picked":"BigCrunch","floor":101},{"not_picked":["Vampiric_Strike","Stop_Heart","DoubleSpark","Death_March_Dance"],"picked":"Spectral_Walk","floor":103},{"not_picked":["Bone_Armor","Acceleration","Epidemic","NonDirectionalLaser"],"picked":"PulseMagic","floor":104},{"not_picked":["Whirlwind_of_Bones","Reap_The_Weak","AsteroidBelt","EnergyRecoil"],"picked":"Blood_for_Blood","floor":105},{"not_picked":["ChargingUp","Shade_Step","Scare","Acceleration","Bone_Spikes"],"picked":"SKIP","floor":106},{"not_picked":["TH:CopperCoins","TH:TreasureMap","TH:DeckOfManyThings"],"picked":"TH:BikiniMail","floor":109},{"not_picked":["ManaRampage","Life_Tap","Strike_from_Beyond","Blood_Wake","Necromantic_Selection"],"picked":"SKIP","floor":109},{"not_picked":["TH:EnergyPotion","TH:PixieDust","TH:CursedSword"],"picked":"TH:ArmorSpikes","floor":111},{"not_picked":["TH:EnergyPotion","TH:CursedSword","TH:PixieDust"],"picked":"TH:DeckOfManyThings","floor":115},{"not_picked":["TH:CopperCoins","TH:ElvenBoots","TH:EnergyPotion"],"picked":"TH:BikiniMail","floor":118},{"not_picked":["Shade_Step+1","Death_Coil","Acid_Javelin","Consume_Illness"],"picked":"Spectral_Walk","floor":120},{"not_picked":["NonDirectionalLaser+1","Bone_Armor+1","AsteroidBelt+1","GravityBeat"],"picked":"PowerUp","floor":121},{"not_picked":["MilkyWay","6A","Detonate_Bones","SporeBomb"],"picked":"Bone_Prison","floor":124},{"not_picked":["TH:ElvenBoots","TH:CopperCoins","TH:CursedSword"],"picked":"TH:DeckOfManyThings","floor":125},{"not_picked":["Hellfire","UltimateShortwave","DarkSpark","Detonate_Bones"],"picked":"SprinkleStarSeal","floor":125},{"not_picked":["PulseMagic","Death_Coil","DC+1","Blood_Shield","SporeBomb+1"],"picked":"SKIP","floor":127},{"not_picked":["TH:BikiniMail","TH:CopperCoins","TH:PixieDust","TH:EnergyPotion"],"picked":"SKIP","floor":128}],"player_experience":264061,"relics_obtained":[{"floor":9,"key":"halation:LettersToHer"},{"floor":9,"key":"Smiling Mask"},{"floor":11,"key":"aspiration:Lifesprig"},{"floor":14,"key":"Pantograph"},{"floor":14,"key":"halation:LettersToHer"},{"floor":26,"key":"Shuriken"},{"floor":26,"key":"halation:LettersToHer"},{"floor":27,"key":"Question Card"},{"floor":28,"key":"Centennial Puzzle"},{"floor":28,"key":"halation:LettersToHer"},{"floor":39,"key":"Oddly Smooth Stone"},{"floor":39,"key":"halation:LettersToHer"},{"floor":41,"key":"MealTicket"},{"floor":43,"key":"Lizard Tail"},{"floor":43,"key":"halation:LettersToHer"},{"floor":47,"key":"infinitespire:CursedDice"},{"floor":60,"key":"sagemod:Red_Beast_Statue"},{"floor":60,"key":"halation:LettersToHer"},{"floor":61,"key":"Bottled Lightning"},{"floor":62,"key":"Ring of Fangs"},{"floor":62,"key":"Ring of Fury"},{"floor":68,"key":"aspiration:ChemicalBlood"},{"floor":68,"key":"halation:SelfBoilingWater"},{"floor":68,"key":"aspiration:AnachronicSnailShell"},{"floor":71,"key":"Gremlin Food"},{"floor":71,"key":"halation:LettersToHer"},{"floor":73,"key":"infinitespire:WardingShard"},{"floor":74,"key":"halation:TwoAmDonut"},{"floor":77,"key":"ReplayTheSpireMod:Ninjato"},{"floor":77,"key":"halation:LettersToHer"},{"floor":81,"key":"infinitespire:Satchel"},{"floor":91,"key":"hubris:Metronome"},{"floor":93,"key":"ReplayTheSpireMod:TigerMarble"},{"floor":94,"key":"hubris:DuctTape"},{"floor":94,"key":"halation:LettersToHer"},{"floor":99,"key":"Replay:Wax Seal"},{"floor":105,"key":"sagemod:Creepy_Carousel"},{"floor":109,"key":"Potion Belt"},{"floor":111,"key":"Bag of Marbles"},{"floor":111,"key":"halation:LettersToHer"},{"floor":115,"key":"infinitespire:Lucky Rock"},{"floor":115,"key":"halation:LettersToHer"},{"floor":125,"key":"Replay:Multitool"},{"floor":128,"key":"ReplayTheSpireMod:Lightbulb"},{"floor":128,"key":"halation:LettersToHer"}],"event_choices":[{"damage_healed":0,"gold_gain":0,"player_choice":"Agree","damage_taken":0,"max_hp_gain":0,"max_hp_loss":0,"event_name":"conspire:LoneGhost","floor":3,"gold_loss":0},{"damage_healed":0,"gold_gain":0,"cards_transformed":["conspire:GhostlyStrike"],"player_choice":"Transformed","damage_taken":0,"max_hp_gain":0,"max_hp_loss":0,"event_name":"Transmorgrifier","floor":4,"gold_loss":0,"cards_obtained":["Forethought"]},{"damage_healed":0,"gold_gain":0,"player_choice":"Read","damage_taken":0,"max_hp_gain":0,"max_hp_loss":0,"event_name":"The Library","floor":19,"gold_loss":0,"cards_obtained":["Corrupt"]},{"damage_healed":0,"gold_gain":0,"player_choice":"Traded Relic","damage_taken":0,"relics_obtained":["Nloth\u0027s Gift"],"max_hp_gain":0,"max_hp_loss":0,"event_name":"N\u0027loth","floor":20,"relics_lost":["aspiration:Lifesprig"],"gold_loss":0},{"cards_removed":["conspire:GhostlyStrike"],"damage_healed":0,"gold_gain":0,"player_choice":"Purged","damage_taken":0,"max_hp_gain":0,"max_hp_loss":0,"event_name":"Purifier","floor":42,"gold_loss":0},{"damage_healed":0,"gold_gain":66,"player_choice":"Gained Gold","damage_taken":0,"max_hp_gain":0,"max_hp_loss":0,"event_name":"Golden Wing","floor":55,"gold_loss":0},{"damage_healed":0,"gold_gain":0,"player_choice":"Got Potions","damage_taken":0,"max_hp_gain":0,"max_hp_loss":0,"event_name":"Lab","floor":56,"gold_loss":0},{"cards_removed":["TH:ElvenBoots"],"damage_healed":60,"gold_gain":0,"player_choice":"Offered Rare","damage_taken":0,"max_hp_gain":10,"max_hp_loss":0,"event_name":"Bonfire Elementals","floor":64,"gold_loss":0},{"cards_removed":["Parasite"],"damage_healed":0,"gold_gain":0,"player_choice":"Removed Curses","damage_taken":0,"max_hp_gain":0,"max_hp_loss":0,"event_name":"Fountain of Cleansing","floor":65,"gold_loss":0},{"damage_healed":0,"gold_gain":0,"player_choice":"Ignored","damage_taken":0,"max_hp_gain":0,"max_hp_loss":0,"event_name":"Beggar","floor":72,"gold_loss":0},{"damage_healed":0,"gold_gain":0,"player_choice":"Inject Mutagens","damage_taken":0,"relics_obtained":["MutagenicStrength"],"max_hp_gain":0,"max_hp_loss":0,"event_name":"Drug Dealer","floor":75,"gold_loss":0},{"damage_healed":0,"gold_gain":0,"player_choice":"Memory 1","damage_taken":0,"max_hp_gain":0,"max_hp_loss":0,"event_name":"SensoryStone","floor":87,"gold_loss":0},{"damage_healed":0,"gold_gain":0,"player_choice":"Ignored","damage_taken":0,"max_hp_gain":0,"max_hp_loss":0,"event_name":"Tomb of Lord Red Mask","floor":88,"gold_loss":0},{"damage_healed":0,"gold_gain":100,"player_choice":"Pray","damage_taken":0,"max_hp_gain":0,"max_hp_loss":0,"event_name":"Golden Shrine","floor":95,"gold_loss":0},{"damage_healed":0,"gold_gain":0,"player_choice":"Searched \u00272\u0027 times","damage_taken":0,"max_hp_gain":0,"max_hp_loss":0,"event_name":"Dead Adventurer","floor":105,"gold_loss":0},{"cards_removed":["infinitespire:FutureSight"],"damage_healed":0,"gold_gain":0,"player_choice":"Took Card","damage_taken":0,"max_hp_gain":0,"max_hp_loss":0,"event_name":"NoteForYourself","floor":107,"gold_loss":0,"cards_obtained":["Mayhem"]},{"damage_healed":0,"gold_gain":100,"player_choice":"Pray","damage_taken":0,"max_hp_gain":0,"max_hp_loss":0,"event_name":"Golden Shrine","floor":113,"gold_loss":0},{"damage_healed":0,"gold_gain":0,"player_choice":"Grow","damage_taken":0,"max_hp_gain":0,"max_hp_loss":0,"event_name":"Living Wall","floor":116,"gold_loss":0,"cards_upgraded":["hubris:InfiniteBlow"]},{"damage_healed":0,"gold_gain":0,"player_choice":"Became a vampire","damage_taken":0,"max_hp_gain":0,"max_hp_loss":28,"event_name":"Vampires","floor":123,"gold_loss":0,"cards_obtained":["Bite","Bite","Bite","Bite","Bite"]},{"damage_healed":0,"gold_gain":0,"player_choice":"Fight","damage_taken":0,"max_hp_gain":0,"max_hp_loss":0,"event_name":"Colosseum","floor":129,"gold_loss":0}],"is_beta":false,"boss_relics":[{"not_picked":["SacredBark","energizedSpire:MagnifyingGlass"],"picked":"energizedSpire:SpiderWeb"},{"not_picked":["hubris:Stopwatch","halation:LoveArrow"],"picked":"beaked:SacredDeck"},{"not_picked":["sagemod:Falmels_Amulet","Painkiller Herb"],"picked":"aspiration:RitualDagger"},{"not_picked":["Replay:Drink Me","Ring of Chaos"],"picked":"Replay:Grab Bag"},{"not_picked":["Replay:Wanted Poster","energizedSpire:RedRose"],"picked":"conspire:SlowCooker"},{"not_picked":["halation:ForbiddenBikini","Coffee Dripper"],"picked":"conspire:SeveredTorchhead"},{"not_picked":["hubris:BlackHole","hubris:Stopwatch"],"picked":"Calling Bell"},{"not_picked":["Runic Pyramid","halation:PlatinumPhoenix"],"picked":"aspiration:MarisaSkillbook"},{"not_picked":["Tiny House","infinitespire:Cupcake"],"picked":"halation:HeavySnake"},{"not_picked":["halation:LoveArrow","Replay:Ancient Bell"],"picked":"infinitespire:Cupcake"}],"items_purged_floors":[],"is_endless":true,"potions_floor_spawned":[6,11,16,18,21,25,27,31,38,44,53,54,61,69,78,79,80,81,86,97,99,101,103,104,105,106,124,125],"killed_by":"Colosseum Slavers","ascension_level":0}}