{"host":"8zzc9mdnfkdiyxma","time":1614358028,"event":{"mods":["2.2 Compatiblity","BaseMod","Better Altar","Better Match","Better Note","Better Sensory Stone","Better Skull","Better Third Choice","Better Vampires","Colored Map","Colored Powertips","Dark Map","Emptier Cage","Energized Spire","Extra Virgin Snecko Oil","Halation","Hubris","Minty Spire (QoL Compilation)","Monster B Gone","Permanent Neow","RNG Fix","Rare Cards Sparkle","Relic Filter","Reliquary","SacredBarkPlus","Smile Girya","StSLib","Waifu the Spire"],"gold_per_floor":[114,114,129,142,65,65,79,79,106,133,151,176,194,205,205,284,284,303,321,321,321,321,333,370,398,410,422,448,27,43,72,72,72,72],"floor_reached":33,"language":"ENG","playtime":2410,"items_purged":[],"score":616,"play_id":"587f09f5-f7d4-476a-8513-a50f542d4ab5","local_time":"20210226114708","is_ascension_mode":true,"campfire_choices":[{"floor":6.0,"key":"REST"},{"data":"Perseverance","floor":8.0,"key":"SMITH"},{"floor":15,"key":"REST"},{"floor":23,"key":"REST"},{"data":"Establishment","floor":27,"key":"SMITH"},{"data":"Meditate","floor":27,"key":"SMITH"},{"data":"Leg Sweep","floor":32,"key":"SMITH"},{"data":"LikeWater","floor":32,"key":"SMITH"}],"circlet_count":0,"master_deck":["AscendersBane","Strike_P","Strike_P","Strike_P","Strike_P","Defend_P","Defend_P","Defend_P","Defend_P","Eruption","Vigilance","BowlingBash","SashWhip","Leg Sweep+1","Brilliance","Meditate+1","Perseverance+1","CrushJoints","Establishment+1","LikeWater+1","CarveReality","Prostrate+1","Scrawl+1","Consecrate","ThirdEye+1","Seek+1","Crescendo+1","BattleHymn","SashWhip","ClearTheMind+1","CarveReality"],"relics":["PureWater","Omamori","Orichalcum","Toxic Egg 2","reliquary:Sideboard","Busted Crown","Damaru","MawBank","reliquary:Aerogel","halation:PenCase","hubris:MedicalManual","reliquary:WeakTea"],"acts_visited":["Exordium","TheCity"],"potions_floor_usage":[12,13,14,19,24,33],"damage_taken":[{"damage":0.0,"enemies":"2 Louse","floor":1.0,"turns":2.0},{"damage":1.0,"enemies":"Small Slimes","floor":3.0,"turns":4.0},{"damage":0.0,"enemies":"Cultist","floor":4.0,"turns":2.0},{"damage":0.0,"enemies":"Gremlin Gang","floor":7.0,"turns":4.0},{"damage":19.0,"enemies":"Lagavulin","floor":10.0,"turns":7.0},{"damage":0.0,"enemies":"2 Fungi Beasts","floor":11.0,"turns":2.0},{"damage":18,"enemies":"3 Sentries","floor":12,"turns":5},{"damage":0,"enemies":"Large Slime","floor":13,"turns":4},{"damage":5,"enemies":"Lots of Slimes","floor":14,"turns":5},{"damage":34,"enemies":"Slime Boss","floor":16,"turns":11},{"damage":0,"enemies":"Spheric Guardian","floor":18,"turns":3},{"damage":3,"enemies":"2 Thieves","floor":19,"turns":4},{"damage":6,"enemies":"Book of Stabbing","floor":24,"turns":4},{"damage":1,"enemies":"Chosen and Byrds","floor":25,"turns":6},{"damage":2,"enemies":"Shelled Parasite and Fungi","floor":28,"turns":3},{"damage":0,"enemies":"Cultist and Chosen","floor":30,"turns":5},{"damage":0,"enemies":"Gremlin Leader","floor":31,"turns":5},{"damage":39,"enemies":"Automaton","floor":33,"turns":6}],"seed_played":"3506392390715570627","potions_obtained":[{"floor":4.0,"key":"FairyPotion"},{"floor":7.0,"key":"Strength Potion"},{"floor":12,"key":"Fire Potion"},{"floor":13,"key":"Block Potion"},{"floor":14,"key":"Weak Potion"},{"floor":16,"key":"DistilledChaos"},{"floor":19,"key":"Strength Potion"},{"floor":25,"key":"SkillPotion"}],"is_trial":false,"path_per_floor":["M","?","M","M","$","R","M","R","T","E","M","E","M","M","R","B",null,"M","M","?","?","?","R","E","M","T","R","M","$","M","E","R","B"],"character_chosen":"WATCHER","items_purchased":["Perseverance","hubris:MedicalManual","BattleHymn","SashWhip"],"campfire_rested":3,"item_purchase_floors":[5,29,29,29],"current_hp_per_floor":[61,31,30,30,30,50,50,50,50,31,31,13,13,8,28,20,56,56,53,53,53,20,40,34,33,33,33,31,31,31,31,31,0,0],"gold":72,"neow_bonus":"THREE_CARDS","is_daily":false,"chose_seed":false,"campfire_upgraded":5,"win_rate":0.0,"timestamp":1614358028,"path_taken":["M","?","M","?","$","R","M","R","T","E","M","E","M","M","R","BOSS","M","M","?","?","?","R","E","M","T","R","?","$","M","E","R","BOSS"],"items_purchased_type":["Card","Relic","Card","Card"],"build_version":"2020-12-22","purchased_purges":0,"victory":false,"max_hp_per_floor":[68,68,68,68,68,68,68,68,68,68,68,68,68,68,68,68,68,68,68,68,68,68,68,68,68,68,68,68,68,68,68,68,68,68],"card_choices":[{"not_picked":["ClearTheMind","ThirdEye"],"picked":"BowlingBash","floor":0.0},{"not_picked":["Evaluate","Consecrate"],"picked":"SashWhip","floor":1.0},{"not_picked":["Protect","EmptyFist"],"picked":"Brilliance","floor":3.0},{"not_picked":["CrushJoints","WheelKick"],"picked":"Meditate","floor":4.0},{"not_picked":["ThirdEye","FlurryOfBlows"],"picked":"CrushJoints","floor":7.0},{"not_picked":["FollowUp","EmptyMind+1"],"picked":"Establishment","floor":10.0},{"not_picked":["PathToVictory+1","FollowUp"],"picked":"LikeWater","floor":11.0},{"not_picked":["WaveOfTheHand+1","EmptyFist"],"picked":"CarveReality","floor":12},{"not_picked":["PathToVictory+1","Vengeance+1"],"picked":"Prostrate+1","floor":13},{"not_picked":["MentalFortress","Consecrate","ReachHeaven"],"picked":"SKIP","floor":14},{"not_picked":["MentalFortress","ReachHeaven"],"picked":"Consecrate","floor":14},{"not_picked":["Devotion","DeusExMachina+1"],"picked":"Scrawl+1","floor":16},{"not_picked":[],"picked":"ThirdEye+1","floor":18},{"not_picked":[],"picked":"Halt+1","floor":19},{"not_picked":[],"picked":"Consecrate","floor":24},{"not_picked":[],"picked":"Crescendo+1","floor":25},{"not_picked":[],"picked":"FollowUp","floor":28},{"not_picked":[],"picked":"ClearTheMind+1","floor":30},{"not_picked":[],"picked":"CarveReality","floor":31}],"player_experience":1036547,"relics_obtained":[{"floor":9.0,"key":"Orichalcum"},{"floor":10.0,"key":"Toxic Egg 2"},{"floor":12,"key":"reliquary:Sideboard"},{"floor":24,"key":"reliquary:Aerogel"},{"floor":26,"key":"halation:PenCase"},{"floor":31,"key":"reliquary:WeakTea"}],"event_choices":[{"cards_removed":["Scrawl"],"damage_healed":0,"gold_gain":0,"player_choice":"Take \u0026 Give","damage_taken":0,"max_hp_gain":0,"max_hp_loss":0,"event_name":"betterNote:BetterNote","floor":20,"gold_loss":0,"cards_obtained":["Seek"]},{"damage_healed":0,"gold_gain":0,"player_choice":"Ignored","damage_taken":0,"max_hp_gain":0,"max_hp_loss":0,"event_name":"Cursed Tome","floor":21,"gold_loss":0},{"damage_healed":0,"gold_gain":0,"player_choice":"RE RE ","damage_taken":37,"relics_obtained":["Damaru","MawBank"],"max_hp_gain":0,"max_hp_loss":0,"event_name":"betterSkull:BetterSkull","floor":22,"gold_loss":0,"cards_upgraded":[]}],"is_beta":false,"boss_relics":[{"not_picked":["Calling Bell","VioletLotus"],"picked":"Busted Crown"}],"items_purged_floors":[],"is_endless":false,"potions_floor_spawned":[4,7,12,13,14,16,19,25,30],"killed_by":"Automaton","ascension_level":18}}