{"host":"yx5rao87132cy5xq","time":1614369578,"event":{"mods":["2.2 Compatiblity","AchievementEnabler","BaseMod","Bestiary","Colored Map","Colored Powertips","Highlight Path","Minty Spire (QoL Compilation)","Quick Restart","Relic Stats","Slay-I","SuperFastMode"],"gold_per_floor":[110,110,125,125,43,72,89,89,89],"floor_reached":8,"language":"ENG","playtime":402,"items_purged":[],"score":70,"play_id":"52b4234c-3cb0-40d0-ae53-141e86b1d733","local_time":"20210226205938","is_ascension_mode":true,"campfire_choices":[],"circlet_count":0,"master_deck":["Strike_G","Strike_G","Strike_G","Strike_G","Strike_G","Defend_G","Defend_G","Defend_G","Defend_G","Defend_G","Survivor","Neutralize","Underhanded Strike","Blur","Glass Knife","Dodge and Roll","Corpse Explosion"],"relics":["Ring of the Snake","Bronze Scales","Sundial","MealTicket"],"acts_visited":["Exordium"],"potions_floor_usage":[],"damage_taken":[{"damage":0,"enemies":"Jaw Worm","floor":1,"turns":4},{"damage":0,"enemies":"Small Slimes","floor":3,"turns":3},{"damage":37,"enemies":"3 Sentries","floor":6,"turns":8},{"damage":0,"enemies":"Cultist","floor":7,"turns":4},{"damage":10,"enemies":"Lagavulin","floor":8,"turns":3}],"seed_played":"-4495136405031639593","potions_obtained":[{"floor":6,"key":"GamblersBrew"}],"is_trial":false,"path_per_floor":["M","?","M","?","$","E","M","E"],"character_chosen":"THE_SILENT","items_purchased":["Glass Knife"],"campfire_rested":0,"item_purchase_floors":[5],"current_hp_per_floor":[70,52,52,52,52,15,15,5,5],"gold":89,"neow_bonus":"RANDOM_COMMON_RELIC","is_daily":false,"chose_seed":false,"campfire_upgraded":0,"win_rate":0.0,"timestamp":1614369578,"path_taken":["M","?","M","?","?","E","?","E"],"items_purchased_type":["Card"],"build_version":"2020-12-22","purchased_purges":0,"victory":false,"max_hp_per_floor":[70,70,70,70,70,70,70,70,70],"relic_stats":{"counters":[5,22],"Sundial":[2],"Bronze Scales":[42],"MealTicket":0,"obtain_stats":[{"Sundial":2,"Bronze Scales":0,"MealTicket":6,"Ring of the Snake":0},{"Sundial":1,"Bronze Scales":0,"MealTicket":3,"Ring of the Snake":0},{"Sundial":4,"Bronze Scales":0,"MealTicket":15,"Ring of the Snake":0}],"Ring of the Snake":[10]},"card_choices":[{"not_picked":["Acrobatics","Prepared"],"picked":"Underhanded Strike","floor":1},{"not_picked":["Accuracy","Choke"],"picked":"Blur","floor":3},{"not_picked":["Outmaneuver","Backflip"],"picked":"Dodge and Roll","floor":6},{"not_picked":["Infinite Blades","PiercingWail"],"picked":"Corpse Explosion","floor":7}],"player_experience":1215712,"relics_obtained":[{"floor":6,"key":"MealTicket"}],"event_choices":[{"damage_healed":0,"gold_gain":0,"player_choice":"Success","damage_taken":18,"relics_obtained":["Sundial"],"max_hp_gain":0,"max_hp_loss":0,"event_name":"Scrap Ooze","floor":2,"gold_loss":0},{"damage_healed":0,"gold_gain":0,"player_choice":"Ignored","damage_taken":0,"max_hp_gain":0,"max_hp_loss":0,"event_name":"Shining Light","floor":4,"gold_loss":0}],"is_beta":false,"boss_relics":[],"items_purged_floors":[],"is_endless":false,"potions_floor_spawned":[6],"killed_by":"Lagavulin","ascension_level":5}}