{"host":"sup1rd0ujr5jgopq","time":1614305267,"event":{"mods":["BaseMod","Colored Map","Downfall","Minty Spire (QoL Compilation)","StSLib"],"gold_per_floor":[99,110,110,125,144,31,31,31,51,85,99,134,134,150,169,268,268,268,278,292,292,51,51,97,124,153,153,53,78,78,98,112,216,216,16,30,239,239,308,333,409,434,434,484,494,544,544,575,590,590,590,623,20,20,20,20],"floor_reached":57,"playtime":5967,"items_purged":["sneckomod:Strike","Injury","downfall:Malfunctioning"],"score":1416,"play_id":"a355e20a-c7e0-44cb-bac1-ca9707e03179","local_time":"20210225210747","is_ascension_mode":true,"campfire_choices":[{"data":"sneckomod:Unknown","floor":1,"key":"SMITH"},{"floor":13,"key":"REST"},{"floor":18,"key":"RECALL"},{"floor":43,"key":"REST"}],"circlet_count":0,"master_deck":["sneckomod:Defend","sneckomod:Defend","sneckomod:Defend","sneckomod:TailWhip+1","sneckomod:SnekBite","sneckomod:Unknown","sneckomod:UnknownVulnerable","sneckomod:UnknownX","sneckomod:UnknownWeak+1","sneckomod:WideSting","sneckomod:UnknownUncommonPower","Sword Boomerang+1","sneckomod:Unknown1Cost","sneckomod:Unknown0Cost","sneckomod:CheapStock","sneckomod:Unknown2Cost","sneckomod:SerpentIdol+1","sneckomod:UnendingSupply+1","sneckomod:SlitherStrike","sneckomod:CheapStock","sneckomod:Rotation","DevaForm","Clumsy","sneckomod:DangerNoodle","Slimebound:Tackle+1","Slimebound:Tackle+1","Slimebound:Tackle+1","Dark Embrace+1","sneckomod:UnknownExhaust","ClearTheMind+1","sneckomod:UnendingSupply","sneckomod:SerpentMind","Adrenaline+1","sneckomod:Unknown3Cost","sneckomod:SnakeSap","expansioncontent:AwakenDeath","sneckomod:SoulCleanse","downfall:Icky","sneckomod:UnknownWeak+1","sneckomod:UnknownUncommonAttack","Infinite Blades","sneckomod:QuickBite+1","sneckomod:SerpentMind","sneckomod:UnknownDexterity","sneckomod:CheapStock","Limit Break+1"],"relics":["sneckomod:SneckoSoul","FossilizedHelix","Bag of Marbles","Mummified Hand","Tiny Chest","Cursed Key","Anchor","Pantograph","downfall:HeartBlessingRed","Smiling Mask","Busted Crown","downfall:HeartBlessingGreen","downfall:HeartBlessingBlue","Sundial","Torii","Bottled Lightning","Juzu Bracelet","TungstenRod","Bird Faced Urn","White Beast Statue","InkBottle","Pen Nib","Toy Ornithopter","DollysMirror"],"acts_visited":["Exordium","TheCity","TheBeyond","TheEnding"],"potions_floor_usage":[11,16,26,33,42,42,42,48,52,55,56,56],"damage_taken":[{"damage":0,"enemies":"2 Louse","floor":2,"turns":3},{"damage":4,"enemies":"Cultist","floor":4,"turns":4},{"damage":7,"enemies":"Jaw Worm","floor":5,"turns":3},{"damage":0,"enemies":"downfall:FleeingMerchant","floor":6,"turns":4},{"damage":11,"enemies":"Exordium Thugs","floor":9,"turns":4},{"damage":16,"enemies":"Lagavulin","floor":10,"turns":6},{"damage":20,"enemies":"Gremlin Gang","floor":11,"turns":4},{"damage":10,"enemies":"Gremlin Nob","floor":12,"turns":4},{"damage":0,"enemies":"Blue Slaver","floor":14,"turns":2},{"damage":0,"enemies":"Exordium Wildlife","floor":15,"turns":3},{"damage":23,"enemies":"DF_ARCHETYPE_STREAMLINE","floor":16,"turns":8},{"damage":0,"enemies":"Shell Parasite","floor":19,"turns":5},{"damage":5,"enemies":"Chosen","floor":20,"turns":3},{"damage":4,"enemies":"downfall:FleeingMerchant","floor":22,"turns":4},{"damage":26,"enemies":"Slavers","floor":26,"turns":6},{"damage":6,"enemies":"Book of Stabbing","floor":29,"turns":4},{"damage":0,"enemies":"Centurion and Healer","floor":31,"turns":3},{"damage":10,"enemies":"Sentry and Sphere","floor":32,"turns":4},{"damage":8,"enemies":"WA_ARCHETYPE_CALM","floor":33,"turns":9},{"damage":9,"enemies":"3 Darklings","floor":36,"turns":5},{"damage":16,"enemies":"downfall:FleeingMerchant","floor":37,"turns":4},{"damage":0,"enemies":"Reptomancer","floor":40,"turns":3},{"damage":36,"enemies":"Nemesis","floor":42,"turns":5},{"damage":0,"enemies":"Nemesis","floor":44,"turns":3},{"damage":11,"enemies":"Orb Walker","floor":45,"turns":3},{"damage":0,"enemies":"2 Orb Walkers","floor":46,"turns":3},{"damage":0,"enemies":"Reptomancer","floor":48,"turns":6},{"damage":0,"enemies":"Jaw Worm Horde","floor":49,"turns":1},{"damage":10,"enemies":"IC_BLOCK_ARCHETYPE","floor":50,"turns":5},{"damage":39,"enemies":"downfall:CharBossMerchant","floor":52,"turns":7},{"damage":0,"enemies":"downfall:NeowBoss","floor":55,"turns":9},{"damage":60,"enemies":"downfall:NeowBossFinal","floor":56,"turns":8}],"seed_played":"8629226417316752062","potions_obtained":[{"floor":4,"key":"Energy Potion"},{"floor":9,"key":"Fire Potion"},{"floor":10,"key":"Weak Potion"},{"floor":12,"key":"EssenceOfSteel"},{"floor":16,"key":"EntropicBrew"},{"floor":31,"key":"SteroidPotion"},{"floor":33,"key":"PowerPotion"},{"floor":44,"key":"Energy Potion"},{"floor":48,"key":"Guardian:BlockOnCardUsePotion"},{"floor":49,"key":"sneckomod:OffclassReductionPotion"},{"floor":52,"key":"Energy Potion"}],"is_trial":false,"path_per_floor":["R","M","?","M","M","$","T","R","M","E","M","E","R","M","M","B",null,"R","M","M","?","$","R","T","T","E","?","R","E","R","M","M","B",null,"R","M","$","?","T","E","T","E","R","?","M","?","R","E","M","B",null,"E","$","R","B","B",null],"character_chosen":"THE_SNECKO","items_purchased":["sneckomod:WideSting","sneckomod:UnknownUncommonPower","sneckomod:CheapStock","sneckomod:Rotation","sneckomod:SnakeSap","Pen Nib","Toy Ornithopter","DollysMirror","sneckomod:UnknownDexterity","sneckomod:CheapStock"],"campfire_rested":2,"item_purchase_floors":[6,6,22,22,37,53,53,53,53,53],"current_hp_per_floor":[81,81,81,77,70,77,77,77,66,50,30,20,44,44,44,21,81,81,81,76,76,72,72,72,72,46,46,46,40,40,40,30,47,81,91,82,66,66,66,66,66,30,57,57,46,46,46,68,72,84,91,60,60,60,91,55],"gold":20,"neow_bonus":"ONE_RARE_RELIC","is_daily":false,"chose_seed":false,"campfire_upgraded":1,"win_rate":0.0,"timestamp":1614305267,"path_taken":["R","M","?","M","M","$","T","R","M","E","M","E","R","?","M","BOSS","R","M","M","?","?","R","T","?","E","?","R","E","R","?","M","BOSS","R","M","$","?","?","E","T","E","R","?","M","?","R","E","M","BOSS","E","$","R","BOSS","BOSS"],"items_purchased_type":["Card","Card","Card","Card","Card","Relic","Relic","Relic","Card","Card"],"build_version":"2020-12-13","purchased_purges":3,"victory":true,"max_hp_per_floor":[81,81,81,81,81,81,81,81,81,81,81,81,81,81,81,81,81,81,81,81,81,81,81,81,81,81,81,81,81,81,81,81,81,81,91,91,91,91,91,91,91,91,91,91,91,91,91,91,91,91,91,91,91,91,91,91],"card_choices":[{"not_picked":["sneckomod:SoulDraw","sneckomod:QuickMove"],"picked":"sneckomod:UnknownVulnerable","floor":2},{"not_picked":["sneckomod:DiceCrush","sneckomod:Unknown2Cost"],"picked":"sneckomod:UnknownX","floor":4},{"not_picked":["sneckomod:Nope","sneckomod:SoulRoll"],"picked":"sneckomod:UnknownCommonAttack","floor":5},{"not_picked":["sneckomod:PureSnecko","sneckomod:UnknownColorless"],"picked":"sneckomod:UnknownWeak","floor":6},{"not_picked":["sneckomod:RainOfDice","sneckomod:SoulDraw"],"picked":"sneckomod:Unknown1Cost","floor":9},{"not_picked":["sneckomod:IronFang","sneckomod:QuickBite"],"picked":"sneckomod:UnknownCommonSkill","floor":10},{"not_picked":["sneckomod:UnknownX","sneckomod:SoulDraw"],"picked":"sneckomod:Unknown0Cost","floor":11},{"not_picked":["sneckomod:SerpentIdol","sneckomod:DiceCrush"],"picked":"sneckomod:CheapStock","floor":12},{"not_picked":["sneckomod:UnknownDraw","sneckomod:SlitherStrike"],"picked":"sneckomod:Unknown2Cost","floor":14},{"not_picked":["sneckomod:UnknownDraw","sneckomod:QuickBite"],"picked":"sneckomod:SerpentIdol","floor":15},{"not_picked":["sneckomod:Mudshield","sneckomod:UnknownRareSkill"],"picked":"sneckomod:UnknownRarePower","floor":16},{"not_picked":["sneckomod:DiceCrush+1","sneckomod:UnknownBlock"],"picked":"sneckomod:UnendingSupply+1","floor":19},{"not_picked":["sneckomod:Unknown2Cost","sneckomod:TrashToTreasure"],"picked":"sneckomod:UnknownUncommonPower","floor":20},{"not_picked":["sneckomod:QuickBite","sneckomod:UnknownCommonSkill"],"picked":"sneckomod:SlitherStrike","floor":22},{"not_picked":["sneckomod:QuickBite","sneckomod:DiceCrush"],"picked":"sneckomod:DangerNoodle","floor":26},{"not_picked":["sneckomod:SoulDraw","sneckomod:UnknownClassGREEN"],"picked":"sneckomod:UnknownExhaust","floor":29},{"not_picked":["sneckomod:UnknownStrike","sneckomod:SoulRoll"],"picked":"sneckomod:UnendingSupply","floor":31},{"not_picked":["sneckomod:IronFang+1","sneckomod:UnknownCommonAttack+1"],"picked":"sneckomod:UnknownClassGREEN+1","floor":32},{"not_picked":["sneckomod:UnknownRarePower","sneckomod:UnknownRareSkill"],"picked":"sneckomod:SerpentMind","floor":33},{"not_picked":["sneckomod:DiceBoulder+1"],"picked":"SKIP","floor":36},{"not_picked":[],"picked":"sneckomod:Unknown3Cost","floor":37},{"not_picked":["expansioncontent:QuickStudy","expansioncontent:GuardianWhirl"],"picked":"expansioncontent:AwakenDeath","floor":38},{"not_picked":["sneckomod:SoulCleanse"],"picked":"SKIP","floor":40},{"not_picked":[],"picked":"sneckomod:SoulCleanse","floor":40},{"not_picked":["sneckomod:SoulRoll+1"],"picked":"SKIP","floor":42},{"not_picked":[],"picked":"sneckomod:UnknownWeak+1","floor":44},{"not_picked":["sneckomod:SoulRoll"],"picked":"SKIP","floor":45},{"not_picked":[],"picked":"sneckomod:UnknownUncommonAttack","floor":46},{"not_picked":["sneckomod:SnekBeam+1"],"picked":"SKIP","floor":48},{"not_picked":[],"picked":"sneckomod:QuickBite+1","floor":49},{"not_picked":[],"picked":"sneckomod:UnknownStrength+1","floor":52}],"player_experience":161296,"relics_obtained":[{"floor":7,"key":"Bag of Marbles"},{"floor":10,"key":"Mummified Hand"},{"floor":12,"key":"Tiny Chest"},{"floor":25,"key":"Anchor"},{"floor":26,"key":"Pantograph"},{"floor":29,"key":"Smiling Mask"},{"floor":39,"key":"Sundial"},{"floor":40,"key":"Torii"},{"floor":41,"key":"Bottled Lightning"},{"floor":42,"key":"Juzu Bracelet"},{"floor":44,"key":"TungstenRod"},{"floor":46,"key":"Bird Faced Urn"},{"floor":48,"key":"White Beast Statue"},{"floor":52,"key":"InkBottle"}],"event_choices":[{"damage_healed":0,"gold_gain":0,"player_choice":"Forge","damage_taken":0,"max_hp_gain":0,"max_hp_loss":0,"event_name":"Accursed Blacksmith","floor":3,"gold_loss":0,"cards_upgraded":["sneckomod:TailWhip"]},{"damage_healed":0,"gold_gain":0,"player_choice":"Fight","damage_taken":0,"max_hp_gain":0,"max_hp_loss":0,"event_name":"Mysterious Sphere","floor":46,"gold_loss":0}],"is_beta":false,"boss_relics":[{"not_picked":["SlaversCollar","Calling Bell"],"picked":"Cursed Key"},{"not_picked":["bronze:MakeshiftBattery","Empty Cage"],"picked":"Busted Crown"}],"items_purged_floors":[22,37,53],"is_endless":false,"potions_floor_spawned":[4,9,10,12,16,19,31,32,33,36,44,48,49,52],"ascension_level":1}}