{"host":"6r9t33axn0fzb9aq","time":1614359312,"event":{"mods":["Aspiration","BaseMod","Better Altar","Better Match","Better Note","Better Third Choice","Bossed Relics","CatGirl Mod","Clockwork Mod","Colored Map","Colored Powertips","Conspire","Curses Come First","Custom Start","Energized Spire","Halation","Hubris","Infinite Spire","Koishi","Marisa????????","Minty Spire (QoL Compilation)","Onozuka Komachi Mod","Poor People Problems","Reliquary","Remilia??????","Replay The Spire","Reworked Bosses","Shade Mod","Spicy Shops","Spire Arcade","StSLib","The Administrix","The Blackbeard","The Bladedancer","The Blue Laboratory","The Cursed","The Death Knight","The Hierophant","The Marked","The Necromancer","The Servant 0.9.4","TheHero","Trackpad","Waifu the Spire","Wandering Minibosses"],"gold_per_floor":[109,109,109,109,123,157,185,185,185,203,212,231,243,262,262,363,363,380,590,590,515,515,546,546,562,562,562,593,593,218,218,218,305,282,297,347,356,356,189,233,233,255,255,264,286,95,95,101,101,213,313,319,117,117,130,130,130,136,136,160,174,183,194,274,298,307,321,321,321,333,345,357,368,389,393,320,383,413,439,95,93,102,102,153,153,175,175,175,175,175,198,203,203,226,235,248,524,209,236,236,328,328,321,321],"floor_reached":103,"language":"ENG","playtime":15099,"items_purged":["Overencumbered","hierophant:Community","Wraith","hierophant:Doubloon","hierophant:MintersHammer+1"],"score":2809,"play_id":"fc955d71-67fb-44f3-b3be-e956bcab8c39","local_time":"20210226170832","daily_mods":["Vintage","Heirloom","Time Dilation","Flight","Elite Swarm","Binary"],"is_ascension_mode":false,"campfire_choices":[{"floor":15.0,"key":"REST"},{"data":"hierophant:PristineSoul","floor":29.0,"key":"SMITH"},{"data":"hierophant:ChurchCoffers","floor":32.0,"key":"SMITH"},{"data":"hierophant:Punish","floor":41.0,"key":"SMITH"},{"data":"hierophant:Strike_Hierophant","floor":49.0,"key":"SMITH"},{"data":"hierophant:Strike_Hierophant","floor":49.0,"key":"SMITH"},{"data":"hierophant:Strike_Hierophant","floor":57.0,"key":"SMITH"},{"data":"hierophant:Strike_Hierophant","floor":57.0,"key":"SMITH"},{"data":"hierophant:Doubloon","floor":78.0,"key":"SMITH"},{"data":"hierophant:Defend_Hierophant","floor":78.0,"key":"SMITH"},{"data":"hierophant:Defend_Hierophant","floor":83.0,"key":"SMITH"},{"data":"hierophant:Shelter","floor":95.0,"key":"SMITH"},{"data":"hierophant:Doubloon","floor":95.0,"key":"SMITH"},{"floor":100,"key":"REST"}],"circlet_count":0,"master_deck":["hierophant:Strike_Hierophant+1","hierophant:Strike_Hierophant+1","hierophant:Strike_Hierophant+1","hierophant:Strike_Hierophant+1","hierophant:Punish+1","hierophant:Defend_Hierophant+1","hierophant:Defend_Hierophant+1","hierophant:Defend_Hierophant+1","hierophant:Defend_Hierophant+1","hierophant:ChurchCoffers+1","hierophant:PristineSoul+1","hierophant:Zeal+1","hierophant:Community+1","hierophant:Strike_Hierophant+1","hierophant:Upheaval+1","hierophant:SealAway+1","hierophant:Community+1","hierophant:SealAway+1","hierophant:Community+1","hierophant:Doubloon+1","hierophant:Refuge+1","hierophant:Charity+1","hierophant:Doubloon+1","hierophant:Doubloon+1","hierophant:Refuge+1","hierophant:Doubloon+1","hierophant:Shelter+1","hierophant:CursedGold+1","hierophant:CursedGold+1","hierophant:Doubloon+1","hierophant:Doubloon+1","hierophant:EyeForCoin+1","hierophant:Doubloon+1"],"relics":["hierophant:PropheticMaskRelic","Busted Crown","replay:Trail_Library","TungstenRod","CeramicFish","Orichalcum","aspiration:ArtOfWarUpgrade","Mercury Hourglass","halation:AfternoonTea","Ring of Peace","ReplayTheSpireMod:Ring of Collecting","reliquary:GummyVitamins","trackpad:SappingStone","Iron Hammer","hubris:PeanutButter","hubris:Towel","Bronze Scales","Oddly Smooth Stone","trackpad:WindUpAutoDealer","trackpad:PetRock","reliquary:ThirdArm","Frozen Egg 2","Molten Egg 2","HornCleat","energizedSpire:HugeHouse","White Beast Statue","Ice Cream","Akabeko","Replay:Arrowhead","Omamori","reliquary:PurpleTingedLeaf","reliquary:PartyBalloon","Replay:Wanted Poster","hubris:CrystalStatue","trackpad:IceCube","reliquary:FeatherDuster","Odd Mushroom","Torii","Replay:Baseball","hubris:MysteriousPyramids","Vajra","War Paint","MawBank","Nunchaku","Boot","Blue Doll","hubris:TinFlute","ReplayTheSpireMod:TigerMarble","aspiration:Stabinomicon","DollysMirror","hubris:Potato","Shuriken","hubris:BottledRain","conspire:Flyswatter","trackpad:SneckoScepter","conspire:Boomerang","Bag of Marbles","InkBottle","Old Coin","Golden Egg","halation:PenCase","energizedSpire:RedRose"],"acts_visited":["Exordium","TheCity","TheBeyond","Exordium","TheCity","TheBeyond","Exordium"],"potions_floor_usage":[101,101],"damage_taken":[{"damage":0.0,"enemies":"Jaw Worm","floor":1.0,"turns":2.0},{"damage":0.0,"enemies":"Cultist","floor":5.0,"turns":2.0},{"damage":20.0,"enemies":"3 Sentries","floor":6.0,"turns":10.0},{"damage":18.0,"enemies":"Gremlin Nob","floor":7.0,"turns":4.0},{"damage":13.0,"enemies":"Lagavulin","floor":12.0,"turns":7.0},{"damage":0.0,"enemies":"Small Slimes","floor":13.0,"turns":2.0},{"damage":0.0,"enemies":"3 Louse","floor":14.0,"turns":2.0},{"damage":5.0,"enemies":"The Guardian","floor":16.0,"turns":13.0},{"damage":0.0,"enemies":"Spheric Guardian","floor":18.0,"turns":5.0},{"damage":0.0,"enemies":"Gremlin Leader","floor":23.0,"turns":8.0},{"damage":0.0,"enemies":"Chosen","floor":25.0,"turns":3.0},{"damage":0.0,"enemies":"Nightmare","floor":28.0,"turns":7.0},{"damage":7.0,"enemies":"hubris:MusketHawk","floor":33.0,"turns":9.0},{"damage":0.0,"enemies":"3 Darklings","floor":35.0,"turns":3.0},{"damage":0.0,"enemies":"Mind Bloom Boss Battle","floor":36.0,"turns":5.0},{"damage":0.0,"enemies":"R_Hoarder","floor":40.0,"turns":7.0},{"damage":0.0,"enemies":"Reptomancer","floor":42.0,"turns":6.0},{"damage":0.0,"enemies":"Orb Walker","floor":45.0,"turns":2.0},{"damage":0.0,"enemies":"Jaw Worm Horde","floor":48.0,"turns":2.0},{"damage":0.0,"enemies":"bossMod:newAwakened","floor":50.0,"turns":13.0},{"damage":0.0,"enemies":"Jaw Worm","floor":52.0,"turns":2.0},{"damage":0.0,"enemies":"The Mushroom Lair","floor":55.0,"turns":2.0},{"damage":0.0,"enemies":"Small Slimes","floor":58.0,"turns":2.0},{"damage":0.0,"enemies":"Gremlin Nob","floor":61.0,"turns":3.0},{"damage":0.0,"enemies":"Lagavulin","floor":63.0,"turns":4.0},{"damage":0.0,"enemies":"3 Sentries","floor":65.0,"turns":3.0},{"damage":0.0,"enemies":"Fading Forest","floor":67.0,"turns":11.0},{"damage":0.0,"enemies":"Chosen","floor":69.0,"turns":3.0},{"damage":0.0,"enemies":"3 Byrds","floor":73.0,"turns":2.0},{"damage":0.0,"enemies":"Snecko","floor":75.0,"turns":4.0},{"damage":0.0,"enemies":"Book of Stabbing","floor":79.0,"turns":4.0},{"damage":0.0,"enemies":"Gremlin Leader","floor":81.0,"turns":4.0},{"damage":0.0,"enemies":"Book of Stabbing","floor":82.0,"turns":4.0},{"damage":0.0,"enemies":"bossMod:newChamp","floor":84.0,"turns":11.0},{"damage":0.0,"enemies":"Orb Walker","floor":86.0,"turns":4.0},{"damage":0.0,"enemies":"R_Hoarder","floor":91.0,"turns":5.0},{"damage":0.0,"enemies":"Nemesis","floor":92.0,"turns":7.0},{"damage":14.0,"enemies":"3 Darklings","floor":96.0,"turns":2.0},{"damage":0.0,"enemies":"R_Hoarder","floor":97.0,"turns":5.0},{"damage":0.0,"enemies":"Sphere and 2 Shapes","floor":99.0,"turns":2.0},{"damage":0,"enemies":"bossMod:newShapes","floor":101,"turns":8},{"damage":0,"enemies":"Cultist","floor":103,"turns":2}],"seed_played":"-6471320410753464591","potions_obtained":[{"floor":7.0,"key":"blueLaboratory:PhilterOfMotion"},{"floor":12.0,"key":"FearPotion"},{"floor":13.0,"key":"Ancient Potion"},{"floor":14.0,"key":"Fire Potion"},{"floor":18.0,"key":"Toxic Potion"},{"floor":25.0,"key":"Block Potion"},{"floor":35.0,"key":"Explosive Potion"},{"floor":36.0,"key":"PowerPotion"},{"floor":50.0,"key":"blueLaboratory:PolymorphPotion"},{"floor":52.0,"key":"ColorlessPotion"},{"floor":55.0,"key":"blueLaboratory:NullPotion"},{"floor":61.0,"key":"blueLaboratory:LouseDecoction"},{"floor":63.0,"key":"Energy Potion"},{"floor":67.0,"key":"BlessingOfTheForge"},{"floor":73.0,"key":"FearPotion"},{"floor":79.0,"key":"Block Potion"},{"floor":82.0,"key":"Fruit Juice"},{"floor":84.0,"key":"Weak Potion"},{"floor":93.0,"key":"blueLaboratory:BottledHope"},{"floor":93.0,"key":"Weak Potion"},{"floor":101,"key":"blueLaboratory:Moonshine"}],"is_trial":true,"path_per_floor":["M","?","?","$","M","E","E","R","T","?","?","E","M","M","R","B",null,"M","?","?","$","?","E","$","M","T","AVR","NM","R","$","?","R_BF","B",null,"M","?","?","?","$","E","R","E","T","R","M","$","?","M","R","B",null,"M","$","?","?","?","R","M","?","T","E","?","E","?","E","R_BF","B",null,"M","?","$","?","M","?","M","?","T","R","E","$","E","E","R","B",null,"M","?","AVR","?","?","E","E","?","T","R","M","E","$","M","R","B",null,"M"],"character_chosen":"HIEROPHANT","items_purchased":["Molten Egg 2","hierophant:Zeal+1","hierophant:Community+1","hierophant:Upheaval+1","reliquary:PurpleTingedLeaf","hierophant:Community+1","hierophant:SealAway+1","trackpad:IceCube","hierophant:Charity+1","DollysMirror","Golden Egg","hierophant:CursedGold+1","hierophant:EyeForCoin"],"campfire_rested":2,"item_purchase_floors":[30,30,30,39,46,46,46,53,80,80,98,98,98],"current_hp_per_floor":[75,75,75,75,75,55,37,37,37,37,37,24,24,24,46,56,75,75,75,75,75,75,75,75,75,75,75,75,75,75,69,69,62,70,70,70,70,70,70,70,70,70,70,70,70,70,70,70,70,70,70,70,70,68,68,68,68,68,68,68,69,69,70,70,70,70,70,70,70,70,70,70,70,70,70,70,70,70,70,70,70,75,75,75,75,75,75,75,71,71,71,71,71,71,71,57,59,59,59,71,71,71,71,71],"gold":321,"neow_bonus":"","is_daily":false,"chose_seed":false,"campfire_upgraded":12,"win_rate":0.0,"timestamp":1614359312,"path_taken":["M","?","?","$","?","E","E","R","T","?","?","E","M","?","R","BOSS","M","?","?","$","?","E","?","?","T","AVR","NM","R","$","?","R_BF","BOSS","M","?","?","?","$","E","R","E","T","R","M","$","?","?","R","BOSS","M","$","?","?","?","R","?","?","T","E","?","E","?","E","R_BF","BOSS","M","?","?","?","?","?","?","?","T","R","E","$","E","E","R","BOSS","M","?","AVR","?","?","E","E","?","T","R","?","E","$","?","R","BOSS","M"],"items_purchased_type":["Relic","Card","Card","Card","Relic","Card","Card","Relic","Card","Relic","Relic","Card","Card"],"build_version":"2020-12-22","purchased_purges":5,"victory":false,"max_hp_per_floor":[75,75,75,75,75,75,75,75,75,75,75,75,75,75,75,75,75,75,75,75,75,75,75,75,75,75,75,75,75,75,75,75,75,70,70,70,70,70,70,70,70,70,70,70,70,70,70,70,70,70,70,70,70,70,70,70,70,70,70,70,70,70,70,70,70,70,70,70,70,70,70,70,70,70,70,70,70,70,70,70,70,75,75,75,75,75,75,75,71,71,71,71,71,71,71,71,71,71,71,71,71,71,71,71],"card_choices":[],"player_experience":502829,"relics_obtained":[{"floor":1.0,"key":"CeramicFish"},{"floor":5.0,"key":"Orichalcum"},{"floor":6.0,"key":"Art of War"},{"floor":7.0,"key":"Mercury Hourglass"},{"floor":9.0,"key":"halation:AfternoonTea"},{"floor":10.0,"key":"Ring of Peace"},{"floor":10.0,"key":"ReplayTheSpireMod:Ring of Collecting"},{"floor":12.0,"key":"reliquary:GummyVitamins"},{"floor":13.0,"key":"trackpad:SappingStone"},{"floor":14.0,"key":"Iron Hammer"},{"floor":18.0,"key":"hubris:PeanutButter"},{"floor":23.0,"key":"Bronze Scales"},{"floor":25.0,"key":"Oddly Smooth Stone"},{"floor":26.0,"key":"trackpad:WindUpAutoDealer"},{"floor":28.0,"key":"Frozen Egg 2"},{"floor":35.0,"key":"White Beast Statue"},{"floor":36.0,"key":"Ice Cream"},{"floor":40.0,"key":"Akabeko"},{"floor":42.0,"key":"Replay:Arrowhead"},{"floor":43.0,"key":"Omamori"},{"floor":48.0,"key":"reliquary:PartyBalloon"},{"floor":52.0,"key":"hubris:CrystalStatue"},{"floor":55.0,"key":"Odd Mushroom"},{"floor":58.0,"key":"Torii"},{"floor":60.0,"key":"Replay:Baseball"},{"floor":61.0,"key":"hubris:MysteriousPyramids"},{"floor":63.0,"key":"Vajra"},{"floor":65.0,"key":"War Paint"},{"floor":69.0,"key":"MawBank"},{"floor":73.0,"key":"Boot"},{"floor":75.0,"key":"Blue Doll"},{"floor":77.0,"key":"ReplayTheSpireMod:TigerMarble"},{"floor":79.0,"key":"aspiration:Stabinomicon"},{"floor":81.0,"key":"hubris:Potato"},{"floor":82.0,"key":"Shuriken"},{"floor":86.0,"key":"hubris:BottledRain"},{"floor":91.0,"key":"trackpad:SneckoScepter"},{"floor":92.0,"key":"conspire:Boomerang"},{"floor":94.0,"key":"Bag of Marbles"},{"floor":96.0,"key":"InkBottle"},{"floor":97.0,"key":"Old Coin"},{"floor":99,"key":"halation:PenCase"}],"event_choices":[{"damage_healed":0.0,"max_hp_gain":0.0,"max_hp_loss":0.0,"gold_gain":0.0,"event_name":"betterThird:BetterScrap","player_choice":"LEAVE","floor":2.0,"gold_loss":0.0,"damage_taken":0.0,"cards_obtained":["Terror"]},{"damage_healed":0.0,"max_hp_gain":0.0,"max_hp_loss":0.0,"gold_gain":0.0,"event_name":"Purifier","player_choice":"Ignored","floor":3.0,"gold_loss":0.0,"damage_taken":0.0},{"cards_removed":["hierophant:ChurchCoffers"],"damage_healed":0.0,"max_hp_gain":0.0,"max_hp_loss":0.0,"gold_gain":0.0,"event_name":"betterNote:BetterNote","player_choice":"Take \u0026 Give","floor":11.0,"gold_loss":0.0,"damage_taken":0.0,"cards_obtained":["blademaster:Frontflip"]},{"damage_healed":0.0,"max_hp_gain":0.0,"max_hp_loss":0.0,"gold_gain":0.0,"event_name":"blackbeard:ShipwreckEvent","player_choice":"HornCleat","floor":31.0,"gold_loss":0.0,"damage_taken":0.0,"relics_obtained":["HornCleat"]},{"damage_healed":0.0,"max_hp_gain":0.0,"max_hp_loss":0.0,"gold_gain":0.0,"event_name":"MindBloom","player_choice":"Fight","floor":36.0,"gold_loss":0.0,"damage_taken":0.0},{"damage_healed":0.0,"max_hp_gain":0.0,"max_hp_loss":0.0,"gold_gain":0.0,"event_name":"OrinTheCat","player_choice":"Ignored","floor":37.0,"gold_loss":0.0,"damage_taken":0.0},{"damage_healed":0.0,"max_hp_gain":0.0,"max_hp_loss":0.0,"gold_gain":0.0,"event_name":"SensoryStone","player_choice":"Memory 1","floor":38.0,"gold_loss":0.0,"damage_taken":0.0},{"damage_healed":0.0,"max_hp_gain":0.0,"max_hp_loss":0.0,"gold_gain":0.0,"event_name":"Lab","player_choice":"Got Potions","floor":47.0,"gold_loss":0.0,"damage_taken":0.0},{"damage_healed":0.0,"max_hp_gain":0.0,"max_hp_loss":0.0,"gold_gain":0.0,"event_name":"betterThird:BetterScrap","player_choice":"Relic ","floor":54.0,"gold_loss":0.0,"damage_taken":3.0,"cards_obtained":["WaveOfTheHand"]},{"damage_healed":0.0,"max_hp_gain":0.0,"max_hp_loss":0.0,"gold_gain":0.0,"event_name":"Mushrooms","player_choice":"Fought Mushrooms","floor":55.0,"gold_loss":0.0,"damage_taken":0.0},{"damage_healed":0.0,"max_hp_gain":0.0,"max_hp_loss":0.0,"gold_gain":0.0,"event_name":"conspire:LoneGhost","player_choice":"Disagree","floor":56.0,"gold_loss":0.0,"damage_taken":0.0},{"damage_healed":0.0,"max_hp_gain":0.0,"max_hp_loss":0.0,"gold_gain":0.0,"cards_transformed":["hierophant:Remorse"],"event_name":"Living Wall","player_choice":"Change","floor":62.0,"gold_loss":0.0,"damage_taken":0.0,"cards_obtained":["hierophant:OrnateJavelin"]},{"damage_healed":0.0,"max_hp_gain":0.0,"max_hp_loss":0.0,"gold_gain":0.0,"event_name":"WeMeetAgain","player_choice":"Gave Potion","floor":70.0,"gold_loss":0.0,"damage_taken":0.0,"relics_obtained":["Nunchaku"]},{"damage_healed":0.0,"max_hp_gain":0.0,"max_hp_loss":0.0,"gold_gain":0.0,"event_name":"betterMatch:BetterMatch","player_choice":"2","floor":72.0,"gold_loss":0.0,"damage_taken":0.0,"cards_obtained":["betterMatch:RareCard","betterMatch:UncommonCard"]},{"damage_healed":0.0,"max_hp_gain":0.0,"max_hp_loss":0.0,"gold_gain":0.0,"event_name":"Duplicator","player_choice":"Copied","floor":74.0,"gold_loss":0.0,"damage_taken":0.0,"cards_obtained":["hierophant:Community"]},{"damage_healed":0.0,"max_hp_gain":0.0,"max_hp_loss":0.0,"gold_gain":0.0,"event_name":"Addict","player_choice":"Obtained Relic","floor":76.0,"gold_loss":85.0,"damage_taken":0.0,"relics_obtained":["hubris:TinFlute"]},{"damage_healed":0.0,"max_hp_gain":0.0,"max_hp_loss":4.0,"gold_gain":0.0,"event_name":"Winding Halls","player_choice":"Max HP","floor":89.0,"gold_loss":0.0,"damage_taken":0.0},{"damage_healed":0.0,"max_hp_gain":0.0,"max_hp_loss":0.0,"gold_gain":0.0,"event_name":"SensoryStone","player_choice":"Memory 1","floor":90.0,"gold_loss":0.0,"damage_taken":0.0},{"damage_healed":0.0,"max_hp_gain":0.0,"max_hp_loss":0.0,"gold_gain":0.0,"event_name":"Lab","player_choice":"Got Potions","floor":93.0,"gold_loss":0.0,"damage_taken":0.0}],"is_beta":false,"boss_relics":[{"not_picked":["halation:Prosthetics","reliquary:RedCape","Runic Dome"]},{"not_picked":["aspiration:WatcherSkillbook","halation:SmartPhone"],"picked":"energizedSpire:HugeHouse"},{"not_picked":["halation:MonkeysPaw","hubris:Stopwatch"],"picked":"Replay:Wanted Poster"},{"not_picked":["hubris:Stopwatch","hubris:GrandSneckoEye","Pandora\u0027s Box"]},{"not_picked":["Painkiller Herb","Snecko Heart","trackpad:StolenKidneys"]},{"not_picked":["Philosopher\u0027s Stone","energizedSpire:NeverEndingSparkler"],"picked":"energizedSpire:RedRose"}],"items_purged_floors":[21,27,39,53,88],"is_endless":true,"potions_floor_spawned":[7,12,13,14,18,23,25,35,36,40,42,45,48,50,52,55,58,61,63,65,67,69,73,75,79,81,82,84,86,91,92,96,97,99,101],"killed_by":"Cultist","ascension_level":0}}