{"host":"ovcza0gnr2tscsgg","time":1614356185,"event":{"mods":["BaseMod","Colored Powertips","Marisa£®ÏF”Í°°ƒß¿Ì…≥£©","Minty Spire (QoL Compilation)","StSLib","The Bug Knight","UnlockEverythingMod","noobMod"],"gold_per_floor":[118,118,118,118,131,131,131,163,189,139,156,175,175,210,210,311,311,331,331,256,283,283,283,313,313,313,341,374,388,388,407,407,511,511,525,539,551,1,12,43,57,57,57,69,99,113,58,58,58,58],"floor_reached":51,"language":"ZHS","playtime":1675,"items_purged":["Strike_R","Strike_R"],"score":1345,"play_id":"796fa458-8891-4d46-8dd0-17a85f6e2b9e","local_time":"20210227001625","is_ascension_mode":true,"campfire_choices":[{"data":"Inflame","floor":6,"key":"SMITH"},{"data":"Bash","floor":13,"key":"SMITH"},{"data":"Double Tap","floor":15,"key":"SMITH"},{"floor":23,"key":"REST"},{"floor":25,"key":"REST"},{"data":"Warcry","floor":30,"key":"SMITH"},{"floor":32,"key":"REST"},{"data":"Dual Wield","floor":42,"key":"SMITH"},{"data":"Metallicize","floor":49,"key":"SMITH"}],"circlet_count":0,"master_deck":["AscendersBane","Strike_R","Defend_R","Bash+1","Inflame+1","Double Tap+1","Offering+1","Warcry+1","Blood for Blood+1","Heavy Blade","Hemokinesis","Heavy Blade","Rupture","Dramatic Entrance","Dual Wield+1","Flex+1","Metallicize+1"],"relics":["Burning Blood","ice","NeowsBlessing","Darkstone Periapt","Red Skull","Regal Pillow","Philosopher\u0027s Stone","Vajra","HornCleat","InkBottle","Red Mask","The Courier","Empty Cage","HollowMod:PaleOreRelic","Frozen Eye","Oddly Smooth Stone","Thread and Needle","Orichalcum"],"acts_visited":["Exordium","TheCity","TheBeyond"],"potions_floor_usage":[16,24,50,50],"damage_taken":[{"damage":0,"enemies":"2 Louse","floor":1,"turns":1},{"damage":0,"enemies":"Jaw Worm","floor":5,"turns":1},{"damage":0,"enemies":"Lagavulin","floor":8,"turns":1},{"damage":6,"enemies":"Cultist","floor":11,"turns":3},{"damage":17,"enemies":"Blue Slaver","floor":12,"turns":5},{"damage":24,"enemies":"Gremlin Nob","floor":14,"turns":4},{"damage":63,"enemies":"Hexaghost","floor":16,"turns":9},{"damage":22,"enemies":"Shell Parasite","floor":18,"turns":2},{"damage":61,"enemies":"Gremlin Leader","floor":24,"turns":3},{"damage":6,"enemies":"Masked Bandits","floor":27,"turns":3},{"damage":15,"enemies":"Book of Stabbing","floor":28,"turns":3},{"damage":16,"enemies":"Chosen","floor":29,"turns":2},{"damage":6,"enemies":"Snake Plant","floor":31,"turns":1},{"damage":48,"enemies":"Champ","floor":33,"turns":5},{"damage":13,"enemies":"3 Shapes","floor":35,"turns":2},{"damage":9,"enemies":"Orb Walker","floor":36,"turns":2},{"damage":35,"enemies":"Maw","floor":37,"turns":5},{"damage":8,"enemies":"Sphere and 2 Shapes","floor":39,"turns":2},{"damage":30,"enemies":"Giant Head","floor":40,"turns":5},{"damage":8,"enemies":"Transient","floor":41,"turns":5},{"damage":13,"enemies":"Jaw Worm Horde","floor":44,"turns":2},{"damage":70,"enemies":"Reptomancer","floor":45,"turns":3},{"damage":10,"enemies":"Writhing Mass","floor":46,"turns":2},{"damage":8,"enemies":"Awakened One","floor":50,"turns":3}],"seed_played":"706315903309999964","potions_obtained":[{"floor":8,"key":"Block Potion"},{"floor":11,"key":"CultistPotion"},{"floor":18,"key":"Explosive Potion"},{"floor":24,"key":"Weak Potion"},{"floor":40,"key":"BlessingOfTheForge"},{"floor":45,"key":"DistilledChaos"}],"is_trial":false,"path_per_floor":["M","?","?","?","M","R","?","E","T","?","M","M","R","E","R","B",null,"M","?","$","T","?","R","E","R","T","?","E","M","R","M","R","B",null,"M","M","M","$","M","E","M","R","T","M","E","M","$","?","R","B",null],"character_chosen":"IRONCLAD","items_purchased":["Hemokinesis","Heavy Blade","Rupture","HollowMod:PaleOreRelic","Dramatic Entrance","Frozen Eye","Metallicize"],"campfire_rested":3,"item_purchase_floors":[38,38,38,38,38,38,47],"current_hp_per_floor":[78,83,83,83,85,85,78,84,84,84,84,73,73,55,55,81,85,69,69,69,69,69,88,33,76,76,76,67,57,57,57,102,60,95,88,85,56,56,54,30,28,28,28,21,76,72,72,72,72,70],"gold":58,"neow_bonus":"THREE_ENEMY_KILL","is_daily":false,"chose_seed":false,"campfire_upgraded":6,"win_rate":0.0,"timestamp":1614356185,"path_taken":["M","?","?","?","?","R","?","E","T","?","M","M","R","E","R","BOSS","M","?","$","?","?","R","E","R","T","?","E","?","R","M","R","BOSS","M","M","M","$","?","E","M","R","T","M","E","M","$","?","R","BOSS"],"items_purchased_type":["Card","Card","Card","Relic","Card","Relic","Card"],"build_version":"2020-12-22","purchased_purges":2,"victory":true,"max_hp_per_floor":[80,85,85,85,85,85,85,85,85,85,85,85,85,85,85,86,86,88,88,88,88,88,88,95,95,95,96,101,103,103,103,103,106,106,110,111,114,114,114,116,121,121,121,122,127,128,128,128,128,129],"card_choices":[{"not_picked":["Wild Strike","Body Slam","Rupture"],"picked":"SKIP","floor":1},{"not_picked":["Shockwave","Wild Strike"],"picked":"Inflame","floor":5},{"not_picked":["Cleave","Anger","Headbutt"],"picked":"SKIP","floor":8},{"not_picked":["Uppercut","Perfected Strike","Clash"],"picked":"SKIP","floor":11},{"not_picked":["Rupture","True Grit","Wild Strike"],"picked":"SKIP","floor":12},{"not_picked":["Corruption","Havoc"],"picked":"Double Tap","floor":14},{"not_picked":["Fiend Fire","Barricade"],"picked":"Offering","floor":16},{"not_picked":["Perfected Strike","Wild Strike+1"],"picked":"Warcry","floor":18},{"not_picked":["Clash","Cleave","Warcry"],"picked":"SKIP","floor":24},{"not_picked":["Body Slam+1","Feel No Pain","Battle Trance+1"],"picked":"SKIP","floor":28},{"not_picked":["Sever Soul+1","Intimidate"],"picked":"Blood for Blood+1","floor":29},{"not_picked":["Headbutt+1","Fiend Fire","Pommel Strike"],"picked":"SKIP","floor":31},{"not_picked":["Pommel Strike+1","Wild Strike+1"],"picked":"Heavy Blade","floor":35},{"not_picked":["Headbutt+1","Twin Strike+1"],"picked":"Burning Pact","floor":36},{"not_picked":["Evolve+1","Rage+1","Feel No Pain"],"picked":"SKIP","floor":37},{"not_picked":["Iron Wave+1","True Grit+1","Rage"],"picked":"SKIP","floor":39},{"not_picked":["Armaments","Perfected Strike","Exhume"],"picked":"SKIP","floor":40},{"not_picked":["Shrug It Off","Metallicize"],"picked":"Dual Wield","floor":41},{"not_picked":["Twin Strike","Burning Pact","Dark Embrace"],"picked":"SKIP","floor":44},{"not_picked":["Body Slam+1","Pommel Strike","Sword Boomerang+1"],"picked":"SKIP","floor":45},{"not_picked":["Headbutt","Clash"],"picked":"Flex+1","floor":46}],"player_experience":171264,"relics_obtained":[{"floor":8,"key":"Darkstone Periapt"},{"floor":9,"key":"Red Skull"},{"floor":14,"key":"Regal Pillow"},{"floor":21,"key":"Vajra"},{"floor":24,"key":"HornCleat"},{"floor":26,"key":"InkBottle"},{"floor":27,"key":"Red Mask"},{"floor":28,"key":"The Courier"},{"floor":40,"key":"Oddly Smooth Stone"},{"floor":43,"key":"Thread and Needle"},{"floor":45,"key":"Orichalcum"}],"event_choices":[{"damage_healed":0,"gold_gain":0,"player_choice":"Donut","damage_taken":0,"max_hp_gain":5,"max_hp_loss":0,"event_name":"Big Fish","floor":2,"gold_loss":0},{"damage_healed":0,"gold_gain":0,"player_choice":"Ignored","damage_taken":0,"max_hp_gain":0,"max_hp_loss":0,"event_name":"Liars Game","floor":3,"gold_loss":0},{"cards_removed":["Defend_R"],"damage_healed":0,"gold_gain":0,"player_choice":"Forget","damage_taken":0,"max_hp_gain":0,"max_hp_loss":0,"event_name":"Living Wall","floor":4,"gold_loss":0},{"cards_removed":["Strike_R"],"damage_healed":0,"gold_gain":0,"player_choice":"Card Removal","damage_taken":7,"max_hp_gain":0,"max_hp_loss":0,"event_name":"Golden Wing","floor":7,"gold_loss":0},{"cards_removed":["Defend_R"],"damage_healed":0,"gold_gain":0,"player_choice":"Card Removal","damage_taken":0,"max_hp_gain":0,"max_hp_loss":0,"event_name":"The Cleric","floor":10,"gold_loss":50},{"damage_healed":0,"gold_gain":0,"player_choice":"Upgraded","damage_taken":0,"max_hp_gain":0,"max_hp_loss":0,"event_name":"Upgrade Shrine","floor":19,"gold_loss":0,"cards_upgraded":["Offering"]},{"damage_healed":0,"gold_gain":0,"player_choice":"Ignored","damage_taken":0,"max_hp_gain":0,"max_hp_loss":0,"event_name":"Ghosts","floor":22,"gold_loss":0},{"damage_healed":0,"gold_gain":0,"player_choice":"Fought Bandits","damage_taken":0,"max_hp_gain":0,"max_hp_loss":0,"event_name":"Masked Bandits","floor":27,"gold_loss":0},{"cards_removed":["Burning Pact"],"damage_healed":0,"gold_gain":0,"player_choice":"Removed Skill","damage_taken":0,"max_hp_gain":0,"max_hp_loss":0,"event_name":"Falling","floor":48,"gold_loss":0}],"is_beta":false,"boss_relics":[{"not_picked":["Astrolabe","Black Blood"],"picked":"Philosopher\u0027s Stone"},{"not_picked":["Runic Dome","Snecko Eye"],"picked":"Empty Cage"}],"items_purged_floors":[20,38],"is_endless":false,"potions_floor_spawned":[8,11,14,18,24,31,36,39,40,45,46],"ascension_level":11}}