{"host":"mg3e76uznu9x14du","time":1614307404,"event":{"mods":["BaseMod","Colored Map","Downfall","Minty Spire (QoL Compilation)","Permanent Neow","Relic Stats","Spire Arcade","StSLib","Waifu the Spire","everything is the same but u backflip on backflip"],"gold_per_floor":[99,119,119,144,55,55,104,141,168,199,211,223,223,223],"floor_reached":12,"language":"ENG","playtime":586,"items_purged":[],"score":84,"play_id":"f896e4b8-b549-4704-bc32-3d222b0f9551","local_time":"20210225214324","is_ascension_mode":true,"campfire_choices":[{"floor":1,"key":"RECALL"},{"data":"bronze:Allocate","floor":6,"key":"SMITH"}],"circlet_count":0,"master_deck":["bronze:Strike","bronze:Strike","bronze:Strike","bronze:Defend","bronze:Defend","bronze:Defend","bronze:Defend","bronze:Replicate","bronze:Goto","bronze:WhirlingStrike","bronze:WildBeam","bronze:Allocate+1","bronze:MaxOutput","bronze:Allocate","bronze:BuggyMess"],"relics":["bronze:BronzeCore","Orichalcum","downfall:BrokenWingStatue","MawBank","Boot"],"acts_visited":["Exordium"],"potions_floor_usage":[12],"damage_taken":[{"damage":3,"enemies":"Jaw Worm","floor":2,"turns":5},{"damage":0,"enemies":"downfall:FleeingMerchant","floor":5,"turns":4},{"damage":48,"enemies":"Lagavulin","floor":8,"turns":10},{"damage":0,"enemies":"2 Louse","floor":9,"turns":3},{"damage":0,"enemies":"Small Slimes","floor":10,"turns":2},{"damage":20,"enemies":"3 Sentries","floor":12,"turns":6}],"seed_played":"-5881003456767330781","potions_obtained":[{"floor":9,"key":"SneckoOil"}],"is_trial":false,"path_per_floor":["R","M","?","?","$","R","T","E","M","M","?","E"],"character_chosen":"THE_AUTOMATON","items_purchased":["bronze:Allocate"],"campfire_rested":0,"item_purchase_floors":[5],"current_hp_per_floor":[70,67,67,67,67,67,67,19,19,19,19,0,0,0],"gold":223,"neow_bonus":"RANDOM_COMMON_RELIC","is_daily":false,"chose_seed":false,"campfire_upgraded":1,"win_rate":0.0,"timestamp":1614307404,"path_taken":["R","M","?","?","$","R","T","E","M","M","?","E"],"items_purchased_type":["Card"],"build_version":"2020-12-22","purchased_purges":0,"victory":false,"max_hp_per_floor":[70,70,70,70,70,70,70,70,70,70,70,70,70,70],"relic_stats":{"counters":[6,30],"Orichalcum":[72],"MawBank":60,"Boot":[1],"obtain_stats":[{"bronze:BronzeCore":0,"downfall:BrokenWingStatue":3,"Orichalcum":0,"MawBank":7,"Boot":8},{"bronze:BronzeCore":0,"downfall:BrokenWingStatue":1,"Orichalcum":0,"MawBank":2,"Boot":3},{"bronze:BronzeCore":0,"downfall:BrokenWingStatue":5,"Orichalcum":0,"MawBank":9,"Boot":19}]},"card_choices":[{"not_picked":["bronze:Shield","bronze:Allocate"],"picked":"bronze:WhirlingStrike","floor":2},{"not_picked":["bronze:Optimize","bronze:BronzeArmor"],"picked":"bronze:WildBeam","floor":5},{"not_picked":["bronze:BuggyMess","bronze:OilSpill"],"picked":"bronze:MaxOutput","floor":8},{"not_picked":["bronze:Invalidate","bronze:Separator"],"picked":"bronze:Allocate","floor":9},{"not_picked":["bronze:ClassDefault","bronze:Shield"],"picked":"bronze:BuggyMess","floor":10}],"player_experience":534799,"relics_obtained":[{"floor":7,"key":"MawBank"},{"floor":8,"key":"Boot"}],"event_choices":[],"is_beta":false,"boss_relics":[],"items_purged_floors":[],"is_endless":false,"potions_floor_spawned":[9],"killed_by":"3 Sentries","ascension_level":2}}