{"host":"tj45uo9npo129mc6","time":1614366212,"event":{"mods":["AchievementEnabler","BaseMod","Friendly Minions","Hubris","Infinite Spire","Kiyohime????","LagranYue(???·?)","Minty Spire (QoL Compilation)","Quick Restart","Remilia??????","StSLib","The Animator","The Bladedancer","The Cursed","The Servant 0.9.4"],"gold_per_floor":[109,109,133,133,146,146,172,186,238,8,8,8,43,53,53,156,156,175,175,188,188,188,188,200,200,225,225,225,245,263,283,283,380,380,395,405,37,37,50,50,81,81,81,81,81],"floor_reached":44,"language":"FRA","playtime":2270,"items_purged":["Strike_B"],"score":571,"play_id":"ce255c14-b905-4b00-af84-a5e0fb1c3a13","local_time":"20210226200332","is_ascension_mode":false,"campfire_choices":[{"floor":6,"key":"RECALL"},{"floor":12,"key":"REST"},{"floor":15,"key":"REST"},{"floor":23,"key":"REST"},{"floor":25,"key":"REST"},{"data":"infinitespire:Oblivion","floor":27,"key":"SMITH"},{"floor":32,"key":"REST"},{"data":"Defragment","floor":40,"key":"SMITH"},{"floor":42,"key":"REST"}],"circlet_count":0,"master_deck":["Strike_B","Strike_B","Strike_B","Defend_B","Defend_B","Defend_B","Defend_B","Zap","Dualcast","Defragment","Regret","Go for the Eyes","Machine Learning","Double Energy","Defragment","Steam","Steam","Melter","Loop","Machine Learning","Hologram","infinitespire:Oblivion+1","infinitespire:Fortify","Leap","Defragment+1","Defragment","Doom and Gloom+1","Hologram+1","Auto Shields","Beam Cell","Chill+1","Electrodynamics","Steam+1","Self Repair+1","Defragment+1","Jack Of All Trades","Parasite","Fusion+1","White Noise"],"relics":["Cracked Core","LagranYue:RandomDrawCardRelic","NeowsBlessing","Thread and Needle","Blood Vial","Dream Catcher","Du-Vu Doll","hubris:VirtuousBlindfold","hubris:GlazedTorus","SacredBark","hubris:Icosahedron","Bronze Scales","hubris:HollowSoul","PreservedInsect","hubris:EmptyBottle","Lantern","Gambling Chip"],"acts_visited":["Exordium","TheCity","TheBeyond"],"potions_floor_usage":[16,16,16,20,29,30,30,41,41,44],"damage_taken":[{"damage":0,"enemies":"Cultist","floor":1,"turns":1},{"damage":0,"enemies":"Small Slimes","floor":5,"turns":1},{"damage":0,"enemies":"Gremlin Nob","floor":7,"turns":1},{"damage":8,"enemies":"Jaw Worm","floor":8,"turns":4},{"damage":35,"enemies":"3 Sentries","floor":13,"turns":8},{"damage":6,"enemies":"Blue Slaver","floor":14,"turns":4},{"damage":55,"enemies":"Hexaghost","floor":16,"turns":11},{"damage":8,"enemies":"Spheric Guardian","floor":18,"turns":4},{"damage":16,"enemies":"3 Byrds","floor":20,"turns":2},{"damage":11,"enemies":"Snake Plant","floor":24,"turns":4},{"damage":12,"enemies":"Shelled Parasite and Fungi","floor":29,"turns":3},{"damage":0,"enemies":"Chosen and Byrds","floor":30,"turns":3},{"damage":9,"enemies":"Snecko","floor":31,"turns":4},{"damage":5,"enemies":"Champ","floor":33,"turns":9},{"damage":12,"enemies":"Orb Walker","floor":35,"turns":5},{"damage":1,"enemies":"3 Darklings","floor":36,"turns":6},{"damage":3,"enemies":"Writhing Mass","floor":39,"turns":4},{"damage":45,"enemies":"Nemesis","floor":41,"turns":7},{"damage":20,"enemies":"Nightmare","floor":44,"turns":3}],"seed_played":"4196732320125748857","potions_obtained":[{"floor":5,"key":"infinitespire:BlackPotion"},{"floor":7,"key":"LiquidMemories"},{"floor":14,"key":"Block Potion"},{"floor":16,"key":"SkillPotion"},{"floor":18,"key":"PowerPotion"},{"floor":24,"key":"DistilledChaos"},{"floor":29,"key":"Strength Potion"},{"floor":39,"key":"EssenceOfSteel"},{"floor":41,"key":"GamblersBrew"}],"is_trial":false,"path_per_floor":["M","$","T","?","M","R","E","M","T","$","?","R","E","M","R","B",null,"M","AVR","M","?","?","R","M","R","T","R","?","M","M","M","R","B",null,"M","M","$","?","M","R","E","R","T","NM"],"character_chosen":"DEFECT","items_purchased":["Defragment","Dream Catcher","Defragment","PreservedInsect","hubris:EmptyBottle"],"campfire_rested":6,"item_purchase_floors":[10,10,37,37,37],"current_hp_per_floor":[75,75,75,75,75,75,75,67,67,67,67,75,40,36,58,5,75,67,67,53,53,53,75,64,75,75,75,75,63,65,58,75,70,75,63,64,64,64,63,63,30,52,52,0,0],"gold":81,"neow_bonus":"THREE_ENEMY_KILL","is_daily":false,"chose_seed":false,"campfire_upgraded":2,"win_rate":0.0,"timestamp":1614366212,"path_taken":["M","$","?","?","M","R","E","M","T","$","?","R","E","M","R","BOSS","M","AVR","M","?","?","R","?","R","T","R","?","M","M","M","R","BOSS","M","M","$","?","?","R","E","R","T","NM"],"items_purchased_type":["Card","Relic","Card","Relic","Relic"],"build_version":"2020-12-22","purchased_purges":1,"victory":false,"max_hp_per_floor":[75,75,75,75,75,75,75,75,75,75,75,75,75,75,75,75,75,75,75,75,75,75,75,75,75,75,75,75,75,75,75,75,75,75,75,75,75,75,75,75,75,75,75,75,75],"card_choices":[{"not_picked":["Chill","Stack"],"picked":"Defragment","floor":1},{"not_picked":["Skim","Turbo"],"picked":"Go for the Eyes","floor":5},{"not_picked":["Turbo","Beam Cell"],"picked":"Machine Learning","floor":7},{"not_picked":["BootSequence","Streamline"],"picked":"Double Energy","floor":8},{"not_picked":["Heatsinks","Darkness"],"picked":"Steam","floor":12},{"not_picked":["Go for the Eyes","Stack"],"picked":"Steam","floor":13},{"not_picked":["Stack","Hologram"],"picked":"Melter","floor":14},{"not_picked":["Gash","Reboot"],"picked":"Loop","floor":15},{"not_picked":["All For One","Hyperbeam"],"picked":"Machine Learning","floor":16},{"not_picked":["Beam Cell","Stack"],"picked":"Hologram","floor":18},{"not_picked":["Hologram","Coolheaded"],"picked":"Leap","floor":20},{"not_picked":["Heatsinks","Chill"],"picked":"Defragment","floor":23},{"not_picked":["Steam","Cold Snap"],"picked":"Doom and Gloom+1","floor":24},{"not_picked":["Streamline","Rebound"],"picked":"Hologram+1","floor":25},{"not_picked":["hubris:SpecializedCircuitry","Steam Power"],"picked":"Auto Shields","floor":29},{"not_picked":["Rebound","Sweeping Beam"],"picked":"Beam Cell","floor":30},{"not_picked":["Gash","Ball Lightning"],"picked":"Chill+1","floor":31},{"not_picked":["Fission","All For One"],"picked":"Electrodynamics","floor":33},{"not_picked":["Streamline+1","Chill+1"],"picked":"Steam+1","floor":35},{"not_picked":["Compile Driver+1","BootSequence+1"],"picked":"Self Repair+1","floor":36},{"not_picked":["Go for the Eyes","Compile Driver+1","Cold Snap"],"picked":"SKIP","floor":39},{"not_picked":["Coolheaded","Redo"],"picked":"Fusion+1","floor":41},{"not_picked":["Cold Snap+1","Sunder+1"],"picked":"White Noise","floor":42}],"player_experience":265930,"relics_obtained":[{"floor":9,"key":"Blood Vial"},{"floor":13,"key":"Du-Vu Doll"},{"floor":26,"key":"Bronze Scales"},{"floor":41,"key":"Lantern"},{"floor":43,"key":"Gambling Chip"}],"event_choices":[{"damage_healed":0,"gold_gain":0,"player_choice":"Box","damage_taken":0,"relics_obtained":["Thread and Needle"],"max_hp_gain":0,"max_hp_loss":0,"event_name":"Big Fish","floor":4,"gold_loss":0,"cards_obtained":["Regret"]},{"damage_healed":0,"gold_gain":0,"player_choice":"Ignored","damage_taken":0,"max_hp_gain":0,"max_hp_loss":0,"event_name":"Liars Game","floor":11,"gold_loss":0},{"damage_healed":0,"gold_gain":0,"player_choice":"Copied","damage_taken":0,"max_hp_gain":0,"max_hp_loss":0,"event_name":"Duplicator","floor":22,"gold_loss":0,"cards_obtained":["Defragment"]},{"damage_healed":0,"gold_gain":0,"player_choice":"Forge","damage_taken":0,"max_hp_gain":0,"max_hp_loss":0,"event_name":"Accursed Blacksmith","floor":28,"gold_loss":0,"cards_upgraded":["Defragment"]},{"damage_healed":0,"gold_gain":0,"player_choice":"1 cards matched","damage_taken":0,"max_hp_gain":0,"max_hp_loss":0,"event_name":"Match and Keep!","floor":38,"gold_loss":0,"cards_obtained":["Jack Of All Trades"]}],"is_beta":false,"boss_relics":[{"not_picked":["Busted Crown","Astrolabe"],"picked":"hubris:VirtuousBlindfold"},{"not_picked":["hubris:GrandSneckoEye","hubris:Backtick"],"picked":"hubris:HollowSoul"}],"items_purged_floors":[19],"is_endless":false,"potions_floor_spawned":[5,7,14,16,18,24,29,39,41],"killed_by":"Nightmare","ascension_level":0}}