{"host":"c95pe0njt19oxs9e","time":1614327023,"event":{"mods":["BaseMod","DeckTracker","Minty Spire (QoL Compilation)","Relic Stats"],"gold_per_floor":[117,117,20,20,20,55,80,105,105,105,125,125,163,187,187,308,308,333,333,354,367,391,424,89,89,89,114,114,154,154,54,54,179,179,192,192,192,205,205,205,226,226,226,251,75,138,171,239,239,239,239,239,35,74,74],"floor_reached":56,"language":"JPN","playtime":2298,"items_purged":["Pain","Strike_G","Strike_G"],"score":1298,"play_id":"3f659507-9219-403a-a6ac-273acca656d4","local_time":"20210226171023","is_ascension_mode":false,"campfire_choices":[{"data":"Accuracy","floor":10,"key":"SMITH"},{"data":"Tools of the Trade","floor":12,"key":"SMITH"},{"data":"Neutralize","floor":15,"key":"SMITH"},{"data":"Neutralize","floor":25,"key":"SMITH"},{"data":"Blade Dance","floor":28,"key":"SMITH"},{"data":"Phantasmal Killer","floor":32,"key":"SMITH"},{"data":"Tactician","floor":40,"key":"SMITH"},{"data":"Reflex","floor":42,"key":"SMITH"},{"floor":49,"key":"RECALL"},{"data":"Blade Dance","floor":52,"key":"SMITH"}],"circlet_count":0,"master_deck":["Strike_G","Strike_G","Defend_G","Defend_G","Defend_G","Defend_G+1","Defend_G+1","Survivor","Neutralize+1","Blade Dance+1","Accuracy+1","PiercingWail+1","Cloak And Dagger+1","Tools of the Trade+1","Blade Dance+1","Backflip","Venomology","PiercingWail","Flash of Steel","Blade Dance","Tactician+1","Blind","Backflip","PiercingWail+1","Phantasmal Killer+1","Doppelganger","Acrobatics","Finesse","Reflex+1","PiercingWail+1","Envenom+1","Accuracy+1"],"relics":["Ring of the Snake","NeowsBlessing","WarpedTongs","Golden Idol","Mango","White Beast Statue","War Paint","Black Star","Thread and Needle","StrikeDummy","ClockworkSouvenir","Frozen Egg 2","Pen Nib","SlaversCollar","Bottled Tornado","Pocketwatch","Orichalcum","Toy Ornithopter","Prayer Wheel","OrangePellets","Bird Faced Urn","Snake Skull"],"acts_visited":["Exordium","TheCity","TheBeyond","TheEnding"],"potions_floor_usage":[13,13,16,16,21,21,22,22,23,23,29,29,33,33,33,41,41,41,47,50,50,50,55,55,55,55],"damage_taken":[{"damage":0,"enemies":"Jaw Worm","floor":1,"turns":1},{"damage":0,"enemies":"Lagavulin","floor":6,"turns":1},{"damage":1,"enemies":"Cultist","floor":7,"turns":1},{"damage":1,"enemies":"2 Louse","floor":8,"turns":3},{"damage":0,"enemies":"2 Fungi Beasts","floor":11,"turns":2},{"damage":11,"enemies":"Gremlin Nob","floor":13,"turns":3},{"damage":1,"enemies":"Exordium Thugs","floor":14,"turns":3},{"damage":6,"enemies":"Slime Boss","floor":16,"turns":6},{"damage":7,"enemies":"Chosen","floor":18,"turns":5},{"damage":5,"enemies":"3 Byrds","floor":20,"turns":5},{"damage":1,"enemies":"Snake Plant","floor":21,"turns":6},{"damage":0,"enemies":"Centurion and Healer","floor":22,"turns":5},{"damage":16,"enemies":"Slavers","floor":23,"turns":5},{"damage":0,"enemies":"Snecko","floor":27,"turns":3},{"damage":2,"enemies":"Gremlin Leader","floor":29,"turns":5},{"damage":3,"enemies":"Automaton","floor":33,"turns":5},{"damage":14,"enemies":"3 Shapes","floor":35,"turns":3},{"damage":1,"enemies":"3 Darklings","floor":38,"turns":5},{"damage":6,"enemies":"Sphere and 2 Shapes","floor":41,"turns":8},{"damage":11,"enemies":"Transient","floor":44,"turns":5},{"damage":0,"enemies":"Mind Bloom Boss Battle","floor":46,"turns":5},{"damage":6,"enemies":"Giant Head","floor":47,"turns":7},{"damage":16,"enemies":"2 Orb Walkers","floor":48,"turns":6},{"damage":9,"enemies":"Time Eater","floor":50,"turns":9},{"damage":25,"enemies":"Shield and Spear","floor":54,"turns":7},{"damage":53,"enemies":"The Heart","floor":55,"turns":8}],"seed_played":"3715046034934781726","potions_obtained":[{"floor":6,"key":"Swift Potion"},{"floor":11,"key":"FearPotion"},{"floor":13,"key":"Regen Potion"},{"floor":14,"key":"CunningPotion"},{"floor":16,"key":"ColorlessPotion"},{"floor":18,"key":"GamblersBrew"},{"floor":21,"key":"SkillPotion"},{"floor":22,"key":"GamblersBrew"},{"floor":23,"key":"Block Potion"},{"floor":27,"key":"ColorlessPotion"},{"floor":29,"key":"Strength Potion"},{"floor":33,"key":"LiquidMemories"},{"floor":35,"key":"SteroidPotion"},{"floor":41,"key":"Fire Potion"},{"floor":48,"key":"PowerPotion"},{"floor":54,"key":"LiquidBronze"}],"is_trial":false,"path_per_floor":["M","?","$","?","?","E","M","M","T","R","M","R","E","M","R","B",null,"M","?","M","M","M","E","$","R","T","M","R","E","?","$","R","B",null,"M","?","?","M","?","R","M","R","T","M","$","?","E","?","R","B",null,"R","$","E","B",null],"character_chosen":"THE_SILENT","items_purchased":["Blade Dance","Accuracy","ClockworkSouvenir","Blind","Backflip","Strength Potion","OrangePellets","SteroidPotion"],"campfire_rested":0,"item_purchase_floors":[3,3,24,24,24,45,53,53],"current_hp_per_floor":[70,70,70,53,39,53,52,51,51,51,51,51,40,39,39,48,84,77,77,72,71,71,55,55,55,55,55,55,53,53,53,53,50,84,70,70,70,69,69,69,63,63,63,52,52,52,46,30,30,36,84,84,84,59,36],"gold":74,"neow_bonus":"THREE_ENEMY_KILL","is_daily":false,"chose_seed":false,"campfire_upgraded":9,"win_rate":0.0,"timestamp":1614327023,"path_taken":["M","?","$","?","?","E","M","M","T","R","M","R","E","M","R","BOSS","M","?","?","M","M","E","$","R","T","M","R","E","?","?","R","BOSS","M","?","?","M","?","R","M","R","T","M","$","?","E","?","R","BOSS","R","$","E","BOSS"],"items_purchased_type":["Card","Card","Relic","Card","Card","Potion","Relic","Potion"],"build_version":"2020-12-22","purchased_purges":3,"victory":true,"max_hp_per_floor":[70,70,70,70,70,84,84,84,84,84,84,84,84,84,84,84,84,84,84,84,84,84,84,84,84,84,84,84,84,84,84,84,84,84,84,84,84,84,84,84,84,84,84,84,84,84,84,84,84,84,84,84,84,84,84],"relic_stats":{"counters":[26,122],"Golden Idol":227,"Pen Nib":[24],"Snake Skull":[27],"War Paint":["PiercingWail","Cloak And Dagger"],"Orichalcum":[24],"WarpedTongs":[119],"OrangePellets":[0],"Bird Faced Urn":[10],"Prayer Wheel":0,"Black Star":4,"obtain_stats":[{"NeowsBlessing":0,"Golden Idol":4,"Mango":6,"Thread and Needle":23,"Pen Nib":29,"Snake Skull":54,"War Paint":13,"Frozen Egg 2":29,"Bottled Tornado":43,"Orichalcum":47,"White Beast Statue":9,"WarpedTongs":2,"ClockworkSouvenir":24,"SlaversCollar":34,"OrangePellets":53,"Bird Faced Urn":54,"Prayer Wheel":48,"Black Star":17,"StrikeDummy":23,"Toy Ornithopter":47,"Ring of the Snake":0,"Pocketwatch":46},{"NeowsBlessing":0,"Golden Idol":1,"Mango":2,"Thread and Needle":13,"Pen Nib":15,"Snake Skull":25,"War Paint":6,"Frozen Egg 2":15,"Bottled Tornado":19,"Orichalcum":22,"White Beast Statue":4,"WarpedTongs":1,"ClockworkSouvenir":13,"SlaversCollar":16,"OrangePellets":24,"Bird Faced Urn":25,"Prayer Wheel":23,"Black Star":8,"StrikeDummy":13,"Toy Ornithopter":22,"Ring of the Snake":0,"Pocketwatch":21},{"NeowsBlessing":0,"Golden Idol":1,"Mango":2,"Thread and Needle":46,"Pen Nib":54,"Snake Skull":114,"War Paint":11,"Frozen Egg 2":54,"Bottled Tornado":75,"Orichalcum":92,"White Beast Statue":6,"WarpedTongs":1,"ClockworkSouvenir":46,"SlaversCollar":59,"OrangePellets":107,"Bird Faced Urn":114,"Prayer Wheel":98,"Black Star":20,"StrikeDummy":46,"Toy Ornithopter":92,"Ring of the Snake":0,"Pocketwatch":85}],"Toy Ornithopter":35,"Ring of the Snake":[52],"Pocketwatch":[15]},"card_choices":[{"not_picked":["Cloak And Dagger","Deflect","Masterful Stab"],"picked":"SKIP","floor":1},{"not_picked":["Dagger Throw","Catalyst"],"picked":"PiercingWail","floor":6},{"not_picked":["Heel Hook","Bouncing Flask","Backflip"],"picked":"SKIP","floor":7},{"not_picked":["Underhanded Strike","Distraction"],"picked":"Cloak And Dagger","floor":8},{"not_picked":["Tactician","Slice"],"picked":"Tools of the Trade","floor":11},{"not_picked":["Heel Hook","Expertise"],"picked":"Blade Dance","floor":13},{"not_picked":["Poisoned Stab","Crippling Poison"],"picked":"Backflip","floor":14},{"not_picked":["Envenom","Tools of the Trade"],"picked":"Venomology","floor":16},{"not_picked":["Eviscerate","Bane"],"picked":"PiercingWail","floor":18},{"not_picked":["Choke","Backflip"],"picked":"Blade Dance","floor":20},{"not_picked":["Slice","Blade Dance","Cloak And Dagger"],"picked":"SKIP","floor":21},{"not_picked":["Underhanded Strike","Deadly Poison"],"picked":"Tactician","floor":22},{"not_picked":["Venomology","Sucker Punch","Skewer"],"picked":"SKIP","floor":23},{"not_picked":["Blur","Poisoned Stab"],"picked":"PiercingWail+1","floor":27},{"not_picked":["Cloak And Dagger+1","Outmaneuver"],"picked":"Phantasmal Killer","floor":29},{"not_picked":["Grand Finale","Venomology"],"picked":"Doppelganger","floor":33},{"not_picked":["Skewer","Predator+1"],"picked":"Acrobatics","floor":35},{"not_picked":["Magnetism+1","Thinking Ahead"],"picked":"Finesse","floor":37},{"not_picked":["Slice","Sucker Punch+1","Underhanded Strike+1"],"picked":"SKIP","floor":38},{"not_picked":["Prepared","Backflip+1"],"picked":"Reflex","floor":41},{"not_picked":["Acrobatics","Dodge and Roll"],"picked":"PiercingWail+1","floor":44},{"not_picked":["Dodge and Roll","Heel Hook"],"picked":"Envenom+1","floor":47},{"not_picked":["Poisoned Stab","Backflip+1"],"picked":"Accuracy+1","floor":54}],"player_experience":8582969,"relics_obtained":[{"floor":6,"key":"Mango"},{"floor":9,"key":"White Beast Statue"},{"floor":13,"key":"War Paint"},{"floor":23,"key":"Thread and Needle"},{"floor":23,"key":"StrikeDummy"},{"floor":29,"key":"Frozen Egg 2"},{"floor":29,"key":"Pen Nib"},{"floor":43,"key":"Bottled Tornado"},{"floor":46,"key":"Pocketwatch"},{"floor":47,"key":"Orichalcum"},{"floor":47,"key":"Toy Ornithopter"},{"floor":48,"key":"Prayer Wheel"},{"floor":54,"key":"Bird Faced Urn"},{"floor":54,"key":"Snake Skull"}],"event_choices":[{"damage_healed":0,"gold_gain":0,"player_choice":"Rummage","damage_taken":0,"relics_obtained":["WarpedTongs"],"max_hp_gain":0,"max_hp_loss":0,"event_name":"Accursed Blacksmith","floor":2,"gold_loss":0,"cards_obtained":["Pain"]},{"damage_healed":0,"gold_gain":0,"player_choice":"Take Damage","damage_taken":17,"relics_obtained":["Golden Idol"],"max_hp_gain":0,"max_hp_loss":0,"event_name":"Golden Idol","floor":4,"gold_loss":0},{"damage_healed":0,"gold_gain":0,"player_choice":"Entered Light","damage_taken":14,"max_hp_gain":0,"max_hp_loss":0,"event_name":"Shining Light","floor":5,"gold_loss":0,"cards_upgraded":["Defend_G","Defend_G"]},{"damage_healed":0,"gold_gain":0,"player_choice":"2 cards matched","damage_taken":0,"max_hp_gain":0,"max_hp_loss":0,"event_name":"Match and Keep!","floor":19,"gold_loss":0,"cards_obtained":["Flash of Steel","Neutralize"]},{"cards_removed":["Strike_G"],"damage_healed":0,"gold_gain":0,"player_choice":"Elegance","damage_taken":0,"max_hp_gain":0,"max_hp_loss":0,"event_name":"Back to Basics","floor":30,"gold_loss":0},{"damage_healed":0,"gold_gain":0,"player_choice":"Ignored","damage_taken":0,"max_hp_gain":0,"max_hp_loss":0,"event_name":"Tomb of Lord Red Mask","floor":36,"gold_loss":0},{"damage_healed":0,"gold_gain":0,"player_choice":"Memory 1","damage_taken":0,"max_hp_gain":0,"max_hp_loss":0,"event_name":"SensoryStone","floor":37,"gold_loss":0},{"cards_removed":["Neutralize"],"damage_healed":0,"gold_gain":0,"player_choice":"Removed Attack","damage_taken":0,"max_hp_gain":0,"max_hp_loss":0,"event_name":"Falling","floor":39,"gold_loss":0},{"damage_healed":0,"gold_gain":0,"player_choice":"Fight","damage_taken":0,"max_hp_gain":0,"max_hp_loss":0,"event_name":"MindBloom","floor":46,"gold_loss":0},{"damage_healed":0,"gold_gain":0,"player_choice":"Fight","damage_taken":0,"max_hp_gain":0,"max_hp_loss":0,"event_name":"Mysterious Sphere","floor":48,"gold_loss":0}],"is_beta":false,"boss_relics":[{"not_picked":["Velvet Choker","Tiny House"],"picked":"Black Star"},{"not_picked":["Sozu","Pandora\u0027s Box"],"picked":"SlaversCollar"}],"items_purged_floors":[24,31,45],"is_endless":false,"potions_floor_spawned":[6,11,13,14,16,18,20,21,22,23,27,29,33,35,38,41,44,46,47,48,54],"ascension_level":0}}