{"host":"zp8jvycvinn13jdb","time":1614372585,"event":{"mods":["BaseMod","Better Match","Colored Powertips","Downfall","Googly Eyes","Hermit","Minty Spire (QoL Compilation)","Rare Cards Sparkle","Relic Stats","StSLib","SuperFastMode","Synergy Search","The Bug Knight","The Cursed"],"gold_per_floor":[119,119,119,37,49,74,86,86,110,110,35,66,78,78,78,78,78],"floor_reached":16,"language":"ENG","playtime":1567,"items_purged":[],"score":133,"play_id":"a379d03e-e25f-434a-a67f-2777634c1ead","local_time":"20210226154945","is_ascension_mode":false,"campfire_choices":[{"data":"HollowMod:MothsMistake","floor":8,"key":"SMITH"},{"data":"HollowMod:NewGlowingWomb","floor":10,"key":"SMITH"},{"data":"HollowMod:FocusHealStart","floor":15,"key":"SMITH"}],"circlet_count":0,"master_deck":["HollowMod:NailStrikeStart","HollowMod:NailStrikeStart","HollowMod:NailStrikeStart","HollowMod:QuickDashStart","HollowMod:QuickDashStart","HollowMod:QuickDashStart","HollowMod:QuickDashStart","HollowMod:FocusHealStart+1","HollowMod:PogoStrike","HollowMod:SoulStrike","HollowMod:NewGlowingWomb+1","HollowMod:MothsMistake+1","HollowMod:InfectionAssault","HollowMod:SoulStrike","HollowMod:SoulStrike"],"relics":["HollowMod:VesselMask","NeowsBlessing","Nunchaku","HollowMod:MillibellesNoteRelic","HollowMod:KingsBrand","Question Card"],"acts_visited":["Exordium"],"potions_floor_usage":[],"damage_taken":[{"damage":0,"enemies":"2 Louse","floor":1,"turns":1},{"damage":0,"enemies":"Small Slimes","floor":5,"turns":1},{"damage":0,"enemies":"Lagavulin","floor":6,"turns":1},{"damage":5,"enemies":"Cultist","floor":7,"turns":4},{"damage":31,"enemies":"Gremlin Nob","floor":12,"turns":4},{"damage":19,"enemies":"2 Fungi Beasts","floor":13,"turns":3},{"damage":73,"enemies":"HollowMod:FalseKnight","floor":16,"turns":10}],"seed_played":"-3474359070693943975","potions_obtained":[{"floor":7,"key":"Swift Potion"},{"floor":12,"key":"champ:CounterPotion"},{"floor":13,"key":"Fruit Juice"}],"is_trial":false,"path_per_floor":["M","?","$","?","M","E","M","R","T","R","$","E","M","?","R","B"],"character_chosen":"THE_BUGKNIGHT","items_purchased":["HollowMod:InfectionAssault"],"campfire_rested":0,"item_purchase_floors":[11],"current_hp_per_floor":[75,75,75,75,75,75,75,75,75,75,75,50,31,56,56,0,0],"gold":78,"neow_bonus":"THREE_ENEMY_KILL","is_daily":false,"chose_seed":false,"campfire_upgraded":3,"win_rate":0.0,"timestamp":1614372585,"path_taken":["M","?","$","?","?","E","M","R","T","R","$","E","M","?","R","BOSS"],"items_purchased_type":["Card"],"build_version":"2020-12-22","purchased_purges":0,"victory":false,"max_hp_per_floor":[75,75,75,75,75,75,75,75,75,75,75,75,75,75,75,75,75],"relic_stats":{"Nunchaku":[4],"counters":[7,24],"Question Card":1,"obtain_stats":[{"Nunchaku":4,"NeowsBlessing":0,"HollowMod:VesselMask":0,"HollowMod:MillibellesNoteRelic":6,"HollowMod:KingsBrand":9,"Question Card":12},{"Nunchaku":1,"NeowsBlessing":0,"HollowMod:VesselMask":0,"HollowMod:MillibellesNoteRelic":3,"HollowMod:KingsBrand":4,"Question Card":5},{"Nunchaku":1,"NeowsBlessing":0,"HollowMod:VesselMask":0,"HollowMod:MillibellesNoteRelic":3,"HollowMod:KingsBrand":7,"Question Card":11}]},"card_choices":[{"not_picked":["HollowMod:CloakDash","HollowMod:InfectedAttack"],"picked":"HollowMod:SoulStrike","floor":1},{"not_picked":["HollowMod:AbyssShriek","HollowMod:SoulSplash"],"picked":"HollowMod:NewGlowingWomb","floor":5},{"not_picked":["HollowMod:GoodIntentions","HollowMod:SiblingsShadow","HollowMod:HornetsHelp"],"picked":"SKIP","floor":6},{"not_picked":["HollowMod:HuntersJournal","HollowMod:MonarchWings"],"picked":"HollowMod:MothsMistake","floor":7},{"not_picked":["HollowMod:ShapeofUnn","HollowMod:RecoilStrike"],"picked":"HollowMod:SoulStrike","floor":12},{"not_picked":["HollowMod:SoulSplash","HollowMod:BlackTendrils","HollowMod:TaintedHusks"],"picked":"HollowMod:SoulStrike","floor":13}],"player_experience":218348,"relics_obtained":[{"floor":6,"key":"HollowMod:MillibellesNoteRelic"},{"floor":9,"key":"HollowMod:KingsBrand"},{"floor":12,"key":"Question Card"}],"event_choices":[{"damage_healed":0,"gold_gain":0,"player_choice":"Paid Gold","damage_taken":0,"relics_obtained":["Nunchaku"],"max_hp_gain":0,"max_hp_loss":0,"event_name":"WeMeetAgain","floor":4,"gold_loss":82},{"damage_healed":25,"gold_gain":0,"player_choice":"Banana","damage_taken":0,"max_hp_gain":0,"max_hp_loss":0,"event_name":"Big Fish","floor":14,"gold_loss":0}],"is_beta":false,"boss_relics":[],"items_purged_floors":[],"is_endless":false,"potions_floor_spawned":[7,12,13],"killed_by":"HollowMod:FalseKnight","ascension_level":0}}