{"host":"y9t3brv5y5t41vuj","time":1614376454,"event":{"mods":["AchievementEnabler","BaseMod","BetterRewards","Block Reminder","Colored Map","Colored Powertips","Conspire","Highlight Path","Hubris","Infinite Spire","Minty Spire (QoL Compilation)","Quick Restart","Replay The Spire","Shop Mod","StSLib","SuperFastMode","Unceasing Turn Reminder"],"gold_per_floor":[110,128,128,78,1,1,26,26,26,26,57,90,90,118,118,241,241,269,269,269,269,304,304,362,405,429,429,487,156,195,195,322,322,360,315,393,475,475,475,475,514,540,596,596,596,661,661,639,639],"floor_reached":50,"language":"ENG","playtime":1524,"items_purged":["conspire:Blindness","Strike_G","Strike_G"],"score":817,"play_id":"f51eb7b9-2ef7-42eb-88f5-ba45c96f3404","local_time":"20210226225414","is_ascension_mode":true,"campfire_choices":[{"data":"Envenom","floor":6,"key":"SMITH"},{"data":"Cloak And Dagger","floor":10,"key":"SMITH"},{"data":"Neutralize","floor":13,"key":"SMITH"},{"data":"Prepared","floor":15,"key":"SMITH"},{"data":"infinitespire:SevenWalls","floor":23,"key":"SMITH"},{"data":"Cloak And Dagger","floor":27,"key":"SMITH"},{"floor":32,"key":"REST"},{"data":"After Image","floor":40,"key":"SMITH"},{"data":"Infinite Blades","floor":45,"key":"SMITH"},{"data":"Poisoned Stab","floor":49,"key":"SMITH"}],"circlet_count":0,"master_deck":["Strike_G","Strike_G","Defend_G","Defend_G","Defend_G","Defend_G","Defend_G","Survivor","Neutralize+1","Cloak And Dagger+1","Backstab+1","Envenom+1","Prepared+1","Slice","Adrenaline","AbeCurse","Underhanded Strike","infinitespire:SevenWalls+1","Cloak And Dagger+1","Slice","Infinite Blades+1","After Image+1","Blade Dance+1","Poisoned Stab+1","Footwork+1","Finesse"],"relics":["Ring of the Snake","NeowsBlessing","ReplayTheSpireMod:CursedCoin","hubris:MysteriousPyramids","infinitespire:Satchel","Replay:Bandana","Abe\u0027s Treasure","ReplayTheSpireMod:TigerMarble","hubris:Icosahedron","infinitespire:FocusingShard","Replay:Baseball","hubris:Teleporter","MerchantsRug","Black Star","Gambling Chip","Byrd Skull","Bag of Preparation","Omamori","Bottled Tornado"],"acts_visited":["Exordium","TheCity","TheBeyond"],"potions_floor_usage":[2,16,16,16,28,33,50,50,50],"damage_taken":[{"damage":0,"enemies":"Small Slimes","floor":1,"turns":1},{"damage":0,"enemies":"2 Louse","floor":2,"turns":1},{"damage":0,"enemies":"3 Sentries","floor":7,"turns":2},{"damage":16,"enemies":"Gremlin Nob","floor":11,"turns":3},{"damage":0,"enemies":"Jaw Worm","floor":12,"turns":3},{"damage":0,"enemies":"2 Fungi Beasts","floor":14,"turns":3},{"damage":55,"enemies":"Slime Boss","floor":16,"turns":15},{"damage":7,"enemies":"Chosen","floor":18,"turns":5},{"damage":3,"enemies":"2 Thieves","floor":22,"turns":3},{"damage":0,"enemies":"Book of Stabbing","floor":24,"turns":4},{"damage":7,"enemies":"Centurion and Healer","floor":25,"turns":7},{"damage":13,"enemies":"conspire:SneckoGhost","floor":28,"turns":5},{"damage":0,"enemies":"3 Cultists","floor":30,"turns":5},{"damage":36,"enemies":"Champ","floor":33,"turns":10},{"damage":2,"enemies":"3 Darklings","floor":35,"turns":7},{"damage":2,"enemies":"Mind Bloom Boss Battle","floor":37,"turns":5},{"damage":41,"enemies":"conspire:MimicChest","floor":38,"turns":7},{"damage":0,"enemies":"3 Shapes","floor":42,"turns":4},{"damage":0,"enemies":"Jaw Worm Horde","floor":44,"turns":4},{"damage":0,"enemies":"Giant Head","floor":47,"turns":7},{"damage":72,"enemies":"Time Eater","floor":50,"turns":11}],"seed_played":"3961385922308625529","potions_obtained":[{"floor":2,"key":"Fruit Juice"},{"floor":11,"key":"Block Potion"},{"floor":12,"key":"Weak Potion"},{"floor":14,"key":"FearPotion"},{"floor":22,"key":"SneckoOil"},{"floor":33,"key":"Cursed Concoction"},{"floor":38,"key":"GhostInAJar"},{"floor":42,"key":"Doom Potion"}],"is_trial":false,"path_per_floor":["M","M","?","?","$","R","E","?","T","R","E","M","R","M","R","B",null,"M","AVR","?","?","M","R","E","M","T","R","E","$","M","R","B",null,"M","$","?","?","?","R","?","M","T","M","R","?","E","R","B"],"character_chosen":"THE_SILENT","items_purchased":["ReplayTheSpireMod:CursedCoin","Envenom","Infinite Blades","MerchantsRug","Poisoned Stab"],"campfire_rested":1,"item_purchase_floors":[5,5,29,29,36],"current_hp_per_floor":[63,68,73,73,73,73,73,73,73,73,57,57,57,57,57,2,61,54,54,54,54,51,51,51,44,44,44,31,31,31,55,19,65,63,63,61,20,20,20,70,70,70,70,70,66,66,66,0,0],"gold":639,"neow_bonus":"THREE_ENEMY_KILL","is_daily":false,"chose_seed":false,"campfire_upgraded":9,"win_rate":0.0,"timestamp":1614376454,"path_taken":["M","M","?","?","$","R","E","?","T","R","E","M","R","M","R","BOSS","M","AVR","?","?","M","R","E","M","T","R","E","?","M","R","BOSS","M","$","?","?","?","R","?","?","T","M","R","?","E","R","BOSS"],"items_purchased_type":["Relic","Card","Card","Relic","Card"],"build_version":"2020-12-22","purchased_purges":3,"victory":false,"max_hp_per_floor":[70,75,80,80,80,80,80,80,80,80,80,80,80,80,80,80,80,80,80,80,80,80,80,80,80,80,80,80,80,80,80,80,80,80,80,80,80,80,80,70,70,70,70,70,66,66,66,67,67],"card_choices":[{"not_picked":["Expertise","Replay:Poison Smokescreen"],"picked":"Cloak And Dagger","floor":1},{"not_picked":["Deflect","Distraction"],"picked":"Backstab","floor":2},{"not_picked":["hubris:SlightOfHand","Backflip"],"picked":"Prepared","floor":7},{"not_picked":["Eviscerate","Backflip","Acrobatics"],"picked":"SKIP","floor":11},{"not_picked":["Eviscerate","Backflip","Acrobatics"],"picked":"SKIP","floor":11},{"not_picked":["Toxin Wave","Flying Knee"],"picked":"Slice","floor":12},{"not_picked":["Flying Knee","Dagger Throw","Doppelganger"],"picked":"SKIP","floor":14},{"not_picked":["Night Terror","Wraith Form v2"],"picked":"Adrenaline","floor":16},{"not_picked":["PiercingWail","Hidden Blade"],"picked":"Underhanded Strike","floor":18},{"not_picked":["hubris:TrickCloak","Sucker Punch"],"picked":"Cloak And Dagger","floor":22},{"not_picked":["Replay:Poison Smokescreen+1","Backflip+1"],"picked":"Slice","floor":24},{"not_picked":["Dagger Spray","Quick Slash","Distraction+1"],"picked":"SKIP","floor":25},{"not_picked":["Dagger Throw","Poison Darts","Predator"],"picked":"SKIP","floor":28},{"not_picked":["PiercingWail+1","Dagger Spray","Backflip+1"],"picked":"SKIP","floor":30},{"not_picked":["Malaise","Bullet Time"],"picked":"After Image","floor":33},{"not_picked":["Cloak And Dagger","Heel Hook"],"picked":"Blade Dance+1","floor":35},{"not_picked":["Dagger Throw+1","Cloak And Dagger+1"],"picked":"Footwork+1","floor":38},{"not_picked":["Madness","Chrysalis"],"picked":"Finesse","floor":39},{"not_picked":["Sucker Punch","PiercingWail","Poisoned Stab"],"picked":"SKIP","floor":42},{"not_picked":["Escape Plan","Outmaneuver+1","ReplayTheSpireMod:The Works"],"picked":"SKIP","floor":44},{"not_picked":["Backflip","Grand Finale","Hidden Blade+1"],"picked":"SKIP","floor":47}],"player_experience":564740,"relics_obtained":[{"floor":7,"key":"hubris:MysteriousPyramids"},{"floor":9,"key":"infinitespire:Satchel"},{"floor":11,"key":"Replay:Bandana"},{"floor":24,"key":"infinitespire:FocusingShard"},{"floor":26,"key":"Replay:Baseball"},{"floor":28,"key":"hubris:Teleporter"},{"floor":37,"key":"Gambling Chip"},{"floor":38,"key":"Byrd Skull"},{"floor":43,"key":"Bag of Preparation"},{"floor":47,"key":"Omamori"},{"floor":47,"key":"Bottled Tornado"}],"event_choices":[{"damage_healed":0,"gold_gain":0,"player_choice":"Donut","damage_taken":0,"max_hp_gain":5,"max_hp_loss":0,"event_name":"Big Fish","floor":3,"gold_loss":0},{"cards_removed":["Strike_G"],"damage_healed":0,"gold_gain":0,"player_choice":"Card Removal","damage_taken":0,"max_hp_gain":0,"max_hp_loss":0,"event_name":"The Cleric","floor":4,"gold_loss":50},{"damage_healed":0,"gold_gain":0,"player_choice":"Fight","damage_taken":0,"max_hp_gain":0,"max_hp_loss":0,"event_name":"MindBloom","floor":37,"gold_loss":0},{"damage_healed":0,"gold_gain":0,"player_choice":"Memory 1","damage_taken":0,"max_hp_gain":0,"max_hp_loss":0,"event_name":"SensoryStone","floor":39,"gold_loss":0},{"damage_healed":70,"gold_gain":0,"player_choice":"Heal","damage_taken":0,"max_hp_gain":0,"max_hp_loss":10,"event_name":"The Moai Head","floor":41,"gold_loss":0},{"damage_healed":0,"gold_gain":0,"player_choice":"Max HP","damage_taken":0,"max_hp_gain":0,"max_hp_loss":4,"event_name":"Winding Halls","floor":46,"gold_loss":0}],"is_beta":false,"boss_relics":[{"not_picked":["hubris:Stopwatch","Runic Dome"],"picked":"Abe\u0027s Treasure"},{"not_picked":["Painkiller Herb","Ring of the Serpent"],"picked":"Black Star"}],"items_purged_floors":[5,19,29],"is_endless":false,"potions_floor_spawned":[2,11,12,14,22,33,38,42],"killed_by":"Time Eater","ascension_level":7}}