{"host":"3popq6h3e9zwx3f8","time":1614311609,"event":{"mods":["BaseMod","Downfall","Googly Eyes","Hermit","Minty Spire (QoL Compilation)","StSLib","The IronCluck"],"gold_per_floor":[99,112,130,145,145,161,216,116,26,100,100,119,19,37,48,146,146,146,161,161,46,46,58,58,87,72,72,91,104,104,177,194,290,290,190,243,293,353,412,412,439,439,506,521,521,531,268,268,281,281,281,308,19,19,19,19],"floor_reached":57,"language":"ENG","playtime":5833,"items_purged":["Doubt","Pain"],"score":1318,"play_id":"54b674f2-378b-46d1-af56-f78da690f747","local_time":"20210225195329","is_ascension_mode":false,"campfire_choices":[{"floor":1,"key":"RECALL"},{"floor":8,"key":"REST"},{"data":"Guardian:ConstructionForm","floor":13,"key":"SMITH"},{"data":"Guardian:AncientConstruct","floor":18,"key":"SMITH"},{"data":"Guardian:FloatingOrbs","floor":27,"key":"SMITH"},{"data":"Guardian:StasisField","floor":35,"key":"SMITH"},{"data":"Guardian:BronzeArmor","floor":40,"key":"SMITH"},{"data":"Guardian:PrismaticBarrier","floor":42,"key":"SMITH"},{"data":"Guardian:ArmoredProtocol","floor":45,"key":"SMITH"},{"data":"expansioncontent:QuickStudy","floor":54,"key":"SMITH"}],"circlet_count":0,"master_deck":["Guardian:Defend_Guardian","Guardian:Defend_Guardian","Guardian:Defend_Guardian","Guardian:CurlUp","Guardian:TwinSlam+1","Guardian:PrimingBeam","Guardian:RollAttack+1","Guardian:ConstructionForm+1","Guardian:Recover","Guardian:FloatingOrbs+1","Guardian:AncientConstruct+1","Guardian:BronzeArmor+1","Guardian:VentSteam","Slimebound:Tackle+1","Slimebound:Tackle+1","Slimebound:Tackle+1","Guardian:BronzeOrb+1","Guardian:PrismaticBarrier+1","Guardian:SpikerProtocol+1","Guardian:PrismaticBeam+1","Guardian:ArmoredProtocol+1","Guardian:StasisField+1","Guardian:PiercingHide+1","Guardian:GuardianWhirl+1","Guardian:TemporalStrike+1","Guardian:BronzeOrb","Guardian:SentryBeam","Guardian:HyperBeam_Guardian","expansioncontent:AwakenDeath","expansioncontent:PrepareCrush","expansioncontent:Hexaburn","expansioncontent:QuickStudy+1"],"relics":["Guardian:ModeShifterPlus","Unceasing Top","downfall:HeartBlessingRed","Eternal Feather","downfall:HeartBlessingBlue","Orichalcum","PreservedInsect","Anchor","downfall:KnowingSkull","Pocketwatch","Philosopher\u0027s Stone","downfall:HeartBlessingGreen","Nunchaku","Whetstone","Mango","Bronze Scales","Membership Card"],"acts_visited":["Exordium","TheCity","TheBeyond","TheEnding"],"potions_floor_usage":[12,50,50,55,56,56,56],"damage_taken":[{"damage":6,"enemies":"Jaw Worm","floor":2,"turns":4},{"damage":1,"enemies":"Cultist","floor":3,"turns":3},{"damage":0,"enemies":"Small Slimes","floor":4,"turns":3},{"damage":7,"enemies":"Blue Slaver","floor":6,"turns":3},{"damage":0,"enemies":"downfall:FleeingMerchant","floor":9,"turns":4},{"damage":2,"enemies":"Gremlin Gang","floor":12,"turns":3},{"damage":0,"enemies":"Exordium Wildlife","floor":14,"turns":5},{"damage":8,"enemies":"3 Louse","floor":15,"turns":2},{"damage":4,"enemies":"WA_ARCHETYPE_RETAIN","floor":16,"turns":6},{"damage":0,"enemies":"Spheric Guardian","floor":19,"turns":4},{"damage":1,"enemies":"downfall:FleeingMerchant","floor":21,"turns":4},{"damage":9,"enemies":"Chosen","floor":23,"turns":4},{"damage":7,"enemies":"Book of Stabbing","floor":25,"turns":5},{"damage":0,"enemies":"downfall:FleeingMerchant","floor":26,"turns":4},{"damage":0,"enemies":"3 Cultists","floor":28,"turns":4},{"damage":0,"enemies":"Snecko","floor":29,"turns":3},{"damage":3,"enemies":"Gremlin Leader","floor":31,"turns":5},{"damage":1,"enemies":"Snake Plant","floor":32,"turns":4},{"damage":9,"enemies":"SI_MIRROR_ARCHETYPE","floor":33,"turns":8},{"damage":3,"enemies":"3 Shapes","floor":36,"turns":3},{"damage":3,"enemies":"Orb Walker","floor":37,"turns":3},{"damage":3,"enemies":"Transient","floor":38,"turns":5},{"damage":3,"enemies":"4 Shapes","floor":39,"turns":5},{"damage":3,"enemies":"Giant Head","floor":43,"turns":8},{"damage":1,"enemies":"Jaw Worm Horde","floor":44,"turns":3},{"damage":5,"enemies":"Sphere and 2 Shapes","floor":46,"turns":3},{"damage":1,"enemies":"downfall:FleeingMerchant","floor":47,"turns":3},{"damage":1,"enemies":"Spire Growth","floor":49,"turns":6},{"damage":1,"enemies":"DF_ARCHETYPE_ORBS","floor":50,"turns":9},{"damage":5,"enemies":"downfall:CharBossMerchant","floor":52,"turns":8},{"damage":1,"enemies":"downfall:NeowBoss","floor":55,"turns":16},{"damage":37,"enemies":"downfall:NeowBossFinal","floor":56,"turns":13}],"seed_played":"-8544497405565907425","potions_obtained":[{"floor":4,"key":"Guardian:AcceleratePotion"},{"floor":6,"key":"Fire Potion"},{"floor":12,"key":"EssenceOfSteel"},{"floor":19,"key":"champ:CounterPotion"},{"floor":23,"key":"Block Potion"},{"floor":29,"key":"hexamod:SoulburnPotion"},{"floor":46,"key":"Fire Potion"}],"is_trial":false,"path_per_floor":["R","M","M","M","?","M","T","R","$","T","?","M","R","M","M","B",null,"R","M","?","$","?","M","T","E","$","R","M","M","?","E","M","B",null,"R","M","M","M","M","R","T","R","E","M","R","M","$","?","M","B",null,"E","$","R","B","B",null],"character_chosen":"GUARDIAN","items_purchased":["Guardian:Gem_Red","Mango","Guardian:Gem_Cyan","Guardian:SentryBeam","Guardian:HyperBeam_Guardian","Membership Card","Guardian:Gem_Green","expansioncontent:QuickStudy","DistilledChaos"],"campfire_rested":1,"item_purchase_floors":[47,47,47,47,47,53,53,53,53],"current_hp_per_floor":[56,50,49,49,49,42,42,66,66,66,66,64,80,80,72,68,90,90,90,90,89,89,80,80,73,73,82,82,82,74,71,70,61,90,90,87,84,81,78,90,90,90,87,86,90,85,98,88,87,86,104,99,99,104,103,66],"gold":19,"neow_bonus":"ONE_RARE_RELIC","is_daily":false,"chose_seed":false,"campfire_upgraded":8,"win_rate":0.0,"timestamp":1614311609,"path_taken":["R","M","M","M","?","M","T","R","$","?","?","M","R","?","M","BOSS","R","M","?","?","?","M","T","E","?","R","?","M","?","E","M","BOSS","R","M","?","M","M","R","T","R","E","M","R","M","$","?","M","BOSS","E","$","R","BOSS","BOSS"],"items_purchased_type":["Card","Relic","Card","Card","Card","Relic","Card","Card","Potion"],"build_version":"2020-12-22","purchased_purges":2,"victory":true,"max_hp_per_floor":[80,80,80,80,80,80,80,80,80,80,80,80,90,90,90,90,90,90,90,90,90,90,90,90,90,90,90,90,90,90,90,90,90,90,90,90,90,90,90,90,90,90,90,90,90,90,104,104,104,104,104,104,104,104,104,104],"card_choices":[{"not_picked":["Guardian:SpikerProtocol","Guardian:CrystalBeam"],"picked":"Guardian:PrimingBeam","floor":2},{"not_picked":["Guardian:Gem_Cyan","Guardian:Clone"],"picked":"Guardian:RollAttack","floor":3},{"not_picked":["Guardian:TimeCapacitor","Guardian:TemporalShield"],"picked":"Guardian:Gem_Lightblue","floor":4},{"not_picked":["Guardian:Recover","Guardian:CrystalBeam"],"picked":"Guardian:Gem_Purple","floor":6},{"not_picked":["Guardian:PrimingBeam","Guardian:DonusPower"],"picked":"Guardian:ConstructionForm","floor":9},{"not_picked":["Guardian:Gem_Lightblue","Guardian:TemporalShield"],"picked":"Guardian:Recover","floor":12},{"not_picked":["Guardian:Gem_Green","Guardian:ArmoredProtocol"],"picked":"Guardian:FloatingOrbs","floor":14},{"not_picked":["Guardian:Incinerate","Guardian:Reroute"],"picked":"Guardian:Gem_Purple","floor":15},{"not_picked":["Guardian:BaubleBeam","Guardian:Gem_Synthetic"],"picked":"Guardian:AncientConstruct","floor":16},{"not_picked":["Guardian:Gem_Green","Guardian:PiercingHide"],"picked":"Guardian:BronzeArmor","floor":19},{"not_picked":["Guardian:Gem_Fragmented","Guardian:MultiBeam"],"picked":"Guardian:VentSteam","floor":21},{"not_picked":["Guardian:Reroute","Guardian:ChargeCore"],"picked":"Guardian:Gem_Purple","floor":23},{"not_picked":["Guardian:Gem_Blue","Guardian:Recover"],"picked":"Guardian:BronzeOrb","floor":25},{"not_picked":["Guardian:Incinerate","Guardian:StasisField"],"picked":"Guardian:PrismaticBarrier","floor":26},{"not_picked":["Guardian:WalkerClaw","Guardian:BodySlam+1"],"picked":"Guardian:Gem_Crimson","floor":28},{"not_picked":["Guardian:Gem_Red","Guardian:CrystalBeam"],"picked":"Guardian:SpikerProtocol+1","floor":29},{"not_picked":["Guardian:RefractedBeam","Guardian:Gem_Crimson"],"picked":"Guardian:PrismaticBeam","floor":31},{"not_picked":["Guardian:DonusPower","Guardian:TemporalShield"],"picked":"Guardian:ArmoredProtocol","floor":32},{"not_picked":["Guardian:AncientConstruct","Guardian:TimeSifter"],"picked":"Guardian:StasisField","floor":33},{"not_picked":["Guardian:Gem_Cyan","Guardian:TimeCapacitor+1"],"picked":"Guardian:PiercingHide+1","floor":36},{"not_picked":["Guardian:PrismaticBeam+1","Guardian:ShieldCharger+1"],"picked":"Guardian:GuardianWhirl+1","floor":37},{"not_picked":["Guardian:VentSteam+1","Guardian:PolyBeam"],"picked":"Guardian:Gem_Fragmented","floor":38},{"not_picked":["Guardian:RollAttack","Guardian:ShieldCharger+1"],"picked":"Guardian:TemporalStrike+1","floor":39},{"not_picked":["Guardian:GuardianWhirl","Guardian:Planning+1","Guardian:AncientConstruct"],"picked":"SKIP","floor":43},{"not_picked":["Guardian:TemporalStrike","Guardian:BronzeArmor+1"],"picked":"Guardian:Gem_Fragmented","floor":44},{"not_picked":["Guardian:TemporalShield","Guardian:ChargeCore"],"picked":"Guardian:BronzeOrb","floor":46},{"not_picked":["Guardian:VentSteam","Guardian:RollAttack+1"],"picked":"Guardian:Gem_Fragmented","floor":47},{"not_picked":["expansioncontent:Chronoboost","expansioncontent:PrepareCrush"],"picked":"expansioncontent:AwakenDeath","floor":48},{"not_picked":["expansioncontent:LastStand","expansioncontent:HyperBeam"],"picked":"expansioncontent:PrepareCrush","floor":48},{"not_picked":["expansioncontent:AwakenDeath","expansioncontent:LastStand"],"picked":"expansioncontent:Hexaburn","floor":48},{"not_picked":["Guardian:PrismaticBeam+1","Guardian:Repulse"],"picked":"Guardian:Gem_Red","floor":49},{"not_picked":["Guardian:Planning+1","Guardian:ChargeCore+1"],"picked":"Guardian:Gem_Cyan","floor":52}],"player_experience":389708,"relics_obtained":[{"floor":10,"key":"Eternal Feather"},{"floor":24,"key":"PreservedInsect"},{"floor":25,"key":"Anchor"},{"floor":31,"key":"Pocketwatch"},{"floor":41,"key":"Nunchaku"},{"floor":43,"key":"Whetstone"},{"floor":52,"key":"Bronze Scales"}],"event_choices":[],"is_beta":false,"boss_relics":[{"not_picked":["Fusion Hammer","Tiny House"],"picked":"Guardian:ModeShifterPlus"},{"not_picked":["Snecko Eye","Empty Cage"],"picked":"Philosopher\u0027s Stone"}],"items_purged_floors":[9,21],"is_endless":false,"potions_floor_spawned":[4,6,12,19,23,29,31,36,43,46,49],"ascension_level":0}}