{"host":"dm5k5rdu7cxz3rox","time":1614331247,"event":{"mods":["AchievementEnabler","BaseMod","Colored Powertips","Highlight Path","Minty Spire (QoL Compilation)","Relic Stats"],"gold_per_floor":[116,136,43,53,70,103,119,139,139,139,139,164,164,180,180,278,278,293,126,137,37,37,37,66,66,121,121,31,61,74,86,86,189,189,203,203,248,248,91,91,122,122,148,148,148,160,160,178,178,178,178,178,2,28,28,28],"floor_reached":55,"language":"ENG","playtime":3881,"items_purged":["Strike_P","Strike_P"],"score":991,"play_id":"69bccf3d-cfec-4f0e-9163-ecb3daa9d80d","local_time":"20210226042047","is_ascension_mode":true,"campfire_choices":[{"data":"BowlingBash","floor":11.0,"key":"SMITH"},{"data":"Crescendo","floor":15.0,"key":"SMITH"},{"data":"BattleHymn","floor":23.0,"key":"SMITH"},{"data":"CutThroughFate","floor":25.0,"key":"SMITH"},{"data":"ThirdEye","floor":27.0,"key":"SMITH"},{"floor":32.0,"key":"REST"},{"data":"Eruption","floor":40.0,"key":"SMITH"},{"data":"Prostrate","floor":42,"key":"SMITH"},{"data":"Vigilance","floor":45,"key":"SMITH"},{"data":"ClearTheMind","floor":47,"key":"SMITH"},{"floor":49,"key":"RECALL"},{"floor":52,"key":"REST"}],"circlet_count":0,"master_deck":["Strike_P","Defend_P","Defend_P","Defend_P","Defend_P","Eruption+1","Vigilance+1","FollowUp","BattleHymn+1","Indignation","BowlingBash+1","CutThroughFate+1","EmptyFist","Crescendo+1","JustLucky+1","Protect","FlyingSleeves+1","SandsOfTime","ThirdEye+1","Evaluate","Prostrate+1","ClearTheMind+1","EmptyMind","SpiritShield","EmptyBody+1","Good Instincts","EmptyBody+1","Prostrate+1","FlurryOfBlows","TalkToTheHand","JustLucky"],"relics":["PureWater","Meat on the Bone","Matryoshka","Odd Mushroom","MealTicket","Calipers","Strawberry","Kunai","SlaversCollar","Pear","Centennial Puzzle","Ginger","Runic Pyramid","Lizard Tail","Anchor","Bronze Scales","Toy Ornithopter","Bag of Preparation"],"acts_visited":["Exordium","TheCity","TheBeyond","TheEnding"],"potions_floor_usage":[44,54,55,55],"damage_taken":[{"damage":5.0,"enemies":"2 Louse","floor":1.0,"turns":3.0},{"damage":0.0,"enemies":"Cultist","floor":2.0,"turns":2.0},{"damage":7.0,"enemies":"Jaw Worm","floor":4.0,"turns":2.0},{"damage":7.0,"enemies":"Looter","floor":5.0,"turns":3.0},{"damage":5.0,"enemies":"Lagavulin","floor":6.0,"turns":5.0},{"damage":3.0,"enemies":"Blue Slaver","floor":7.0,"turns":4.0},{"damage":33.0,"enemies":"The Mushroom Lair","floor":8.0,"turns":4.0},{"damage":2.0,"enemies":"3 Sentries","floor":12.0,"turns":4.0},{"damage":0.0,"enemies":"Exordium Wildlife","floor":14.0,"turns":2.0},{"damage":0.0,"enemies":"Slime Boss","floor":16.0,"turns":3.0},{"damage":14.0,"enemies":"Spheric Guardian","floor":18.0,"turns":4.0},{"damage":19.0,"enemies":"Shell Parasite","floor":20.0,"turns":6.0},{"damage":7.0,"enemies":"Book of Stabbing","floor":24.0,"turns":4.0},{"damage":6.0,"enemies":"Gremlin Leader","floor":29.0,"turns":5.0},{"damage":19.0,"enemies":"Cultist and Chosen","floor":30.0,"turns":5.0},{"damage":19.0,"enemies":"Snecko","floor":31.0,"turns":4.0},{"damage":67.0,"enemies":"Automaton","floor":33.0,"turns":10.0},{"damage":1.0,"enemies":"3 Darklings","floor":35.0,"turns":4.0},{"damage":38.0,"enemies":"2 Orb Walkers","floor":37.0,"turns":5.0},{"damage":26.0,"enemies":"Nemesis","floor":41.0,"turns":7.0},{"damage":0,"enemies":"Orb Walker","floor":44,"turns":1},{"damage":1,"enemies":"Sphere and 2 Shapes","floor":46,"turns":10},{"damage":31,"enemies":"Maw","floor":48,"turns":8},{"damage":67,"enemies":"Donu and Deca","floor":50,"turns":9},{"damage":58,"enemies":"Shield and Spear","floor":54,"turns":6},{"damage":56,"enemies":"The Heart","floor":55,"turns":8}],"seed_played":"7983492712767787863","potions_obtained":[{"floor":7.0,"key":"SkillPotion"},{"floor":12.0,"key":"LiquidMemories"},{"floor":14.0,"key":"FairyPotion"},{"floor":16.0,"key":"DuplicationPotion"},{"floor":18.0,"key":"Ancient Potion"},{"floor":24.0,"key":"Energy Potion"},{"floor":30.0,"key":"ColorlessPotion"},{"floor":35.0,"key":"SmokeBomb"},{"floor":37.0,"key":"Weak Potion"},{"floor":46,"key":"Strength Potion"}],"is_trial":false,"path_per_floor":["M","M","?","M","M","E","M","?","T","?","R","E","T","M","R","B",null,"M","$","M","$","?","R","E","R","T","R","?","E","M","M","R","B",null,"M","?","?","?","$","R","E","R","T","M","R","M","R","M","R","B",null,"R","$","E","B"],"character_chosen":"WATCHER","items_purchased":["SandsOfTime","ThirdEye","Anchor","FlurryOfBlows","TalkToTheHand","SpeedPotion"],"campfire_rested":2,"item_purchase_floors":[19,19,39,53,53,53],"current_hp_per_floor":[67,67,67,60,53,48,45,24,24,24,24,34,41,53,53,53,78,64,79,60,75,75,75,78,78,78,78,78,72,53,46,74,19,77,76,76,50,50,65,65,51,51,51,56,56,55,55,36,36,52,81,91,91,45,0,0],"gold":28,"neow_bonus":"TEN_PERCENT_HP_BONUS","is_daily":false,"chose_seed":false,"campfire_upgraded":9,"win_rate":0.0,"timestamp":1614331247,"path_taken":["M","M","?","M","M","E","?","?","T","?","R","E","?","?","R","BOSS","M","$","M","$","?","R","E","R","T","R","?","E","?","?","R","BOSS","M","?","?","?","?","R","E","R","T","M","R","M","R","M","R","BOSS","R","$","E","BOSS"],"items_purchased_type":["Card","Card","Relic","Card","Card","Potion"],"build_version":"2020-12-22","purchased_purges":2,"victory":false,"max_hp_per_floor":[79,79,79,79,79,79,79,79,79,79,79,79,86,86,86,86,86,86,86,86,86,86,86,96,96,96,96,96,96,96,96,96,96,96,96,96,96,91,91,91,91,91,91,91,91,91,91,91,91,91,91,91,91,91,91,91],"relic_stats":{"Centennial Puzzle":[36],"Lizard Tail":45,"counters":[26,128],"Bronze Scales":[168],"MealTicket":45,"Bag of Preparation":[2],"Kunai":[42],"Ginger":[8],"obtain_stats":[{"Calipers":12,"Pear":24,"Bag of Preparation":54,"Ginger":29,"Odd Mushroom":8,"SlaversCollar":17,"Centennial Puzzle":26,"Lizard Tail":37,"Anchor":39,"Matryoshka":6,"Strawberry":13,"Bronze Scales":41,"MealTicket":9,"Kunai":13,"PureWater":0,"Toy Ornithopter":43,"Meat on the Bone":3,"Runic Pyramid":34},{"Calipers":8,"Pear":13,"Bag of Preparation":25,"Ginger":14,"Odd Mushroom":7,"SlaversCollar":10,"Centennial Puzzle":13,"Lizard Tail":19,"Anchor":19,"Matryoshka":5,"Strawberry":8,"Bronze Scales":20,"MealTicket":7,"Kunai":8,"PureWater":0,"Toy Ornithopter":20,"Meat on the Bone":2,"Runic Pyramid":17},{"Calipers":27,"Pear":46,"Bag of Preparation":120,"Ginger":51,"Odd Mushroom":23,"SlaversCollar":32,"Centennial Puzzle":46,"Lizard Tail":79,"Anchor":79,"Matryoshka":15,"Strawberry":27,"Bronze Scales":86,"MealTicket":23,"Kunai":27,"PureWater":0,"Toy Ornithopter":86,"Meat on the Bone":5,"Runic Pyramid":70}],"Toy Ornithopter":15,"Meat on the Bone":120},"card_choices":[{"not_picked":["ThirdEye","PathToVictory"],"picked":"FollowUp","floor":1.0},{"not_picked":["Protect","Worship"],"picked":"BattleHymn","floor":2.0},{"not_picked":["Alpha","FlurryOfBlows"],"picked":"Indignation","floor":4.0},{"not_picked":["SashWhip","FlurryOfBlows"],"picked":"BowlingBash","floor":5.0},{"not_picked":["BowlingBash","Meditate"],"picked":"CutThroughFate","floor":6.0},{"not_picked":["Indignation","Halt"],"picked":"EmptyFist","floor":7.0},{"not_picked":["EmptyFist","WheelKick"],"picked":"Crescendo","floor":8.0},{"not_picked":["Study","Evaluate"],"picked":"JustLucky","floor":12.0},{"not_picked":["SashWhip","PathToVictory"],"picked":"Protect","floor":14.0},{"not_picked":["WindmillStrike","Halt"],"picked":"FlyingSleeves+1","floor":18.0},{"not_picked":["CrushJoints+1","JustLucky+1"],"picked":"Evaluate","floor":20.0},{"not_picked":["Worship","SignatureMove+1","CutThroughFate"],"picked":"SKIP","floor":24.0},{"not_picked":["ThirdEye","EmptyFist"],"picked":"Prostrate","floor":29.0},{"not_picked":["Evaluate+1","BowlingBash"],"picked":"ClearTheMind","floor":30.0},{"not_picked":["Crescendo","FlyingSleeves"],"picked":"EmptyMind","floor":31.0},{"not_picked":["Blasphemy","Wish"],"picked":"SpiritShield","floor":33.0},{"not_picked":["EmptyFist+1","ThirdEye"],"picked":"EmptyBody+1","floor":35.0},{"not_picked":["Panacea","Forethought"],"picked":"Good Instincts","floor":36.0},{"not_picked":["ForeignInfluence","FlyingSleeves+1"],"picked":"EmptyBody+1","floor":41.0},{"not_picked":["FlurryOfBlows","EmptyMind"],"picked":"Prostrate+1","floor":46},{"not_picked":["ConjureBlade","EmptyFist","Crescendo+1"],"picked":"SKIP","floor":48},{"not_picked":["CrushJoints+1","EmptyFist+1"],"picked":"JustLucky","floor":54}],"player_experience":358541,"relics_obtained":[{"floor":6.0,"key":"Matryoshka"},{"floor":8.0,"key":"Odd Mushroom"},{"floor":9.0,"key":"MealTicket"},{"floor":12.0,"key":"Calipers"},{"floor":13.0,"key":"Strawberry"},{"floor":13.0,"key":"Kunai"},{"floor":24.0,"key":"Pear"},{"floor":26.0,"key":"Centennial Puzzle"},{"floor":29.0,"key":"Ginger"},{"floor":37.0,"key":"Lizard Tail"},{"floor":41.0,"key":"Bronze Scales"},{"floor":43,"key":"Toy Ornithopter"},{"floor":54,"key":"Bag of Preparation"}],"event_choices":[{"damage_healed":0.0,"max_hp_gain":0.0,"max_hp_loss":0.0,"gold_gain":0.0,"event_name":"WeMeetAgain","player_choice":"Paid Gold","floor":3.0,"gold_loss":93.0,"damage_taken":0.0,"relics_obtained":["Meat on the Bone"]},{"damage_healed":0.0,"max_hp_gain":0.0,"max_hp_loss":0.0,"gold_gain":0.0,"event_name":"Mushrooms","player_choice":"Fought Mushrooms","floor":8.0,"gold_loss":0.0,"damage_taken":0.0},{"damage_healed":0.0,"max_hp_gain":0.0,"max_hp_loss":0.0,"gold_gain":0.0,"event_name":"Liars Game","player_choice":"Ignored","floor":10.0,"gold_loss":0.0,"damage_taken":0.0},{"cards_removed":["Strike_P"],"damage_healed":0.0,"max_hp_gain":0.0,"max_hp_loss":0.0,"gold_gain":0.0,"event_name":"Designer","player_choice":"Upgrade and Remove","floor":28.0,"gold_loss":90.0,"damage_taken":0.0,"cards_upgraded":["JustLucky"]},{"damage_healed":0.0,"max_hp_gain":0.0,"max_hp_loss":0.0,"gold_gain":0.0,"event_name":"SensoryStone","player_choice":"Memory 1","floor":36.0,"gold_loss":0.0,"damage_taken":0.0},{"damage_healed":0.0,"max_hp_gain":0.0,"max_hp_loss":0.0,"gold_gain":0.0,"event_name":"Mysterious Sphere","player_choice":"Fight","floor":37.0,"gold_loss":0.0,"damage_taken":0.0},{"damage_healed":0.0,"max_hp_gain":0.0,"max_hp_loss":5.0,"gold_gain":0.0,"event_name":"Winding Halls","player_choice":"Max HP","floor":38.0,"gold_loss":0.0,"damage_taken":0.0}],"is_beta":false,"boss_relics":[{"not_picked":["Tiny House","Cursed Key"],"picked":"SlaversCollar"},{"not_picked":["HolyWater","Coffee Dripper"],"picked":"Runic Pyramid"}],"items_purged_floors":[19,21],"is_endless":false,"potions_floor_spawned":[7,12,14,16,18,24,30,31,35,37,46],"killed_by":"The Heart","ascension_level":6}}