{"host":"ws4mzzemcqsz5e2k","time":1614351305,"event":{"mods":["Act Like it!","BaseMod","Bossed Relics","Colored Powertips","Minty Spire (QoL Compilation)","Quick Restart","Shop Mod","StSLib","【遗物Mod】简单游戏","篝火指南"],"gold_per_floor":[118,129,141,141,66,99,117,130,130,55,94,94,94,123,123,196,196,207,219,119,131,56,56,88,113,113,133,151,181,181,201,201,279,279,294,306,334,368,338,338,338],"floor_reached":40,"language":"ZHS","playtime":8489,"items_purged":["Strike_G","Defend_G"],"score":1338,"play_id":"e9b0580d-905b-45e9-8e3b-07d01428eb99","local_time":"20210226225505","daily_mods":["Heirloom","Uncertain Future"],"is_ascension_mode":true,"campfire_choices":[{"data":"Neutralize","floor":12.0,"key":"SMITH"},{"floor":15.0,"key":"REST"},{"data":"Blade Dance","floor":23.0,"key":"SMITH"},{"data":"Masterful Stab","floor":32,"key":"SMITH"}],"circlet_count":0,"master_deck":["AscendersBane","Strike_G","Strike_G","Strike_G","Defend_G","Defend_G","Survivor","Neutralize+1","Dodge and Roll","Masterful Stab+1","Venomology","Blade Dance+1","Backflip","Backflip"],"relics":["Ring of the Snake","EasyRelic","StoneCalendar","CeramicFish","Happy Flower","Torii","WristBlade","Turnip","Letter Opener","Eternal Feather","Tiny House"],"acts_visited":["Exordium","TheCity","TheBeyond"],"potions_floor_usage":[29,31,33,33,35,36,37,37,38,38,38,40],"damage_taken":[{"damage":0.0,"enemies":"Small Slimes","floor":1.0,"turns":3.0},{"damage":0.0,"enemies":"2 Louse","floor":2.0,"turns":3.0},{"damage":0.0,"enemies":"Cultist","floor":3.0,"turns":4.0},{"damage":0.0,"enemies":"Lagavulin","floor":6.0,"turns":7.0},{"damage":0.0,"enemies":"3 Louse","floor":7.0,"turns":3.0},{"damage":0.0,"enemies":"2 Fungi Beasts","floor":8.0,"turns":3.0},{"damage":27.0,"enemies":"Gremlin Nob","floor":11.0,"turns":4.0},{"damage":0.0,"enemies":"Blue Slaver","floor":14.0,"turns":3.0},{"damage":6.0,"enemies":"Hexaghost","floor":16.0,"turns":10.0},{"damage":1.0,"enemies":"Shell Parasite","floor":18.0,"turns":6.0},{"damage":1.0,"enemies":"Chosen","floor":19.0,"turns":4.0},{"damage":1.0,"enemies":"Centurion and Healer","floor":21.0,"turns":4.0},{"damage":0.0,"enemies":"Gremlin Leader","floor":24.0,"turns":3.0},{"damage":0.0,"enemies":"Sentry and Sphere","floor":25.0,"turns":3.0},{"damage":0.0,"enemies":"Chosen and Byrds","floor":27.0,"turns":4.0},{"damage":15.0,"enemies":"Snecko","floor":28.0,"turns":4.0},{"damage":0,"enemies":"Slavers","floor":29,"turns":3},{"damage":1,"enemies":"Sentry and Sphere","floor":31,"turns":4},{"damage":35,"enemies":"Automaton","floor":33,"turns":7},{"damage":1,"enemies":"Orb Walker","floor":35,"turns":3},{"damage":0,"enemies":"3 Darklings","floor":36,"turns":5},{"damage":12,"enemies":"Transient","floor":37,"turns":6},{"damage":17,"enemies":"Maw","floor":38,"turns":7},{"damage":1,"enemies":"Giant Head","floor":40,"turns":5}],"seed_played":"-2429051413409816785","potions_obtained":[{"floor":1.0,"key":"SkillPotion"},{"floor":2.0,"key":"Block Potion"},{"floor":6.0,"key":"SteroidPotion"},{"floor":11.0,"key":"Swift Potion"},{"floor":18.0,"key":"Block Potion"},{"floor":28.0,"key":"CultistPotion"},{"floor":33,"key":"CultistPotion"},{"floor":36,"key":"CunningPotion"},{"floor":37,"key":"Fruit Juice"},{"floor":39,"key":"Swift Potion"},{"floor":39,"key":"ColorlessPotion"}],"is_trial":true,"path_per_floor":["M","M","M","?","$","E","M","M","T","?","E","R","?","M","R","B",null,"M","M","$","M","?","R","E","M","T","M","M","E","?","M","R","B",null,"M","M","M","M","?","E"],"character_chosen":"THE_SILENT","items_purchased":[],"campfire_rested":1,"item_purchase_floors":[],"current_hp_per_floor":[59,59,59,33,33,33,33,33,33,33,6,6,6,6,25,19,54,53,52,52,51,51,51,51,51,51,51,36,36,36,35,41,6,51,50,50,38,26,26,25,25],"gold":338,"neow_bonus":"","is_daily":false,"chose_seed":false,"campfire_upgraded":3,"win_rate":0.0,"timestamp":1614351305,"path_taken":["M","M","M","?","$","E","M","M","T","?","E","R","?","M","R","BOSS","M","M","$","?","?","R","E","M","T","M","M","E","?","M","R","BOSS","M","M","M","M","?","E"],"items_purchased_type":[],"build_version":"2020-12-22","purchased_purges":2,"victory":false,"max_hp_per_floor":[66,66,66,66,66,66,66,66,66,66,66,66,66,66,66,66,66,66,66,66,66,66,66,66,66,66,66,66,66,66,66,66,66,66,66,66,66,71,71,71,71],"card_choices":[{"not_picked":["Backstab","Dodge and Roll","Cloak And Dagger"],"picked":"SKIP","floor":1.0},{"not_picked":["Backstab","Cloak And Dagger"],"picked":"Dodge and Roll","floor":1.0},{"not_picked":["Deflect","Cloak And Dagger","Acrobatics"],"picked":"SKIP","floor":2.0},{"not_picked":["Terror","Acrobatics"],"picked":"Masterful Stab","floor":3.0},{"not_picked":["Deadly Poison","Dagger Spray","Heel Hook"],"picked":"SKIP","floor":6.0},{"not_picked":["Prepared","Deflect","Masterful Stab"],"picked":"SKIP","floor":7.0},{"not_picked":["Backstab","Sucker Punch","Endless Agony"],"picked":"SKIP","floor":8.0},{"not_picked":["PiercingWail","Well Laid Plans"],"picked":"Venomology","floor":11.0},{"not_picked":["Accuracy","Catalyst"],"picked":"Blade Dance","floor":14.0},{"not_picked":["Flying Knee","Finisher","Skewer"],"picked":"SKIP","floor":18.0},{"not_picked":["Deflect+1","Calculated Gamble+1","Distraction+1"],"picked":"SKIP","floor":19.0},{"not_picked":["Escape Plan","Flying Knee","Deadly Poison+1"],"picked":"SKIP","floor":21.0},{"not_picked":["Quick Slash","Cloak And Dagger","Backstab"],"picked":"SKIP","floor":24.0},{"not_picked":["Distraction","Slice"],"picked":"Backflip","floor":25.0},{"not_picked":["Cloak And Dagger","PiercingWail+1","Finisher"],"picked":"SKIP","floor":27.0},{"not_picked":["Underhanded Strike","Acrobatics","Flechettes"],"picked":"SKIP","floor":28.0},{"not_picked":["Tools of the Trade","Bane","Prepared"],"picked":"SKIP","floor":29},{"not_picked":["Quick Slash","Leg Sweep+1","Bane"],"picked":"SKIP","floor":31},{"not_picked":["Setup+1","Slice","Flying Knee"],"picked":"SKIP","floor":35},{"not_picked":["Deadly Poison","Bane","Dagger Throw"],"picked":"SKIP","floor":36},{"not_picked":["Blade Dance","Outmaneuver+1"],"picked":"Backflip","floor":37},{"not_picked":["Storm of Steel","Poisoned Stab","Backflip"],"picked":"SKIP","floor":38}],"player_experience":1624104,"relics_obtained":[{"floor":6.0,"key":"Happy Flower"},{"floor":11.0,"key":"Torii"},{"floor":24.0,"key":"Turnip"},{"floor":26.0,"key":"Letter Opener"},{"floor":29,"key":"Eternal Feather"}],"event_choices":[{"damage_healed":0.0,"max_hp_gain":0.0,"max_hp_loss":0.0,"gold_gain":0.0,"event_name":"Scrap Ooze","player_choice":"Success","floor":4.0,"gold_loss":0.0,"damage_taken":26.0,"relics_obtained":["CeramicFish"]},{"cards_removed":["Defend_G"],"damage_healed":0.0,"max_hp_gain":0.0,"max_hp_loss":0.0,"gold_gain":0.0,"event_name":"The Cleric","player_choice":"Card Removal","floor":10.0,"gold_loss":75.0,"damage_taken":0.0},{"cards_removed":["Defend_G"],"damage_healed":0.0,"max_hp_gain":0.0,"max_hp_loss":0.0,"gold_gain":0.0,"event_name":"Purifier","player_choice":"Purged","floor":13.0,"gold_loss":0.0,"damage_taken":0.0},{"cards_removed":["Strike_G"],"damage_healed":0.0,"max_hp_gain":0.0,"max_hp_loss":0.0,"gold_gain":0.0,"event_name":"Beggar","player_choice":"Gave Gold","floor":22.0,"gold_loss":75.0,"damage_taken":0.0},{"damage_healed":0,"gold_gain":0,"player_choice":"Ignored","damage_taken":0,"max_hp_gain":0,"max_hp_loss":0,"event_name":"Vampires","floor":30,"gold_loss":0},{"damage_healed":0,"gold_gain":0,"player_choice":"Bought 2 Potions","damage_taken":0,"max_hp_gain":0,"max_hp_loss":0,"event_name":"The Woman in Blue","floor":39,"gold_loss":0}],"is_beta":false,"boss_relics":[{"not_picked":["Empty Cage","SacredBark"],"picked":"WristBlade"},{"not_picked":["Runic Dome","Fusion Hammer"],"picked":"Tiny House"}],"items_purged_floors":[5,20],"is_endless":true,"potions_floor_spawned":[1,2,6,11,14,18,27,28,29,33,36,37],"killed_by":"Giant Head","ascension_level":20}}