{"host":"gn4zoccfnie4id9c","time":1614376779,"event":{"mods":["AchievementEnabler","BaseMod","Colored Map","Downfall","Minty Spire (QoL Compilation)","Replay The Spire","StSLib"],"gold_per_floor":[99,112,112,112,124,144,224,242,242,242,259,277,177,188,204,204,204,204],"floor_reached":16,"language":"ENG","playtime":1607,"items_purged":[],"score":121,"play_id":"d38aaf64-9610-40f6-9750-ad07a2c031cf","local_time":"20210226165939","is_ascension_mode":false,"campfire_choices":[{"data":"Guardian:TwinSlam","floor":1,"key":"SMITH"},{"floor":13,"key":"REST"}],"circlet_count":0,"master_deck":["Guardian:Strike_Guardian","Guardian:Strike_Guardian","Guardian:Strike_Guardian","Guardian:Defend_Guardian","Guardian:Defend_Guardian","Guardian:Defend_Guardian","Guardian:Defend_Guardian","Guardian:CurlUp","Guardian:TwinSlam+1","Guardian:ChargeCore","Guardian:CrystalBeam","Guardian:Harden","Guardian:ArmoredProtocol","Guardian:PiercingHide","Guardian:StasisField","Guardian:FloatingOrbs","Guardian:Reroute"],"relics":["Guardian:ModeShifter","downfall:HeartBlessingBlue"],"acts_visited":["Exordium"],"potions_floor_usage":[15,16,16],"damage_taken":[{"damage":3,"enemies":"2 Louse","floor":2,"turns":3},{"damage":6,"enemies":"Jaw Worm","floor":5,"turns":3},{"damage":5,"enemies":"Cultist","floor":6,"turns":4},{"damage":7,"enemies":"Blue Slaver","floor":8,"turns":4},{"damage":7,"enemies":"3 Louse","floor":11,"turns":5},{"damage":5,"enemies":"downfall:LooterAlt","floor":12,"turns":5},{"damage":3,"enemies":"Blue Slaver","floor":14,"turns":5},{"damage":4,"enemies":"3 Louse","floor":15,"turns":3},{"damage":91,"enemies":"WA_ARCHETYPE_RETAIN","floor":16,"turns":18}],"seed_played":"7059391088015408688","potions_obtained":[{"floor":11,"key":"Guardian:DefensiveModePotion"},{"floor":12,"key":"SneckoOil"},{"floor":15,"key":"Elixir"}],"is_trial":false,"path_per_floor":["R","M","?","?","M","M","T","M","?","?","M","M","R","M","M","B"],"character_chosen":"GUARDIAN","items_purchased":[],"campfire_rested":1,"item_purchase_floors":[],"current_hp_per_floor":[88,85,79,79,73,68,68,61,61,61,54,49,88,85,81,0,0,0],"gold":204,"neow_bonus":"TEN_PERCENT_HP_BONUS","is_daily":false,"chose_seed":false,"campfire_upgraded":1,"win_rate":0.0,"timestamp":1614376779,"path_taken":["R","M","?","?","?","M","T","M","?","?","M","M","R","M","M","BOSS"],"items_purchased_type":[],"build_version":"2020-12-22","purchased_purges":0,"victory":false,"max_hp_per_floor":[88,88,88,88,88,88,88,88,88,88,88,88,98,98,98,98,98,98],"card_choices":[{"not_picked":["Guardian:Gem_Cyan","Guardian:Gem_Fragmented"],"picked":"Guardian:ChargeCore","floor":2},{"not_picked":["Guardian:ChargeCore","Guardian:PrismaticBarrier"],"picked":"Guardian:CrystalBeam","floor":5},{"not_picked":["Guardian:GuardianWhirl","Guardian:Repulse"],"picked":"Guardian:Harden","floor":6},{"not_picked":["Guardian:VentSteam","Guardian:PiercingHide"],"picked":"Guardian:ArmoredProtocol","floor":8},{"not_picked":["Guardian:Gem_Red","Guardian:VentSteam"],"picked":"Guardian:PiercingHide","floor":11},{"not_picked":["Guardian:Incinerate","Guardian:CrystalBeam"],"picked":"Guardian:StasisField","floor":12},{"not_picked":["Guardian:Gem_Crimson","Guardian:WalkerClaw"],"picked":"Guardian:FloatingOrbs","floor":14},{"not_picked":["Guardian:CrystalBeam","Guardian:VentSteam"],"picked":"Guardian:Reroute","floor":15}],"player_experience":146461,"relics_obtained":[],"event_choices":[{"cards_removed":["Guardian:Strike_Guardian"],"damage_healed":0,"gold_gain":0,"player_choice":"Offered Basic","damage_taken":0,"max_hp_gain":0,"max_hp_loss":0,"event_name":"Bonfire Elementals","floor":4,"gold_loss":0}],"is_beta":false,"boss_relics":[],"items_purged_floors":[],"is_endless":false,"potions_floor_spawned":[11,12,15],"killed_by":"WA_ARCHETYPE_RETAIN","ascension_level":0}}