{"host":"wogey4gsknv4ot2d","time":1614363050,"event":{"mods":["2.2 Compatiblity","AchievementEnabler","BaseMod","Bestiary","Better Match","Better Third Choice","Colored Map","Colored Powertips","Key Reminder","Minty Spire (QoL Compilation)","Permanent Neow","Rare Cards Sparkle","Relic Stats","StSLib"],"gold_per_floor":[117,117,50,69,69,102,102,119,119,154,61,79,95,111,111,213,213,223,223,233,332,332,332,365,379,459,459,477,507,526,542,542,646,646,660,660,65,82,97,132,132,162,162,182,229,247,261,271,271,271,271,271,1,36,36,36],"floor_reached":55,"language":"ENG","playtime":4173,"items_purged":["Scrape+1"],"score":881,"play_id":"79394818-dc48-44f6-955c-7d129cf3f979","local_time":"20210226121050","is_ascension_mode":true,"campfire_choices":[{"data":"Defragment","floor":7,"key":"SMITH"},{"floor":15,"key":"REST"},{"data":"Loop","floor":23,"key":"SMITH"},{"floor":27,"key":"RECALL"},{"floor":32,"key":"REST"},{"data":"Defragment","floor":41,"key":"SMITH"},{"data":"Streamline","floor":49,"key":"SMITH"},{"data":"Cold Snap","floor":52,"key":"SMITH"}],"circlet_count":0,"master_deck":["Zap","Dualcast","Streamline+1","Skim","Defragment+1","Glacier","Barrage","FTL","Creative AI","Cold Snap+1","Chill","Hello World","Coolheaded","Loop+1","Seek","Leap","Self Repair","Storm","Hello World","Conserve Battery+1","Rip and Tear+1","Glacier","Go for the Eyes+1","Conserve Battery","Go for the Eyes+1","Storm+1","FTL","Defragment+1","Coolheaded","Cold Snap+1","Loop+1","Force Field","Defragment+1"],"relics":["Black Star","HornCleat","Anchor","Matryoshka","Pen Nib","Bird Faced Urn","Pandora\u0027s Box","Smiling Mask","War Paint","Blood Vial","Boot","Singing Bowl","Astrolabe","Orichalcum","Omamori","Frozen Eye","CaptainsWheel","Art of War","Strawberry","Dream Catcher","Sundial","White Beast Statue","Toy Ornithopter","Happy Flower","Centennial Puzzle","Bag of Marbles"],"acts_visited":["Exordium","TheCity","TheBeyond","TheEnding"],"potions_floor_usage":[16,29,29,29,33,39,42,50,50,54,55],"damage_taken":[{"damage":8,"enemies":"2 Louse","floor":1,"turns":3},{"damage":3,"enemies":"Jaw Worm","floor":4,"turns":4},{"damage":27,"enemies":"Gremlin Nob","floor":6,"turns":5},{"damage":0,"enemies":"Cultist","floor":8,"turns":4},{"damage":10,"enemies":"Lagavulin","floor":10,"turns":8},{"damage":10,"enemies":"3 Louse","floor":12,"turns":5},{"damage":0,"enemies":"Looter","floor":13,"turns":3},{"damage":0,"enemies":"2 Fungi Beasts","floor":14,"turns":5},{"damage":10,"enemies":"Hexaghost","floor":16,"turns":15},{"damage":10,"enemies":"Shell Parasite","floor":18,"turns":5},{"damage":8,"enemies":"Chosen","floor":20,"turns":6},{"damage":29,"enemies":"Slavers","floor":24,"turns":9},{"damage":29,"enemies":"3 Cultists","floor":25,"turns":6},{"damage":35,"enemies":"Snake Plant","floor":28,"turns":5},{"damage":36,"enemies":"Gremlin Leader","floor":29,"turns":12},{"damage":6,"enemies":"Centurion and Healer","floor":30,"turns":8},{"damage":35,"enemies":"Chosen and Byrds","floor":31,"turns":8},{"damage":18,"enemies":"Collector","floor":33,"turns":13},{"damage":22,"enemies":"3 Darklings","floor":35,"turns":5},{"damage":10,"enemies":"Orb Walker","floor":38,"turns":6},{"damage":10,"enemies":"Maw","floor":39,"turns":11},{"damage":18,"enemies":"Nemesis","floor":40,"turns":7},{"damage":46,"enemies":"Giant Head","floor":42,"turns":12},{"damage":0,"enemies":"3 Darklings","floor":44,"turns":4},{"damage":4,"enemies":"Sphere and 2 Shapes","floor":46,"turns":6},{"damage":18,"enemies":"Maw","floor":47,"turns":7},{"damage":7,"enemies":"Writhing Mass","floor":48,"turns":10},{"damage":65,"enemies":"Donu and Deca","floor":50,"turns":14},{"damage":106,"enemies":"Shield and Spear","floor":54,"turns":8},{"damage":42,"enemies":"The Heart","floor":55,"turns":5}],"seed_played":"-2795370567764450724","potions_obtained":[{"floor":4,"key":"Energy Potion"},{"floor":6,"key":"Energy Potion"},{"floor":10,"key":"Dexterity Potion"},{"floor":16,"key":"Regen Potion"},{"floor":30,"key":"Explosive Potion"},{"floor":33,"key":"EssenceOfSteel"},{"floor":35,"key":"Fire Potion"},{"floor":42,"key":"PowerPotion"},{"floor":44,"key":"Dexterity Potion"},{"floor":54,"key":"AttackPotion"}],"is_trial":false,"path_per_floor":["M","?","$","M","?","E","R","M","T","E","$","M","M","M","R","B",null,"M","?","M","?","?","R","E","M","T","R","M","E","M","M","R","B",null,"M","?","$","M","M","E","R","E","T","M","T","M","M","M","R","B",null,"R","$","E","B"],"character_chosen":"DEFECT","items_purchased":["Defragment","Cold Snap","Chill","Orichalcum","FTL","DistilledChaos","Omamori","Frozen Eye","Happy Flower","Force Field"],"campfire_rested":2,"item_purchase_floors":[3,11,11,37,37,37,37,37,53,53],"current_hp_per_floor":[67,67,67,64,69,42,42,42,42,32,32,34,36,44,68,76,80,77,74,79,79,79,79,64,54,54,54,38,38,48,32,56,75,84,81,81,81,88,90,90,90,59,59,75,75,87,92,101,101,47,101,101,101,25,0,0],"gold":36,"neow_bonus":"BOSS_RELIC","is_daily":false,"chose_seed":false,"campfire_upgraded":5,"win_rate":0.0,"timestamp":1614363050,"path_taken":["M","?","$","M","?","E","R","M","T","E","?","M","M","M","R","BOSS","M","?","?","?","?","R","E","M","T","R","M","E","M","M","R","BOSS","M","?","$","?","M","E","R","E","T","M","?","M","M","M","R","BOSS","R","$","E","BOSS"],"items_purchased_type":["Card","Card","Card","Relic","Card","Potion","Relic","Relic","Relic","Card"],"build_version":"2020-12-22","purchased_purges":1,"victory":false,"max_hp_per_floor":[75,75,75,75,80,80,80,80,80,80,80,80,80,80,80,80,80,80,80,80,80,80,80,80,80,80,80,80,80,82,82,82,84,84,86,86,86,88,90,90,90,97,97,97,97,97,99,101,101,101,101,101,101,101,101,101],"relic_stats":{"Singing Bowl":14,"Happy Flower":[4],"counters":[30,214],"Astrolabe":["Go for the Eyes","Scrape","Storm"],"Pen Nib":[30],"War Paint":["Recycle","Fission"],"Orichalcum":[42],"Smiling Mask":25,"Boot":[165],"Blood Vial":22,"Dream Catcher":0,"Centennial Puzzle":[3],"Sundial":[2],"Bird Faced Urn":[274],"Pandora\u0027s Box":["Recycle","Leap","Self Repair","Storm","Rebound","Hello World","Fission"],"Black Star":7,"Art of War":[10],"obtain_stats":[{"Singing Bowl":29,"Smiling Mask":24,"Boot":29,"Blood Vial":26,"Frozen Eye":37,"Dream Catcher":42,"Centennial Puzzle":54,"HornCleat":6,"Matryoshka":9,"Sundial":43,"Strawberry":42,"Cracked Core":0,"Happy Flower":53,"Astrolabe":34,"Pen Nib":10,"Omamori":37,"War Paint":24,"Orichalcum":37,"White Beast Statue":43,"keyreminder:keyreminder":26,"Anchor":6,"CaptainsWheel":40,"Bird Faced Urn":10,"Pandora\u0027s Box":17,"Black Star":0,"Art of War":40,"Bag of Marbles":54,"Toy Ornithopter":45},{"Singing Bowl":15,"Smiling Mask":12,"Boot":15,"Blood Vial":13,"Frozen Eye":19,"Dream Catcher":23,"Centennial Puzzle":29,"HornCleat":3,"Matryoshka":4,"Sundial":23,"Strawberry":23,"Cracked Core":0,"Happy Flower":28,"Astrolabe":18,"Pen Nib":5,"Omamori":19,"War Paint":12,"Orichalcum":19,"White Beast Statue":23,"keyreminder:keyreminder":13,"Anchor":3,"CaptainsWheel":22,"Bird Faced Urn":5,"Pandora\u0027s Box":9,"Black Star":0,"Art of War":22,"Bag of Marbles":29,"Toy Ornithopter":24},{"Singing Bowl":93,"Smiling Mask":70,"Boot":93,"Blood Vial":76,"Frozen Eye":126,"Dream Catcher":162,"Centennial Puzzle":209,"HornCleat":12,"Matryoshka":16,"Sundial":162,"Strawberry":162,"Cracked Core":0,"Happy Flower":201,"Astrolabe":121,"Pen Nib":24,"Omamori":126,"War Paint":70,"Orichalcum":126,"White Beast Statue":162,"keyreminder:keyreminder":76,"Anchor":12,"CaptainsWheel":150,"Bird Faced Urn":24,"Pandora\u0027s Box":51,"Black Star":0,"Art of War":150,"Bag of Marbles":209,"Toy Ornithopter":166}],"Toy Ornithopter":15},"card_choices":[{"not_picked":["Beam Cell","Rebound"],"picked":"Streamline","floor":1},{"not_picked":["Conserve Battery","Beam Cell"],"picked":"Glacier","floor":4},{"not_picked":["Stack","Undo"],"picked":"Barrage","floor":6},{"not_picked":["Reinforced Body","Darkness"],"picked":"FTL","floor":8},{"not_picked":["Darkness","Steam"],"picked":"Creative AI","floor":10},{"not_picked":["Hologram","Sweeping Beam"],"picked":"Hello World","floor":12},{"not_picked":["Gash","Heatsinks"],"picked":"Coolheaded","floor":13},{"not_picked":["Rebound","Ball Lightning"],"picked":"Loop","floor":14},{"not_picked":["Hyperbeam","Core Surge"],"picked":"Seek","floor":16},{"not_picked":["Fusion","Lockon"],"picked":"Conserve Battery+1","floor":18},{"not_picked":["Hologram","Gash","Redo"],"picked":"SKIP","floor":20},{"not_picked":["Go for the Eyes+1","Beam Cell"],"picked":"Rip and Tear","floor":24},{"not_picked":["Leap","BootSequence"],"picked":"Glacier","floor":25},{"not_picked":["Undo","Ball Lightning","Steam"],"picked":"SKIP","floor":28},{"not_picked":["Seek","Chaos+1"],"picked":"Go for the Eyes+1","floor":29},{"not_picked":["Hologram","Rebound","Ball Lightning"],"picked":"Singing Bowl","floor":30},{"not_picked":["Ball Lightning","Melter"],"picked":"Conserve Battery","floor":31},{"not_picked":["Creative AI","Fission","Multi-Cast"],"picked":"Singing Bowl","floor":33},{"not_picked":["Beam Cell+1","Stack","Double Energy"],"picked":"Singing Bowl","floor":35},{"not_picked":["Sweeping Beam+1","Chill+1","Rebound"],"picked":"Singing Bowl","floor":38},{"not_picked":["Go for the Eyes","Beam Cell","Gash"],"picked":"Singing Bowl","floor":39},{"not_picked":["Compile Driver","Rainbow"],"picked":"Defragment","floor":40},{"not_picked":["Barrage","Sweeping Beam+1"],"picked":"Coolheaded","floor":42},{"not_picked":["BootSequence","Auto Shields+1"],"picked":"Cold Snap+1","floor":44},{"not_picked":["Go for the Eyes+1","Barrage+1"],"picked":"Loop+1","floor":46},{"not_picked":["Blizzard+1","Go for the Eyes","Conserve Battery"],"picked":"Singing Bowl","floor":47},{"not_picked":["Leap","Hologram+1","Reinforced Body+1"],"picked":"Singing Bowl","floor":48},{"not_picked":["Self Repair+1","Redo+1"],"picked":"Defragment+1","floor":54}],"player_experience":100915,"relics_obtained":[{"floor":6,"key":"HornCleat"},{"floor":6,"key":"Anchor"},{"floor":9,"key":"Matryoshka"},{"floor":10,"key":"Pen Nib"},{"floor":10,"key":"Bird Faced Urn"},{"floor":24,"key":"Smiling Mask"},{"floor":24,"key":"War Paint"},{"floor":26,"key":"Blood Vial"},{"floor":29,"key":"Boot"},{"floor":29,"key":"Singing Bowl"},{"floor":40,"key":"CaptainsWheel"},{"floor":40,"key":"Art of War"},{"floor":42,"key":"Strawberry"},{"floor":42,"key":"Dream Catcher"},{"floor":43,"key":"Sundial"},{"floor":43,"key":"White Beast Statue"},{"floor":45,"key":"Toy Ornithopter"},{"floor":54,"key":"Centennial Puzzle"},{"floor":54,"key":"Bag of Marbles"}],"event_choices":[{"damage_healed":0,"gold_gain":0,"cards_transformed":["Strike_B"],"player_choice":"Change","damage_taken":0,"max_hp_gain":0,"max_hp_loss":0,"event_name":"Living Wall","floor":2,"gold_loss":0,"cards_obtained":["Skim"]},{"damage_healed":0,"gold_gain":0,"player_choice":"Donut","damage_taken":0,"max_hp_gain":5,"max_hp_loss":0,"event_name":"Big Fish","floor":5,"gold_loss":0},{"damage_healed":0,"gold_gain":0,"player_choice":"Punched","damage_taken":3,"max_hp_gain":0,"max_hp_loss":0,"event_name":"Designer","floor":19,"gold_loss":0},{"damage_healed":0,"gold_gain":99,"player_choice":"Steal","damage_taken":0,"max_hp_gain":0,"max_hp_loss":0,"event_name":"betterThird:BetterNest","floor":21,"gold_loss":0},{"damage_healed":0,"gold_gain":0,"player_choice":"Ignored","damage_taken":0,"max_hp_gain":0,"max_hp_loss":0,"event_name":"Ghosts","floor":22,"gold_loss":0},{"damage_healed":0,"gold_gain":0,"player_choice":"Upgraded","damage_taken":0,"max_hp_gain":0,"max_hp_loss":0,"event_name":"Upgrade Shrine","floor":36,"gold_loss":0,"cards_upgraded":["Rip and Tear"]}],"is_beta":false,"boss_relics":[{"not_picked":["Ectoplasm","Philosopher\u0027s Stone"],"picked":"Pandora\u0027s Box"},{"not_picked":["Nuclear Battery","SlaversCollar"],"picked":"Astrolabe"}],"items_purged_floors":[53],"is_endless":false,"potions_floor_spawned":[4,6,10,13,16,18,28,30,33,35,42,44,46,47,48,54],"killed_by":"The Heart","ascension_level":2}}