{"host":"50per11302020","time":1614323005,"event":{"mods":["AchievementEnabler","BaseMod","Colored Map","Minty Spire (QoL Compilation)","Relic Stats","StSLib"],"gold_per_floor":[112,127,127,77,88,88,103,103,103,31,31,106,106,133,133,235,235,160,160,77,77,96,111,111,122,122,221,221,221,221,240,240,240,240],"floor_reached":33,"language":"ENG","playtime":1826,"items_purged":[],"score":279,"play_id":"023492fc-4565-4f91-bae8-dc52be28ad84","local_time":"20210225230325","is_ascension_mode":true,"campfire_choices":[{"data":"True Grit","floor":6,"key":"SMITH"},{"data":"Bash","floor":11,"key":"SMITH"},{"floor":13,"key":"REST"},{"data":"Armaments","floor":15,"key":"SMITH"},{"floor":24,"key":"REST"},{"data":"Dual Wield","floor":30,"key":"SMITH"},{"floor":32,"key":"REST"}],"circlet_count":0,"master_deck":["Strike_R+1","Strike_R+1","Strike_R+1","Strike_R+1","Defend_R+1","Defend_R+1","Defend_R+1","Defend_R+1","Bash+1","True Grit+1","Barricade+1","Ghostly Armor","Armaments+1","Berserk","Blind","Blind","Shockwave+1","Dual Wield+1","Feel No Pain"],"relics":["Sozu"],"acts_visited":["Exordium","TheCity"],"potions_floor_usage":[],"damage_taken":[{"damage":0,"enemies":"2 Louse","floor":1,"turns":2},{"damage":2,"enemies":"Small Slimes","floor":2,"turns":3},{"damage":1,"enemies":"Jaw Worm","floor":5,"turns":4},{"damage":4,"enemies":"2 Fungi Beasts","floor":7,"turns":3},{"damage":0,"enemies":"Lagavulin","floor":14,"turns":8},{"damage":26,"enemies":"Hexaghost","floor":16,"turns":13},{"damage":6,"enemies":"2 Thieves","floor":18,"turns":5},{"damage":20,"enemies":"Chosen","floor":22,"turns":7},{"damage":0,"enemies":"Snecko","floor":23,"turns":7},{"damage":19,"enemies":"Shelled Parasite and Fungi","floor":25,"turns":13},{"damage":8,"enemies":"Snake Plant","floor":31,"turns":6},{"damage":74,"enemies":"Collector","floor":33,"turns":29}],"seed_played":"6221624158896204475","potions_obtained":[],"is_trial":false,"path_per_floor":["M","M","$","?","M","R","M","?","T","$","R","?","R","E","R","B",null,"M","?","$","?","M","M","R","M","T","?","?","T","R","M","R","B"],"character_chosen":"IRONCLAD","items_purchased":["Ghostly Armor","Blind"],"campfire_rested":3,"item_purchase_floors":[10,20],"current_hp_per_floor":[80,78,78,78,77,77,73,57,57,57,57,46,70,70,70,44,80,74,65,65,65,45,45,69,50,50,50,50,50,50,42,66,0,0],"gold":240,"neow_bonus":"BOSS_RELIC","is_daily":false,"chose_seed":false,"campfire_upgraded":4,"win_rate":0.0,"timestamp":1614323005,"path_taken":["M","M","$","?","M","R","M","?","T","$","R","?","R","E","R","BOSS","M","?","$","?","M","M","R","?","T","?","?","?","R","M","R","BOSS"],"items_purchased_type":["Card","Card"],"build_version":"2020-12-18","purchased_purges":0,"victory":false,"max_hp_per_floor":[80,80,80,80,80,80,80,80,80,80,80,80,80,80,80,80,80,80,80,80,80,80,80,80,80,80,80,80,80,80,80,80,80,80],"relic_stats":{"Sozu":5,"counters":[12,100],"obtain_stats":[{"Sozu":0,"Burning Blood":0},{"Sozu":0,"Burning Blood":0},{"Sozu":0,"Burning Blood":0}]},"card_choices":[{"not_picked":["Rupture","Sword Boomerang","Headbutt"],"picked":"SKIP","floor":1},{"not_picked":["Seeing Red","Anger"],"picked":"True Grit","floor":2},{"not_picked":["Blood for Blood","True Grit","Warcry"],"picked":"SKIP","floor":5},{"not_picked":["Searing Blow","Inflame"],"picked":"Barricade","floor":7},{"not_picked":["Bloodletting","Disarm"],"picked":"Armaments","floor":14},{"not_picked":["Bludgeon","Fiend Fire"],"picked":"Berserk","floor":16},{"not_picked":["Rage+1","Headbutt","Cleave"],"picked":"SKIP","floor":18},{"not_picked":["Armaments","Metallicize"],"picked":"Shockwave+1","floor":22},{"not_picked":["Wild Strike","Rupture"],"picked":"Dual Wield","floor":23},{"not_picked":["Clothesline","Warcry","Armaments"],"picked":"SKIP","floor":25},{"not_picked":["Havoc","Hemokinesis"],"picked":"Feel No Pain","floor":31}],"player_experience":464961,"relics_obtained":[],"event_choices":[{"cards_removed":["Strike_R"],"damage_healed":0,"gold_gain":0,"player_choice":"Card Removal","damage_taken":0,"max_hp_gain":0,"max_hp_loss":0,"event_name":"The Cleric","floor":4,"gold_loss":50},{"damage_healed":0,"gold_gain":0,"player_choice":"Entered Light","damage_taken":16,"max_hp_gain":0,"max_hp_loss":0,"event_name":"Shining Light","floor":8,"gold_loss":0,"cards_upgraded":["Barricade","Strike_R"]},{"damage_healed":0,"gold_gain":75,"player_choice":"Gather Gold","damage_taken":11,"max_hp_gain":0,"max_hp_loss":0,"event_name":"World of Goop","floor":12,"gold_loss":0},{"damage_healed":0,"gold_gain":0,"player_choice":"Stopped","damage_taken":9,"max_hp_gain":0,"max_hp_loss":0,"event_name":"Cursed Tome","floor":19,"gold_loss":0},{"damage_healed":0,"gold_gain":0,"player_choice":"Copied","damage_taken":0,"max_hp_gain":0,"max_hp_loss":0,"event_name":"Duplicator","floor":21,"gold_loss":0,"cards_obtained":["Blind"]},{"damage_healed":0,"gold_gain":99,"player_choice":"Stole From Cult","damage_taken":0,"max_hp_gain":0,"max_hp_loss":0,"event_name":"Nest","floor":27,"gold_loss":0},{"damage_healed":0,"gold_gain":0,"player_choice":"Simplicity","damage_taken":0,"max_hp_gain":0,"max_hp_loss":0,"event_name":"Back to Basics","floor":28,"gold_loss":0,"cards_upgraded":["Strike_R","Strike_R","Strike_R","Defend_R","Defend_R","Defend_R","Defend_R"]}],"is_beta":true,"boss_relics":[{"not_picked":["Philosopher\u0027s Stone","Pandora\u0027s Box","Runic Dome"]}],"items_purged_floors":[],"is_endless":false,"potions_floor_spawned":[1,5,7,14,22,23],"killed_by":"Collector","ascension_level":1}}