{"host":"IMPacifista","time":1614354020,"event":{"mods":["BaseMod","Minty Spire (QoL Compilation)"],"gold_per_floor":[116,132,97,97,114,144,155,155,155],"floor_reached":8,"language":"ENG","playtime":327,"items_purged":[],"score":87,"play_id":"4b463fdd-d98d-4db8-aeb5-d4e384c713a7","local_time":"20210226074020","is_ascension_mode":true,"campfire_choices":[],"circlet_count":0,"master_deck":["AscendersBane","Strike_R","Strike_R","Strike_R+1","Strike_R","Strike_R","Defend_R","Defend_R","Defend_R","Defend_R","Bash+1","Cleave","Clothesline","Sword Boomerang","Rampage","Dropkick"],"relics":["Burning Blood","Whetstone","Boot"],"acts_visited":["Exordium"],"potions_floor_usage":[8],"damage_taken":[{"damage":7,"enemies":"Jaw Worm","floor":1,"turns":3},{"damage":12,"enemies":"Small Slimes","floor":2,"turns":3},{"damage":0,"enemies":"Cultist","floor":5,"turns":3},{"damage":45,"enemies":"Lagavulin","floor":6,"turns":6},{"damage":16,"enemies":"Blue Slaver","floor":7,"turns":3},{"damage":40,"enemies":"3 Sentries","floor":8,"turns":5}],"seed_played":"-8006821866526917818","potions_obtained":[{"floor":2,"key":"Energy Potion"},{"floor":6,"key":"PowerPotion"}],"is_trial":false,"path_per_floor":["M","M","?","?","M","E","M","E"],"character_chosen":"IRONCLAD","items_purchased":[],"campfire_rested":0,"item_purchase_floors":[],"current_hp_per_floor":[71,65,80,80,80,41,31,0,0],"gold":155,"neow_bonus":"RANDOM_COMMON_RELIC","is_daily":false,"chose_seed":false,"campfire_upgraded":0,"win_rate":0.0,"timestamp":1614354020,"path_taken":["M","M","?","?","M","E","M","E"],"items_purchased_type":[],"build_version":"2020-12-18","purchased_purges":0,"victory":false,"max_hp_per_floor":[80,80,80,80,80,80,80,80,80],"card_choices":[{"not_picked":["Bloodletting","True Grit"],"picked":"Cleave","floor":1},{"not_picked":["Sword Boomerang","Second Wind"],"picked":"Clothesline","floor":2},{"not_picked":["Sentinel","Armaments"],"picked":"Sword Boomerang","floor":5},{"not_picked":["Perfected Strike","Brutality"],"picked":"Rampage","floor":6},{"not_picked":["Warcry","Havoc"],"picked":"Dropkick","floor":7}],"player_experience":356660,"relics_obtained":[{"floor":6,"key":"Boot"}],"event_choices":[{"damage_healed":20,"gold_gain":0,"player_choice":"Healed","damage_taken":0,"max_hp_gain":0,"max_hp_loss":0,"event_name":"The Cleric","floor":3,"gold_loss":35},{"damage_healed":0,"gold_gain":0,"player_choice":"Full Heal","damage_taken":0,"max_hp_gain":0,"max_hp_loss":0,"event_name":"Wheel of Change","floor":4,"gold_loss":0}],"is_beta":true,"boss_relics":[],"items_purged_floors":[],"is_endless":false,"potions_floor_spawned":[2,6],"killed_by":"3 Sentries","ascension_level":10}}