{"host":"p9fmk1zxjhqthrxg","time":1614306978,"event":{"mods":["BaseMod","Bestiary","Colored Map","Colored Powertips","Highlight Path","Minty Spire (QoL Compilation)","Random Character Button","Rare Cards Sparkle","StSLib"],"gold_per_floor":[164,264,277,292,305,305,5,5,5,24,58,70,70,370,370,466,466,480,493,503,20,20,20],"floor_reached":22,"language":"ENG","playtime":1181,"items_purged":[],"score":188,"play_id":"46cc37e7-4a12-4e53-864c-2ae2bc5200fd","local_time":"20210225203618","is_ascension_mode":false,"campfire_choices":[{"data":"Crippling Poison","floor":6,"key":"SMITH"},{"data":"Phantasmal Killer","floor":13,"key":"SMITH"},{"floor":15,"key":"REST"}],"circlet_count":0,"master_deck":["Strike_G","Strike_G","Strike_G","Strike_G","Defend_G","Defend_G","Defend_G","Defend_G+1","Defend_G","Survivor","Neutralize","Dagger Spray","Flechettes","Crippling Poison+1","Outmaneuver","Deflect","Phantasmal Killer+1","Blur","Backstab","Regret","Unload","Blade Dance","Prepared","Flying Knee+1","Magnetism"],"relics":["Tiny House","StoneCalendar","HornCleat","Toy Ornithopter","Old Coin","Black Star","Dream Catcher","OrangePellets"],"acts_visited":["Exordium","TheCity"],"potions_floor_usage":[19,22,22],"damage_taken":[{"damage":3,"enemies":"Jaw Worm","floor":1,"turns":6},{"damage":1,"enemies":"Cultist","floor":3,"turns":4},{"damage":6,"enemies":"2 Louse","floor":4,"turns":2},{"damage":5,"enemies":"2 Fungi Beasts","floor":5,"turns":3},{"damage":1,"enemies":"Exordium Wildlife","floor":10,"turns":5},{"damage":9,"enemies":"Lagavulin","floor":11,"turns":7},{"damage":1,"enemies":"Large Slime","floor":12,"turns":6},{"damage":34,"enemies":"Slime Boss","floor":16,"turns":8},{"damage":25,"enemies":"Spheric Guardian","floor":18,"turns":6},{"damage":10,"enemies":"2 Thieves","floor":19,"turns":4},{"damage":39,"enemies":"Chosen and Byrds","floor":20,"turns":7},{"damage":16,"enemies":"3 Cultists","floor":22,"turns":4}],"seed_played":"-7453802044875170758","potions_obtained":[{"floor":0,"key":"SteroidPotion"},{"floor":3,"key":"DistilledChaos"},{"floor":4,"key":"AttackPotion"},{"floor":19,"key":"Ancient Potion"}],"is_trial":false,"path_per_floor":["M","?","M","M","M","R","$","?","T","M","E","M","R","?","R","B",null,"M","M","M","$","M"],"character_chosen":"THE_SILENT","items_purchased":["StoneCalendar","Dream Catcher","OrangePellets","Magnetism"],"campfire_rested":1,"item_purchase_floors":[7,21,21,21],"current_hp_per_floor":[72,72,71,65,60,60,60,53,53,52,43,42,42,42,64,30,75,50,45,6,6,0,0],"gold":20,"neow_bonus":"BOSS_RELIC","is_daily":false,"chose_seed":false,"campfire_upgraded":2,"win_rate":0.0,"timestamp":1614306978,"path_taken":["M","?","M","?","M","R","?","?","T","M","E","M","R","?","R","BOSS","M","M","M","$","M"],"items_purchased_type":["Relic","Relic","Relic","Card"],"build_version":"2020-12-22","purchased_purges":0,"victory":false,"max_hp_per_floor":[75,75,75,75,75,75,75,75,75,75,75,75,75,75,75,75,75,75,75,75,75,75,75],"card_choices":[{"not_picked":["Quick Slash","Dodge and Roll"],"picked":"Dagger Spray","floor":0},{"not_picked":["Concentrate","Bouncing Flask"],"picked":"Flechettes","floor":1},{"not_picked":["Accuracy","Quick Slash"],"picked":"Crippling Poison","floor":3},{"not_picked":["Deadly Poison","Dagger Throw"],"picked":"Outmaneuver","floor":4},{"not_picked":["Acrobatics","Dagger Throw"],"picked":"Deflect","floor":5},{"not_picked":["Blade Dance","Poisoned Stab"],"picked":"Phantasmal Killer","floor":10},{"not_picked":["Prepared","Bouncing Flask"],"picked":"Blur","floor":11},{"not_picked":["Blade Dance","Escape Plan"],"picked":"Backstab","floor":12},{"not_picked":["Grand Finale","Phantasmal Killer"],"picked":"Unload","floor":16},{"not_picked":["Catalyst","Poisoned Stab"],"picked":"Blade Dance","floor":18},{"not_picked":["Bane","Slice"],"picked":"Prepared","floor":19},{"not_picked":["Riddle With Holes","Quick Slash"],"picked":"Flying Knee+1","floor":20}],"player_experience":161293,"relics_obtained":[{"floor":9,"key":"HornCleat"},{"floor":11,"key":"Toy Ornithopter"}],"event_choices":[{"damage_healed":0,"gold_gain":100,"player_choice":"Gold","damage_taken":0,"max_hp_gain":0,"max_hp_loss":0,"event_name":"Wheel of Change","floor":2,"gold_loss":0},{"cards_removed":["Strike_G"],"damage_healed":0,"gold_gain":0,"player_choice":"Card Removal","damage_taken":7,"max_hp_gain":0,"max_hp_loss":0,"event_name":"Golden Wing","floor":8,"gold_loss":0},{"damage_healed":0,"gold_gain":0,"player_choice":"Box","damage_taken":0,"relics_obtained":["Old Coin"],"max_hp_gain":0,"max_hp_loss":0,"event_name":"Big Fish","floor":14,"gold_loss":0,"cards_obtained":["Regret"]}],"is_beta":false,"boss_relics":[{"not_picked":["HoveringKite","Ectoplasm"],"picked":"Black Star"}],"items_purged_floors":[],"is_endless":false,"potions_floor_spawned":[3,4,10,16,19],"killed_by":"3 Cultists","ascension_level":0}}