{"host":"y13mj1mxwnd5xx1x","time":1614374924,"event":{"mods":["AchievementEnabler","BaseMod","Minty Spire (QoL Compilation)"],"gold_per_floor":[109,109,109,128,140,169,269,269,294,306,340,350,376,393,393,490,490,510,74,74,91,91,123,133,164,246,246,146,146,177,192,192,293,293,303,315,315,315,330,358,32,62,62,62,72,97,109,122,122,122],"floor_reached":51,"language":"ENG","playtime":5425,"items_purged":["Strike_P","Pain"],"score":911,"play_id":"a545f58d-3a10-4183-b297-f36b565b615e","local_time":"20210226152844","is_ascension_mode":true,"campfire_choices":[{"floor":8.0,"key":"REST"},{"floor":15.0,"key":"REST"},{"floor":29.0,"key":"REST"},{"floor":32.0,"key":"REST"},{"data":"Scrawl","floor":44.0,"key":"SMITH"},{"floor":49,"key":"REST"}],"circlet_count":0,"master_deck":["Strike_P","Defend_P","Defend_P","Defend_P","Defend_P","Eruption+1","Vigilance","EmptyBody","CrushJoints","ReachHeaven","CutThroughFate","Evaluate","Consecrate","TalkToTheHand","Tantrum","Scrawl+1","Halt","Crescendo","CutThroughFate+1","ClearTheMind+1","ThirdEye","EmptyBody+1","EmptyFist+1","Devotion+1","BowlingBash+1","Blasphemy","WaveOfTheHand+1","TalkToTheHand","Prostrate","EmptyFist+1","Pray+1","SashWhip+1","CrushJoints+1","WheelKick"],"relics":["HolyWater","Blood Vial","Toy Ornithopter","Mummified Hand","Regal Pillow","Prayer Wheel","Letter Opener","Cursed Key","Gambling Chip","Nilry\u0027s Codex","PreservedInsect","Turnip","Frozen Egg 2","Yang","TungstenRod","Singing Bowl","Membership Card","Eternal Feather","Damaru","Lizard Tail"],"acts_visited":["Exordium","TheCity","TheBeyond"],"potions_floor_usage":[50,50],"damage_taken":[{"damage":0.0,"enemies":"2 Louse","floor":1.0,"turns":1.0},{"damage":0.0,"enemies":"Jaw Worm","floor":4.0,"turns":1.0},{"damage":0.0,"enemies":"Cultist","floor":5.0,"turns":2.0},{"damage":56.0,"enemies":"3 Sentries","floor":6.0,"turns":14.0},{"damage":0.0,"enemies":"Looter","floor":10.0,"turns":3.0},{"damage":16.0,"enemies":"Gremlin Nob","floor":11.0,"turns":3.0},{"damage":0.0,"enemies":"3 Louse","floor":12.0,"turns":3.0},{"damage":34.0,"enemies":"3 Sentries","floor":13.0,"turns":9.0},{"damage":2.0,"enemies":"Blue Slaver","floor":14.0,"turns":2.0},{"damage":25.0,"enemies":"Slime Boss","floor":16.0,"turns":6.0},{"damage":0.0,"enemies":"3 Byrds","floor":18.0,"turns":3.0},{"damage":6.0,"enemies":"Chosen","floor":21.0,"turns":5.0},{"damage":13.0,"enemies":"Book of Stabbing","floor":23.0,"turns":5.0},{"damage":19.0,"enemies":"Sentry and Sphere","floor":24.0,"turns":4.0},{"damage":13.0,"enemies":"Slavers","floor":25.0,"turns":3.0},{"damage":9.0,"enemies":"Gremlin Leader","floor":30.0,"turns":3.0},{"damage":10.0,"enemies":"Snecko","floor":31.0,"turns":6.0},{"damage":48.0,"enemies":"Champ","floor":33.0,"turns":10.0},{"damage":0.0,"enemies":"Orb Walker","floor":35.0,"turns":3.0},{"damage":17.0,"enemies":"3 Shapes","floor":36.0,"turns":4.0},{"damage":0.0,"enemies":"Jaw Worm Horde","floor":39.0,"turns":2.0},{"damage":0.0,"enemies":"Reptomancer","floor":40.0,"turns":3.0},{"damage":20.0,"enemies":"Nemesis","floor":42.0,"turns":10.0},{"damage":17.0,"enemies":"Spire Growth","floor":45.0,"turns":5.0},{"damage":34.0,"enemies":"Giant Head","floor":46.0,"turns":9.0},{"damage":6,"enemies":"Transient","floor":47,"turns":5},{"damage":11,"enemies":"3 Darklings","floor":48,"turns":4},{"damage":49,"enemies":"Awakened One","floor":50,"turns":12}],"seed_played":"-3143945876302688157","potions_obtained":[{"floor":10.0,"key":"AttackPotion"},{"floor":12.0,"key":"AttackPotion"},{"floor":13.0,"key":"StancePotion"},{"floor":16.0,"key":"BottledMiracle"},{"floor":21.0,"key":"LiquidMemories"},{"floor":33.0,"key":"StancePotion"},{"floor":39.0,"key":"BottledMiracle"},{"floor":40.0,"key":"Block Potion"},{"floor":46.0,"key":"BlessingOfTheForge"},{"floor":47,"key":"BottledMiracle"}],"is_trial":false,"path_per_floor":["M","?","?","M","M","E","?","R","T","M","E","M","E","M","R","B",null,"M","$","?","M","?","E","M","E","T","?","$","R","E","M","R","B",null,"M","M","?","?","M","E","$","E","T","R","M","E","M","M","R","B",null],"character_chosen":"WATCHER","items_purchased":["Gambling Chip","Crescendo","Membership Card","BottledMiracle","Prostrate","Eternal Feather"],"campfire_rested":5,"item_purchase_floors":[19,19,41,41,41,41],"current_hp_per_floor":[72,72,69,71,72,16,16,37,37,39,30,32,5,5,41,18,72,72,72,72,66,50,39,22,11,11,11,11,47,40,32,68,27,72,72,55,55,55,62,74,74,54,54,72,59,34,30,21,77,29],"gold":122,"neow_bonus":"RANDOM_COMMON_RELIC","is_daily":false,"chose_seed":false,"campfire_upgraded":1,"win_rate":0.0,"timestamp":1614374924,"path_taken":["M","?","?","M","M","E","?","R","T","?","E","M","E","M","R","BOSS","M","$","?","M","?","E","M","E","T","?","?","R","E","M","R","BOSS","M","M","?","?","M","E","$","E","T","R","M","E","?","M","R","BOSS"],"items_purchased_type":["Relic","Card","Relic","Potion","Card","Relic"],"build_version":"2020-12-22","purchased_purges":2,"victory":true,"max_hp_per_floor":[72,72,72,72,72,72,72,72,72,72,72,72,72,72,72,72,72,72,72,72,72,72,72,72,72,72,72,72,72,72,72,72,72,72,72,72,72,72,72,74,74,74,74,74,76,78,78,78,78,78],"card_choices":[{"not_picked":["FlurryOfBlows","CrushJoints"],"picked":"EmptyBody","floor":1.0},{"not_picked":["Swivel","FollowUp"],"picked":"CrushJoints","floor":4.0},{"not_picked":["Crescendo","FlyingSleeves"],"picked":"ReachHeaven","floor":5.0},{"not_picked":["Brilliance","BowlingBash"],"picked":"CutThroughFate","floor":6.0},{"not_picked":["PathToVictory","CrushJoints","SashWhip"],"picked":"SKIP","floor":10.0},{"not_picked":["Establishment","ForeignInfluence"],"picked":"Evaluate","floor":11.0},{"not_picked":["SashWhip","FollowUp"],"picked":"Consecrate","floor":12.0},{"not_picked":["EmptyBody","BowlingBash","Wireheading"],"picked":"SKIP","floor":12.0},{"not_picked":["Swivel","CutThroughFate"],"picked":"TalkToTheHand","floor":13.0},{"not_picked":["EmptyFist","ThirdEye"],"picked":"Tantrum","floor":14.0},{"not_picked":["SashWhip","SandsOfTime","ClearTheMind"],"picked":"SKIP","floor":14.0},{"not_picked":["DevaForm","Brilliance"],"picked":"Scrawl","floor":16.0},{"not_picked":["CrushJoints+1","CutThroughFate+1"],"picked":"Halt","floor":18.0},{"not_picked":["Swivel","PathToVictory","CarveReality"],"picked":"SKIP","floor":18.0},{"not_picked":["Consecrate","ReachHeaven+1"],"picked":"CutThroughFate+1","floor":21.0},{"not_picked":["FearNoEvil","SashWhip"],"picked":"ClearTheMind+1","floor":21.0},{"not_picked":["FlyingSleeves","Adaptation","Consecrate"],"picked":"SKIP","floor":23.0},{"not_picked":["CrushJoints","ClearTheMind"],"picked":"ThirdEye","floor":24.0},{"not_picked":["Judgement","ClearTheMind"],"picked":"EmptyBody+1","floor":24.0},{"not_picked":["CutThroughFate","Collect+1","Pray"],"picked":"SKIP","floor":25.0},{"not_picked":["ClearTheMind","Protect"],"picked":"EmptyFist+1","floor":30.0},{"not_picked":["Crescendo","Fasting2+1"],"picked":"Devotion+1","floor":31.0},{"not_picked":["SashWhip","EmptyBody"],"picked":"BowlingBash+1","floor":31.0},{"not_picked":["DevaForm+1","ConjureBlade"],"picked":"Blasphemy","floor":33.0},{"not_picked":["SashWhip+1","ReachHeaven+1"],"picked":"WaveOfTheHand+1","floor":35.0},{"not_picked":["FollowUp","Consecrate+1"],"picked":"MentalFortress+1","floor":35.0},{"not_picked":["FlyingSleeves+1","Tantrum","BattleHymn+1"],"picked":"SKIP","floor":36.0},{"not_picked":["InnerPeace+1","Indignation+1","FollowUp+1"],"picked":"SKIP","floor":36.0},{"not_picked":["Evaluate","JustLucky"],"picked":"TalkToTheHand","floor":39.0},{"not_picked":["Crescendo","BattleHymn+1","FlurryOfBlows"],"picked":"SKIP","floor":39.0},{"not_picked":["Vengeance+1","Weave+1","WindmillStrike"],"picked":"Singing Bowl","floor":40.0},{"not_picked":["JustLucky+1","Blasphemy"],"picked":"EmptyFist+1","floor":42.0},{"not_picked":["Protect+1","ForeignInfluence"],"picked":"Pray+1","floor":45.0},{"not_picked":["SandsOfTime","ThirdEye","Tantrum+1"],"picked":"Singing Bowl","floor":45.0},{"not_picked":["Conclude","CrushJoints","SignatureMove+1"],"picked":"Singing Bowl","floor":46.0},{"not_picked":["EmptyFist+1","Wireheading+1"],"picked":"SashWhip+1","floor":47},{"not_picked":["Adaptation+1","Halt+1","Perseverance+1"],"picked":"SKIP","floor":47},{"not_picked":["JustLucky+1","EmptyBody+1"],"picked":"CrushJoints+1","floor":48},{"not_picked":["FearNoEvil+1","Swivel"],"picked":"WheelKick","floor":48}],"player_experience":239099,"relics_obtained":[{"floor":6.0,"key":"Mummified Hand"},{"floor":9.0,"key":"Regal Pillow"},{"floor":11.0,"key":"Prayer Wheel"},{"floor":13.0,"key":"Letter Opener"},{"floor":22.0,"key":"Nilry\u0027s Codex"},{"floor":23.0,"key":"PreservedInsect"},{"floor":25.0,"key":"Turnip"},{"floor":26.0,"key":"Frozen Egg 2"},{"floor":30.0,"key":"TungstenRod"},{"floor":40.0,"key":"Singing Bowl"},{"floor":42.0,"key":"Damaru"},{"floor":46.0,"key":"Lizard Tail"}],"event_choices":[{"damage_healed":0.0,"max_hp_gain":0.0,"max_hp_loss":0.0,"gold_gain":0.0,"event_name":"Living Wall","player_choice":"Grow","floor":2.0,"gold_loss":0.0,"damage_taken":0.0,"cards_upgraded":["Eruption"]},{"damage_healed":0.0,"max_hp_gain":0.0,"max_hp_loss":0.0,"gold_gain":0.0,"event_name":"Scrap Ooze","player_choice":"Success","floor":3.0,"gold_loss":0.0,"damage_taken":3.0,"relics_obtained":["Toy Ornithopter"]},{"damage_healed":0.0,"max_hp_gain":0.0,"max_hp_loss":0.0,"gold_gain":100.0,"event_name":"Golden Shrine","player_choice":"Pray","floor":7.0,"gold_loss":0.0,"damage_taken":0.0},{"cards_removed":["Strike_P"],"damage_healed":0.0,"max_hp_gain":0.0,"max_hp_loss":0.0,"gold_gain":0.0,"event_name":"Back to Basics","player_choice":"Elegance","floor":20.0,"gold_loss":0.0,"damage_taken":0.0},{"damage_healed":0.0,"max_hp_gain":0.0,"max_hp_loss":0.0,"gold_gain":0.0,"event_name":"Cursed Tome","player_choice":"Obtained Book","floor":22.0,"gold_loss":0.0,"damage_taken":16.0},{"damage_healed":0.0,"max_hp_gain":0.0,"max_hp_loss":0.0,"gold_gain":0.0,"event_name":"The Mausoleum","player_choice":"Opened","floor":27.0,"gold_loss":0.0,"damage_taken":0.0,"relics_obtained":["Yang"]},{"cards_removed":["MentalFortress"],"damage_healed":0.0,"max_hp_gain":0.0,"max_hp_loss":0.0,"gold_gain":0.0,"event_name":"Falling","player_choice":"Removed Power","floor":37.0,"gold_loss":0.0,"damage_taken":0.0},{"cards_removed":["Strike_P"],"damage_healed":0.0,"max_hp_gain":0.0,"max_hp_loss":0.0,"gold_gain":0.0,"event_name":"Purifier","player_choice":"Purged","floor":38.0,"gold_loss":0.0,"damage_taken":0.0}],"is_beta":false,"boss_relics":[{"not_picked":["Sozu","Snecko Eye"],"picked":"Cursed Key"},{"not_picked":["Black Star","Coffee Dripper"],"picked":"HolyWater"}],"items_purged_floors":[19,28],"is_endless":false,"potions_floor_spawned":[10,12,13,16,21,23,30,33,39,40,46,47],"ascension_level":3}}