{"host":"545ma68kbj6ggddn","time":1614303424,"event":{"mods":["BaseMod","Colored Map","Colored Powertips","Downfall","Minty Spire (QoL Compilation)","Permanent Neow","Quick Restart","StSLib","The Death Knight"],"gold_per_floor":[99,99,99,99,99,118,118,151,51,67,67,87,87,114,134,230,230,230,230,81,92,107,107,153,53,153,185,185,185,204,237,255,255,255,255],"floor_reached":33,"language":"ENG","playtime":2907,"items_purged":[],"score":466,"play_id":"6ab80fae-4897-4916-8fe8-a554f004a2af","local_time":"20210225193704","is_ascension_mode":false,"campfire_choices":[{"floor":1.0,"key":"RECALL"},{"data":"sneckomod:Nope","floor":9.0,"key":"SMITH"},{"data":"sneckomod:Unknown","floor":11.0,"key":"SMITH"},{"data":"sneckomod:MorePower","floor":18.0,"key":"SMITH"},{"data":"sneckomod:Unknown1Cost","floor":23.0,"key":"SMITH"},{"data":"sneckomod:SoulExchange","floor":25.0,"key":"SMITH"}],"circlet_count":0,"master_deck":["sneckomod:TailWhip","sneckomod:SnekBite","sneckomod:Unknown","sneckomod:Unknown+1","sneckomod:UnknownStrike","sneckomod:UnknownStrike","sneckomod:UnknownStrike","sneckomod:UnknownBlock","sneckomod:UnknownBlock","sneckomod:UnknownBlock","sneckomod:Nope+1","sneckomod:UnknownCommonAttack","sneckomod:UnknownDraw","sneckomod:Unknown2Cost","sneckomod:Unknown2Cost","sneckomod:UnknownUncommonPower","sneckomod:SoulExchange+1","sneckomod:UnknownExhaust","sneckomod:MorePower+1","sneckomod:UnknownClassTHE_BRONZE_AUTOMATON+1","sneckomod:Unknown1Cost+1","sneckomod:UnknownUncommonPower","sneckomod:UnknownUncommonPower+1","sneckomod:UnknownStrike+1","sneckomod:UnknownBlock+1","sneckomod:Unknown0Cost+1","sneckomod:UnknownRareAttack","sneckomod:UnknownUncommonSkill+1","sneckomod:UnknownRareAttack+1"],"relics":["sneckomod:SneckoSoul","downfall:HeartsMalice","downfall:ShatteredFragment","Singing Bowl","Pocketwatch","downfall:HeartBlessingRed","sneckomod:ConfusingCodex","Busted Crown","downfall:HeartBlessingBlue","StoneCalendar","Mummified Hand","Toxic Egg 2","Unceasing Top","PreservedInsect"],"acts_visited":["Exordium","TheCity"],"potions_floor_usage":[26,27,31,31],"damage_taken":[{"damage":0.0,"enemies":"Small Slimes","floor":3.0,"turns":1.0},{"damage":0.0,"enemies":"2 Louse","floor":4.0,"turns":1.0},{"damage":0.0,"enemies":"Jaw Worm","floor":5.0,"turns":1.0},{"damage":0.0,"enemies":"Large Slime","floor":6.0,"turns":3.0},{"damage":31.0,"enemies":"3 Sentries","floor":8.0,"turns":6.0},{"damage":0.0,"enemies":"downfall:LooterAlt","floor":10.0,"turns":2.0},{"damage":1.0,"enemies":"Exordium Thugs","floor":12.0,"turns":2.0},{"damage":0.0,"enemies":"Gremlin Nob","floor":14.0,"turns":3.0},{"damage":0.0,"enemies":"2 Fungi Beasts","floor":15.0,"turns":2.0},{"damage":6.0,"enemies":"WA_ARCHETYPE_RETAIN","floor":16.0,"turns":4.0},{"damage":0.0,"enemies":"downfall:FleeingMerchant","floor":20.0,"turns":4.0},{"damage":7.0,"enemies":"downfall:LooterAlt2","floor":21.0,"turns":3.0},{"damage":1.0,"enemies":"Shell Parasite","floor":22.0,"turns":4.0},{"damage":6,"enemies":"SI_SHIV_ARCHETYPE","floor":26,"turns":5},{"damage":24,"enemies":"Gremlin Leader","floor":27,"turns":7},{"damage":0,"enemies":"Chosen and Byrds","floor":30,"turns":4},{"damage":9,"enemies":"Slavers","floor":31,"turns":3},{"damage":21,"enemies":"Snake Plant","floor":32,"turns":2},{"damage":37,"enemies":"DF_ARCHETYPE_CLAW","floor":33,"turns":7}],"seed_played":"-7932349471799482706","potions_obtained":[{"floor":6.0,"key":"Fruit Juice"},{"floor":8.0,"key":"SpeedPotion"},{"floor":10.0,"key":"Fire Potion"},{"floor":14.0,"key":"DistilledChaos"},{"floor":22.0,"key":"SkillPotion"},{"floor":26,"key":"Explosive Potion"},{"floor":27,"key":"Block Potion"}],"is_trial":false,"path_per_floor":["R","?","M","M","M","M","T","E","R","M","R","M","?","E","M","B",null,"R","?","$","M","M","R","T","R","?","E","?","T","M","E","M","B"],"character_chosen":"THE_SNECKO","items_purchased":["sneckomod:Unknown1Cost","sneckomod:UnknownUncommonPower"],"campfire_rested":0,"item_purchase_floors":[20,20],"current_hp_per_floor":[90,69,69,69,69,69,69,38,38,40,40,39,39,39,43,37,96,96,77,79,74,75,75,75,85,84,60,60,60,62,55,36,0,0,0],"gold":255,"neow_bonus":"THREE_ENEMY_KILL","is_daily":false,"chose_seed":false,"campfire_upgraded":5,"win_rate":0.0,"timestamp":1614303424,"path_taken":["R","?","M","M","M","M","T","E","R","M","R","M","?","E","M","BOSS","R","?","$","M","M","R","T","R","?","E","?","?","M","E","M","BOSS"],"items_purchased_type":["Card","Card"],"build_version":"2020-12-22","purchased_purges":0,"victory":false,"max_hp_per_floor":[90,90,90,90,90,90,90,90,90,92,92,92,92,92,96,96,96,96,101,103,105,107,107,107,117,122,122,122,122,124,126,128,128,128,128],"card_choices":[{"not_picked":["sneckomod:QuickMove","sneckomod:RainOfDice"],"picked":"sneckomod:Nope","floor":3.0},{"not_picked":["sneckomod:QuickMove","sneckomod:SoulDraw"],"picked":"sneckomod:UnknownCommonAttack","floor":4.0},{"not_picked":["sneckomod:UnknownCommonAttack","sneckomod:DefensiveFlair"],"picked":"sneckomod:UnknownDraw","floor":5.0},{"not_picked":["sneckomod:SerpentIdol","sneckomod:Nope"],"picked":"sneckomod:Unknown2Cost","floor":6.0},{"not_picked":["sneckomod:QuickMove","sneckomod:SoulDraw"],"picked":"sneckomod:Unknown2Cost","floor":8.0},{"not_picked":["sneckomod:IronFang","sneckomod:QuickMove","sneckomod:UnknownVulnerable"],"picked":"Singing Bowl","floor":10.0},{"not_picked":["sneckomod:UnknownDraw","sneckomod:UnknownUncommonSkill"],"picked":"sneckomod:UnknownUncommonPower","floor":12.0},{"not_picked":["sneckomod:WideSting","sneckomod:UnknownBlock"],"picked":"sneckomod:SoulExchange","floor":14.0},{"not_picked":["sneckomod:UnknownUncommonSkill","sneckomod:DiceCrush"],"picked":"sneckomod:UnknownExhaust","floor":15.0},{"not_picked":["sneckomod:UnknownRarePower","sneckomod:UnknownRareSkill"],"picked":"sneckomod:MorePower","floor":16.0},{"not_picked":["sneckomod:UnknownWeak+1","sneckomod:UnknownUncommonSkill+1"],"picked":"sneckomod:UnknownClassTHE_BRONZE_AUTOMATON+1","floor":20.0},{"not_picked":["sneckomod:UnknownWeak"],"picked":"Singing Bowl","floor":20.0},{"not_picked":["sneckomod:RainOfDice+1"],"picked":"Singing Bowl","floor":21.0},{"not_picked":["sneckomod:UnknownWeak+1","sneckomod:Unknown0Cost+1"],"picked":"sneckomod:UnknownUncommonPower+1","floor":22.0},{"not_picked":["sneckomod:UnknownStrike"],"picked":"Singing Bowl","floor":22.0},{"not_picked":["sneckomod:UnknownWeak+1","sneckomod:UnknownCommonAttack+1"],"picked":"sneckomod:UnknownStrike+1","floor":26},{"not_picked":[],"picked":"sneckomod:UnknownBlock+1","floor":26},{"not_picked":["sneckomod:UnknownVulnerable+1","sneckomod:UnknownBoss+1"],"picked":"sneckomod:Unknown0Cost+1","floor":27},{"not_picked":[],"picked":"sneckomod:UnknownRareAttack","floor":27},{"not_picked":["sneckomod:UnknownVulnerable+1","sneckomod:UnknownStrike+1"],"picked":"sneckomod:UnknownUncommonSkill+1","floor":30},{"not_picked":["sneckomod:WideSting"],"picked":"Singing Bowl","floor":30},{"not_picked":["sneckomod:Unknown3Cost+1","sneckomod:UnknownUncommonPower+1"],"picked":"sneckomod:UnknownRareAttack+1","floor":31},{"not_picked":["sneckomod:UnknownUncommonSkill+1"],"picked":"Singing Bowl","floor":31},{"not_picked":["sneckomod:UnknownDraw+1"],"picked":"Singing Bowl","floor":32}],"player_experience":243080,"relics_obtained":[{"floor":7.0,"key":"Singing Bowl"},{"floor":8.0,"key":"Pocketwatch"},{"floor":14.0,"key":"sneckomod:ConfusingCodex"},{"floor":26,"key":"StoneCalendar"},{"floor":26,"key":"Mummified Hand"},{"floor":27,"key":"Toxic Egg 2"},{"floor":29,"key":"Unceasing Top"},{"floor":31,"key":"PreservedInsect"}],"event_choices":[],"is_beta":false,"boss_relics":[{"not_picked":["Snecko Eye","Pandora\u0027s Box"],"picked":"Busted Crown"}],"items_purged_floors":[],"is_endless":false,"potions_floor_spawned":[6,8,10,14,15,22,26,27],"killed_by":"DF_ARCHETYPE_CLAW","ascension_level":0}}