{"host":"h4s2ow0cl6kdwaz8","time":1614354890,"event":{"mods":["AchievementEnabler","BaseMod","Bestiary","Colored Map","Minty Spire (QoL Compilation)","Permanent Neow","Relic Stats"],"gold_per_floor":[109,124,139,139,149,176,176,191,191,225,225,252,267,282,282,379,379,389,406,425,48,66,100,100,100,400,433,451,481,481,481,481,481,481],"floor_reached":33,"language":"ENG","playtime":2944,"items_purged":[],"score":494,"play_id":"c6a450a5-c61e-452a-ba9b-b456e26d3bd4","local_time":"20210226155450","is_ascension_mode":true,"campfire_choices":[{"data":"Eruption","floor":7,"key":"SMITH"},{"data":"ForeignInfluence","floor":11,"key":"SMITH"},{"floor":15,"key":"REST"},{"floor":24,"key":"REST"},{"floor":32,"key":"REST"}],"circlet_count":0,"master_deck":["Strike_P","Strike_P","Defend_P","Defend_P","Defend_P","Eruption+1","Vigilance","DevaForm+1","Halt+1","Consecrate+1","Study","BowlingBash","ForeignInfluence+1","EmptyFist","WindmillStrike","Consecrate","Devotion","FearNoEvil","SandsOfTime","Devotion","ReachHeaven+1","Swivel","Perseverance","Wallop","Evaluate","Vengeance","Wireheading","Establishment","ThirdEye","EmptyFist","Prostrate+1","Ghostly","Ghostly","Ghostly","Ghostly","Ghostly"],"relics":["Astrolabe","Unceasing Top","TeardropLocket","Damaru","Lantern","SlaversCollar","Strange Spoon","Tiny Chest","Omamori","Old Coin","Akabeko","Oddly Smooth Stone","Bottled Tornado"],"acts_visited":["Exordium","TheCity"],"potions_floor_usage":[22,29,29,33],"damage_taken":[{"damage":5,"enemies":"Jaw Worm","floor":1,"turns":5},{"damage":0,"enemies":"Cultist","floor":2,"turns":3},{"damage":0,"enemies":"2 Louse","floor":3,"turns":2},{"damage":10,"enemies":"Gremlin Gang","floor":5,"turns":3},{"damage":3,"enemies":"Lagavulin","floor":6,"turns":7},{"damage":7,"enemies":"Large Slime","floor":8,"turns":3},{"damage":1,"enemies":"3 Sentries","floor":10,"turns":4},{"damage":23,"enemies":"Lagavulin","floor":12,"turns":5},{"damage":0,"enemies":"Looter","floor":13,"turns":1},{"damage":0,"enemies":"2 Fungi Beasts","floor":14,"turns":2},{"damage":0,"enemies":"Slime Boss","floor":16,"turns":5},{"damage":12,"enemies":"2 Thieves","floor":18,"turns":3},{"damage":8,"enemies":"Chosen","floor":19,"turns":4},{"damage":24,"enemies":"Snake Plant","floor":20,"turns":4},{"damage":5,"enemies":"Shelled Parasite and Fungi","floor":22,"turns":4},{"damage":0,"enemies":"Gremlin Leader","floor":23,"turns":3},{"damage":18,"enemies":"Book of Stabbing","floor":27,"turns":4},{"damage":9,"enemies":"Centurion and Healer","floor":28,"turns":4},{"damage":13,"enemies":"Slavers","floor":29,"turns":4},{"damage":18,"enemies":"Champ","floor":33,"turns":3}],"seed_played":"-3301950253897901480","potions_obtained":[{"floor":3,"key":"SteroidPotion"},{"floor":6,"key":"Energy Potion"},{"floor":8,"key":"Strength Potion"},{"floor":10,"key":"GamblersBrew"},{"floor":14,"key":"SteroidPotion"},{"floor":19,"key":"AttackPotion"},{"floor":22,"key":"Ancient Potion"},{"floor":29,"key":"ColorlessPotion"}],"is_trial":false,"path_per_floor":["M","M","M","?","M","E","R","M","T","E","R","E","M","M","R","B",null,"M","M","M","$","M","E","R","?","T","E","M","E","?","T","R","B"],"character_chosen":"WATCHER","items_purchased":["Strange Spoon","Tiny Chest","Wallop"],"campfire_rested":3,"item_purchase_floors":[21,21,21],"current_hp_per_floor":[67,67,67,67,57,54,54,47,47,46,46,23,23,23,44,44,72,60,52,28,28,23,23,44,44,44,26,17,4,4,4,14,0,0],"gold":481,"neow_bonus":"BOSS_RELIC","is_daily":false,"chose_seed":false,"campfire_upgraded":2,"win_rate":0.0,"timestamp":1614354890,"path_taken":["M","M","M","?","M","E","R","M","T","E","R","E","M","M","R","BOSS","M","M","?","$","M","E","R","?","T","E","?","E","?","?","R","BOSS"],"items_purchased_type":["Relic","Relic","Card"],"build_version":"2020-12-22","purchased_purges":0,"victory":false,"max_hp_per_floor":[72,72,72,72,72,72,72,72,72,72,72,72,72,72,72,72,72,72,72,72,72,72,72,72,72,72,72,72,72,36,36,36,36,36],"relic_stats":{"Strange Spoon":[5],"counters":[20,73],"Astrolabe":["DevaForm","Halt","Consecrate"],"Tiny Chest":1,"obtain_stats":[{"Lantern":12,"Astrolabe":0,"Damaru":10,"Oddly Smooth Stone":29,"Omamori":23,"TeardropLocket":6,"Bottled Tornado":31,"Akabeko":27,"Old Coin":26,"SlaversCollar":17,"Strange Spoon":21,"Tiny Chest":21,"PureWater":0,"Unceasing Top":4},{"Lantern":8,"Astrolabe":0,"Damaru":7,"Oddly Smooth Stone":19,"Omamori":16,"TeardropLocket":5,"Bottled Tornado":19,"Akabeko":17,"Old Coin":16,"SlaversCollar":11,"Strange Spoon":14,"Tiny Chest":14,"PureWater":0,"Unceasing Top":3},{"Lantern":32,"Astrolabe":0,"Damaru":27,"Oddly Smooth Stone":70,"Omamori":58,"TeardropLocket":20,"Bottled Tornado":70,"Akabeko":62,"Old Coin":58,"SlaversCollar":40,"Strange Spoon":51,"Tiny Chest":51,"PureWater":0,"Unceasing Top":10}],"Unceasing Top":[14]},"card_choices":[{"not_picked":["Evaluate","FollowUp"],"picked":"Study","floor":1},{"not_picked":["FlurryOfBlows","Collect"],"picked":"BowlingBash","floor":2},{"not_picked":["BowlingBash","Protect"],"picked":"ForeignInfluence","floor":3},{"not_picked":["Wish","Protect"],"picked":"EmptyFist","floor":5},{"not_picked":["EmptyBody","Study"],"picked":"WindmillStrike","floor":6},{"not_picked":["DeceiveReality","PathToVictory"],"picked":"Consecrate","floor":8},{"not_picked":["BowlingBash","InnerPeace","ClearTheMind"],"picked":"SKIP","floor":10},{"not_picked":["ThirdEye","FlurryOfBlows"],"picked":"Devotion","floor":12},{"not_picked":["ThirdEye","DeceiveReality"],"picked":"FearNoEvil","floor":13},{"not_picked":["BowlingBash","FlyingSleeves"],"picked":"SandsOfTime","floor":14},{"not_picked":["Omniscience","Blasphemy"],"picked":"Devotion","floor":16},{"not_picked":["PathToVictory","Study"],"picked":"ReachHeaven+1","floor":18},{"not_picked":["PathToVictory","BattleHymn"],"picked":"Swivel","floor":19},{"not_picked":["DeceiveReality","WindmillStrike"],"picked":"Perseverance","floor":20},{"not_picked":["Consecrate","Meditate"],"picked":"Evaluate","floor":22},{"not_picked":["Collect+1","PathToVictory"],"picked":"Vengeance","floor":23},{"not_picked":["Crescendo","PathToVictory"],"picked":"ThirdEye","floor":27},{"not_picked":["SashWhip","CrushJoints"],"picked":"EmptyFist","floor":28},{"not_picked":["DevaForm","ThirdEye"],"picked":"Prostrate+1","floor":29}],"player_experience":250952,"relics_obtained":[{"floor":6,"key":"TeardropLocket"},{"floor":10,"key":"Damaru"},{"floor":12,"key":"Lantern"},{"floor":23,"key":"Omamori"},{"floor":26,"key":"Old Coin"},{"floor":27,"key":"Akabeko"},{"floor":29,"key":"Oddly Smooth Stone"},{"floor":31,"key":"Bottled Tornado"}],"event_choices":[{"damage_healed":0,"gold_gain":0,"player_choice":"Gave Potion","damage_taken":0,"relics_obtained":["Unceasing Top"],"max_hp_gain":0,"max_hp_loss":0,"event_name":"WeMeetAgain","floor":4,"gold_loss":0},{"damage_healed":0,"gold_gain":0,"player_choice":"2 cards matched","damage_taken":0,"max_hp_gain":0,"max_hp_loss":0,"event_name":"Match and Keep!","floor":25,"gold_loss":0,"cards_obtained":["Wireheading","Establishment"]},{"damage_healed":0,"gold_gain":0,"player_choice":"Became a Ghost","damage_taken":0,"max_hp_gain":0,"max_hp_loss":36,"event_name":"Ghosts","floor":30,"gold_loss":0,"cards_obtained":["Ghostly","Ghostly","Ghostly","Ghostly","Ghostly"]}],"is_beta":false,"boss_relics":[{"not_picked":["Pandora\u0027s Box","Cursed Key"],"picked":"SlaversCollar"}],"items_purged_floors":[],"is_endless":false,"potions_floor_spawned":[3,6,8,10,14,19,20,22,29],"killed_by":"Champ","ascension_level":2}}