{"host":"u2qrfxkm3wve0vp3","time":1614365837,"event":{"mods":["AchievementEnabler","BaseMod","Better Match","Better Note","Better Third Choice","Better Vampires","Downfall","Minty Spire (QoL Compilation)","Quick Restart","Shop Mod","StSLib","The Cursed","The Marked","The Servant 0.9.4"],"gold_per_floor":[119,119,44,44,44,74,74,85,111,145,145,158,168,183,183,284,284,284],"floor_reached":17,"language":"ZHS","playtime":435,"items_purged":["Strike_S"],"score":200,"play_id":"ddb35ff4-337b-43ff-a158-254ee3591296","local_time":"20210227025717","is_ascension_mode":true,"campfire_choices":[{"floor":7,"key":"RECALL"},{"data":"KidneyShot","floor":11,"key":"SMITH"},{"data":"Strike_S","floor":15,"key":"SMITH"}],"circlet_count":0,"master_deck":["Strike_S","Strike_S","Strike_S+1","Defend_S","Defend_S","Defend_S","KidneyShot+1","Exchange","SoulSculpture+1","Comet+1","Solidify"],"relics":["Uniform","NeowsBlessing","Dream Catcher","Molten Egg 2","Anchor","Meat on the Bone","Cursed Key"],"acts_visited":["Exordium","TheCity"],"potions_floor_usage":[10],"damage_taken":[{"damage":0,"enemies":"Jaw Worm","floor":1,"turns":1},{"damage":0,"enemies":"Lagavulin","floor":6,"turns":1},{"damage":0,"enemies":"2 Louse","floor":8,"turns":1},{"damage":14,"enemies":"Gremlin Nob","floor":10,"turns":4},{"damage":0,"enemies":"Small Slimes","floor":12,"turns":2},{"damage":9,"enemies":"Exordium Wildlife","floor":13,"turns":6},{"damage":20,"enemies":"Exordium Thugs","floor":14,"turns":5},{"damage":3,"enemies":"The Guardian","floor":16,"turns":14}],"seed_played":"3153119393965331807","potions_obtained":[{"floor":8,"key":"Fire Potion"},{"floor":10,"key":"Swift Potion"},{"floor":12,"key":"SkillPotion"},{"floor":16,"key":"champ:CounterPotion"}],"is_trial":false,"path_per_floor":["M","?","$","?","?","E","R","M","T","E","R","M","M","M","R","B",null],"character_chosen":"THE_SERVANT","items_purchased":[],"campfire_rested":0,"item_purchase_floors":[],"current_hp_per_floor":[65,58,58,51,56,56,56,56,56,42,42,42,45,37,37,46,70,70],"gold":284,"neow_bonus":"THREE_ENEMY_KILL","is_daily":false,"chose_seed":false,"campfire_upgraded":2,"win_rate":0.0,"timestamp":1614365837,"path_taken":["M","?","$","?","?","E","R","?","T","E","R","M","M","M","R","BOSS"],"items_purchased_type":[],"build_version":"2020-12-22","purchased_purges":1,"victory":false,"max_hp_per_floor":[65,65,65,65,70,70,70,70,70,70,70,70,70,70,70,70,70,70],"card_choices":[{"not_picked":["Alleviate","Luminosity","Gouge"],"picked":"SKIP","floor":1},{"not_picked":["Ricochet+1","Defy","Spin+1"],"picked":"SKIP","floor":6},{"not_picked":["Ricochet+1","Starlight+1","Duplication"],"picked":"SKIP","floor":8},{"not_picked":["Collapse+1","StarChef"],"picked":"SoulSculpture+1","floor":10},{"not_picked":["Desolation+1","Revamp","DoubleEdge+1"],"picked":"SKIP","floor":12},{"not_picked":["Spin+1","Rearm","MoonPhase"],"picked":"SKIP","floor":13},{"not_picked":["ShiftingGears","Ricochet+1"],"picked":"Comet+1","floor":14},{"not_picked":["PendulumOfEternity+1","ForgedInTime"],"picked":"Solidify","floor":16}],"player_experience":353417,"relics_obtained":[{"floor":6,"key":"Molten Egg 2"},{"floor":9,"key":"Anchor"},{"floor":10,"key":"Meat on the Bone"}],"event_choices":[{"damage_healed":0,"gold_gain":0,"player_choice":"Relic ","damage_taken":7,"max_hp_gain":0,"max_hp_loss":0,"event_name":"betterThird:BetterScrap","floor":2,"gold_loss":0,"cards_obtained":["Melter"]},{"cards_removed":["Defend_S"],"damage_healed":0,"gold_gain":0,"player_choice":"Card Removal","damage_taken":7,"max_hp_gain":0,"max_hp_loss":0,"event_name":"Golden Wing","floor":4,"gold_loss":0},{"damage_healed":0,"gold_gain":0,"player_choice":"Donut","damage_taken":0,"max_hp_gain":5,"max_hp_loss":0,"event_name":"Big Fish","floor":5,"gold_loss":0}],"is_beta":false,"boss_relics":[{"not_picked":["Calling Bell","Snecko Eye"],"picked":"Cursed Key"}],"items_purged_floors":[3],"is_endless":false,"potions_floor_spawned":[8,10,12,16],"ascension_level":1}}