{"host":"cz96naaoibjp08st","time":1614379881,"event":{"mods":["Act Like it!","BaseMod","BetterRewards","GifTheSpireLib","Hallownest","Library of Ruina","Minty Spire (QoL Compilation)","Replay The Spire","Shop Mod","Slay the StarCraft II Mod","StSLib","The Bug Knight"],"gold_per_floor":[119,119,119,131,131,161,161,191,191,223,289,303,85,135,135,213,213,233,283,333,3,23,54,69,119,119,194,214,214,247,261,261,338,338,353,428,104,154,167,195,245,262,285,301,301,320,332,382,382,382,382],"floor_reached":52,"language":"ZHS","playtime":3546,"items_purged":["Spreading Infection","Strike_R"],"score":1980,"play_id":"18864ad7-bd79-4642-80f5-a88a295ce44b","local_time":"20210227065121","is_ascension_mode":true,"campfire_choices":[{"data":"Bash","floor":7,"key":"SMITH"},{"data":"ReplayTheSpireMod:Muscle Training","floor":15,"key":"SMITH"},{"data":"Entrench","floor":29,"key":"SMITH"},{"data":"J.A.X.","floor":32,"key":"SMITH"},{"data":"Barricade","floor":45,"key":"SMITH"},{"data":"Disarm","floor":49,"key":"SMITH"}],"circlet_count":0,"master_deck":["AscendersBane","Strike_R","Strike_R","Strike_R","Strike_R","Defend_R","Defend_R","Defend_R","Defend_R","Bash+1","Twin Strike","ReplayTheSpireMod:Stacked+1","Impervious+1","ReplayTheSpireMod:Limb From Limb","ReplayTheSpireMod:Muscle Training+1","Hemogenesis","Entrench+1","Disarm+1","J.A.X.+1","Run Through","Body Slam+1","Barricade+1","Battle Trance","Rupture","Combust","Parasite","Entrench+1"],"relics":["Runic Pyramid","Meat on the Bone","Ring of Searing","Ring of Peace","SsserpentHead","Smiling Mask","Centennial Puzzle","Replay:Bottled Flurry","Turnip","Guide Book","Philosopher\u0027s Stone","PreservedInsect","Lee\u0027s Waffle","PageOfFreischutz","Juzu Bracelet","Replay:Wax Seal","Ornamental Fan","Painkiller Herb","Bird Faced Urn","PageOfNothingThere","Blue Candle","Replay:Mystery Machine"],"acts_visited":["Exordium","TheCity","TheBeyond"],"potions_floor_usage":[8,16],"damage_taken":[{"damage":1,"enemies":"Cultist","floor":1,"turns":3},{"damage":0,"enemies":"2 Louse","floor":4,"turns":3},{"damage":24,"enemies":"3 Sentries","floor":6,"turns":9},{"damage":18,"enemies":"Gremlin Nob","floor":8,"turns":4},{"damage":15,"enemies":"3 Sentries","floor":10,"turns":11},{"damage":0,"enemies":"Small Slimes","floor":11,"turns":4},{"damage":1,"enemies":"Blue Slaver","floor":12,"turns":4},{"damage":12,"enemies":"Fading Forest","floor":16,"turns":13},{"damage":11,"enemies":"Chosen","floor":18,"turns":4},{"damage":25,"enemies":"2 Thieves","floor":22,"turns":4},{"damage":18,"enemies":"Book of Stabbing","floor":23,"turns":7},{"damage":1,"enemies":"Chosen and Byrds","floor":24,"turns":6},{"damage":3,"enemies":"Centurion and Healer","floor":28,"turns":6},{"damage":4,"enemies":"Gremlin Leader","floor":30,"turns":5},{"damage":21,"enemies":"Sentry and Sphere","floor":31,"turns":7},{"damage":10,"enemies":"Pondfish","floor":33,"turns":6},{"damage":17,"enemies":"3 Shapes","floor":35,"turns":4},{"damage":0,"enemies":"Mind Bloom Boss Battle","floor":36,"turns":5},{"damage":9,"enemies":"Orb Walker","floor":39,"turns":3},{"damage":35,"enemies":"Reptomancer","floor":40,"turns":6},{"damage":25,"enemies":"4 Shapes","floor":42,"turns":5},{"damage":31,"enemies":"Writhing Mass","floor":44,"turns":6},{"damage":8,"enemies":"Transient","floor":46,"turns":6},{"damage":20,"enemies":"Maw","floor":47,"turns":5},{"damage":4,"enemies":"Time Eater","floor":50,"turns":7},{"damage":28,"enemies":"Replay:Hell Engine","floor":51,"turns":5}],"seed_played":"6542125222001493326","potions_obtained":[{"floor":6,"key":"Adrenaline Potion"},{"floor":10,"key":"FearPotion"},{"floor":16,"key":"FearPotion"},{"floor":23,"key":"BloodPotion"}],"is_trial":false,"path_per_floor":["M","?","?","M","?","E","R","E","T","E","M","M","$","?","R","B",null,"M","?","?","$","M","E","M","?","T","T","M","R","E","M","R","B",null,"?","?","T","?","?","E","?","?","T","?","T","?","?","?","T","B","B",null],"character_chosen":"IRONCLAD","items_purchased":["Guide Book","PreservedInsect","Lee\u0027s Waffle","PageOfNothingThere"],"campfire_rested":0,"item_purchase_floors":[13,21,21,37],"current_hp_per_floor":[67,49,49,49,49,37,37,31,31,28,40,39,39,39,39,47,68,68,68,68,82,57,46,45,45,45,45,51,51,56,52,52,53,75,58,63,63,63,65,51,51,43,43,39,39,44,49,49,49,64,42],"gold":382,"neow_bonus":"BOSS_RELIC","is_daily":false,"chose_seed":false,"campfire_upgraded":6,"win_rate":0.0,"timestamp":1614379881,"path_taken":["M","?","?","M","?","E","R","E","T","E","?","M","$","?","R","BOSS","M","?","?","$","M","E","M","?","T","?","M","R","E","M","R","BOSS","?","?","T","?","?","E","?","?","T","?","T","?","?","?","T","BOSS","BOSS"],"items_purchased_type":["Relic","Relic","Relic","Relic"],"build_version":"2020-12-22","purchased_purges":2,"victory":true,"max_hp_per_floor":[75,75,75,75,75,75,75,75,75,75,75,75,75,75,75,75,75,75,75,75,82,82,82,82,82,82,82,82,82,82,82,82,82,82,82,82,82,82,82,82,82,82,82,82,82,82,82,82,82,82,82],"card_choices":[{"not_picked":["ReplayTheSpireMod:LeadingStrike","Havoc"],"picked":"Twin Strike","floor":1},{"not_picked":["Reckless Charge","Cleave"],"picked":"ReplayTheSpireMod:Stacked","floor":4},{"not_picked":["Replay:Undeath\u0027s Touch","Second Wind","Cleave"],"picked":"SKIP","floor":6},{"not_picked":["Dual Wield","True Grit"],"picked":"Impervious","floor":8},{"not_picked":["Wild Strike","ReplayReversal"],"picked":"ReplayTheSpireMod:Limb From Limb","floor":10},{"not_picked":["Reckless Charge","Feel No Pain"],"picked":"ReplayTheSpireMod:Muscle Training","floor":11},{"not_picked":["Hemokinesis","ReplayReversal","Thunderclap"],"picked":"SKIP","floor":12},{"not_picked":["Replay:Many Hands","Impervious"],"picked":"Hemogenesis","floor":16},{"not_picked":["Pommel Strike","True Grit"],"picked":"Entrench","floor":18},{"not_picked":["Iron Wave","Massacre","Warcry"],"picked":"SKIP","floor":22},{"not_picked":["Searing Blow","Replay:Many Hands","Iron Wave"],"picked":"SKIP","floor":23},{"not_picked":["Pommel Strike","Whirlwind","Heavy Blade"],"picked":"SKIP","floor":24},{"not_picked":["Twin Strike","ReplayReversal"],"picked":"Run Through","floor":28},{"not_picked":["Warcry","Massacre"],"picked":"Body Slam+1","floor":30},{"not_picked":["Run Through","Iron Wave","Body Slam"],"picked":"SKIP","floor":31},{"not_picked":["Demonic Infusion","Fiend Fire"],"picked":"Barricade","floor":33},{"not_picked":["Cleave","Whirlwind"],"picked":"Battle Trance","floor":35},{"not_picked":["ReplayReversal","Headbutt"],"picked":"Rupture","floor":36},{"not_picked":["Dark Embrace","ReplayTheSpireMod:Strike From Hell+1","Flex+1"],"picked":"SKIP","floor":39},{"not_picked":["Entrench","ReplayTheSpireMod:Corrosion Curse+1","Warcry"],"picked":"SKIP","floor":40},{"not_picked":["Deep Breath","Replay:Sssssssssstrike"],"picked":"Mayhem","floor":41},{"not_picked":["Run Through+1","Cleave"],"picked":"Combust","floor":42},{"not_picked":["Cleave+1","ReplayTheSpireMod:Strike From Hell","Burning Pact"],"picked":"SKIP","floor":44},{"not_picked":["Twin Strike","Blood for Blood+1","ReplayTheSpireMod:Strike From Hell"],"picked":"SKIP","floor":46},{"not_picked":["ReplayTheSpireMod:Strike From Hell","Flex"],"picked":"Entrench+1","floor":47}],"player_experience":330255,"relics_obtained":[{"floor":3,"key":"Ring of Searing"},{"floor":3,"key":"Ring of Peace"},{"floor":6,"key":"Smiling Mask"},{"floor":8,"key":"Centennial Puzzle"},{"floor":9,"key":"Replay:Bottled Flurry"},{"floor":10,"key":"Turnip"},{"floor":23,"key":"PageOfFreischutz"},{"floor":26,"key":"Juzu Bracelet"},{"floor":27,"key":"Replay:Wax Seal"},{"floor":30,"key":"Ornamental Fan"},{"floor":36,"key":"Bird Faced Urn"},{"floor":40,"key":"Blue Candle"},{"floor":43,"key":"Replay:Mystery Machine"}],"event_choices":[{"damage_healed":0,"gold_gain":0,"player_choice":"Success","damage_taken":18,"relics_obtained":["Meat on the Bone"],"max_hp_gain":0,"max_hp_loss":0,"event_name":"Scrap Ooze","floor":2,"gold_loss":0},{"damage_healed":0,"gold_gain":0,"player_choice":"Trade","damage_taken":0,"relics_obtained":["SsserpentHead"],"max_hp_gain":0,"max_hp_loss":0,"event_name":"FaceTrader","floor":5,"gold_loss":0},{"damage_healed":0,"gold_gain":0,"player_choice":"Ignored","damage_taken":0,"max_hp_gain":0,"max_hp_loss":0,"event_name":"Liars Game","floor":14,"gold_loss":0},{"damage_healed":0,"gold_gain":0,"player_choice":"Read","damage_taken":0,"max_hp_gain":0,"max_hp_loss":0,"event_name":"The Library","floor":19,"gold_loss":0,"cards_obtained":["Disarm"]},{"damage_healed":0,"gold_gain":0,"player_choice":"Ignored","damage_taken":0,"max_hp_gain":0,"max_hp_loss":0,"event_name":"Vampires","floor":20,"gold_loss":0},{"damage_healed":0,"gold_gain":0,"player_choice":"Obtain J.A.X.","damage_taken":0,"max_hp_gain":0,"max_hp_loss":0,"event_name":"Drug Dealer","floor":25,"gold_loss":0,"cards_obtained":["J.A.X."]},{"damage_healed":0,"gold_gain":0,"player_choice":"Fight","damage_taken":0,"max_hp_gain":0,"max_hp_loss":0,"event_name":"MindBloom","floor":36,"gold_loss":0},{"damage_healed":0,"gold_gain":0,"player_choice":"0 cards matched","damage_taken":0,"max_hp_gain":0,"max_hp_loss":0,"event_name":"Match and Keep!","floor":38,"gold_loss":0,"cards_obtained":[]},{"damage_healed":0,"gold_gain":0,"player_choice":"Memory 1","damage_taken":0,"max_hp_gain":0,"max_hp_loss":0,"event_name":"SensoryStone","floor":41,"gold_loss":0},{"cards_removed":["Mayhem"],"damage_healed":0,"gold_gain":0,"player_choice":"Removed Power","damage_taken":0,"max_hp_gain":0,"max_hp_loss":0,"event_name":"Falling","floor":48,"gold_loss":0}],"is_beta":false,"boss_relics":[{"not_picked":["Cursed Key","Empty Cage"],"picked":"Philosopher\u0027s Stone"},{"not_picked":["SacredBark","Replay:Ancient Bell"],"picked":"Painkiller Herb"}],"items_purged_floors":[13,37],"is_endless":false,"potions_floor_spawned":[6,10,16,23,30,31,35,42,44,46],"ascension_level":20}}