{"host":"k0cm6nn9mnmji9h1","time":1614342872,"event":{"mods":["2.2 Compatiblity","AchievementEnabler","BaseMod","Colored Map","DeckTracker","Downfall","Gremlin Skip","Highlight Path","Minty Spire (QoL Compilation)","Permanent Neow","StSLib","Waifu the Spire"],"gold_per_floor":[109,123,137,156,172,172,182,197,197,197,222,239,254,354,354,456,456,475,489,509,509,529,281,281,103,103,103,136,136,235,269,269,368,368,378,396,396,410,489,489,515,354,354,369,176,191,191,207,207,207],"floor_reached":51,"language":"ENG","playtime":3294,"items_purged":["Strike_B","Defend_B","Strike_B"],"score":773,"play_id":"166ace52-a0ee-4841-8e46-5749499465cb","local_time":"20210226213432","is_ascension_mode":false,"campfire_choices":[{"data":"Zap","floor":6.0,"key":"SMITH"},{"data":"Chill","floor":10.0,"key":"SMITH"},{"data":"Defend_B","floor":15.0,"key":"SMITH"},{"floor":29.0,"key":"REST"},{"data":"Rainbow","floor":32.0,"key":"SMITH"},{"floor":40,"key":"REST"},{"floor":47,"key":"REST"},{"data":"Echo Form","floor":49,"key":"SMITH"}],"circlet_count":0,"master_deck":["Strike_B","Defend_B","Defend_B+1","Zap+1","Dualcast","Amplify","Barrage","Melter","Sweeping Beam","Chill+1","Go for the Eyes","Leap","Reboot","Reinforced Body","Self Repair","Machine Learning","CurseOfTheBell","Coolheaded","Ball Lightning","Go for the Eyes","Rainbow+1","Biased Cognition","Glacier+1","Hello World","Doom and Gloom","Hologram+1","Conserve Battery","Echo Form+1","Capacitor","Coolheaded","Madness","Madness","Chaos+1","Scrape","Defragment","Creative AI","Heatsinks","Turbo","Gash"],"relics":["FrozenCore","Letter Opener","Akabeko","Calling Bell","Vajra","Sundial","Mango","Darkstone Periapt","Art of War","Bag of Preparation","Bottled Lightning","Bird Faced Urn","Meat on the Bone"],"acts_visited":["Exordium","TheCity","TheBeyond"],"potions_floor_usage":[38,41,41,50,50,50],"damage_taken":[{"damage":1.0,"enemies":"Small Slimes","floor":1.0,"turns":3.0},{"damage":1.0,"enemies":"Cultist","floor":2.0,"turns":3.0},{"damage":6.0,"enemies":"Jaw Worm","floor":3.0,"turns":3.0},{"damage":0.0,"enemies":"Large Slime","floor":4.0,"turns":5.0},{"damage":10.0,"enemies":"Looter","floor":5.0,"turns":3.0},{"damage":7.0,"enemies":"Exordium Wildlife","floor":7.0,"turns":4.0},{"damage":0.0,"enemies":"2 Fungi Beasts","floor":8.0,"turns":3.0},{"damage":7.0,"enemies":"3 Sentries","floor":11.0,"turns":8.0},{"damage":0.0,"enemies":"Looter","floor":12.0,"turns":2.0},{"damage":5.0,"enemies":"Blue Slaver","floor":13.0,"turns":2.0},{"damage":7.0,"enemies":"Slime Boss","floor":16.0,"turns":8.0},{"damage":10.0,"enemies":"Shell Parasite","floor":18.0,"turns":7.0},{"damage":6.0,"enemies":"Chosen","floor":19.0,"turns":5.0},{"damage":13.0,"enemies":"Snecko","floor":20.0,"turns":5.0},{"damage":24.0,"enemies":"Centurion and Healer","floor":22.0,"turns":7.0},{"damage":42.0,"enemies":"Gremlin Leader","floor":28.0,"turns":11.0},{"damage":0.0,"enemies":"Book of Stabbing","floor":31.0,"turns":4.0},{"damage":26.0,"enemies":"Automaton","floor":33.0,"turns":12.0},{"damage":7,"enemies":"Orb Walker","floor":35,"turns":5},{"damage":13,"enemies":"3 Darklings","floor":36,"turns":8},{"damage":36,"enemies":"Spire Growth","floor":38,"turns":7},{"damage":50,"enemies":"Giant Head","floor":41,"turns":10},{"damage":8,"enemies":"4 Shapes","floor":44,"turns":4},{"damage":23,"enemies":"Maw","floor":46,"turns":8},{"damage":33,"enemies":"Spire Growth","floor":48,"turns":6},{"damage":90,"enemies":"Awakened One","floor":50,"turns":15}],"seed_played":"-8044518289934557040","potions_obtained":[{"floor":2.0,"key":"EssenceOfDarkness"},{"floor":5.0,"key":"Guardian:BlockOnCardUsePotion"},{"floor":8.0,"key":"Strength Potion"},{"floor":16.0,"key":"SpeedPotion"},{"floor":20.0,"key":"EntropicBrew"},{"floor":22.0,"key":"Energy Potion"},{"floor":28.0,"key":"Weak Potion"},{"floor":36,"key":"SneckoOil"},{"floor":38,"key":"Weak Potion"},{"floor":44,"key":"CultistPotion"},{"floor":46,"key":"Weak Potion"}],"is_trial":false,"path_per_floor":["M","M","M","M","M","R","M","M","T","R","E","M","M","?","R","B",null,"M","M","M","?","M","$","?","$","T","$","E","R","?","E","R","B",null,"M","M","?","M","T","R","E","$","T","M","$","M","R","M","R","B",null],"character_chosen":"DEFECT","items_purchased":["Hello World","Fruit Juice","Doom and Gloom","Scrape","Defragment","Block Potion","Heatsinks"],"campfire_rested":3,"item_purchase_floors":[23,23,25,42,42,42,45],"current_hp_per_floor":[74,73,67,67,57,57,50,50,50,50,43,43,38,38,38,38,89,89,89,76,76,59,59,59,59,59,59,29,57,57,64,64,38,94,94,88,76,47,47,75,32,32,32,51,51,57,85,87,87,19],"gold":207,"neow_bonus":"ONE_RANDOM_RARE_CARD","is_daily":false,"chose_seed":false,"campfire_upgraded":5,"win_rate":0.0,"timestamp":1614342872,"path_taken":["M","M","M","M","M","R","M","M","T","R","E","M","M","?","R","BOSS","M","M","M","?","M","$","?","$","T","$","E","R","?","E","R","BOSS","M","M","?","M","?","R","E","$","T","M","$","M","R","M","R","BOSS"],"items_purchased_type":["Card","Potion","Card","Card","Card","Potion","Card"],"build_version":"2020-12-22","purchased_purges":3,"victory":true,"max_hp_per_floor":[75,75,75,75,75,75,75,75,75,75,75,75,75,75,75,75,89,89,89,89,89,89,89,89,89,89,89,94,94,94,94,94,94,94,94,94,94,94,94,94,94,94,94,94,94,94,94,94,94,94],"card_choices":[{"not_picked":["Steam","Go for the Eyes"],"picked":"Barrage","floor":1.0},{"not_picked":["Rebound","FTL"],"picked":"Melter","floor":2.0},{"not_picked":["Consume","Leap"],"picked":"Sweeping Beam","floor":3.0},{"not_picked":["Gash","Coolheaded"],"picked":"Chill","floor":4.0},{"not_picked":["Redo","Barrage"],"picked":"Go for the Eyes","floor":5.0},{"not_picked":["Undo","Stack"],"picked":"Leap","floor":7.0},{"not_picked":["Streamline","Steam","Cold Snap"],"picked":"SKIP","floor":8.0},{"not_picked":["Hologram","Lockon"],"picked":"Reboot","floor":11.0},{"not_picked":["Rip and Tear","Redo"],"picked":"Reinforced Body","floor":12.0},{"not_picked":["FTL","Stack"],"picked":"Self Repair","floor":13.0},{"not_picked":["Fission","Biased Cognition"],"picked":"Machine Learning","floor":16.0},{"not_picked":["Streamline+1","Turbo+1"],"picked":"Coolheaded","floor":18.0},{"not_picked":["Redo","Glacier"],"picked":"Ball Lightning","floor":19.0},{"not_picked":["Hyperbeam","Lockon"],"picked":"Go for the Eyes","floor":20.0},{"not_picked":["Steam","Sunder"],"picked":"Glacier+1","floor":22.0},{"not_picked":["Turbo","Fusion"],"picked":"Hologram+1","floor":28.0},{"not_picked":["Auto Shields","Streamline"],"picked":"Conserve Battery","floor":31.0},{"not_picked":["Buffer","Fission"],"picked":"Echo Form","floor":33.0},{"not_picked":["Coolheaded+1","Compile Driver+1"],"picked":"Capacitor","floor":35},{"not_picked":["Redo","Go for the Eyes+1"],"picked":"Coolheaded","floor":36},{"not_picked":["Hello World","Ball Lightning+1"],"picked":"Chaos+1","floor":38},{"not_picked":["Ball Lightning+1","Go for the Eyes","Rebound+1"],"picked":"SKIP","floor":41},{"not_picked":["FTL+1","Turbo+1"],"picked":"Creative AI","floor":44},{"not_picked":["Auto Shields","Steam Power+1"],"picked":"Turbo","floor":46},{"not_picked":["Beam Cell","Auto Shields"],"picked":"Gash","floor":48}],"player_experience":552562,"relics_obtained":[{"floor":9.0,"key":"Letter Opener"},{"floor":11.0,"key":"Akabeko"},{"floor":17.0,"key":"Vajra"},{"floor":17.0,"key":"Sundial"},{"floor":17.0,"key":"Mango"},{"floor":26.0,"key":"Darkstone Periapt"},{"floor":28.0,"key":"Art of War"},{"floor":31.0,"key":"Bag of Preparation"},{"floor":39,"key":"Bottled Lightning"},{"floor":41,"key":"Bird Faced Urn"},{"floor":43,"key":"Meat on the Bone"}],"event_choices":[{"damage_healed":0.0,"max_hp_gain":0.0,"max_hp_loss":0.0,"gold_gain":100.0,"event_name":"Golden Shrine","player_choice":"Pray","floor":14.0,"gold_loss":0.0,"damage_taken":0.0},{"damage_healed":0.0,"max_hp_gain":0.0,"max_hp_loss":0.0,"gold_gain":0.0,"cards_transformed":["Strike_B","Defend_B"],"event_name":"Drug Dealer","player_choice":"Became Test Subject","floor":21.0,"gold_loss":0.0,"damage_taken":0.0,"cards_obtained":["Rainbow","Biased Cognition"]},{"damage_healed":0.0,"max_hp_gain":0.0,"max_hp_loss":0.0,"gold_gain":99.0,"event_name":"Nest","player_choice":"Stole From Cult","floor":30.0,"gold_loss":0.0,"damage_taken":0.0},{"damage_healed":0,"gold_gain":0,"player_choice":"Embrace Madness","damage_taken":12,"max_hp_gain":0,"max_hp_loss":0,"event_name":"Winding Halls","floor":37,"gold_loss":0,"cards_obtained":["Madness","Madness"]}],"is_beta":false,"boss_relics":[{"not_picked":["Black Star","SlaversCollar"],"picked":"Calling Bell"},{"not_picked":["Velvet Choker","Inserter"],"picked":"FrozenCore"}],"items_purged_floors":[23,25,45],"is_endless":false,"potions_floor_spawned":[2,5,8,11,16,20,22,28,36,38,44,46],"ascension_level":0}}