{"host":"zp8jvycvinn13jdb","time":1614363681,"event":{"mods":["BaseMod","Better Match","Colored Powertips","Downfall","Googly Eyes","Hermit","Minty Spire (QoL Compilation)","Rare Cards Sparkle","Relic Stats","StSLib","SuperFastMode","Synergy Search","The Bug Knight","The Cursed"],"gold_per_floor":[112,112,187,187,61,92,102,113,113,113,38,50,50,64,64,167,167,187,187,35,52,63,63,73,86,166,166,166],"floor_reached":27,"language":"ENG","playtime":1077,"items_purged":["Strike_G"],"score":240,"play_id":"b614fa10-cb12-4dd9-b242-c4727f65cc96","local_time":"20210226132121","is_ascension_mode":false,"campfire_choices":[{"data":"Deadly Poison","floor":10,"key":"SMITH"},{"floor":15,"key":"REST"},{"floor":23,"key":"REST"}],"circlet_count":0,"master_deck":["Strike_G","Strike_G","Strike_G","Strike_G","Defend_G","Defend_G","Defend_G","Defend_G","Defend_G","Survivor","Neutralize","Deadly Poison+1","Noxious Fumes","Sucker Punch","Outmaneuver+1","Envenom","Bane","Bane","Poisoned Stab"],"relics":["Ring of the Serpent","NeowsBlessing","Toxic Egg 2","Vajra","HollowMod:LifeEnderRelic","TwistedFunnel","Mercury Hourglass"],"acts_visited":["Exordium","TheCity"],"potions_floor_usage":[22,27],"damage_taken":[{"damage":0,"enemies":"Cultist","floor":1,"turns":1},{"damage":0,"enemies":"Gremlin Nob","floor":6,"turns":1},{"damage":0,"enemies":"Jaw Worm","floor":7,"turns":1},{"damage":0,"enemies":"2 Louse","floor":8,"turns":3},{"damage":5,"enemies":"Blue Slaver","floor":12,"turns":3},{"damage":1,"enemies":"Exordium Thugs","floor":14,"turns":5},{"damage":35,"enemies":"The Guardian","floor":16,"turns":11},{"damage":9,"enemies":"Shell Parasite","floor":18,"turns":6},{"damage":22,"enemies":"3 Byrds","floor":21,"turns":5},{"damage":15,"enemies":"Snecko","floor":22,"turns":5},{"damage":16,"enemies":"Centurion and Healer","floor":24,"turns":5},{"damage":18,"enemies":"Snake Plant","floor":25,"turns":4},{"damage":17,"enemies":"Shelled Parasite and Fungi","floor":27,"turns":2}],"seed_played":"-7958204243861587941","potions_obtained":[{"floor":1,"key":"Block Potion"},{"floor":14,"key":"champ:CounterPotion"},{"floor":16,"key":"Ancient Potion"},{"floor":22,"key":"SteroidPotion"}],"is_trial":false,"path_per_floor":["M","$","?","?","$","E","M","M","T","R","$","M","$","M","R","B",null,"M","?","$","M","M","R","M","M","T","M"],"character_chosen":"THE_SILENT","items_purchased":["Noxious Fumes","Sucker Punch","TwistedFunnel"],"campfire_rested":2,"item_purchase_floors":[5,5,20],"current_hp_per_floor":[70,70,59,52,52,52,52,52,52,52,52,47,47,46,67,32,70,61,61,61,39,24,45,29,11,11,0,0],"gold":166,"neow_bonus":"THREE_ENEMY_KILL","is_daily":false,"chose_seed":false,"campfire_upgraded":1,"win_rate":0.0,"timestamp":1614363681,"path_taken":["M","?","?","?","?","E","M","M","T","R","$","M","$","M","R","BOSS","M","?","$","M","M","R","M","?","T","M"],"items_purchased_type":["Card","Card","Relic"],"build_version":"2020-12-22","purchased_purges":1,"victory":false,"max_hp_per_floor":[70,70,70,70,70,70,70,70,70,70,70,70,70,70,70,70,70,70,70,70,70,70,70,70,70,70,70,70],"relic_stats":{"counters":[13,52],"obtain_stats":[{"TwistedFunnel":20,"HollowMod:LifeEnderRelic":9,"NeowsBlessing":0,"Vajra":6,"Toxic Egg 2":4,"Ring of the Serpent":17,"Ring of the Snake":0,"Mercury Hourglass":26},{"TwistedFunnel":8,"HollowMod:LifeEnderRelic":4,"NeowsBlessing":0,"Vajra":2,"Toxic Egg 2":1,"Ring of the Serpent":7,"Ring of the Snake":0,"Mercury Hourglass":12},{"TwistedFunnel":31,"HollowMod:LifeEnderRelic":6,"NeowsBlessing":0,"Vajra":2,"Toxic Egg 2":1,"Ring of the Serpent":25,"Ring of the Snake":0,"Mercury Hourglass":50}],"Mercury Hourglass":[3]},"card_choices":[{"not_picked":["Eviscerate","Dodge and Roll"],"picked":"Deadly Poison","floor":1},{"not_picked":["Cloak And Dagger+1","Slice","Terror+1"],"picked":"SKIP","floor":6},{"not_picked":["Sucker Punch","Dagger Spray","Flechettes"],"picked":"SKIP","floor":7},{"not_picked":["Eviscerate","Dagger Throw","Setup+1"],"picked":"SKIP","floor":8},{"not_picked":["Escape Plan+1","Underhanded Strike"],"picked":"Outmaneuver+1","floor":12},{"not_picked":["Cloak And Dagger+1","Eviscerate","Backflip+1"],"picked":"SKIP","floor":14},{"not_picked":["Bullet Time+1","Adrenaline+1"],"picked":"Envenom","floor":16},{"not_picked":["Flying Knee","Expertise+1","Outmaneuver+1"],"picked":"SKIP","floor":18},{"not_picked":["Riddle With Holes","Slice"],"picked":"Bane","floor":21},{"not_picked":["Deadly Poison+1","Outmaneuver+1"],"picked":"Bane","floor":22},{"not_picked":["Footwork+1","Well Laid Plans","Outmaneuver+1"],"picked":"SKIP","floor":24},{"not_picked":["Prepared+1","Concentrate+1"],"picked":"Poisoned Stab","floor":25}],"player_experience":210318,"relics_obtained":[{"floor":6,"key":"Vajra"},{"floor":9,"key":"HollowMod:LifeEnderRelic"},{"floor":26,"key":"Mercury Hourglass"}],"event_choices":[{"damage_healed":0,"gold_gain":75,"player_choice":"Gather Gold","damage_taken":11,"max_hp_gain":0,"max_hp_loss":0,"event_name":"World of Goop","floor":3,"gold_loss":0},{"damage_healed":0,"gold_gain":0,"player_choice":"Success","damage_taken":7,"relics_obtained":["Toxic Egg 2"],"max_hp_gain":0,"max_hp_loss":0,"event_name":"Scrap Ooze","floor":4,"gold_loss":0},{"damage_healed":0,"gold_gain":0,"player_choice":"Ignored","damage_taken":0,"max_hp_gain":0,"max_hp_loss":0,"event_name":"Duplicator","floor":19,"gold_loss":0}],"is_beta":false,"boss_relics":[{"not_picked":["HoveringKite","Velvet Choker"],"picked":"Ring of the Serpent"}],"items_purged_floors":[11],"is_endless":false,"potions_floor_spawned":[1,14,16,18,22],"killed_by":"Shelled Parasite and Fungi","ascension_level":0}}