{"host":"ovivighfa421z0zp","time":1614347567,"event":{"mods":["BaseMod","Colored Map","DeckTracker","Keyboard Shortcuts","Marisa£¨Ùöéë¡¡Øª×âÞÞ£©","Minty Spire (QoL Compilation)","Permanent Neow","Quick Restart","StSLib","SuperFastMode","Td1madao Mod","The Poker Player","The Servant 0.9.4"],"gold_per_floor":[117,117,117,117,132,160,160,22,104,115,125,125,125,154,154,251,301,318,228,242,261,16,16,28,28,28,28,44,59,59,78,78,178,178,190,201,220,31,48,48,64,64,64,64,74,74,74,84,84,84],"floor_reached":51,"language":"KOR","playtime":1510,"items_purged":["PokerPlayerMod:Spade1","PokerPlayerMod:Club2","PokerPlayerMod:Diamond2"],"score":1147,"play_id":"012fe7e2-bf87-4730-9bac-5ee32c107013","local_time":"20210226225247","is_ascension_mode":true,"metric_token":862,"campfire_choices":[{"data":"PokerPlayerMod:TrumpStrike","floor":7.0,"key":"SMITH"},{"data":"PokerPlayerMod:ItsShowtime","floor":15.0,"key":"SMITH"},{"data":"PokerPlayerMod:FakeSymbols","floor":23.0,"key":"SMITH"},{"data":"PokerPlayerMod:CardBurn","floor":25.0,"key":"SMITH"},{"data":"PokerPlayerMod:FillThePot","floor":27.0,"key":"SMITH"},{"data":"PokerPlayerMod:CloakAndDiamond","floor":30.0,"key":"SMITH"},{"floor":32.0,"key":"REST"},{"data":"PokerPlayerMod:Diamond4","floor":40.0,"key":"SMITH"},{"data":"PokerPlayerMod:ItsShowtime","floor":42.0,"key":"SMITH"},{"floor":49.0,"key":"REST"}],"circlet_count":0,"master_deck":["PokerPlayerMod:Diamond3","PokerPlayerMod:Diamond4","PokerPlayerMod:Diamond5","PokerPlayerMod:Spade2","PokerPlayerMod:Spade3","PokerPlayerMod:Spade4","PokerPlayerMod:Heart2","PokerPlayerMod:TrumpStrike+1","PokerPlayerMod:BadJoker","PokerPlayerMod:Mulligan+1","PokerPlayerMod:Diamond4","PokerPlayerMod:Diamond5","PokerPlayerMod:CloakAndDiamond+1","PokerPlayerMod:Spade10+","PokerPlayerMod:CardBurn+1","PokerPlayerMod:Diamond5","PokerPlayerMod:Club3","PokerPlayerMod:Club3","PokerPlayerMod:Club4","PokerPlayerMod:Club5","PokerPlayerMod:Club6","PokerPlayerMod:ItsShowtime+1","PokerPlayerMod:SecretDealer","PokerPlayerMod:Club5","PokerPlayerMod:FillThePot+1","PokerPlayerMod:DiamondStrike+1","PokerPlayerMod:FakeSymbols+1","PokerPlayerMod:Spade7","PokerPlayerMod:Club5","PokerPlayerMod:Heart10+","PokerPlayerMod:Spade8","PokerPlayerMod:Diamond5","PokerPlayerMod:Spade5","PokerPlayerMod:Raise+1","PokerPlayerMod:ItsShowtime+1","PokerPlayerMod:Club5","PokerPlayerMod:ItsShowtime+1","PokerPlayerMod:CardBurn+1","PokerPlayerMod:CardBurn+1"],"relics":["PokerPlayerMod:DeckCase","NeowsBlessing","Toy Ornithopter","StrikeDummy","PokerPlayerMod:EnergeticBat","Tiny House","Orichalcum","SacredBark","Dream Catcher"],"acts_visited":["Exordium","TheCity","TheBeyond"],"potions_floor_usage":[50],"damage_taken":[{"damage":0.0,"enemies":"2 Louse","floor":1.0,"turns":1.0},{"damage":0.0,"enemies":"Jaw Worm","floor":5.0,"turns":1.0},{"damage":0.0,"enemies":"3 Sentries","floor":6.0,"turns":1.0},{"damage":0.0,"enemies":"Cultist","floor":10.0,"turns":2.0},{"damage":0.0,"enemies":"Blue Slaver","floor":11.0,"turns":2.0},{"damage":0.0,"enemies":"Gremlin Nob","floor":14.0,"turns":2.0},{"damage":0.0,"enemies":"Hexaghost","floor":16.0,"turns":7.0},{"damage":1.0,"enemies":"3 Byrds","floor":18.0,"turns":3.0},{"damage":0.0,"enemies":"Spheric Guardian","floor":20.0,"turns":1.0},{"damage":12.0,"enemies":"Cultist and Chosen","floor":21.0,"turns":4.0},{"damage":24.0,"enemies":"Snake Plant","floor":24.0,"turns":3.0},{"damage":9.0,"enemies":"Centurion and Healer","floor":28.0,"turns":2.0},{"damage":0.0,"enemies":"3 Cultists","floor":29.0,"turns":1.0},{"damage":13.0,"enemies":"Snake Plant","floor":31.0,"turns":2.0},{"damage":0.0,"enemies":"Champ","floor":33.0,"turns":2.0},{"damage":0.0,"enemies":"3 Shapes","floor":35.0,"turns":2.0},{"damage":0.0,"enemies":"Orb Walker","floor":36.0,"turns":3.0},{"damage":8.0,"enemies":"Maw","floor":37.0,"turns":7.0},{"damage":0.0,"enemies":"Jaw Worm Horde","floor":39.0,"turns":2.0},{"damage":0.0,"enemies":"3 Darklings","floor":41.0,"turns":2.0},{"damage":18.0,"enemies":"Transient","floor":45.0,"turns":5.0},{"damage":12.0,"enemies":"Spire Growth","floor":48.0,"turns":3.0},{"damage":47,"enemies":"Time Eater","floor":50,"turns":9}],"seed_played":"-1297188020802207055","potions_obtained":[{"floor":1.0,"key":"DuplicationPotion"},{"floor":6.0,"key":"SteroidPotion"},{"floor":16.0,"key":"SkillPotion"},{"floor":17.0,"key":"SkillPotion"},{"floor":21.0,"key":"Regen Potion"},{"floor":28.0,"key":"Block Potion"},{"floor":33.0,"key":"Block Potion"},{"floor":36.0,"key":"GamblersBrew"},{"floor":37.0,"key":"AttackPotion"},{"floor":39.0,"key":"Regen Potion"}],"is_trial":false,"path_per_floor":["M","?","?","?","M","E","R","$","T","M","M","?","?","E","R","B",null,"M","?","M","M","$","R","M","R","T","R","M","M","R","M","R","B",null,"M","M","M","$","M","R","M","R","T","$","M","?","?","M","R","B",null],"character_chosen":"THE_POKER_PLAYER","items_purchased":["PokerPlayerMod:Spade9","PokerPlayerMod:FakeSymbols","PokerPlayerMod:Spade5"],"campfire_rested":2,"item_purchase_floors":[8,22,38],"current_hp_per_floor":[47,52,41,41,43,43,43,43,43,43,43,43,43,45,45,49,60,61,61,61,49,49,49,29,29,29,29,35,35,35,22,40,55,60,62,62,58,58,62,62,62,62,62,62,44,44,44,37,55,40],"gold":84,"neow_bonus":"THREE_ENEMY_KILL","is_daily":false,"chose_seed":false,"campfire_upgraded":8,"win_rate":0.0,"timestamp":1614347567,"path_taken":["M","?","?","?","?","E","R","$","T","M","M","?","?","E","R","BOSS","M","?","M","M","$","R","M","R","T","R","M","M","R","M","R","BOSS","M","?","M","?","M","R","M","R","T","?","?","?","?","M","R","BOSS"],"items_purchased_type":["Card","Card","Card"],"build_version":"2020-12-22","purchased_purges":3,"victory":true,"max_hp_per_floor":[52,57,57,57,57,57,57,57,57,57,57,57,57,57,57,57,62,62,62,62,62,62,62,62,62,62,62,62,62,62,62,62,62,62,62,62,62,62,62,62,62,62,62,62,62,62,62,62,62,62],"card_choices":[{"not_picked":["PokerPlayerMod:Diamond3","PokerPlayerMod:Spade2"],"picked":"PokerPlayerMod:Diamond4","floor":1.0},{"not_picked":["PokerPlayerMod:Trickery","PokerPlayerMod:Raise"],"picked":"PokerPlayerMod:Diamond5","floor":5.0},{"not_picked":["PokerPlayerMod:Diamond1","PokerPlayerMod:DamnStraight"],"picked":"PokerPlayerMod:CloakAndDiamond","floor":6.0},{"not_picked":["PokerPlayerMod:Spade2","PokerPlayerMod:ClubDance"],"picked":"PokerPlayerMod:CardBurn","floor":10.0},{"not_picked":["PokerPlayerMod:MagicTrick","PokerPlayerMod:Diamond2"],"picked":"PokerPlayerMod:Diamond4","floor":11.0},{"not_picked":["PokerPlayerMod:Trickery","PokerPlayerMod:Diamond4","PokerPlayerMod:Raise"],"picked":"SKIP","floor":14.0},{"not_picked":["PokerPlayerMod:VarietyAttack","PokerPlayerMod:RoyalStrike"],"picked":"PokerPlayerMod:SecretDealer","floor":16.0},{"not_picked":["PokerPlayerMod:Manipulation","PokerPlayerMod:Raise"],"picked":"PokerPlayerMod:Club5","floor":17.0},{"not_picked":["PokerPlayerMod:Spade8","PokerPlayerMod:CloakAndDiamond"],"picked":"PokerPlayerMod:FillThePot","floor":18.0},{"not_picked":["PokerPlayerMod:Club2","PokerPlayerMod:Configure"],"picked":"PokerPlayerMod:DiamondStrike+1","floor":20.0},{"not_picked":["PokerPlayerMod:Trickery+1","PokerPlayerMod:Spade7","PokerPlayerMod:DartThrow"],"picked":"SKIP","floor":21.0},{"not_picked":["PokerPlayerMod:Diamond3","PokerPlayerMod:Spade3","PokerPlayerMod:Club3"],"picked":"SKIP","floor":24.0},{"not_picked":["PokerPlayerMod:SecondChance","PokerPlayerMod:Diamond4"],"picked":"PokerPlayerMod:Spade7","floor":28.0},{"not_picked":["PokerPlayerMod:Trickery+1","PokerPlayerMod:Manipulation","PokerPlayerMod:Harden"],"picked":"SKIP","floor":29.0},{"not_picked":["PokerPlayerMod:Spade3","PokerPlayerMod:Extraction"],"picked":"PokerPlayerMod:Club5","floor":31.0},{"not_picked":["PokerPlayerMod:Diamond7","PokerPlayerMod:Club9"],"picked":"PokerPlayerMod:Heart10+","floor":33.0},{"not_picked":["PokerPlayerMod:Extraction","PokerPlayerMod:Spade4"],"picked":"PokerPlayerMod:Spade8","floor":35.0},{"not_picked":["PokerPlayerMod:ClubsClub","PokerPlayerMod:MagicTrick","PokerPlayerMod:Configure"],"picked":"SKIP","floor":36.0},{"not_picked":["PokerPlayerMod:Club4","PokerPlayerMod:Diamond3"],"picked":"PokerPlayerMod:Diamond5","floor":37.0},{"not_picked":["PokerPlayerMod:Diamond5","PokerPlayerMod:CloakAndDiamond"],"picked":"PokerPlayerMod:Raise+1","floor":39.0},{"not_picked":["PokerPlayerMod:PoorCopy+1","PokerPlayerMod:MagicTrick"],"picked":"PokerPlayerMod:ItsShowtime","floor":41.0},{"not_picked":["PokerPlayerMod:DamnStraight","PokerPlayerMod:Diamond2"],"picked":"PokerPlayerMod:Club5","floor":45.0},{"not_picked":["PokerPlayerMod:Spade2","PokerPlayerMod:Trickery"],"picked":"PokerPlayerMod:CardBurn+1","floor":48.0},{"not_picked":["PokerPlayerMod:Diamond2","PokerPlayerMod:Spade4"],"picked":"PokerPlayerMod:CardBurn+1","floor":49.0}],"player_experience":769546,"relics_obtained":[{"floor":6.0,"key":"Toy Ornithopter"},{"floor":9.0,"key":"StrikeDummy"},{"floor":14.0,"key":"PokerPlayerMod:EnergeticBat"},{"floor":26.0,"key":"Orichalcum"},{"floor":43.0,"key":"Dream Catcher"}],"event_choices":[{"damage_healed":0.0,"max_hp_gain":5.0,"max_hp_loss":0.0,"gold_gain":0.0,"event_name":"Big Fish","player_choice":"Donut","floor":2.0,"gold_loss":0.0,"damage_taken":0.0},{"damage_healed":0.0,"max_hp_gain":0.0,"max_hp_loss":0.0,"gold_gain":0.0,"event_name":"Shining Light","player_choice":"Entered Light","floor":3.0,"gold_loss":0.0,"damage_taken":11.0,"cards_upgraded":["PokerPlayerMod:Diamond2","PokerPlayerMod:Mulligan"]},{"cards_removed":["PokerPlayerMod:Club1"],"damage_healed":0.0,"max_hp_gain":0.0,"max_hp_loss":0.0,"gold_gain":0.0,"event_name":"Purifier","player_choice":"Purged","floor":4.0,"gold_loss":0.0,"damage_taken":0.0},{"damage_healed":0.0,"max_hp_gain":0.0,"max_hp_loss":0.0,"gold_gain":0.0,"event_name":"PokerPlayerMod:ExordiumClub","player_choice":"Jackpot","floor":12.0,"gold_loss":0.0,"damage_taken":0.0,"cards_obtained":["PokerPlayerMod:Club2","PokerPlayerMod:Club3","PokerPlayerMod:Club4","PokerPlayerMod:Club5","PokerPlayerMod:Club6"]},{"damage_healed":0.0,"max_hp_gain":0.0,"max_hp_loss":0.0,"gold_gain":0.0,"event_name":"PokerPlayerMod:ExordiumClub","player_choice":"Jackpot","floor":12.0,"gold_loss":0.0,"damage_taken":0.0,"cards_obtained":["PokerPlayerMod:Club2","PokerPlayerMod:Club3","PokerPlayerMod:Club4","PokerPlayerMod:Club5","PokerPlayerMod:Club6"]},{"damage_healed":0.0,"max_hp_gain":0.0,"max_hp_loss":0.0,"gold_gain":0.0,"event_name":"PokerPlayerMod:ExordiumClub","player_choice":"Jackpot","floor":12.0,"gold_loss":0.0,"damage_taken":0.0,"cards_obtained":["PokerPlayerMod:Club2","PokerPlayerMod:Club3","PokerPlayerMod:Club4","PokerPlayerMod:Club5","PokerPlayerMod:Club6"]},{"damage_healed":0.0,"max_hp_gain":0.0,"max_hp_loss":0.0,"gold_gain":0.0,"event_name":"PokerPlayerMod:ExordiumClub","player_choice":"Jackpot","floor":12.0,"gold_loss":0.0,"damage_taken":0.0,"cards_obtained":["PokerPlayerMod:Club2","PokerPlayerMod:Club3","PokerPlayerMod:Club4","PokerPlayerMod:Club5","PokerPlayerMod:Club6"]},{"damage_healed":0.0,"max_hp_gain":0.0,"max_hp_loss":0.0,"gold_gain":0.0,"event_name":"PokerPlayerMod:ExordiumClub","player_choice":"Jackpot","floor":12.0,"gold_loss":0.0,"damage_taken":0.0,"cards_obtained":["PokerPlayerMod:Club2","PokerPlayerMod:Club3","PokerPlayerMod:Club4","PokerPlayerMod:Club5","PokerPlayerMod:Club6"]},{"damage_healed":0.0,"max_hp_gain":0.0,"max_hp_loss":0.0,"gold_gain":0.0,"event_name":"Match and Keep!","player_choice":"1 cards matched","floor":13.0,"gold_loss":0.0,"damage_taken":0.0,"cards_obtained":["PokerPlayerMod:ItsShowtime"]},{"cards_removed":["PokerPlayerMod:Diamond2"],"damage_healed":0.0,"max_hp_gain":0.0,"max_hp_loss":0.0,"gold_gain":0.0,"event_name":"Designer","player_choice":"Upgrade and Remove","floor":19.0,"gold_loss":90.0,"damage_taken":0.0,"cards_upgraded":["PokerPlayerMod:Club3"]},{"damage_healed":0.0,"max_hp_gain":0.0,"max_hp_loss":0.0,"gold_gain":0.0,"event_name":"Mysterious Sphere","player_choice":"Ignored","floor":46.0,"gold_loss":0.0,"damage_taken":0.0},{"damage_healed":0.0,"max_hp_gain":0.0,"max_hp_loss":0.0,"gold_gain":0.0,"event_name":"Duplicator","player_choice":"Copied","floor":47.0,"gold_loss":0.0,"damage_taken":0.0,"cards_obtained":["PokerPlayerMod:ItsShowtime"]}],"is_beta":false,"boss_relics":[{"not_picked":["Calling Bell","PokerPlayerMod:AceCard"],"picked":"Tiny House"},{"not_picked":["Fusion Hammer","Velvet Choker"],"picked":"SacredBark"}],"items_purged_floors":[8,22,38],"is_endless":false,"potions_floor_spawned":[1,6,16,21,28,29,33,36,37,39],"ascension_level":6}}