{"host":"0hb9w7uizu7y13wj","time":1614374889,"event":{"mods":["Act Like it!","Aspiration","BaseMod","BetterRewards","Colored Map","Conspire","Downfall","Energized Spire","FTL Soundtrack","Friendly Minions","Halation","Hubris","Infinite Spire","Minty Spire (QoL Compilation)","Quick Restart","Replay The Spire","StSLib","Synergy Search","The Hierophant","The Jungle","The Poker Player","Trackpad","everything is the same but u backflip on backflip"],"gold_per_floor":[109,128,128,147,147,175,189,223,274,274,274],"floor_reached":10,"language":"ENG","playtime":530,"items_purged":["Strike_G"],"score":156,"play_id":"a7cb5ee2-78fc-4444-b4a6-b77365f10cef","local_time":"20210226212809","is_ascension_mode":true,"campfire_choices":[],"circlet_count":0,"master_deck":["AscendersBane","Strike_G","Strike_G","Strike_G","Strike_G","Defend_G","Defend_G","Defend_G","Defend_G","Defend_G","Survivor","Neutralize","Poisoned Stab","Replay:Poison Smokescreen","Flying Knee","Replay:Poison Smokescreen","Blur","Deadly Poison"],"relics":["Ring of the Snake","aspiration:FetidBarrel","infinitespire:CursedDice","ReplayTheSpireMod:TigerMarble","Ancient Tea Set","aspiration:TomeofQuesting"],"acts_visited":["Exordium"],"potions_floor_usage":[8],"damage_taken":[{"damage":1.0,"enemies":"conspire:RoseBush","floor":1.0,"turns":3.0},{"damage":0.0,"enemies":"Jaw Worm","floor":2.0,"turns":3.0},{"damage":7.0,"enemies":"Small Slimes","floor":4.0,"turns":3.0},{"damage":9.0,"enemies":"3 Sentries","floor":6.0,"turns":6.0},{"damage":8.0,"enemies":"Exordium Thugs","floor":7.0,"turns":5.0},{"damage":30,"enemies":"Gremlin Nob","floor":8,"turns":4},{"damage":0,"enemies":"Replay:BlueRogue","floor":10,"turns":3}],"seed_played":"6899266753460065937","potions_obtained":[{"floor":1.0,"key":"Cursed Concoction"},{"floor":4.0,"key":"ColorlessPotion"},{"floor":6.0,"key":"Dexterity Potion"},{"floor":7.0,"key":"Strength Potion"},{"floor":8,"key":"SteroidPotion"}],"is_trial":false,"path_per_floor":["M","M","?","M","?","E","M","E","T","E"],"character_chosen":"THE_SILENT","items_purchased":["aspiration:FetidBarrel","Poisoned Stab","Replay:Poison Smokescreen","Flying Knee"],"campfire_rested":0,"item_purchase_floors":[0,0,0,0],"current_hp_per_floor":[27,27,27,20,20,11,3,24,24,24,24],"gold":274,"neow_bonus":"","is_daily":false,"chose_seed":false,"campfire_upgraded":0,"win_rate":0.0,"timestamp":1614374889,"path_taken":["M","M","?","M","?","E","M","E","T","E"],"items_purchased_type":["Relic","Card","Card","Card"],"build_version":"2020-12-22","purchased_purges":1,"victory":false,"max_hp_per_floor":[66,66,66,66,66,66,66,66,66,66,66],"card_choices":[{"not_picked":["Slice","Dodge and Roll","Acrobatics"],"picked":"SKIP","floor":1.0},{"not_picked":["Bane","Cloak And Dagger","Fluid Movement"],"picked":"SKIP","floor":2.0},{"not_picked":["Caltrops","Unload"],"picked":"Replay:Poison Smokescreen","floor":4.0},{"not_picked":["Atom Bomb","ReplayTheSpireMod:The Works"],"picked":"Blur","floor":6.0},{"not_picked":["Toxin Wave","ReplayTheSpireMod:Speed Training","hubris:SlightOfHand"],"picked":"SKIP","floor":7.0},{"not_picked":["All Out Attack","Atom Bomb"],"picked":"Deadly Poison","floor":8}],"player_experience":1001249,"relics_obtained":[{"floor":6.0,"key":"ReplayTheSpireMod:TigerMarble"},{"floor":8,"key":"Ancient Tea Set"},{"floor":9,"key":"aspiration:TomeofQuesting"}],"event_choices":[{"damage_healed":0.0,"max_hp_gain":0.0,"max_hp_loss":0.0,"gold_gain":0.0,"event_name":"Scrap Ooze","player_choice":"Fled","floor":3.0,"gold_loss":0.0,"damage_taken":0.0}],"is_beta":false,"boss_relics":[],"items_purged_floors":[0],"is_endless":false,"potions_floor_spawned":[1,4,6,7,8],"killed_by":"Replay:BlueRogue","ascension_level":20}}