{"host":"njb27ds59h4j3ikk","time":1614366559,"event":{"mods":["BaseMod","Better Altar","Better Match","Better Note","Better Sensory Stone","Better Skull","Better Third Choice","BetterRewards","Downfall","Hermit","Hubris","Minty Spire (QoL Compilation)","Permanent Neow","Quarter Circle Forward PUNCH!","Quick Restart","Rare Cards Sparkle","Replay The Spire","Shop Mod","StSLib","Trackpad","Transform Curses"],"gold_per_floor":[119,119,119,130,147,147,176,128,128,128,153,170,187,202,202,304,304,321,321,339,351,363,398,287,322,346,346,371,371,397,424,424,523,523,538,62,82,82,95,102,102],"floor_reached":40,"language":"ENG","playtime":1712,"items_purged":["hermit:PistolWhip+1"],"score":1103,"play_id":"965d5072-a27a-4a58-b586-6093a9a2296e","local_time":"20210226140919","is_ascension_mode":true,"campfire_choices":[{"data":"hermit:Snipe","floor":10.0,"key":"SMITH"},{"data":"hermit:Desperado","floor":15.0,"key":"SMITH"},{"floor":27.0,"key":"RECALL"},{"floor":29.0,"key":"REST"}],"circlet_count":0,"master_deck":["AscendersBane","hermit:PistolWhip+1","hermit:Strike_Hermit","hermit:Strike_Hermit","hermit:Strike_Hermit","hermit:Strike_Hermit","hermit:Defend_Hermit","hermit:Defend_Hermit","hermit:Defend_Hermit","hermit:Defend_Hermit","hermit:Snapshot","hermit:Covet","Doubt","hermit:Purgatory","hubris:EnhanceAbility+1","Replay:Bootleg Shield Generator","hermit:Glare","ReplayTheSpireMod:Uncanny Aura","hermit:Ricochet","hermit:Snipe+1","hermit:SprayPray","hermit:Desperado+1","hermit:Cheat","hermit:Headshot+1","hermit:ShadowCloak+1","hermit:FromBeyond","hermit:HighCaliber+1","hermit:HighCaliber+1","hermit:FullyLoaded+1","hermit:Dive","hermit:Spite+1","hermit:RoundhouseKick","hubris:EnhanceAbility+1","hermit:Determination+1","hermit:CalledShot","hermit:Scavenge+1","hermit:Desperado","hermit:Dive+1","hermit:OverwhelmingPower+1","hermit:WideOpen+1","Panacea","hermit:HeroicBravado","hermit:Coalescence+1","hermit:SprayPray+1"],"relics":["hermit:Momento","ReplayTheSpireMod:CursedCoin","hubris:CuriousFeather","hubris:CrystalStatue","MerchantsRug","Shuriken","Frozen Egg 2","Turnip","Membership Card","Durian","trackpad:FieryHotPepper","hubris:Icosahedron","trackpad:Compendium","trackpad:BottledShadow","trackpad:SappingStone","ChewingGum","Bottled Lightning","DollysMirror","Regal Pillow","Strawberry","Replay:WaspNest","bronze:MakeshiftBattery","Counterbalance","Potion Belt","hermit:PetGhost"],"acts_visited":["Exordium","TheCity","TheBeyond"],"potions_floor_usage":[33,33,33,35,35,39,39,39],"damage_taken":[{"damage":0.0,"enemies":"Small Slimes","floor":1.0,"turns":3.0},{"damage":1.0,"enemies":"2 Louse","floor":4.0,"turns":2.0},{"damage":0.0,"enemies":"Jaw Worm","floor":5.0,"turns":3.0},{"damage":0.0,"enemies":"Gremlin Nob","floor":7.0,"turns":2.0},{"damage":9.0,"enemies":"Lagavulin","floor":11.0,"turns":4.0},{"damage":3.0,"enemies":"Looter","floor":12.0,"turns":2.0},{"damage":0.0,"enemies":"2 Fungi Beasts","floor":13.0,"turns":2.0},{"damage":0.0,"enemies":"3 Louse","floor":14.0,"turns":2.0},{"damage":5.0,"enemies":"Hexaghost","floor":16.0,"turns":8.0},{"damage":5.0,"enemies":"3 Byrds","floor":18.0,"turns":4.0},{"damage":26.0,"enemies":"Shell Parasite","floor":20.0,"turns":5.0},{"damage":0.0,"enemies":"Cultist and Chosen","floor":21.0,"turns":4.0},{"damage":0.0,"enemies":"Snake Plant","floor":22.0,"turns":3.0},{"damage":0.0,"enemies":"Gremlin Leader","floor":23.0,"turns":6.0},{"damage":0.0,"enemies":"Slavers","floor":25.0,"turns":5.0},{"damage":8.0,"enemies":"Book of Stabbing","floor":28.0,"turns":3.0},{"damage":0.0,"enemies":"Chosen and Byrds","floor":30.0,"turns":5.0},{"damage":11.0,"enemies":"Sentry and Sphere","floor":31.0,"turns":3.0},{"damage":10,"enemies":"Collector","floor":33,"turns":6},{"damage":29,"enemies":"3 Darklings","floor":35,"turns":4},{"damage":28,"enemies":"Orb Walker","floor":37,"turns":3},{"damage":19,"enemies":"4 Shapes","floor":39,"turns":4},{"damage":99995,"enemies":"R_Hoarder","floor":40,"turns":3}],"seed_played":"-181193141189433431","potions_obtained":[{"floor":4.0,"key":"AttackPotion"},{"floor":11.0,"key":"Cursed Concoction"},{"floor":12.0,"key":"SpeedPotion"},{"floor":14.0,"key":"SkillPotion"},{"floor":22.0,"key":"champ:CounterPotion"},{"floor":25.0,"key":"Reflective Coating"},{"floor":30.0,"key":"EntropicBrew"},{"floor":31.0,"key":"hexamod:SoulburnPotion"},{"floor":33,"key":"Adrenaline Potion"},{"floor":37,"key":"champ:CounterPotion"}],"is_trial":false,"path_per_floor":["M","?","?","M","M","?","E","$","T","R","E","M","M","M","R","B",null,"M","?","M","M","M","E","$","E","T","R","E","R","M","M","R","B",null,"M","$","M","?","M","E"],"character_chosen":"HERMIT","items_purchased":["ReplayTheSpireMod:CursedCoin","hubris:CrystalStatue","hermit:Purgatory","MerchantsRug","BlessingOfTheForge","Shuriken","Frozen Egg 2","hubris:EnhanceAbility+1","DuplicationPotion","Membership Card","trackpad:FieryHotPepper","Replay:Bootleg Shield Generator","hermit:Desperado","SpeedPotion","DollysMirror","hermit:Determination+1","Counterbalance","Potion Belt","hermit:PetGhost","hermit:WideOpen+1","Panacea","DuplicationPotion","hermit:HeroicBravado"],"campfire_rested":1,"item_purchase_floors":[0,0,0,0,0,0,0,0,0,0,0,0,8,8,24,24,36,36,36,36,36,36,36],"current_hp_per_floor":[73,73,73,72,72,72,72,72,72,72,63,60,60,60,60,55,74,69,69,43,43,43,43,43,43,50,50,42,83,83,72,87,77,85,56,56,28,28,9,0,0],"gold":102,"neow_bonus":"","is_daily":false,"chose_seed":false,"campfire_upgraded":2,"win_rate":0.0,"timestamp":1614366559,"path_taken":["M","?","?","M","M","?","E","$","T","R","E","M","?","M","R","BOSS","M","?","M","M","M","E","$","E","T","R","E","R","M","M","R","BOSS","M","$","M","?","M","E"],"items_purchased_type":["Relic","Relic","Card","Relic","Potion","Relic","Relic","Card","Potion","Relic","Relic","Card","Card","Potion","Relic","Card","Relic","Relic","Relic","Card","Card","Potion","Card"],"build_version":"2020-12-22","purchased_purges":1,"victory":false,"max_hp_per_floor":[80,80,80,80,80,80,80,80,80,80,80,80,80,80,80,80,80,80,80,80,80,80,80,80,80,87,87,87,87,87,87,87,87,87,87,87,87,87,87,87,87],"card_choices":[{"not_picked":["hermit:BodyArmor","hermit:GoldenBullet"],"picked":"hermit:Glare","floor":1.0},{"not_picked":["Bandage Up","Finesse"],"picked":"ReplayTheSpireMod:Uncanny Aura","floor":3.0},{"not_picked":["hermit:Maintenance","hermit:Brawl+1"],"picked":"hermit:Ricochet","floor":4.0},{"not_picked":["hermit:LoneWolf","hermit:DeadMansHand"],"picked":"hermit:Snipe","floor":5.0},{"not_picked":["hermit:CalledShot","hermit:Manifest"],"picked":"hermit:SprayPray","floor":7.0},{"not_picked":["hermit:LuckOfTheDraw","hermit:Vantage"],"picked":"hermit:Cheat","floor":11.0},{"not_picked":["hermit:Glare","hermit:BodyArmor"],"picked":"hermit:Headshot","floor":12.0},{"not_picked":["hermit:Reprieve","hermit:LoneWolf"],"picked":"hermit:ShadowCloak+1","floor":13.0},{"not_picked":["hermit:TrackingShot","hermit:Snipe","hermit:CalledShot"],"picked":"SKIP","floor":14.0},{"not_picked":["hermit:FatalDesire+1","hermit:Roughhouse"],"picked":"hermit:FromBeyond","floor":16.0},{"not_picked":["hermit:Roulette","hermit:LowProfile"],"picked":"hermit:HighCaliber+1","floor":18.0},{"not_picked":["hermit:TakeCover","hermit:Shortfuse"],"picked":"hermit:FullyLoaded+1","floor":20.0},{"not_picked":["hermit:Deadeye","hermit:Combo+1"],"picked":"hermit:Dive","floor":21.0},{"not_picked":["hermit:Quickdraw","hermit:ItchyTrigger"],"picked":"hermit:Spite+1","floor":22.0},{"not_picked":["hermit:Magnum","hermit:LuckOfTheDraw"],"picked":"hermit:RoundhouseKick","floor":23.0},{"not_picked":["hermit:Headshot","hermit:Glare"],"picked":"hermit:CalledShot","floor":25.0},{"not_picked":["hermit:SprayPray","hermit:Cheat"],"picked":"hermit:Scavenge+1","floor":28.0},{"not_picked":["hermit:NoHoldsBarred","hermit:CursedWeapon"],"picked":"hermit:Desperado","floor":30.0},{"not_picked":["hermit:LowProfile+1","hermit:PistolWhip"],"picked":"hermit:Dive+1","floor":31.0},{"not_picked":["hermit:BlackWind","hermit:HighNoon+1"],"picked":"hermit:OverwhelmingPower+1","floor":33},{"not_picked":["hermit:SprayPray","hermit:LuckOfTheDraw","hermit:Quickdraw"],"picked":"SKIP","floor":35},{"not_picked":["hermit:WideOpen","hermit:Misfire"],"picked":"hermit:Coalescence+1","floor":37},{"not_picked":["hermit:HoleUp","hermit:Glare"],"picked":"hermit:SprayPray+1","floor":39}],"player_experience":1415872,"relics_obtained":[{"floor":7.0,"key":"trackpad:Compendium"},{"floor":9.0,"key":"trackpad:BottledShadow"},{"floor":11.0,"key":"trackpad:SappingStone"},{"floor":23.0,"key":"Bottled Lightning"},{"floor":25.0,"key":"Regal Pillow"},{"floor":26.0,"key":"Strawberry"},{"floor":28.0,"key":"Replay:WaspNest"}],"event_choices":[{"damage_healed":0.0,"max_hp_gain":0.0,"max_hp_loss":0.0,"gold_gain":1.0,"event_name":"betterStone:BetterStone","player_choice":"1","floor":3.0,"gold_loss":0.0,"damage_taken":0.0},{"damage_healed":0.0,"max_hp_gain":0.0,"max_hp_loss":0.0,"gold_gain":0.0,"event_name":"The Cleric","player_choice":"Leave","floor":6.0,"gold_loss":0.0,"damage_taken":0.0},{"cards_removed":["hermit:Snipe"],"damage_healed":0.0,"max_hp_gain":0.0,"max_hp_loss":0.0,"gold_gain":0.0,"event_name":"betterNote:BetterNote","player_choice":"Take \u0026 Give","floor":19.0,"gold_loss":0.0,"damage_taken":0.0,"cards_obtained":["hermit:HighCaliber"]},{"damage_healed":0,"gold_gain":0,"player_choice":"Ignored","damage_taken":0,"max_hp_gain":0,"max_hp_loss":0,"event_name":"The Moai Head","floor":38,"gold_loss":0}],"is_beta":false,"boss_relics":[{"not_picked":["trackpad:StolenKidneys","hubris:GrandSneckoEye"],"picked":"ChewingGum"},{"not_picked":["qcfpunch:Crimson_Sash","SlaversCollar"],"picked":"bronze:MakeshiftBattery"}],"items_purged_floors":[0],"is_endless":false,"potions_floor_spawned":[4,11,12,14,22,25,30,31,33,37],"killed_by":"R_Hoarder","ascension_level":10}}