{"host":"jt67skv49snb75sm","time":1614359471,"event":{"mods":["BaseMod","Bestiary","Minty Spire (QoL Compilation)","Relic Stats"],"gold_per_floor":[113,113,130,142,157,182,192,192,192,226,226,254,254,284,284,360,360,373,393,63,75,0,34,34,66,66,66,77,90,104,129,129,204,204,220,234,234,248,248,282,301,327,327,358,358,387,15,25,25,25,25,25,25,25,52,52,52],"floor_reached":56,"language":"ENG","playtime":3177,"items_purged":["Strike_R","Strike_R"],"score":2364,"play_id":"8decc5a6-feaf-4c7d-8ce4-ea2e1fdbf7ff","local_time":"20210226181111","is_ascension_mode":true,"campfire_choices":[{"data":"True Grit","floor":8.0,"key":"SMITH"},{"data":"Immolate","floor":11.0,"key":"SMITH"},{"data":"Pommel Strike","floor":15.0,"key":"SMITH"},{"data":"Berserk","floor":24.0,"key":"SMITH"},{"data":"Strike_R","floor":27.0,"key":"PURGE"},{"data":"Defend_R","floor":32.0,"key":"PURGE"},{"floor":49,"key":"RECALL"},{"data":"Strike_R","floor":53,"key":"PURGE"}],"circlet_count":0,"master_deck":["AscendersBane","Strike_R","Defend_R+1","Defend_R+1","Defend_R","Bash+1","Anger","Pommel Strike+1","Immolate+1","Carnage","True Grit+1","Shrug It Off","Double Tap+1","Berserk+1","Flex+1","Impervious+1","True Grit+1","Battle Trance+1","Whirlwind","Offering+1","Warcry+1","Flame Barrier+1","Feel No Pain","Pummel","Havoc+1","Warcry+1","Heavy Blade+1","Sentinel+1","Reaper","Offering+1","Headbutt","Disarm+1"],"relics":["Burning Blood","War Paint","Ancient Tea Set","Bottled Flame","Toxic Egg 2","Regal Pillow","Strawberry","Black Star","Brimstone","Akabeko","Charon\u0027s Ashes","Smiling Mask","Peace Pipe","Bird Faced Urn","Ginger","Paper Frog","Oddly Smooth Stone","Runic Pyramid","Toy Ornithopter","Unceasing Top","Prayer Wheel","Potion Belt","Frozen Egg 2","Bag of Preparation","Self Forming Clay","Thread and Needle","PrismaticShard","Pen Nib","Calipers"],"acts_visited":["Exordium","TheCity","TheBeyond","TheEnding"],"potions_floor_usage":[40,42,50,50,51,51,51,56,56,56],"damage_taken":[{"damage":8.0,"enemies":"2 Louse","floor":1.0,"turns":4.0},{"damage":0.0,"enemies":"Cultist","floor":3.0,"turns":3.0},{"damage":7.0,"enemies":"Jaw Worm","floor":4.0,"turns":3.0},{"damage":0.0,"enemies":"Lots of Slimes","floor":5.0,"turns":1.0},{"damage":12.0,"enemies":"3 Sentries","floor":6.0,"turns":5.0},{"damage":11.0,"enemies":"Looter","floor":7.0,"turns":3.0},{"damage":2.0,"enemies":"Gremlin Nob","floor":10.0,"turns":3.0},{"damage":0.0,"enemies":"3 Sentries","floor":12.0,"turns":4.0},{"damage":30.0,"enemies":"Gremlin Nob","floor":14.0,"turns":4.0},{"damage":44.0,"enemies":"Hexaghost","floor":16.0,"turns":8.0},{"damage":18.0,"enemies":"3 Byrds","floor":18.0,"turns":3.0},{"damage":18.0,"enemies":"Shell Parasite","floor":19.0,"turns":7.0},{"damage":0.0,"enemies":"Snake Plant","floor":21.0,"turns":3.0},{"damage":16.0,"enemies":"Book of Stabbing","floor":23.0,"turns":3.0},{"damage":17.0,"enemies":"Slavers","floor":25.0,"turns":3.0},{"damage":0.0,"enemies":"Sentry and Sphere","floor":28.0,"turns":1.0},{"damage":0.0,"enemies":"Cultist and Chosen","floor":29.0,"turns":3.0},{"damage":9.0,"enemies":"Snecko","floor":30.0,"turns":3.0},{"damage":6.0,"enemies":"Gremlin Leader","floor":31.0,"turns":5.0},{"damage":21.0,"enemies":"Automaton","floor":33.0,"turns":6.0},{"damage":17.0,"enemies":"3 Shapes","floor":35.0,"turns":2.0},{"damage":6.0,"enemies":"Orb Walker","floor":36.0,"turns":3.0},{"damage":13.0,"enemies":"Maw","floor":38.0,"turns":4.0},{"damage":13,"enemies":"Nemesis","floor":40,"turns":5},{"damage":0,"enemies":"Sphere and 2 Shapes","floor":41,"turns":3},{"damage":7,"enemies":"Reptomancer","floor":42,"turns":4},{"damage":6,"enemies":"Giant Head","floor":44,"turns":5},{"damage":6,"enemies":"Reptomancer","floor":46,"turns":4},{"damage":6,"enemies":"Jaw Worm Horde","floor":48,"turns":1},{"damage":40,"enemies":"Time Eater","floor":50,"turns":3},{"damage":38,"enemies":"Donu and Deca","floor":51,"turns":6},{"damage":61,"enemies":"Shield and Spear","floor":55,"turns":3},{"damage":75,"enemies":"The Heart","floor":56,"turns":3}],"seed_played":"-638613522456133661","potions_obtained":[{"floor":1.0,"key":"GamblersBrew"},{"floor":5.0,"key":"PowerPotion"},{"floor":7.0,"key":"ElixirPotion"},{"floor":18.0,"key":"BloodPotion"},{"floor":23.0,"key":"AttackPotion"},{"floor":31.0,"key":"ColorlessPotion"},{"floor":33.0,"key":"Explosive Potion"},{"floor":36.0,"key":"EntropicBrew"},{"floor":38.0,"key":"PowerPotion"},{"floor":42,"key":"EntropicBrew"}],"is_trial":false,"path_per_floor":["M","?","M","M","M","E","M","R","T","E","R","E","?","E","R","B",null,"M","M","$","M","$","E","R","E","T","R","M","M","M","E","R","B",null,"M","M","?","M","?","E","M","E","T","E","?","E","$","M","R","B","B",null,"R","$","E","B"],"character_chosen":"IRONCLAD","items_purchased":["Brimstone","Akabeko","Offering+1","PrismaticShard"],"campfire_rested":0,"item_purchase_floors":[20,20,47,47],"current_hp_per_floor":[66,66,72,71,75,69,64,64,64,68,68,74,74,57,57,19,66,54,42,42,48,48,38,38,27,27,27,33,39,38,42,42,31,69,58,78,92,87,92,87,92,92,92,92,92,92,92,92,92,81,68,86,86,86,55,0,0],"gold":52,"neow_bonus":"RANDOM_COMMON_RELIC","is_daily":false,"chose_seed":false,"campfire_upgraded":4,"win_rate":0.0,"timestamp":1614359471,"path_taken":["M","?","M","?","M","E","M","R","T","E","R","E","?","E","R","BOSS","M","?","$","M","$","E","R","E","T","R","M","M","M","E","R","BOSS","M","M","?","?","?","E","?","E","T","E","?","E","$","M","R","BOSS","BOSS","R","$","E","BOSS"],"items_purchased_type":["Relic","Relic","Card","Relic"],"build_version":"2020-12-22","purchased_purges":2,"victory":false,"max_hp_per_floor":[75,75,75,75,75,75,75,75,75,75,75,75,75,82,82,82,82,82,82,82,82,82,82,82,82,82,82,82,82,82,82,82,82,82,82,82,92,92,92,92,92,92,92,92,92,92,92,92,92,92,92,92,92,92,92,92,92],"relic_stats":{"Regal Pillow":0,"counters":[33,121],"Self Forming Clay":[57],"Charon\u0027s Ashes":[427],"Pen Nib":[0],"Bag of Preparation":[12],"Ginger":[16],"War Paint":["Defend_R","Defend_R"],"Smiling Mask":50,"Burning Blood":169,"Peace Pipe":4,"Bird Faced Urn":[36],"Prayer Wheel":1,"Black Star":8,"obtain_stats":[{"Regal Pillow":12,"Calipers":55,"Bag of Preparation":44,"Ginger":26,"Ancient Tea Set":6,"Smiling Mask":23,"PrismaticShard":47,"Burning Blood":0,"Strawberry":14,"Prayer Wheel":42,"Toxic Egg 2":10,"Paper Frog":31,"Runic Pyramid":34,"Potion Belt":42,"Self Forming Clay":46,"Oddly Smooth Stone":31,"Thread and Needle":46,"Charon\u0027s Ashes":23,"Pen Nib":55,"War Paint":0,"Frozen Egg 2":44,"Akabeko":20,"Peace Pipe":25,"Bottled Flame":9,"Brimstone":20,"Bird Faced Urn":25,"Black Star":17,"Toy Ornithopter":40,"Unceasing Top":40},{"Regal Pillow":8,"Calipers":32,"Bag of Preparation":27,"Ginger":15,"Ancient Tea Set":5,"Smiling Mask":14,"PrismaticShard":28,"Burning Blood":0,"Strawberry":9,"Prayer Wheel":26,"Toxic Egg 2":7,"Paper Frog":19,"Runic Pyramid":20,"Potion Belt":26,"Self Forming Clay":28,"Oddly Smooth Stone":19,"Thread and Needle":28,"Charon\u0027s Ashes":14,"Pen Nib":32,"War Paint":0,"Frozen Egg 2":27,"Akabeko":12,"Peace Pipe":15,"Bottled Flame":6,"Brimstone":12,"Bird Faced Urn":15,"Black Star":10,"Toy Ornithopter":24,"Unceasing Top":24},{"Regal Pillow":26,"Calipers":118,"Bag of Preparation":101,"Ginger":57,"Ancient Tea Set":16,"Smiling Mask":54,"PrismaticShard":105,"Burning Blood":0,"Strawberry":30,"Prayer Wheel":96,"Toxic Egg 2":22,"Paper Frog":69,"Runic Pyramid":75,"Potion Belt":96,"Self Forming Clay":105,"Oddly Smooth Stone":69,"Thread and Needle":105,"Charon\u0027s Ashes":54,"Pen Nib":118,"War Paint":0,"Frozen Egg 2":101,"Akabeko":48,"Peace Pipe":57,"Bottled Flame":19,"Brimstone":48,"Bird Faced Urn":57,"Black Star":38,"Toy Ornithopter":89,"Unceasing Top":89}],"Toy Ornithopter":30,"Unceasing Top":[0]},"card_choices":[{"not_picked":["Bloodletting","Sentinel"],"picked":"Anger","floor":1.0},{"not_picked":["Clothesline","Iron Wave"],"picked":"Pommel Strike","floor":3.0},{"not_picked":["Whirlwind","Cleave"],"picked":"Immolate","floor":4.0},{"not_picked":["True Grit","Perfected Strike"],"picked":"Carnage","floor":5.0},{"not_picked":["Sword Boomerang","Exhume"],"picked":"True Grit","floor":6.0},{"not_picked":["Wild Strike","Sword Boomerang"],"picked":"Shrug It Off","floor":7.0},{"not_picked":["Inflame","Brutality"],"picked":"Double Tap+1","floor":10.0},{"not_picked":["Perfected Strike","Pommel Strike","Wild Strike"],"picked":"SKIP","floor":12.0},{"not_picked":["Perfected Strike","Sword Boomerang"],"picked":"Flex+1","floor":14.0},{"not_picked":["Fiend Fire","Immolate"],"picked":"Impervious+1","floor":16.0},{"not_picked":["Clash","Cleave"],"picked":"True Grit+1","floor":18.0},{"not_picked":["Cleave","Shrug It Off+1"],"picked":"Battle Trance+1","floor":19.0},{"not_picked":["Rage+1","Sentinel+1"],"picked":"Whirlwind","floor":21.0},{"not_picked":["Anger","Hemokinesis"],"picked":"Offering+1","floor":23.0},{"not_picked":["Clothesline","Iron Wave"],"picked":"Armaments+1","floor":25.0},{"not_picked":["Rupture","Whirlwind"],"picked":"Warcry+1","floor":28.0},{"not_picked":["Pommel Strike","Warcry+1"],"picked":"Flame Barrier+1","floor":29.0},{"not_picked":["Thunderclap","Warcry+1"],"picked":"Feel No Pain","floor":30.0},{"not_picked":["Rampage","Bludgeon"],"picked":"Pummel","floor":31.0},{"not_picked":["Barricade","Bludgeon"],"picked":"Demon Form","floor":33.0},{"not_picked":["Flame Barrier+1","Flex+1"],"picked":"Havoc+1","floor":35.0},{"not_picked":["Power Through+1","Clothesline"],"picked":"Warcry+1","floor":36.0},{"not_picked":["Infernal Blade+1","Hemokinesis"],"picked":"Heavy Blade+1","floor":38.0},{"not_picked":["Flex+1","Clash"],"picked":"Sentinel+1","floor":40},{"not_picked":["Cleave+1","Armaments+1"],"picked":"Reaper","floor":41},{"not_picked":["Whirlwind","Searing Blow+1","Armaments+1"],"picked":"SKIP","floor":42},{"not_picked":["Spot Weakness+1","Warcry+1","Pummel"],"picked":"SKIP","floor":44},{"not_picked":["Body Slam","Perfected Strike+1","Battle Trance+1"],"picked":"SKIP","floor":46},{"not_picked":["HandOfGreed","Ball Lightning"],"picked":"Headbutt","floor":48},{"not_picked":["Sever Soul+1","Compile Driver+1","Acrobatics+1"],"picked":"SKIP","floor":48},{"not_picked":["Heavy Blade","SashWhip+1"],"picked":"Disarm+1","floor":55}],"player_experience":918606,"relics_obtained":[{"floor":6.0,"key":"Ancient Tea Set"},{"floor":9.0,"key":"Bottled Flame"},{"floor":10.0,"key":"Toxic Egg 2"},{"floor":12.0,"key":"Regal Pillow"},{"floor":14.0,"key":"Strawberry"},{"floor":23.0,"key":"Charon\u0027s Ashes"},{"floor":23.0,"key":"Smiling Mask"},{"floor":25.0,"key":"Peace Pipe"},{"floor":25.0,"key":"Bird Faced Urn"},{"floor":26.0,"key":"Ginger"},{"floor":31.0,"key":"Paper Frog"},{"floor":31.0,"key":"Oddly Smooth Stone"},{"floor":40,"key":"Toy Ornithopter"},{"floor":40,"key":"Unceasing Top"},{"floor":42,"key":"Prayer Wheel"},{"floor":42,"key":"Potion Belt"},{"floor":44,"key":"Frozen Egg 2"},{"floor":44,"key":"Bag of Preparation"},{"floor":46,"key":"Self Forming Clay"},{"floor":46,"key":"Thread and Needle"},{"floor":55,"key":"Pen Nib"},{"floor":55,"key":"Calipers"}],"event_choices":[{"damage_healed":0.0,"max_hp_gain":0.0,"max_hp_loss":0.0,"gold_gain":0.0,"event_name":"Upgrade Shrine","player_choice":"Upgraded","floor":2.0,"gold_loss":0.0,"damage_taken":0.0,"cards_upgraded":["Bash"]},{"damage_healed":0.0,"max_hp_gain":0.0,"max_hp_loss":0.0,"gold_gain":0.0,"event_name":"Match and Keep!","player_choice":"1 cards matched","floor":13.0,"gold_loss":0.0,"damage_taken":0.0,"cards_obtained":["Berserk"]},{"cards_removed":["Demon Form"],"damage_healed":4.0,"max_hp_gain":10.0,"max_hp_loss":0.0,"gold_gain":0.0,"event_name":"Bonfire Elementals","player_choice":"Offered Rare","floor":37.0,"gold_loss":0.0,"damage_taken":0.0},{"damage_healed":5.0,"max_hp_gain":0.0,"max_hp_loss":0.0,"gold_gain":0.0,"event_name":"Wheel of Change","player_choice":"Full Heal","floor":39.0,"gold_loss":0.0,"damage_taken":0.0},{"cards_removed":["Armaments"],"damage_healed":0,"gold_gain":0,"player_choice":"Removed Skill","damage_taken":0,"max_hp_gain":0,"max_hp_loss":0,"event_name":"Falling","floor":45,"gold_loss":0}],"is_beta":false,"boss_relics":[{"not_picked":["Runic Dome","Pandora\u0027s Box"],"picked":"Black Star"},{"not_picked":["SlaversCollar","SacredBark"],"picked":"Runic Pyramid"}],"items_purged_floors":[22,47],"is_endless":false,"potions_floor_spawned":[1,5,6,7,14,18,23,29,31,33,36,38,42],"killed_by":"The Heart","ascension_level":20}}