{"host":"9rqk712yu6s3287p","time":1614335594,"event":{"mods":["ATMod(°¢èªMod)","Act Like it!","BaseMod","CapriCore","Chen","Gensokyo","Googly Eyes","Marisa£¨ìFÓê¡¡Ä§ÀíÉ³£©","Minty Spire (QoL Compilation)","MostiFishMod","Onozuka Komachi Mod","Reimu£¨²©ÀöÁéÃÎ£©","Remilia_Scarlet Moed£¨ÀÙÃ×ÀòÑÇ¡¤Ë¹¿¨À×ÌØ£©3.3.5","Remilia£¨ÀÙÃ×ÀòÑÇ£©","Replay The Spire","RumiaBox-Â¶Ã×æ«µÄÉñÃØºÐ×Ó","StSLib","The Administrix","The Immortal","The Servant 0.9.4","Yakumo Yukari mod","Youmu£¨»êÆÇÑýÃÎ£©","Yuyuko","[IsaacMod]ÒÔÈö¼âËþ","¡¾ÒÅÎï¿¨ÅÆ¡¿REMEMod"],"gold_per_floor":[150,207,312,363,396,705,795,900,900,1026,1152,1254,1329,1386,1386,1635,1635,1671,1719,1719,1788,1830,1920,2010,2073,2073,2181,2265,2379,2460,2511,2511,2730,2730,2760,2760,2823,2883,2931,3009,3120,3304,3304,3512,3521,3704,3905,4109,4109,4319,4541,4541,4541,4541,4952,5229],"floor_reached":57,"language":"ZHS","playtime":2745,"items_purged":["HellCatastrophe+1"],"score":4252,"play_id":"6e79c614-0a2d-4208-9455-1d9a645e8840","local_time":"20210226183314","daily_mods":["Shiny","Vintage","Heirloom","Time Dilation","Flight","Elite Swarm","Lethality","Midas","Binary"],"is_ascension_mode":true,"campfire_choices":[{"data":"BloodRain+1","floor":15.0,"key":"PURGE"},{"floor":32,"key":"DIG"},{"floor":49,"key":"RECALL"},{"floor":53,"key":"REST"}],"circlet_count":0,"master_deck":["AscendersBane","TricksterDevil+1","BatForm+1","ForecastOfChange+1","CurseOfVladTepes+1","ScarletMeister+1","QueenOfMidnight+1","BloodyHallows+1","HeartBreak+1","EquivalentExchange+1","KillingBlow+1","BloodyCatastrophe+1","ChaoticDestiny+1","BloodySeventeenLaser+1","ScarletCoffin+1","DemonKingCradle+1","TransientEternity+1","CeilingFear+1","Pot Of Greed+1","Pot Of Greed+1","MostiFishMod:PerfectForm+1"],"relics":["Snecko Eye","Busted Crown","AT_ATBox","DaveBox","HushsDoor","Chaos","BionicSphere","Replay:Baseball","PillsDrop","SynthV:TestCard","Lee\u0027s Waffle","Replay:Arrowhead","Sling","PreservedInsect","Bottled Lightning","AT_BellDemon","Counterbalance","Civilization","Snecko Heart","Frozen Egg 2","REME_ArchaeologicalTools","Unceasing Top","RhineCircuit","AT_SilvercatRing","AT_Kusabimaru","Tiny House","BirthdayGift-Icosahedron","BrkXgEgg","Onion Ring","Cauldron","Mirror","Quantum Egg","Potion Belt","Toxic Egg 2","Mastiff:ReiMu","CrazyTorch:ReiMu","GuppysPaw","EasyGame_NEW","Pondfish Scales","PunchingBag","BFFS","ChaoDraw","AT_SeraphEmbrace","Happy Flower","Blue Doll","Peace Pipe","SentryEyes","Runic Dome","JudasShadow","APieceOfRedMist","Nunchaku","Cursed Key","Lantern","MutagenicStrength","DaCapo","Oddly Smooth Stone","ReplayTheSpireMod:Shallot","SlaversCollar","ChiXiaoBlade","Gremlin Horn","AT_TrinityForce","FeatherPendant","AT_ForceNature","PlanX","Black Star","MagicMushroom","Torii","BelialBook","MagicDraw4","TungstenRod","Question Card","Pocketwatch","Bottled Flame","AT_BellowingDragoncrestRing","JellyFishMachine","MagicDraw1","SynthV:C4","Centennial Puzzle","GuppysHead","CaptainsWheel","AT_RedTearstoneRing","YumHeart","Replay:Accelerometer","Anchor","DiscerningMonocle","Damocles","REME_ChargedStone","Philosopher\u0027s Stone","AT_MortalBlade","ThornShield","TimeFreeze","War Paint","TentaclePot:ReiMu","BookOfRevelations","AT_GoldPhoenixTree","Whetstone","Toy Ornithopter","FairyMaid","Replay:Wax Seal","Toolbox","Replay:Mystery Machine","DeadEye","Ginger","RedLine:ReiMu","MostiFishMod:AdaptiveDefenses","Dodecahedron","Kunai","Runic Pyramid","AT_TheCollector","SumBook","Meat on the Bone","Mango","Empty Cage","UnicornStump","REME_LowDesire","Tea:ReiMu","MoneyPower","Molten Egg 2","Snack Pack","Replay:Bandana","CeramicFish","Smiling Mask","PokeGo","Void","Regal Pillow","Replay:Kaleidoscope","Mummified Hand","TheBattery","Strange Spoon","FossilizedHelix","Succubus","Replay:Towering Pillar of Hats","Replay:Bottled Flurry","RottenBaby","GodSword1","Fusion Hammer","SecretRecord","SatanicBible","AddBug","AT_ChloranthyRing","Coffee Dripper","Bronze Scales","Sozu","Replay:Multitool","Blue Candle","Replay:Wanted Poster"],"acts_visited":["Exordium","TheCity","TheBeyond","TheEnding"],"potions_floor_usage":[41],"damage_taken":[{"damage":8.0,"enemies":"Jaw Worm","floor":1.0,"turns":2.0},{"damage":4.0,"enemies":"Small Slimes","floor":2.0,"turns":3.0},{"damage":22.0,"enemies":"2 Louse","floor":3.0,"turns":4.0},{"damage":0.0,"enemies":"Red Slaver","floor":4.0,"turns":2.0},{"damage":37.0,"enemies":"Lots of Slimes","floor":5.0,"turns":4.0},{"damage":7.0,"enemies":"Lagavulin","floor":6.0,"turns":3.0},{"damage":4.0,"enemies":"3 Louse","floor":7.0,"turns":2.0},{"damage":0.0,"enemies":"3 Sentries","floor":8.0,"turns":1.0},{"damage":0.0,"enemies":"Lagavulin","floor":10.0,"turns":2.0},{"damage":8.0,"enemies":"3 Sentries","floor":11.0,"turns":2.0},{"damage":0.0,"enemies":"Gremlin Nob","floor":12.0,"turns":2.0},{"damage":0.0,"enemies":"Large Slime","floor":13.0,"turns":3.0},{"damage":0.0,"enemies":"Gremlin Gang","floor":14.0,"turns":1.0},{"damage":8.0,"enemies":"Fading Forest","floor":16.0,"turns":1.0},{"damage":0.0,"enemies":"Spheric Guardian","floor":18.0,"turns":2.0},{"damage":0.0,"enemies":"3 Byrds","floor":19.0,"turns":1.0},{"damage":0.0,"enemies":"Sentry and Sphere","floor":21.0,"turns":2.0},{"damage":0.0,"enemies":"Snecko","floor":22.0,"turns":1.0},{"damage":0.0,"enemies":"Replay:Snechameleon","floor":23.0,"turns":1.0},{"damage":0.0,"enemies":"REME_1_Revenger","floor":24.0,"turns":1.0},{"damage":0.0,"enemies":"3 Cultists","floor":25.0,"turns":2.0},{"damage":0,"enemies":"Gremlin Leader","floor":27,"turns":1},{"damage":0,"enemies":"Book of Stabbing","floor":28,"turns":1},{"damage":0,"enemies":"Replay:Snechameleon","floor":29,"turns":1},{"damage":0,"enemies":"Book of Stabbing","floor":30,"turns":1},{"damage":0,"enemies":"Snake Plant","floor":31,"turns":1},{"damage":0,"enemies":"Pondfish","floor":33,"turns":1},{"damage":0,"enemies":"3 Darklings","floor":35,"turns":1},{"damage":0,"enemies":"Orb Walker","floor":37,"turns":1},{"damage":0,"enemies":"Writhing Mass","floor":38,"turns":1},{"damage":0,"enemies":"3 Darklings","floor":39,"turns":1},{"damage":0,"enemies":"Reptomancer","floor":40,"turns":1},{"damage":0,"enemies":"R_Hoarder","floor":41,"turns":1},{"damage":0,"enemies":"Nemesis","floor":42,"turns":1},{"damage":0,"enemies":"R_Hoarder","floor":44,"turns":1},{"damage":0,"enemies":"Giant Head","floor":46,"turns":1},{"damage":0,"enemies":"R_Hoarder","floor":47,"turns":1},{"damage":0,"enemies":"Giant Head","floor":48,"turns":1},{"damage":0,"enemies":"Replay:Hell Engine","floor":50,"turns":1},{"damage":0,"enemies":"Awakened One","floor":51,"turns":2},{"damage":0,"enemies":"Shield and Spear","floor":55,"turns":1},{"damage":0,"enemies":"The Heart","floor":56,"turns":1}],"seed_played":"-1513579171031067670","potions_obtained":[{"floor":1.0,"key":"Explosive Potion"},{"floor":1.0,"key":"FearPotion"},{"floor":2.0,"key":"Fire Potion"},{"floor":2.0,"key":"Reflective Coating"},{"floor":2.0,"key":"Explosive Potion"},{"floor":3.0,"key":"Dexterity Potion"},{"floor":3.0,"key":"Swift Potion"},{"floor":4.0,"key":"Adrenaline Potion"},{"floor":5.0,"key":"Energy Potion"},{"floor":5.0,"key":"Block Potion"},{"floor":6.0,"key":"DistilledChaos"},{"floor":7.0,"key":"MagicPotion:ReiMu"},{"floor":7.0,"key":"LiquidMemories"},{"floor":10.0,"key":"CultistPotion"},{"floor":11.0,"key":"GamblersBrew"},{"floor":11.0,"key":"REME_GoldPotion"},{"floor":11.0,"key":"Dexterity Potion"},{"floor":12.0,"key":"Regen Potion"},{"floor":13.0,"key":"PowerPotion"},{"floor":18.0,"key":"GamblersBrew"},{"floor":19.0,"key":"EntropicBrew"},{"floor":21.0,"key":"PowerPotion"},{"floor":21.0,"key":"Dexterity Potion"},{"floor":22.0,"key":"Adrenaline Potion"},{"floor":22.0,"key":"AttackPotion"},{"floor":23.0,"key":"Dexterity Potion"},{"floor":41,"key":"Fruit Juice"},{"floor":41,"key":"DuplicationPotion"},{"floor":46,"key":"Swift Potion"},{"floor":47,"key":"GrandPatriotsElixir:ReiMu"}],"is_trial":true,"path_per_floor":["M","M","M","M","M","E","M","E","T","E","E","E","M","M","R","B",null,"M","M","?","M","M","E","E","M","T","E","E","E","E","M","R","B",null,"M","$","M","M","M","E","E","E","T","E","$","E","E","E","R","B","B",null,"R","$","E","B",null],"character_chosen":"REMILIA","items_purchased":["Damocles","TimeFreeze","War Paint","TentaclePot:ReiMu","Void","Regal Pillow","Replay:Kaleidoscope","MostiFishMod:PerfectForm+1","AT_ChloranthyRing","Coffee Dripper","Bronze Scales"],"campfire_rested":1,"item_purchase_floors":[34,36,36,36,45,45,45,45,54,54,54],"current_hp_per_floor":[77,77,71,71,52,55,60,66,66,72,70,76,82,88,88,97,120,126,132,132,139,145,154,160,175,175,183,191,199,204,209,209,214,204,209,209,214,219,224,229,253,258,258,263,263,268,273,278,278,283,288,288,288,288,293,298],"gold":5229,"neow_bonus":"","is_daily":false,"chose_seed":false,"campfire_upgraded":0,"win_rate":0.0,"timestamp":1614335594,"path_taken":["M","M","M","M","M","E","M","E","T","E","E","E","M","M","R","BOSS","M","M","?","M","M","E","E","M","T","E","E","E","E","M","R","BOSS","M","$","M","M","M","E","E","E","T","E","$","E","E","E","R","BOSS","BOSS","R","$","E","BOSS"],"items_purchased_type":["Relic","Relic","Relic","Relic","Card","Relic","Relic","Card","Relic","Relic","Relic"],"build_version":"2020-12-22","purchased_purges":1,"victory":true,"max_hp_per_floor":[77,77,77,77,77,87,92,97,97,102,107,112,117,122,122,127,127,132,137,137,142,147,155,160,175,175,183,191,199,204,209,209,214,204,209,209,214,219,224,229,253,258,258,263,263,268,273,278,278,283,288,288,288,288,293,298],"card_choices":[{"not_picked":["KillingBlow+1","CeilingFear+1"],"picked":"SKIP","floor":8.0},{"not_picked":["BloodyHallows+1","ScarletMeister+1"],"picked":"SKIP","floor":10.0},{"not_picked":["ForecastOfChange+1","BloodySeventeenLaser+1"],"picked":"SKIP","floor":11.0},{"not_picked":["BloodyHallows+1","HellCatastrophe+1"],"picked":"SKIP","floor":12.0},{"not_picked":["BloodySeventeenLaser+1","ScarletCoffin+1"],"picked":"SKIP","floor":23.0},{"not_picked":["TransientEternity+1","HeartBreak+1"],"picked":"SKIP","floor":24.0},{"not_picked":["BloodyHallows+1","HeartBreak+1"],"picked":"SKIP","floor":27},{"not_picked":["EquivalentExchange+1","BloodyCatastrophe+1"],"picked":"SKIP","floor":28},{"not_picked":["HeartBreak+1","ForecastOfChange+1","QueenOfMidnight+1"],"picked":"SKIP","floor":29},{"not_picked":["ForecastOfChange+1","CurseOfVladTepes+1","TricksterDevil+1"],"picked":"SKIP","floor":30},{"not_picked":["BloodySeventeenLaser+1","CeilingFear+1","KillingBlow+1"],"picked":"SKIP","floor":40},{"not_picked":["ForecastOfChange+1","CeilingFear+1"],"picked":"CurseOfVladTepes+1","floor":41},{"not_picked":["BloodRain+1","BloodyHallows+1","DemonKingCradle+1"],"picked":"SKIP","floor":42},{"not_picked":["BloodyCatastrophe+1","CurseOfVladTepes+1","ForecastOfChange+1","Replay:Sssssssssstrike+1"],"picked":"SKIP","floor":44},{"not_picked":["QueenOfMidnight+1","HellCatastrophe+1","BloodyHallows+1","Battery+1"],"picked":"SKIP","floor":46},{"not_picked":["QueenOfMidnight+1","HellCatastrophe+1","BloodyHallows+1","Battery+1"],"picked":"SKIP","floor":46},{"not_picked":["CeilingFear+1","EquivalentExchange+1","CurseOfVladTepes+1","Secret Weapon+1"],"picked":"SKIP","floor":47},{"not_picked":["ScarletCoffin+1","TricksterDevil+1","BloodyHallows+1","BloodyBrimstone+1"],"picked":"SKIP","floor":48},{"not_picked":["ScarletMeister+1","QueenOfMidnight+1","BatForm+1","REME_EyeOfCthun+1"],"picked":"SKIP","floor":55}],"player_experience":617989,"relics_obtained":[{"floor":1.0,"key":"PillsDrop"},{"floor":1.0,"key":"SynthV:TestCard"},{"floor":1.0,"key":"Lee\u0027s Waffle"},{"floor":2.0,"key":"Replay:Arrowhead"},{"floor":2.0,"key":"Sling"},{"floor":2.0,"key":"PreservedInsect"},{"floor":3.0,"key":"Bottled Lightning"},{"floor":3.0,"key":"AT_BellDemon"},{"floor":4.0,"key":"Counterbalance"},{"floor":4.0,"key":"Civilization"},{"floor":4.0,"key":"Snecko Heart"},{"floor":5.0,"key":"Frozen Egg 2"},{"floor":5.0,"key":"REME_ArchaeologicalTools"},{"floor":5.0,"key":"Unceasing Top"},{"floor":5.0,"key":"RhineCircuit"},{"floor":5.0,"key":"AT_SilvercatRing"},{"floor":5.0,"key":"AT_Kusabimaru"},{"floor":6.0,"key":"Tiny House"},{"floor":7.0,"key":"BirthdayGift-Icosahedron"},{"floor":7.0,"key":"BrkXgEgg"},{"floor":7.0,"key":"Onion Ring"},{"floor":7.0,"key":"Cauldron"},{"floor":8.0,"key":"Mirror"},{"floor":8.0,"key":"Quantum Egg"},{"floor":10.0,"key":"Potion Belt"},{"floor":10.0,"key":"Toxic Egg 2"},{"floor":10.0,"key":"Mastiff:ReiMu"},{"floor":11.0,"key":"CrazyTorch:ReiMu"},{"floor":11.0,"key":"GuppysPaw"},{"floor":11.0,"key":"EasyGame_NEW"},{"floor":12.0,"key":"Pondfish Scales"},{"floor":12.0,"key":"PunchingBag"},{"floor":12.0,"key":"BFFS"},{"floor":13.0,"key":"ChaoDraw"},{"floor":13.0,"key":"AT_ArchangelStaff"},{"floor":13.0,"key":"Happy Flower"},{"floor":14.0,"key":"Blue Doll"},{"floor":14.0,"key":"Peace Pipe"},{"floor":14.0,"key":"SentryEyes"},{"floor":16.0,"key":"Runic Dome"},{"floor":18.0,"key":"APieceOfRedMist"},{"floor":18.0,"key":"Nunchaku"},{"floor":19.0,"key":"Cursed Key"},{"floor":19.0,"key":"Lantern"},{"floor":21.0,"key":"DaCapo"},{"floor":21.0,"key":"Oddly Smooth Stone"},{"floor":21.0,"key":"ReplayTheSpireMod:Shallot"},{"floor":22.0,"key":"SlaversCollar"},{"floor":22.0,"key":"ChiXiaoBlade"},{"floor":22.0,"key":"Gremlin Horn"},{"floor":23.0,"key":"AT_TrinityForce"},{"floor":23.0,"key":"FeatherPendant"},{"floor":23.0,"key":"Grinning Jar"},{"floor":24.0,"key":"AT_ForceNature"},{"floor":24.0,"key":"PlanX"},{"floor":24.0,"key":"Black Star"},{"floor":25.0,"key":"MagicMushroom"},{"floor":27,"key":"Torii"},{"floor":27,"key":"BelialBook"},{"floor":27,"key":"MagicDraw4"},{"floor":28,"key":"TungstenRod"},{"floor":28,"key":"Question Card"},{"floor":28,"key":"Pocketwatch"},{"floor":28,"key":"Bottled Flame"},{"floor":29,"key":"AT_BellowingDragoncrestRing"},{"floor":29,"key":"JellyFishMachine"},{"floor":29,"key":"MagicDraw1"},{"floor":29,"key":"SynthV:C4"},{"floor":30,"key":"Centennial Puzzle"},{"floor":30,"key":"GuppysHead"},{"floor":30,"key":"CaptainsWheel"},{"floor":30,"key":"AT_RedTearstoneRing"},{"floor":31,"key":"YumHeart"},{"floor":31,"key":"Replay:Accelerometer"},{"floor":32,"key":"Anchor"},{"floor":35,"key":"REME_ChargedStone"},{"floor":35,"key":"Philosopher\u0027s Stone"},{"floor":35,"key":"AT_MortalBlade"},{"floor":35,"key":"ThornShield"},{"floor":37,"key":"BookOfRevelations"},{"floor":37,"key":"AT_GoldPhoenixTree"},{"floor":37,"key":"Whetstone"},{"floor":38,"key":"Toy Ornithopter"},{"floor":38,"key":"FairyMaid"},{"floor":38,"key":"Replay:Wax Seal"},{"floor":38,"key":"Toolbox"},{"floor":39,"key":"Replay:Mystery Machine"},{"floor":39,"key":"DeadEye"},{"floor":39,"key":"Ginger"},{"floor":40,"key":"RedLine:ReiMu"},{"floor":40,"key":"MostiFishMod:AdaptiveDefenses"},{"floor":40,"key":"Dodecahedron"},{"floor":40,"key":"Kunai"},{"floor":40,"key":"Runic Pyramid"},{"floor":41,"key":"AT_TheCollector"},{"floor":41,"key":"SumBook"},{"floor":41,"key":"Meat on the Bone"},{"floor":41,"key":"Mango"},{"floor":41,"key":"Empty Cage"},{"floor":42,"key":"UnicornStump"},{"floor":42,"key":"REME_LowDesire"},{"floor":42,"key":"Tea:ReiMu"},{"floor":42,"key":"MoneyPower"},{"floor":42,"key":"Molten Egg 2"},{"floor":43,"key":"ScarletDevilRocket"},{"floor":43,"key":"Snack Pack"},{"floor":44,"key":"Replay:Bandana"},{"floor":44,"key":"CeramicFish"},{"floor":44,"key":"Smiling Mask"},{"floor":44,"key":"PokeGo"},{"floor":46,"key":"Mummified Hand"},{"floor":46,"key":"TheBattery"},{"floor":46,"key":"Strange Spoon"},{"floor":46,"key":"FossilizedHelix"},{"floor":47,"key":"Succubus"},{"floor":47,"key":"Replay:Towering Pillar of Hats"},{"floor":47,"key":"Replay:Bottled Flurry"},{"floor":47,"key":"RottenBaby"},{"floor":47,"key":"GodSword1"},{"floor":48,"key":"Fusion Hammer"},{"floor":48,"key":"SecretRecord"},{"floor":48,"key":"SatanicBible"},{"floor":48,"key":"AddBug"},{"floor":55,"key":"Sozu"},{"floor":55,"key":"Replay:Multitool"},{"floor":55,"key":"Blue Candle"},{"floor":55,"key":"Replay:Wanted Poster"}],"event_choices":[{"damage_healed":0.0,"max_hp_gain":0.0,"max_hp_loss":0.0,"gold_gain":0.0,"event_name":"Drug Dealer","player_choice":"Inject Mutagens","floor":20.0,"gold_loss":0.0,"damage_taken":0.0,"relics_obtained":["MutagenicStrength"]}],"is_beta":false,"boss_relics":[{"not_picked":["Replay:Rubber Ducky","NineLifeCat"],"picked":"JudasShadow"},{"not_picked":[]},{"not_picked":["TuHaoJin","MawBank"],"picked":"DiscerningMonocle"},{"not_picked":[]}],"items_purged_floors":[36],"is_endless":false,"potions_floor_spawned":[1,2,4,5,8,11,19,22,23,29,31,37,41,46,47],"ascension_level":20}}