{"host":"z3m7ofiwbo1p8b5b","time":1614375376,"event":{"mods":["BaseMod","BetterRewards","Downfall","Minty Spire (QoL Compilation)","Replay The Spire","StSLib"],"gold_per_floor":[118,130,50,66,83,83,118,134,134,74,88,88,263,263,263,364,364,384,401,316,316,334,334,362,362,362,60,72,72,72,72,72,172,172,188,188,188,17,37,37,49,49,76,76,110,210,210,226,226,226],"floor_reached":51,"language":"ENG","playtime":2947,"items_purged":[],"score":718,"play_id":"3fbda762-034c-4525-92e0-d20fcc942dcc","local_time":"20210226163616","is_ascension_mode":false,"campfire_choices":[{"data":"Terror","floor":6,"key":"SMITH"},{"data":"Sucker Punch","floor":12,"key":"SMITH"},{"data":"Hidden Blade","floor":15,"key":"SMITH"},{"floor":23,"key":"REST"},{"floor":25,"key":"REST"},{"data":"Cloak And Dagger","floor":30,"key":"SMITH"},{"data":"Hidden Blade","floor":32,"key":"SMITH"},{"data":"Hidden Blade","floor":40,"key":"SMITH"},{"floor":42,"key":"REST"},{"data":"PiercingWail","floor":44,"key":"SMITH"},{"floor":47,"key":"REST"},{"floor":49,"key":"REST"}],"circlet_count":0,"master_deck":["Defend_G","Defend_G","Defend_G","Defend_G","Defend_G","Survivor","Neutralize","Bandage Up","Terror+1","Flying Knee","Accuracy+1","Hidden Blade+1","Backstab","Sucker Punch+1","Flying Knee","Footwork+1","Infinite Blades+1","Cloak And Dagger+1","Slimebound:Tackle+1","Slimebound:Tackle+1","Slimebound:Tackle+1","Hidden Blade+1","Thinking Ahead","Hidden Blade","Hidden Blade+1","PiercingWail+1","Pot Of Greed","Pot Of Greed","Pot Of Greed","Finisher+1","Blade Dance"],"relics":["Ring of the Snake","Strawberry","Omamori","SlaversCollar","Blue Doll","Ornamental Fan","Replay:WaspNest","Durian","SacredBark","Lee\u0027s Waffle","Grinning Jar","Lantern","Bronze Scales"],"acts_visited":["Exordium","TheCity","TheBeyond"],"potions_floor_usage":[5,7,7,16,18,19,39,45,50,50],"damage_taken":[{"damage":6,"enemies":"Cultist","floor":1,"turns":8},{"damage":2,"enemies":"Small Slimes","floor":2,"turns":5},{"damage":2,"enemies":"2 Louse","floor":4,"turns":3},{"damage":0,"enemies":"2 Fungi Beasts","floor":5,"turns":6},{"damage":12,"enemies":"3 Sentries","floor":7,"turns":10},{"damage":4,"enemies":"3 Louse","floor":8,"turns":4},{"damage":2,"enemies":"Looter","floor":11,"turns":3},{"damage":34,"enemies":"The Guardian","floor":16,"turns":11},{"damage":3,"enemies":"Shell Parasite","floor":18,"turns":6},{"damage":14,"enemies":"Spheric Guardian","floor":19,"turns":4},{"damage":21,"enemies":"Snecko","floor":22,"turns":7},{"damage":14,"enemies":"Gremlin Leader","floor":24,"turns":6},{"damage":9,"enemies":"Snake Plant","floor":28,"turns":3},{"damage":6,"enemies":"Champ","floor":33,"turns":9},{"damage":23,"enemies":"3 Shapes","floor":35,"turns":6},{"damage":15,"enemies":"3 Darklings","floor":39,"turns":5},{"damage":18,"enemies":"Sphere and 2 Shapes","floor":41,"turns":7},{"damage":15,"enemies":"Reptomancer","floor":45,"turns":5},{"damage":35,"enemies":"Writhing Mass","floor":48,"turns":5},{"damage":60,"enemies":"Awakened One","floor":50,"turns":11}],"seed_played":"6732047618681673324","potions_obtained":[{"floor":1,"key":"PowerPotion"},{"floor":2,"key":"SpeedPotion"},{"floor":4,"key":"GamblersBrew"},{"floor":11,"key":"Poison Potion"},{"floor":16,"key":"Dexterity Potion"},{"floor":18,"key":"Strength Potion"},{"floor":33,"key":"Doom Potion"},{"floor":35,"key":"champ:CounterPotion"},{"floor":41,"key":"Toxic Potion"},{"floor":48,"key":"Explosive Potion"}],"is_trial":false,"path_per_floor":["M","M","$","M","M","R","E","M","T","$","M","R","?","?","R","B",null,"M","M","?","?","M","R","E","R","T","$","M","?","R","$","R","B",null,"M","$","?","$","M","R","M","R","T","R","E","?","R","M","R","B",null],"character_chosen":"THE_SILENT","items_purchased":["Accuracy","Footwork+1","Durian","Lee\u0027s Waffle","Hidden Blade"],"campfire_rested":5,"item_purchase_floors":[3,10,27,38,38],"current_hp_per_floor":[68,70,70,70,70,70,69,69,69,69,71,71,71,71,71,41,77,74,63,63,63,46,69,59,77,77,82,76,76,76,76,76,74,82,63,63,63,89,78,78,64,89,89,89,74,39,65,34,60,4],"gold":226,"neow_bonus":"RANDOM_COLORLESS","is_daily":false,"chose_seed":false,"campfire_upgraded":7,"win_rate":0.0,"timestamp":1614375376,"path_taken":["M","?","$","M","M","R","E","M","T","$","M","R","?","?","R","BOSS","M","M","?","?","M","R","E","R","T","$","M","?","R","$","R","BOSS","M","$","?","$","M","R","M","R","T","R","E","?","R","M","R","BOSS"],"items_purchased_type":["Card","Card","Relic","Relic","Card"],"build_version":"2020-12-22","purchased_purges":0,"victory":true,"max_hp_per_floor":[70,70,70,70,70,70,77,77,77,77,77,77,77,77,77,77,77,77,77,77,77,77,77,77,77,77,82,82,82,82,82,82,82,82,82,82,82,89,89,89,89,89,89,89,89,89,89,89,89,89],"card_choices":[{"not_picked":["Purity","Survey Options"],"picked":"Bandage Up","floor":0},{"not_picked":["Hidden Blade","Poisoned Stab"],"picked":"Terror","floor":1},{"not_picked":["Catalyst","Poisoned Stab"],"picked":"Flying Knee","floor":2},{"not_picked":["Caltrops","Acrobatics"],"picked":"Hidden Blade","floor":4},{"not_picked":["Flying Knee","Dodge and Roll"],"picked":"Backstab","floor":5},{"not_picked":["Poisoned Stab","Heel Hook"],"picked":"Sucker Punch","floor":7},{"not_picked":["Flechettes","ReplayTheSpireMod:Shiv Toss"],"picked":"Flying Knee","floor":8},{"not_picked":["Predator","Acrobatics","Poisoned Stab"],"picked":"SKIP","floor":11},{"not_picked":["Prepared","PiercingWail"],"picked":"Infinite Blades+1","floor":18},{"not_picked":["Dagger Throw","Eviscerate"],"picked":"Cloak And Dagger","floor":19},{"not_picked":["Backflip","ReplayTheSpireMod:The Works+1","Dodge and Roll"],"picked":"SKIP","floor":22},{"not_picked":["Choke","Skewer"],"picked":"Hidden Blade","floor":24},{"not_picked":["Backflip+1","Outmaneuver+1","Acrobatics+1"],"picked":"SKIP","floor":28},{"not_picked":["Dodge and Roll","Deadly Poison+1","Acrobatics"],"picked":"SKIP","floor":35},{"not_picked":["PanicButton","Transmutation"],"picked":"Thinking Ahead","floor":37},{"not_picked":["Choke+1","Acrobatics","Masterful Stab"],"picked":"SKIP","floor":39},{"not_picked":["Dagger Throw","Dodge and Roll"],"picked":"PiercingWail","floor":41},{"not_picked":["Distraction+1","Underhanded Strike+1"],"picked":"Finisher+1","floor":45},{"not_picked":["Deadly Poison","Acrobatics"],"picked":"Blade Dance","floor":46},{"not_picked":["Prepared+1","PiercingWail+1","Noxious Fumes+1"],"picked":"SKIP","floor":48}],"player_experience":236837,"relics_obtained":[{"floor":7,"key":"Strawberry"},{"floor":9,"key":"Omamori"},{"floor":24,"key":"Ornamental Fan"},{"floor":26,"key":"Replay:WaspNest"},{"floor":43,"key":"Grinning Jar"},{"floor":45,"key":"Lantern"},{"floor":46,"key":"Bronze Scales"}],"event_choices":[{"damage_healed":0,"gold_gain":175,"player_choice":"AGREE","damage_taken":0,"max_hp_gain":0,"max_hp_loss":0,"event_name":"Liars Game","floor":13,"gold_loss":0,"cards_obtained":["Doubt"]},{"damage_healed":0,"gold_gain":0,"player_choice":"Grow","damage_taken":0,"max_hp_gain":0,"max_hp_loss":0,"event_name":"Living Wall","floor":14,"gold_loss":0,"cards_upgraded":["Accuracy"]},{"damage_healed":0,"gold_gain":0,"player_choice":"Obtained Relic","damage_taken":0,"relics_obtained":["Blue Doll"],"max_hp_gain":0,"max_hp_loss":0,"event_name":"Addict","floor":20,"gold_loss":85},{"damage_healed":0,"gold_gain":0,"player_choice":"Ignored","damage_taken":0,"max_hp_gain":0,"max_hp_loss":0,"event_name":"Ghosts","floor":29,"gold_loss":0},{"damage_healed":0,"gold_gain":0,"player_choice":"Memory 1","damage_taken":0,"max_hp_gain":0,"max_hp_loss":0,"event_name":"SensoryStone","floor":37,"gold_loss":0}],"is_beta":false,"boss_relics":[{"not_picked":["Replay:Drink Me","Runic Pyramid"],"picked":"SlaversCollar"},{"not_picked":["Empty Cage","Snecko Eye"],"picked":"SacredBark"}],"items_purged_floors":[],"is_endless":false,"potions_floor_spawned":[1,2,4,11,16,18,33,35,41,48],"ascension_level":0}}