{"host":"vqun63pi4q2xs0ca","time":1614361797,"event":{"mods":["BaseMod","Minty Spire (QoL Compilation)","Relic Stats","StSLib"],"gold_per_floor":[109,120,138,0,0,0,20,46,46,46,57,84,97,130,130,204,204,218,218,234,234,2,37,37,55,81,113,125,151,163,205,217,303,315,340,365,397,419,72,72,84,84,84,133,159,159,184,218,218,218,218,218,218,69,104,104,104],"floor_reached":56,"language":"ENG","playtime":3394,"items_purged":["Strike_B+1","Redo"],"score":2034,"play_id":"bf714222-fc99-4907-a5da-fb9f8558174e","local_time":"20210226174957","is_ascension_mode":true,"campfire_choices":[{"data":"Cold Snap","floor":6,"key":"SMITH"},{"data":"Sweeping Beam","floor":10,"key":"SMITH"},{"data":"Chaos","floor":15,"key":"SMITH"},{"floor":24,"key":"REST"},{"floor":28,"key":"REST"},{"floor":32,"key":"RECALL"},{"floor":40,"key":"REST"},{"floor":42,"key":"REST"},{"floor":46,"key":"REST"},{"floor":49,"key":"REST"},{"floor":53,"key":"REST"}],"circlet_count":0,"master_deck":["AscendersBane","Zap","Dualcast","Cold Snap+1","Rebound","Compile Driver","Sweeping Beam+1","FTL","Stack","Beam Cell","Chaos+1","Ball Lightning","Go for the Eyes","Thunder Strike+1","Coolheaded","Genetic Algorithm+1","Ball Lightning+1","Redo+1","White Noise","Defragment","Electrodynamics","Reboot","Aggregate","Buffer","Chill","Loop","Seek","Loop+1","Glacier","Reinforced Body+1","Static Discharge+1","Creative AI+1"],"relics":["Cracked Core","Thread and Needle","CultistMask","PreservedInsect","Meat on the Bone","Gambling Chip","Shuriken","Fusion Hammer","Enchiridion","Bag of Preparation","Lizard Tail","MawBank","Turnip","Pandora\u0027s Box","Frozen Egg 2","Smiling Mask","InkBottle","Bird Faced Urn","Strawberry"],"acts_visited":["Exordium","TheCity","TheBeyond","TheEnding"],"potions_floor_usage":[12,13,16,23,31,51,56],"damage_taken":[{"damage":0,"enemies":"Jaw Worm","floor":1,"turns":3},{"damage":0,"enemies":"Cultist","floor":2,"turns":3},{"damage":0,"enemies":"Small Slimes","floor":3,"turns":3},{"damage":4,"enemies":"Blue Slaver","floor":7,"turns":3},{"damage":12,"enemies":"3 Sentries","floor":8,"turns":6},{"damage":0,"enemies":"2 Fungi Beasts","floor":11,"turns":3},{"damage":15,"enemies":"Lagavulin","floor":12,"turns":6},{"damage":0,"enemies":"Gremlin Gang","floor":13,"turns":1},{"damage":0,"enemies":"Gremlin Nob","floor":14,"turns":2},{"damage":17,"enemies":"Hexaghost","floor":16,"turns":9},{"damage":0,"enemies":"Spheric Guardian","floor":18,"turns":4},{"damage":4,"enemies":"Shell Parasite","floor":20,"turns":4},{"damage":6,"enemies":"Book of Stabbing","floor":23,"turns":4},{"damage":4,"enemies":"Centurion and Healer","floor":25,"turns":3},{"damage":0,"enemies":"Snecko","floor":27,"turns":3},{"damage":0,"enemies":"3 Cultists","floor":29,"turns":3},{"damage":0,"enemies":"Slavers","floor":31,"turns":3},{"damage":30,"enemies":"Champ","floor":33,"turns":9},{"damage":0,"enemies":"3 Darklings","floor":35,"turns":2},{"damage":0,"enemies":"Orb Walker","floor":36,"turns":4},{"damage":0,"enemies":"Jaw Worm Horde","floor":37,"turns":2},{"damage":27,"enemies":"Spire Growth","floor":38,"turns":4},{"damage":1,"enemies":"4 Shapes","floor":41,"turns":2},{"damage":7,"enemies":"Reptomancer","floor":45,"turns":3},{"damage":4,"enemies":"Mind Bloom Boss Battle","floor":47,"turns":5},{"damage":0,"enemies":"Nemesis","floor":48,"turns":5},{"damage":49,"enemies":"Donu and Deca","floor":50,"turns":10},{"damage":56,"enemies":"Time Eater","floor":51,"turns":9},{"damage":31,"enemies":"Shield and Spear","floor":55,"turns":5},{"damage":175,"enemies":"The Heart","floor":56,"turns":6}],"seed_played":"-4173633525387596487","potions_obtained":[{"floor":1,"key":"PotionOfCapacity"},{"floor":11,"key":"AttackPotion"},{"floor":14,"key":"SkillPotion"},{"floor":18,"key":"ColorlessPotion"},{"floor":20,"key":"ColorlessPotion"},{"floor":23,"key":"SteroidPotion"},{"floor":29,"key":"FairyPotion"},{"floor":33,"key":"PotionOfCapacity"},{"floor":48,"key":"BlessingOfTheForge"}],"is_trial":false,"path_per_floor":["M","M","M","$","?","R","M","E","T","R","M","E","M","E","R","B",null,"M","?","M","?","$","E","R","M","T","M","R","M","?","E","R","B",null,"M","M","M","M","$","R","M","R","T","T","E","R","?","E","R","B","B",null,"R","$","E","B"],"character_chosen":"DEFECT","items_purchased":["DuplicationPotion","Sweeping Beam","Bag of Preparation","Glacier","Frozen Egg 2","Static Discharge+1","PowerPotion"],"campfire_rested":7,"item_purchase_floors":[4,4,22,39,39,54,54],"current_hp_per_floor":[46,46,46,46,46,46,42,30,30,30,42,39,39,39,39,34,62,62,62,58,37,37,43,64,60,60,60,71,71,71,71,71,41,64,64,64,64,37,37,58,57,71,71,71,64,71,67,78,78,49,21,64,78,78,57,0,0],"gold":104,"neow_bonus":"ONE_RARE_RELIC","is_daily":false,"chose_seed":false,"campfire_upgraded":3,"win_rate":0.0,"timestamp":1614361797,"path_taken":["M","M","M","$","?","R","M","E","T","R","?","E","M","E","R","BOSS","M","?","M","?","$","E","R","M","T","M","R","M","?","E","R","BOSS","M","M","M","M","$","R","?","R","T","?","E","R","?","E","R","BOSS","BOSS","R","$","E","BOSS"],"items_purchased_type":["Potion","Card","Relic","Card","Relic","Card","Potion"],"build_version":"2020-12-22","purchased_purges":2,"victory":false,"max_hp_per_floor":[71,71,71,71,71,71,71,71,71,71,71,71,71,71,71,71,71,71,71,71,71,71,71,71,71,71,71,71,71,71,71,71,71,71,71,71,71,71,71,71,71,71,71,71,71,71,71,78,78,78,78,78,78,78,78,78,78],"relic_stats":{"counters":[30,128],"PreservedInsect":325,"Bag of Preparation":[36],"MawBank":156,"Smiling Mask":50,"Lizard Tail":39,"Shuriken":[39],"Gambling Chip":[87],"Bird Faced Urn":[74],"Pandora\u0027s Box":["Redo","Reboot","Aggregate","Buffer","Chill","Loop","Seek"],"Turnip":[5],"obtain_stats":[{"Enchiridion":21,"Thread and Needle":0,"PreservedInsect":8,"Bag of Preparation":22,"Frozen Egg 2":39,"MawBank":26,"Smiling Mask":44,"Lizard Tail":23,"Shuriken":14,"Gambling Chip":12,"Bird Faced Urn":47,"Strawberry":48,"Pandora\u0027s Box":34,"CultistMask":5,"Fusion Hammer":17,"Turnip":31,"Cracked Core":0,"InkBottle":45,"Meat on the Bone":9},{"Enchiridion":12,"Thread and Needle":0,"PreservedInsect":5,"Bag of Preparation":12,"Frozen Egg 2":22,"MawBank":14,"Smiling Mask":23,"Lizard Tail":13,"Shuriken":9,"Gambling Chip":7,"Bird Faced Urn":25,"Strawberry":26,"Pandora\u0027s Box":18,"CultistMask":3,"Fusion Hammer":10,"Turnip":17,"Cracked Core":0,"InkBottle":24,"Meat on the Bone":5},{"Enchiridion":47,"Thread and Needle":0,"PreservedInsect":18,"Bag of Preparation":47,"Frozen Egg 2":84,"MawBank":54,"Smiling Mask":86,"Lizard Tail":51,"Shuriken":30,"Gambling Chip":27,"Bird Faced Urn":94,"Strawberry":99,"Pandora\u0027s Box":72,"CultistMask":9,"Fusion Hammer":39,"Turnip":63,"Cracked Core":0,"InkBottle":89,"Meat on the Bone":18}],"InkBottle":[21],"Meat on the Bone":60},"card_choices":[{"not_picked":["Blizzard","Steam"],"picked":"Cold Snap","floor":1},{"not_picked":["BootSequence","Thunder Strike"],"picked":"Rebound","floor":2},{"not_picked":["BootSequence","Leap"],"picked":"Compile Driver","floor":3},{"not_picked":["Redo","Self Repair"],"picked":"FTL","floor":7},{"not_picked":["BootSequence","Blizzard"],"picked":"Stack","floor":8},{"not_picked":["Rebound","Self Repair"],"picked":"Beam Cell","floor":11},{"not_picked":["Compile Driver","Streamline"],"picked":"Chaos","floor":12},{"not_picked":["Barrage","Steam"],"picked":"Ball Lightning","floor":13},{"not_picked":["Rebound","Skim"],"picked":"Go for the Eyes","floor":14},{"not_picked":["Amplify","Multi-Cast"],"picked":"Thunder Strike","floor":16},{"not_picked":["Chill","Redo"],"picked":"Coolheaded","floor":18},{"not_picked":["Gash","Conserve Battery"],"picked":"Genetic Algorithm+1","floor":20},{"not_picked":["Double Energy","White Noise"],"picked":"Ball Lightning+1","floor":23},{"not_picked":["Streamline","Conserve Battery","Cold Snap"],"picked":"SKIP","floor":25},{"not_picked":["Compile Driver","Stack"],"picked":"Redo+1","floor":27},{"not_picked":["Darkness","Barrage"],"picked":"White Noise","floor":29},{"not_picked":["Rebound+1","Loop"],"picked":"Defragment","floor":31},{"not_picked":["Thunder Strike","Reboot"],"picked":"Electrodynamics","floor":33},{"not_picked":["Streamline","Sweeping Beam+1","Turbo"],"picked":"SKIP","floor":35},{"not_picked":["Beam Cell","Barrage","Stack"],"picked":"SKIP","floor":36},{"not_picked":["Doom and Gloom+1","Turbo+1","Beam Cell"],"picked":"SKIP","floor":37},{"not_picked":["Consume","Heatsinks"],"picked":"Loop+1","floor":38},{"not_picked":["BootSequence","Rebound+1","Leap"],"picked":"SKIP","floor":41},{"not_picked":["Coolheaded","Steam","Consume+1"],"picked":"SKIP","floor":45},{"not_picked":["Leap","Lockon"],"picked":"Reinforced Body+1","floor":47},{"not_picked":["Loop+1","Hologram","Static Discharge+1"],"picked":"SKIP","floor":48},{"not_picked":["Fusion","Genetic Algorithm+1"],"picked":"Creative AI+1","floor":55}],"player_experience":1647681,"relics_obtained":[{"floor":8,"key":"PreservedInsect"},{"floor":9,"key":"Meat on the Bone"},{"floor":12,"key":"Gambling Chip"},{"floor":14,"key":"Shuriken"},{"floor":21,"key":"Enchiridion"},{"floor":23,"key":"Lizard Tail"},{"floor":26,"key":"MawBank"},{"floor":31,"key":"Turnip"},{"floor":44,"key":"Smiling Mask"},{"floor":45,"key":"InkBottle"},{"floor":47,"key":"Bird Faced Urn"},{"floor":48,"key":"Strawberry"}],"event_choices":[{"damage_healed":0,"gold_gain":0,"player_choice":"Trade","damage_taken":0,"relics_obtained":["CultistMask"],"max_hp_gain":0,"max_hp_loss":0,"event_name":"FaceTrader","floor":5,"gold_loss":0},{"damage_healed":0,"gold_gain":0,"player_choice":"Simplicity","damage_taken":0,"max_hp_gain":0,"max_hp_loss":0,"event_name":"Back to Basics","floor":19,"gold_loss":0,"cards_upgraded":["Strike_B","Strike_B","Strike_B","Strike_B","Defend_B","Defend_B","Defend_B","Defend_B"]},{"damage_healed":0,"gold_gain":0,"player_choice":"Obtained Book","damage_taken":21,"max_hp_gain":0,"max_hp_loss":0,"event_name":"Cursed Tome","floor":21,"gold_loss":0},{"damage_healed":0,"gold_gain":0,"player_choice":"Upgraded","damage_taken":0,"max_hp_gain":0,"max_hp_loss":0,"event_name":"Upgrade Shrine","floor":30,"gold_loss":0,"cards_upgraded":["Thunder Strike"]},{"damage_healed":0,"gold_gain":0,"player_choice":"Fight","damage_taken":0,"max_hp_gain":0,"max_hp_loss":0,"event_name":"MindBloom","floor":47,"gold_loss":0}],"is_beta":false,"boss_relics":[{"not_picked":["Busted Crown","FrozenCore"],"picked":"Fusion Hammer"},{"not_picked":["Runic Dome","Empty Cage"],"picked":"Pandora\u0027s Box"}],"items_purged_floors":[22,54],"is_endless":false,"potions_floor_spawned":[1,7,8,11,14,18,20,23,29,33,37,41,45,48,55],"killed_by":"The Heart","ascension_level":20}}