{"host":"eqoc4xtxwtie1mw2","time":1614299150,"event":{"mods":["2.2 Compatiblity","AchievementEnabler","Act Like it!","BaseMod","Bestiary","Better Altar","Better Match","Better Note","Better Sensory Stone","Better Skull","Better Third Choice","Better Vampires","BetterRewards","Block Reminder","Colored Map","Colored Powertips","Curses Come First","Downfall","Hallownest","Hermit","Hubris","Infinite Spire","Marked Mod","Minty Spire (QoL Compilation)","Permanent Neow","Rare Cards Sparkle","Relic Stats","Reliquary","Replay The Spire","Spicy Shops","StSLib","The Bug Knight"],"gold_per_floor":[115,115,128,199,219,219,239,239,239,256,276,162,162,162,162,266,266,278,203,223,223,238,238,238,238,283,342,359,359,359],"floor_reached":29,"language":"ENG","playtime":6455,"items_purged":["Decay"],"score":267,"play_id":"dac5a658-a97c-4548-85ce-199a3473f569","local_time":"20210225182550","is_ascension_mode":false,"campfire_choices":[{"data":"HollowMod:NewJinnsSoul","floor":6.0,"key":"SMITH"},{"data":"HollowMod:SiblingsSouls","floor":8.0,"key":"SMITH"},{"data":"HollowMod:LifebloodCocoon","floor":13.0,"key":"SMITH"},{"floor":15.0,"key":"REST"},{"floor":23,"key":"REST"},{"floor":25,"key":"REST"}],"circlet_count":0,"master_deck":["HollowMod:FocusHealStart","HollowMod:PogoStrike","HollowMod:BlackTendrils","HollowMod:NewJinnsSoul+1","HollowMod:SharpenedShadows","HollowMod:SiblingsShadow","HollowMod:DoubleDash","HollowMod:WraithStrike","HollowMod:SoulShaman","HollowMod:SiblingsSouls+1","HollowMod:BlackTendrils","HollowMod:LifebloodCocoon+1","HollowMod:ChannelNail","HollowMod:Hiveblood","HollowMod:ChannelNail","Sadistic Nature+1","HollowMod:AbyssShriek","HollowMod:LordofShades","HollowMod:DashSlash","HollowMod:FallenFury+1","HollowMod:SoulMaster+1","Bandage Up+1","HollowMod:DashSlash","HollowMod:WraithStrike+1","HollowMod:ShapeofUnn","HollowMod:DashSlash","Replay:Bootleg Shield Generator","HollowMod:ZotesMagnificence+1","HollowMod:BlackTendrils+1","HollowMod:WraithStrike","HollowMod:NewInfectedGuardian","HollowMod:BrokenVessel","HollowMod:ShadowDash","HollowMod:MidwifesHunger","HollowMod:ShapeofUnn","HollowMod:CloakDash","HollowMod:LordofShades","HollowMod:PureNailStrike","HollowMod:WraithStrike","HollowMod:VengefulVoid","HollowMod:MantisMark+1"],"relics":["HollowMod:VesselMask","Prayer Wheel","reliquary:QuartzCube","StoneCalendar","ReplayTheSpireMod:CursedCoin","Dream Catcher","Runic Pyramid","Guide Book","Pandora\u0027s Box","hubris:TenFootPole"],"acts_visited":["Hallownest:Greenpath","Hallownest:CityofTears"],"potions_floor_usage":[22,29,29],"damage_taken":[{"damage":0.0,"enemies":"Hallownest:monsterHuskGuard","floor":1.0,"turns":4.0},{"damage":6.0,"enemies":"Hallownest:2_Tiktiks_and_1_Crawlid","floor":3.0,"turns":6.0},{"damage":1.0,"enemies":"Hallownest:monsterHuskWarrior","floor":5.0,"turns":4.0},{"damage":1.0,"enemies":"Hallownest:MossCreep_and_Mosskin","floor":7.0,"turns":6.0},{"damage":14.0,"enemies":"Hallownest:Wandering_and_Horned","floor":10.0,"turns":7.0},{"damage":0.0,"enemies":"Hallownest:monsterMossCharger","floor":11.0,"turns":4.0},{"damage":52.0,"enemies":"Hallownest:BossBrokenVessel","floor":16.0,"turns":13.0},{"damage":52.0,"enemies":"Hallownest:2_Mistakes","floor":18.0,"turns":7.0},{"damage":34.0,"enemies":"Hallownest:Flukemon_and_Top","floor":20.0,"turns":7.0},{"damage":27,"enemies":"Hallownest:2_Husk_Sentries","floor":22,"turns":8},{"damage":51,"enemies":"Hallownest:Glutton_and_Coward","floor":27,"turns":5},{"damage":17,"enemies":"Hallownest:monsterMisterMushroom","floor":28,"turns":7},{"damage":26,"enemies":"Hallownest:eliteSoulWarrior","floor":29,"turns":6}],"seed_played":"6005657460622548800","potions_obtained":[{"floor":1.0,"key":"hexamod:SoulburnPotion"},{"floor":5.0,"key":"Slimebound:ThreeZeroPotion"},{"floor":20.0,"key":"DuplicationPotion"},{"floor":27,"key":"Languid Potion"},{"floor":28,"key":"Dexterity Potion"}],"is_trial":false,"path_per_floor":["M","?","M","T","M","R","M","R","T","M","M","$","R","?","R","B",null,"M","?","M","?","M","R","AVR","R","T","M","M","E"],"character_chosen":"THE_BUGKNIGHT","items_purchased":["ReplayTheSpireMod:CursedCoin","Sadistic Nature"],"campfire_rested":3,"item_purchase_floors":[12,12],"current_hp_per_floor":[68,68,63,63,67,67,68,68,68,58,58,58,58,44,64,40,68,30,30,13,13,13,33,33,53,53,22,16,0,0],"gold":359,"neow_bonus":"ONE_RARE_RELIC","is_daily":false,"chose_seed":false,"campfire_upgraded":3,"win_rate":0.0,"timestamp":1614299150,"path_taken":["M","?","M","?","?","R","M","R","T","M","M","$","R","?","R","BOSS","M","?","M","?","M","R","AVR","R","T","M","M","E"],"items_purchased_type":["Relic","Card"],"build_version":"2020-12-22","purchased_purges":1,"victory":false,"max_hp_per_floor":[68,68,68,68,68,68,68,68,68,68,68,68,68,68,68,68,68,68,68,68,68,68,68,68,68,68,68,68,68,68],"relic_stats":{"Dream Catcher":3,"counters":[13,84],"Prayer Wheel":11,"StoneCalendar":[168],"Pandora\u0027s Box":["HollowMod:NewInfectedGuardian","HollowMod:BrokenVessel","HollowMod:ShadowDash","HollowMod:MidwifesHunger","HollowMod:ShapeofUnn","HollowMod:CloakDash","HollowMod:LordofShades","HollowMod:PureNailStrike"],"obtain_stats":[{"Dream Catcher":14,"ReplayTheSpireMod:CursedCoin":12,"Guide Book":24,"HollowMod:VesselMask":0,"Prayer Wheel":0,"StoneCalendar":9,"Pandora\u0027s Box":24,"hubris:TenFootPole":26,"reliquary:QuartzCube":4,"Runic Pyramid":17},{"Dream Catcher":6,"ReplayTheSpireMod:CursedCoin":6,"Guide Book":10,"HollowMod:VesselMask":0,"Prayer Wheel":0,"StoneCalendar":4,"Pandora\u0027s Box":10,"hubris:TenFootPole":10,"reliquary:QuartzCube":2,"Runic Pyramid":7},{"Dream Catcher":31,"ReplayTheSpireMod:CursedCoin":31,"Guide Book":66,"HollowMod:VesselMask":0,"Prayer Wheel":0,"StoneCalendar":20,"Pandora\u0027s Box":66,"hubris:TenFootPole":66,"reliquary:QuartzCube":10,"Runic Pyramid":44}]},"card_choices":[{"not_picked":["HollowMod:CycloneSlash","HollowMod:GoodIntentions"],"picked":"HollowMod:BlackTendrils","floor":1.0},{"not_picked":["HollowMod:InfectionAssault","HollowMod:SoulEater"],"picked":"HollowMod:NewJinnsSoul","floor":1.0},{"not_picked":["HollowMod:HeavyBlow","HollowMod:ShadowDash"],"picked":"HollowMod:SiblingsShadow","floor":3.0},{"not_picked":["HollowMod:DashSlash","HollowMod:DescendingDark"],"picked":"HollowMod:DoubleDash","floor":3.0},{"not_picked":["HollowMod:HeavyBlow","HollowMod:NewGlowingWomb"],"picked":"HollowMod:WraithStrike","floor":5.0},{"not_picked":["HollowMod:LifebloodCore","HollowMod:NewLittleFool"],"picked":"HollowMod:SoulShaman","floor":5.0},{"not_picked":["HollowMod:DescendingDark","HollowMod:InfectedAttack"],"picked":"HollowMod:SiblingsSouls","floor":7.0},{"not_picked":["HollowMod:MawleksShell","HollowMod:InfectedCysts"],"picked":"HollowMod:BlackTendrils","floor":7.0},{"not_picked":["HollowMod:PureVessel","HollowMod:InfectedAttack"],"picked":"HollowMod:LifebloodCocoon","floor":10.0},{"not_picked":["HollowMod:CornifersMapStart","HollowMod:MawleksShell"],"picked":"HollowMod:ChannelNail","floor":10.0},{"not_picked":["HollowMod:DoubleDash","HollowMod:SiblingsSouls"],"picked":"HollowMod:Hiveblood","floor":11.0},{"not_picked":["HollowMod:QuirrelsAssistance","HollowMod:InfectedCysts"],"picked":"HollowMod:ChannelNail","floor":11.0},{"not_picked":["HollowMod:SoulVessel","HollowMod:HeavyBlow"],"picked":"HollowMod:AbyssShriek","floor":15.0},{"not_picked":["HollowMod:theNailsmith","HollowMod:Hiveblood"],"picked":"HollowMod:LordofShades","floor":16.0},{"not_picked":["HollowMod:VengefulSpirit+1","HollowMod:CoiledNail"],"picked":"HollowMod:DashSlash","floor":18.0},{"not_picked":["HollowMod:RecoilStrike+1","HollowMod:CoiledNail"],"picked":"HollowMod:FallenFury+1","floor":18.0},{"not_picked":["HollowMod:NewInfectedGuardian+1","HollowMod:PureVessel+1"],"picked":"HollowMod:SoulMaster+1","floor":19.0},{"not_picked":["Flash of Steel+1","Blind+1"],"picked":"Bandage Up+1","floor":19.0},{"not_picked":["HollowMod:SoulStrike","HollowMod:SiblingsShadow"],"picked":"HollowMod:DashSlash","floor":20.0},{"not_picked":["HollowMod:GrimmsGift+1","HollowMod:ElderbugsWisdom"],"picked":"HollowMod:WraithStrike+1","floor":20.0},{"not_picked":["HollowMod:RecoilStrike","HollowMod:DreamGate"],"picked":"HollowMod:ShapeofUnn","floor":21},{"not_picked":["HollowMod:HowlingWraiths","HollowMod:TaintedHusks"],"picked":"HollowMod:DashSlash","floor":21},{"not_picked":["ReplayTheSpireMod:Private Reserves","Deep Breath"],"picked":"Replay:Bootleg Shield Generator","floor":21},{"not_picked":["HollowMod:HowlingWraiths","HollowMod:SoulStrike"],"picked":"HollowMod:ZotesMagnificence","floor":22},{"not_picked":["HollowMod:VengefulSpirit","HollowMod:InfectedAttack"],"picked":"HollowMod:BlackTendrils+1","floor":22},{"not_picked":["HollowMod:PerfectDash","HollowMod:InfectedCysts"],"picked":"HollowMod:WraithStrike","floor":23},{"not_picked":["HollowMod:GoodIntentions+1","HollowMod:BrokenVessel"],"picked":"HollowMod:WraithStrike","floor":25},{"not_picked":["HollowMod:Grubsong+1","HollowMod:WraithStrike"],"picked":"HollowMod:VengefulVoid","floor":27},{"not_picked":["HollowMod:Grubsong","HollowMod:CornifersMapStart","HollowMod:SoulShaman"],"picked":"SKIP","floor":27},{"not_picked":["HollowMod:CloakDash","HollowMod:HowlingWraiths+1"],"picked":"HollowMod:MantisMark+1","floor":28},{"not_picked":["HollowMod:SoulStrike","HollowMod:CornifersMapStart+1","HollowMod:MonarchWings"],"picked":"SKIP","floor":28}],"player_experience":300717,"relics_obtained":[{"floor":4.0,"key":"reliquary:QuartzCube"},{"floor":9.0,"key":"StoneCalendar"},{"floor":26,"key":"hubris:TenFootPole"}],"event_choices":[{"damage_healed":0.0,"max_hp_gain":0.0,"max_hp_loss":0.0,"gold_gain":0.0,"event_name":"betterSkull:BetterSkull","player_choice":"RE ","floor":14.0,"gold_loss":0.0,"damage_taken":16.0,"cards_upgraded":[],"relics_obtained":["Dream Catcher"]},{"damage_healed":0.0,"max_hp_gain":0.0,"max_hp_loss":0.0,"gold_gain":0.0,"event_name":"betterMatch:BetterMatch","player_choice":"2","floor":19.0,"gold_loss":0.0,"damage_taken":0.0,"cards_obtained":["betterMatch:RareCard","betterMatch:ColorlessUncommonCard"]},{"damage_healed":0,"gold_gain":0,"player_choice":"1","damage_taken":0,"max_hp_gain":0,"max_hp_loss":0,"event_name":"betterMatch:BetterMatch","floor":21,"gold_loss":0,"cards_obtained":["betterMatch:UncommonCard","betterMatch:CommonCard","betterMatch:ColorlessUncommonCard"]}],"is_beta":false,"boss_relics":[{"not_picked":["SacredBark","Replay:Wanted Poster"],"picked":"Runic Pyramid"}],"items_purged_floors":[12],"is_endless":false,"potions_floor_spawned":[1,5,20,27,28],"killed_by":"Hallownest:eliteSoulWarrior","ascension_level":0}}