{"host":"tv94t6gxbgkn39zb","time":1614355717,"event":{"mods":["BaseMod","CCEM2","Dio Mod","Downfall","Gremlin Mod","HololiveMod","Minty Spire (QoL Compilation)","Rare Cards Sparkle","Reimu??????","Replay The Spire","SIMod","Shade Mod","Shapeshifter Mod","StSLib","The Cursed","The Forsaken","The Hierophant","The Necromancer","The Witch","TheVelvet","Treasure Hunter","Waifu the Spire"],"gold_per_floor":[99,116,126,138,149,57,105,122,222,322,83,83,83,102,121,222,222,222,241,260,220,220,23,23,8,33,33,45,30,40,40,52,148,148,148,198,210,210,210,210],"floor_reached":38,"language":"FRA","playtime":5462,"items_purged":[],"score":411,"play_id":"161864c5-4300-4679-a448-049ff7d97392","local_time":"20210226170837","is_ascension_mode":false,"campfire_choices":[{"floor":1,"key":"DIG"},{"floor":13,"key":"REST"},{"floor":35,"key":"DIG"}],"circlet_count":0,"master_deck":["champ:Strike","champ:Strike","champ:Strike","champ:Strike","champ:Defend","champ:Defend","champ:Defend","champ:Defend","champ:Execute","champ:Taunt","champ:ShieldWall","champ:FocusedDefense","champ:GladiatorStyle","champ:Circumvent","champ:HoldFirm+1","champ:FancyFootwork","champ:Parry","champ:Endure","champ:SkillfulDodge","champ:Lariat+1","champ:Backstep","champ:SwordThrow","champ:LastStand","champ:Encircle","champ:EnGarde","champ:ShieldSlam","Slimebound:CheckThePlaybook","champ:FalseCounter+1","expansioncontent:QuickStudy","TH:CursedSword","champ:CrookedStrike+1","TH:DeckOfManyThings","champ:Devastate","champ:RapidStrikes","champ:Lariat+1","champ:EnGarde","champ:UltimateStance","champ:GutPunch","champ:Endure+1"],"relics":["champ:ChampionCrownUpgraded","CCEMRelics:PocketTank","CCEMRelics:GrindingGear","Dream Catcher","SlaversCollar","CCEMRelics:DerglesHeadphones","Divine Protection","MutagenicStrength","Question Card","CCEMRelics:OrganicArmor"],"acts_visited":["Exordium","TheCity","TheBeyond"],"potions_floor_usage":[9,19,25,28,30,30],"damage_taken":[{"damage":25,"enemies":"Cultist","floor":2,"turns":4},{"damage":10,"enemies":"2 Louse","floor":3,"turns":4},{"damage":18,"enemies":"Small Slimes","floor":4,"turns":4},{"damage":14,"enemies":"Exordium Wildlife","floor":5,"turns":4},{"damage":28,"enemies":"downfall:FleeingMerchant","floor":6,"turns":4},{"damage":21,"enemies":"downfall:LooterAlt","floor":8,"turns":4},{"damage":25,"enemies":"downfall:Heads","floor":9,"turns":8},{"damage":33,"enemies":"downfall:FleeingMerchant","floor":11,"turns":4},{"damage":10,"enemies":"2 Fungi Beasts","floor":14,"turns":4},{"damage":10,"enemies":"Blue Slaver","floor":15,"turns":5},{"damage":81,"enemies":"DF_ARCHETYPE_STREAMLINE","floor":16,"turns":14},{"damage":15,"enemies":"3 Byrds","floor":19,"turns":7},{"damage":9,"enemies":"downfall:LooterAlt2","floor":20,"turns":5},{"damage":10,"enemies":"downfall:FleeingMerchant","floor":23,"turns":4},{"damage":15,"enemies":"downfall:FleeingMerchant","floor":25,"turns":4},{"damage":20,"enemies":"Replay:Snechameleon","floor":26,"turns":8},{"damage":23,"enemies":"Snake Plant","floor":28,"turns":5},{"damage":6,"enemies":"downfall:FleeingMerchant","floor":29,"turns":4},{"damage":40,"enemies":"Snecko","floor":30,"turns":9},{"damage":26,"enemies":"Chosen and Byrds","floor":32,"turns":8},{"damage":8,"enemies":"WA_ARCHETYPE_CALM","floor":33,"turns":10},{"damage":50,"enemies":"WA_ARCHETYPE_CALM","floor":36,"turns":11},{"damage":49,"enemies":"Orb Walker","floor":37,"turns":7},{"damage":24,"enemies":"3 Darklings","floor":38,"turns":3}],"seed_played":"5687463940828213797","potions_obtained":[{"floor":2,"key":"Explosive Potion"},{"floor":4,"key":"SpeedPotion"},{"floor":9,"key":"Flashbang"},{"floor":14,"key":"AttackPotion"},{"floor":15,"key":"hexamod:SoulburnPotion"},{"floor":16,"key":"sneckomod:MuddlingPotion"},{"floor":19,"key":"BlessingOfTheForge"},{"floor":20,"key":"Languid Potion"},{"floor":26,"key":"PowerPotion"},{"floor":37,"key":"ZuzhouPotion:ReiMu"}],"is_trial":false,"path_per_floor":["R","M","M","M","M","$","T","M","?","?","$","?","R","M","M","B",null,"R","M","M","?","?","$","T","$","E","?","M","$","M","?","M","B",null,"R","?","M","M"],"character_chosen":"THE_CHAMP","items_purchased":["champ:CalledShot","Dream Catcher","champ:SkillfulDodge","expansioncontent:QuickStudy"],"campfire_rested":1,"item_purchase_floors":[6,11,11,23],"current_hp_per_floor":[99,99,99,96,92,89,89,83,68,68,60,60,89,89,89,63,99,99,99,90,90,90,90,90,90,80,80,57,61,36,36,20,12,90,90,55,21,0,0,0],"gold":210,"neow_bonus":"TEN_PERCENT_HP_BONUS","is_daily":false,"chose_seed":false,"campfire_upgraded":0,"win_rate":0.0,"timestamp":1614355717,"path_taken":["R","M","M","M","M","$","T","?","?","?","$","?","R","M","M","BOSS","R","M","M","?","?","?","T","$","E","?","M","$","?","?","M","BOSS","R","?","M","M"],"items_purchased_type":["Card","Relic","Card","Card"],"build_version":"2020-12-22","purchased_purges":0,"victory":false,"max_hp_per_floor":[99,99,99,99,99,99,99,99,99,99,99,99,99,99,99,99,99,99,99,99,99,90,90,90,90,90,90,90,90,90,90,90,90,90,90,90,90,90,90,90],"card_choices":[{"not_picked":["champ:BerserkersShout","champ:Backstep"],"picked":"champ:ShieldWall","floor":2},{"not_picked":["champ:HeartStrike","champ:Parry"],"picked":"champ:IronFortress","floor":3},{"not_picked":["champ:FocusedBerserking","champ:FalseCounter"],"picked":"champ:FocusedDefense","floor":4},{"not_picked":["champ:BladeFlurry","champ:Backstep"],"picked":"champ:GladiatorStyle","floor":5},{"not_picked":["champ:PreciseThrust","champ:ShieldWall"],"picked":"champ:Circumvent","floor":6},{"not_picked":["TH:PixieDust","TH:Mimic"],"picked":"SKIP","floor":7},{"not_picked":["champ:Haymaker","champ:CrookedStrike"],"picked":"champ:HoldFirm","floor":8},{"not_picked":["champ:IronFortress","champ:RisingSlash"],"picked":"champ:FancyFootwork","floor":9},{"not_picked":["champ:RisingSlash","champ:TornadoPunch"],"picked":"champ:Endure","floor":11},{"not_picked":["champ:DefensiveShout","champ:Circumvent"],"picked":"champ:Lariat","floor":13},{"not_picked":["champ:AdrenalArmor","champ:StanceDance"],"picked":"champ:Backstep","floor":14},{"not_picked":["champ:Haymaker","champ:AdrenalArmor"],"picked":"champ:SwordThrow","floor":15},{"not_picked":["champ:Devastate","champ:HoldFirm"],"picked":"champ:LastStand","floor":16},{"not_picked":["champ:Circumvent","champ:Backstep"],"picked":"champ:Encircle","floor":18},{"not_picked":["champ:StanceDance","champ:PerfectedStrike"],"picked":"champ:EnGarde","floor":19},{"not_picked":["champ:TornadoPunch","champ:ShieldWall"],"picked":"champ:ShieldSlam","floor":20},{"not_picked":["champ:FocusedDefense+1","champ:Endure"],"picked":"champ:FalseCounter+1","floor":23},{"not_picked":["TH:TreasureMap"],"picked":"TH:CursedSword","floor":24},{"not_picked":["champ:PreciseThrust+1","champ:FalseCounter"],"picked":"champ:CrookedStrike+1","floor":25},{"not_picked":["TH:ArmorSpikes"],"picked":"TH:DeckOfManyThings","floor":26},{"not_picked":["champ:FlashCut","champ:Haymaker"],"picked":"champ:Devastate","floor":26},{"not_picked":["champ:DeathBlow","champ:Shatter"],"picked":"champ:RapidStrikes","floor":28},{"not_picked":["champ:PerfectedStrike","champ:CalledShot","champ:FalseCounter"],"picked":"SKIP","floor":29},{"not_picked":["champ:SetATrap","champ:IronFortress"],"picked":"champ:Lariat+1","floor":30},{"not_picked":["champ:EndlessRage","champ:ShieldSlam"],"picked":"champ:EnGarde","floor":32},{"not_picked":["champ:HeavySlash","champ:GladiatorForm"],"picked":"champ:UltimateStance","floor":33},{"not_picked":["champ:ShieldWall","champ:TornadoPunch+1","champ:Lariat"],"picked":"champ:GutPunch","floor":36},{"not_picked":["champ:EnragedBash","champ:Circumvent","champ:Backstep"],"picked":"champ:Endure+1","floor":37}],"player_experience":322960,"relics_obtained":[{"floor":1,"key":"CCEMRelics:PocketTank"},{"floor":7,"key":"CCEMRelics:GrindingGear"},{"floor":24,"key":"CCEMRelics:DerglesHeadphones"},{"floor":26,"key":"Divine Protection"},{"floor":35,"key":"Question Card"},{"floor":36,"key":"CCEMRelics:OrganicArmor"}],"event_choices":[{"damage_healed":0,"gold_gain":0,"player_choice":"Inject Mutagens","damage_taken":0,"relics_obtained":["MutagenicStrength"],"max_hp_gain":0,"max_hp_loss":0,"event_name":"Drug Dealer","floor":31,"gold_loss":0}],"is_beta":false,"boss_relics":[{"not_picked":["Black Star","Kintsugi"],"picked":"SlaversCollar"},{"not_picked":["Sozu","theForsaken:PaleLantern"],"picked":"champ:ChampionCrownUpgraded"}],"items_purged_floors":[],"is_endless":false,"potions_floor_spawned":[2,4,9,14,15,16,19,20,26,37],"killed_by":"3 Darklings","ascension_level":0}}