{"host":"gkh5j5k5w4qf7k7n","time":1614302868,"event":{"mods":["2.2 Compatiblity","AchievementEnabler","BaseMod","Colored Map","Colored Powertips","Duelist Mod","GifTheSpireLib","Keyboard Shortcuts","Minty Spire (QoL Compilation)","Quick Restart","Replay The Spire","StSLib","SuperFastMode","¡¼?Úª?ø«¡½REMEMod"],"gold_per_floor":[140,2,2,12,12,37,37,66,66,98,98,98,112,112,125,50,50,127,127,141,191,191,191,210,239,239,239,239,239,239],"floor_reached":29,"language":"KOR","playtime":1409,"items_purged":["theDuelist:Sparks","theDuelist:BladeKnight"],"score":664,"play_id":"adc7b4ce-e026-4746-bc7b-b37054bcb70a","local_time":"20210226102748","is_ascension_mode":true,"campfire_choices":[{"data":"theDuelist:WeaponChange","floor":14.0,"key":"SMITH"},{"data":"theDuelist:PotGenerosity","floor":17.0,"key":"SMITH"},{"data":"Secret Technique","floor":27.0,"key":"SMITH"}],"circlet_count":0,"master_deck":["theDuelist:PotGenerosity+1","theDuelist:ColossalFighter","theDuelist:AfterTheStorm","theDuelist:SuperheavySoulbuster","Secret Technique+1","theDuelist:SuperheavySoulhorns","ReplayTheSpireMod:Doomed","theDuelist:HiddenArmory","theDuelist:FeedbackWarrior","theDuelist:MightyWarrior","theDuelist:FeedbackWarrior","theDuelist:PotGenerosity","theDuelist:HiddenArmory","theDuelist:ElectromagneticTurtle","AscendersBane","theDuelist:HiddenArmory","theDuelist:CubicWave","theDuelist:ValkMagnet","theDuelist:CrystalBlessing","theDuelist:ColossalFighter","theDuelist:Flint","theDuelist:CommandKnight","theDuelist:WeaponChange+1"],"relics":["theDuelist:CardPoolRelic","theDuelist:CardPoolBasicRelic","theDuelist:BoosterPackPoolRelic","theDuelist:CardPoolAddRelic","theDuelist:CardPoolMinusRelic","theDuelist:CardPoolSaveRelic","theDuelist:CardPoolOptionsRelic","REME_ComplimentaryCards","NeowsBlessing","Snack Pack","Juzu Bracelet","Shuriken","ReplayTheSpireMod:DimensionalGlitch","ReplayTheSpireMod:CursedCoin","Replay:WaspNest","Nloth\u0027s Gift","StrikeDummy"],"acts_visited":["Exordium","TheCity"],"potions_floor_usage":[29],"damage_taken":[{"damage":0.0,"enemies":"Jaw Worm","floor":1.0,"turns":1.0},{"damage":0.0,"enemies":"Cultist","floor":4.0,"turns":1.0},{"damage":3.0,"enemies":"3 Sentries","floor":6.0,"turns":2.0},{"damage":32.0,"enemies":"Gremlin Nob","floor":8.0,"turns":4.0},{"damage":0.0,"enemies":"3 Sentries","floor":10.0,"turns":3.0},{"damage":11.0,"enemies":"Small Slimes","floor":13.0,"turns":2.0},{"damage":1.0,"enemies":"Exordium Wildlife","floor":15.0,"turns":2.0},{"damage":30.0,"enemies":"Slime Boss","floor":18.0,"turns":7.0},{"damage":14.0,"enemies":"2 Thieves","floor":20.0,"turns":4.0},{"damage":30.0,"enemies":"3 Byrds","floor":24.0,"turns":3.0},{"damage":0.0,"enemies":"theDuelist:KaibaA2","floor":25.0,"turns":5.0},{"damage":46,"enemies":"Centurion and Healer","floor":29,"turns":3}],"seed_played":"-6913964155500569354","potions_obtained":[{"floor":8.0,"key":"BlessingOfTheForge"},{"floor":13.0,"key":"theDuelist:MegaupgradePotion"},{"floor":18.0,"key":"Weak Potion"},{"floor":25.0,"key":"Adrenaline Potion"}],"is_trial":false,"path_per_floor":["M","$","?","M","?","E","?","E","T","E","PTL","PTL","M","R","M","$","R","B",null,"M","$","?","?","M","E","?","R","T","M"],"character_chosen":"THE_DUELIST","items_purchased":["theDuelist:Flint","theDuelist:SuperheavySoulhorns","ReplayTheSpireMod:CursedCoin"],"campfire_rested":0,"item_purchase_floors":[2,2,21],"current_hp_per_floor":[63,63,63,63,63,60,60,32,32,40,40,40,33,33,36,36,36,16,57,46,46,46,46,21,25,25,25,25,0,0],"gold":239,"neow_bonus":"THREE_ENEMY_KILL","is_daily":false,"chose_seed":false,"campfire_upgraded":3,"win_rate":0.0,"timestamp":1614302868,"path_taken":["M","$","?","?","?","E","?","E","T","E","PTL","PTL","M","R","M","?","R","BOSS","M","$","?","?","M","E","?","R","T","M"],"items_purchased_type":["Card","Card","Relic"],"build_version":"2020-12-22","purchased_purges":2,"victory":false,"max_hp_per_floor":[70,70,70,70,70,70,70,70,70,70,70,70,70,70,70,70,70,70,70,70,70,70,70,70,70,70,70,70,70,70],"card_choices":[{"not_picked":["theDuelist:SpiritForce","theDuelist:FightingSpirit","theDuelist:GladiatorReturn","theDuelist:SteamTrainKing"],"picked":"theDuelist:HiddenArmory","floor":1.0},{"not_picked":["theDuelist:GridRod","theDuelist:HerculeanPower","theDuelist:GladiatorReturn","theDuelist:BladeArmorNinja"],"picked":"theDuelist:HiddenArmory","floor":4.0},{"not_picked":["theDuelist:ElectromagneticShield","theDuelist:CubicKarma","theDuelist:SuperheavySoulshield","theDuelist:CrystalTree"],"picked":"theDuelist:WeaponChange","floor":6.0},{"not_picked":["theDuelist:LegendarySword","theDuelist:CrossAttack","theDuelist:EgoBoost","theDuelist:AfterGenocide"],"picked":"theDuelist:CubicWave","floor":8.0},{"not_picked":["theDuelist:SoldierLady","theDuelist:SuperheavySoulbuster","theDuelist:BetaMagnet","theDuelist:SuperheavySoulhorns","theDuelist:PurplePainOni"],"picked":"SKIP","floor":10.0},{"not_picked":["theDuelist:FeedbackWarrior","theDuelist:BattleWarrior","theDuelist:Zombyra","theDuelist:ComboFighter"],"picked":"theDuelist:BladeKnight","floor":13.0},{"not_picked":["theDuelist:GoyoChaser","theDuelist:MightyWarrior","theDuelist:DarkBurningAttack","theDuelist:BattleguardHowling"],"picked":"theDuelist:AfterTheStorm","floor":15.0},{"not_picked":["theDuelist:HerculeanPower","theDuelist:GravityLash","theDuelist:HeartUnderdog","theDuelist:SteamTrainKing"],"picked":"theDuelist:HiddenArmory","floor":18.0},{"not_picked":["theDuelist:Flint","theDuelist:HiddenArmory","theDuelist:Sparks","theDuelist:AfterTheStorm"],"picked":"theDuelist:PotGenerosity","floor":20.0},{"not_picked":["Metamorphosis","Sadistic Nature","Transmutation"],"picked":"Secret Technique","floor":24.0},{"not_picked":["theDuelist:BladeKnight","theDuelist:CombinationAttack","theDuelist:Hayate","theDuelist:SuperheavyOgre"],"picked":"theDuelist:ValkMagnet","floor":25.0}],"player_experience":852864,"relics_obtained":[{"floor":6.0,"key":"Snack Pack"},{"floor":8.0,"key":"Juzu Bracelet"},{"floor":10.0,"key":"Shuriken"},{"floor":25.0,"key":"Replay:WaspNest"},{"floor":28.0,"key":"StrikeDummy"}],"event_choices":[{"damage_healed":0.0,"max_hp_gain":0.0,"max_hp_loss":0.0,"gold_gain":0.0,"event_name":"Tomb of the Nameless","player_choice":"Leave","duelist":true,"floor":3.0,"gold_loss":0.0,"damage_taken":0.0},{"cards_removed":["theDuelist:Sparks"],"damage_healed":0.0,"max_hp_gain":0.0,"max_hp_loss":0.0,"gold_gain":0.0,"event_name":"Living Wall","player_choice":"Forget","floor":5.0,"gold_loss":0.0,"damage_taken":0.0},{"damage_healed":0.0,"max_hp_gain":0.0,"max_hp_loss":0.0,"gold_gain":0.0,"event_name":"Battle City","player_choice":"Leave","duelist":true,"floor":7.0,"gold_loss":0.0,"damage_taken":0.0},{"damage_healed":0.0,"max_hp_gain":0.0,"max_hp_loss":0.0,"gold_gain":0.0,"cards_transformed":["theDuelist:CastleWalls","theDuelist:CastleWalls"],"event_name":"Drug Dealer","player_choice":"Became Test Subject","floor":22.0,"gold_loss":0.0,"damage_taken":0.0,"cards_obtained":["theDuelist:ColossalFighter","theDuelist:ElectromagneticTurtle"]},{"damage_healed":0.0,"max_hp_gain":0.0,"max_hp_loss":0.0,"gold_gain":0.0,"event_name":"The Library","player_choice":"Read","floor":23.0,"gold_loss":0.0,"damage_taken":0.0,"cards_obtained":["theDuelist:CrystalBlessing"]},{"damage_healed":0.0,"max_hp_gain":0.0,"max_hp_loss":0.0,"gold_gain":0.0,"event_name":"N\u0027loth","player_choice":"Traded Relic","floor":26.0,"relics_lost":["theDuelist:MillenniumPuzzle"],"gold_loss":0.0,"damage_taken":0.0,"relics_obtained":["Nloth\u0027s Gift"]}],"is_beta":false,"boss_relics":[{"not_picked":["Replay:Bronze Core","theDuelist:HauntedRelic"],"picked":"ReplayTheSpireMod:DimensionalGlitch"}],"items_purged_floors":[16,21],"is_endless":false,"potions_floor_spawned":[8,13,18,25],"killed_by":"Centurion and Healer","ascension_level":20}}