{"host":"qp7xs8nuzfsyommi","time":1614350882,"event":{"mods":["2.2 Compatiblity","BaseMod","Colored Powertips","DeckTracker","Highlight Path","Minty Spire (QoL Compilation)","Permanent Neow","Quick Restart","StSLib","Weighted Paths"],"gold_per_floor":[113,124,142,28,43,69,69,81,104,104,120,154,154,54,54,125,125,143,157,72,0,0,0,0],"floor_reached":23,"language":"ENG","playtime":1044,"items_purged":["Strike_R","Strike_R"],"score":402,"play_id":"14a3f027-ef61-49ea-8777-84801395a25f","local_time":"20210226094802","is_ascension_mode":true,"campfire_choices":[{"data":"Inflame","floor":7.0,"key":"SMITH"},{"floor":10.0,"key":"REST"},{"data":"Shrug It Off","floor":13.0,"key":"SMITH"},{"data":"Uppercut","floor":15.0,"key":"SMITH"}],"circlet_count":0,"master_deck":["AscendersBane","Strike_R","Strike_R","Strike_R","Defend_R","Defend_R","Defend_R","Defend_R","Bash","Mayhem","Pummel","Inflame+1","Clothesline","Uppercut+1","Cleave","Sword Boomerang","Shrug It Off+1","Barricade","Iron Wave","Pummel"],"relics":["Burning Blood","Ancient Tea Set","Oddly Smooth Stone","Lantern","SacredBark","Omamori"],"acts_visited":["Exordium","TheCity"],"potions_floor_usage":[],"damage_taken":[{"damage":2.0,"enemies":"Cultist","floor":1.0,"turns":4.0},{"damage":9.0,"enemies":"2 Louse","floor":2.0,"turns":4.0},{"damage":7.0,"enemies":"Small Slimes","floor":3.0,"turns":3.0},{"damage":9.0,"enemies":"Looter","floor":5.0,"turns":3.0},{"damage":12.0,"enemies":"Lagavulin","floor":6.0,"turns":7.0},{"damage":21.0,"enemies":"Exordium Thugs","floor":8.0,"turns":4.0},{"damage":16.0,"enemies":"Exordium Wildlife","floor":11.0,"turns":4.0},{"damage":6.0,"enemies":"Gremlin Nob","floor":12.0,"turns":3.0},{"damage":27.0,"enemies":"The Guardian","floor":16.0,"turns":11.0},{"damage":23.0,"enemies":"3 Byrds","floor":18.0,"turns":7.0},{"damage":12.0,"enemies":"Chosen","floor":19.0,"turns":4.0},{"damage":43,"enemies":"Gremlin Leader","floor":23,"turns":2}],"seed_played":"-7966033212225880837","potions_obtained":[{"floor":2.0,"key":"Energy Potion"},{"floor":5.0,"key":"AttackPotion"},{"floor":8.0,"key":"BlessingOfTheForge"},{"floor":16.0,"key":"DuplicationPotion"}],"is_trial":false,"path_per_floor":["M","M","M","$","M","E","R","M","T","R","M","E","R","$","R","B",null,"M","M","?","?","?","E"],"character_chosen":"IRONCLAD","items_purchased":["Uppercut"],"campfire_rested":1,"item_purchase_floors":[4],"current_hp_per_floor":[54,51,50,50,47,41,41,26,26,48,38,38,38,38,38,17,61,44,38,38,38,38,0,0],"gold":0,"neow_bonus":"RANDOM_COLORLESS_2","is_daily":false,"chose_seed":false,"campfire_upgraded":3,"win_rate":0.0,"timestamp":1614350882,"path_taken":["M","M","M","?","M","E","R","M","T","R","?","E","R","$","R","BOSS","M","M","?","?","?","E"],"items_purchased_type":["Card"],"build_version":"2020-12-22","purchased_purges":2,"victory":false,"max_hp_per_floor":[75,75,75,75,75,75,75,75,75,75,75,75,75,75,75,75,75,75,75,75,75,75,75,75],"card_choices":[{"not_picked":["Apotheosis","Thinking Ahead"],"picked":"Mayhem","floor":0.0},{"not_picked":["Clash","Entrench"],"picked":"Pummel","floor":1.0},{"not_picked":["True Grit","Clash"],"picked":"Inflame","floor":2.0},{"not_picked":["Thunderclap","Feed"],"picked":"Clothesline","floor":3.0},{"not_picked":["Perfected Strike","Clothesline","True Grit"],"picked":"SKIP","floor":5.0},{"not_picked":["Iron Wave","Anger"],"picked":"Cleave","floor":6.0},{"not_picked":["Sentinel","Body Slam"],"picked":"Sword Boomerang","floor":8.0},{"not_picked":["Carnage","Rupture"],"picked":"Shrug It Off","floor":11.0},{"not_picked":["Clothesline","Body Slam","Searing Blow"],"picked":"SKIP","floor":12.0},{"not_picked":["Feed","Fiend Fire"],"picked":"Barricade","floor":16.0},{"not_picked":["Twin Strike","Ghostly Armor+1"],"picked":"Iron Wave","floor":18.0},{"not_picked":["Evolve+1","Headbutt"],"picked":"Pummel","floor":19.0}],"player_experience":1539923,"relics_obtained":[{"floor":6.0,"key":"Ancient Tea Set"},{"floor":9.0,"key":"Oddly Smooth Stone"},{"floor":12.0,"key":"Lantern"}],"event_choices":[{"damage_healed":0.0,"max_hp_gain":0.0,"max_hp_loss":0.0,"gold_gain":0.0,"event_name":"Addict","player_choice":"Obtained Relic","floor":20.0,"gold_loss":85.0,"damage_taken":0.0,"relics_obtained":["Omamori"]},{"damage_healed":0,"gold_gain":0,"player_choice":"Paid Fearfully","damage_taken":0,"max_hp_gain":0,"max_hp_loss":0,"event_name":"Masked Bandits","floor":21,"gold_loss":72},{"damage_healed":0,"gold_gain":0,"player_choice":"Ignored","damage_taken":0,"max_hp_gain":0,"max_hp_loss":0,"event_name":"Cursed Tome","floor":22,"gold_loss":0}],"is_beta":false,"boss_relics":[{"not_picked":["Cursed Key","Tiny House"],"picked":"SacredBark"}],"items_purged_floors":[4,14],"is_endless":false,"potions_floor_spawned":[2,5,8,16],"killed_by":"Gremlin Leader","ascension_level":20}}