{"host":"bvp2uifzy1c463d9","time":1614320116,"event":{"mods":["AchievementEnabler","BaseMod","Better Note","Block Reminder","Bossed Relics","Colored Map","Colored Powertips","Hermit","Highlight Path","Hubris","Infinite Spire","Minty Spire (QoL Compilation)","Relic Sorter","Relic Stats","Reliquary","Replay The Spire","StSLib","The Blue Laboratory","Wandering Minibosses"],"gold_per_floor":[117,117,128,60,71,103,103,129,129,160,160,185,74,93,93,192,192,209,228,228,228,243,275,275,292,292,292,318,335,335,351,351,452,452,498,498,498,315,351,405,242,278,301,339,339,339,387,37,37,37],"floor_reached":51,"language":"ENG","playtime":2069,"items_purged":["hermit:Strike_Hermit","hermit:Strike_Hermit","hermit:Strike_Hermit","hermit:Strike_Hermit","hermit:Defend_Hermit","hermit:Defend_Hermit"],"score":1284,"play_id":"d80f132b-b9f3-4c9e-a848-e3a86e69ab54","local_time":"20210226001516","is_ascension_mode":true,"campfire_choices":[{"data":"hermit:Vantage","floor":7,"key":"SMITH"},{"data":"hermit:Snapshot","floor":11,"key":"SMITH"},{"data":"1","floor":15,"key":"LIFT"},{"data":"2","floor":24,"key":"LIFT"},{"data":"3","floor":27,"key":"LIFT"},{"data":"hubris:Fate","floor":30,"key":"SMITH"},{"data":"hermit:BigShot","floor":32,"key":"SMITH"},{"floor":46,"key":"REST"},{"data":"hermit:LoneWolf","floor":49,"key":"SMITH"}],"circlet_count":0,"master_deck":["hermit:Defend_Hermit+1","hermit:Defend_Hermit+1","hermit:Snapshot+1","hermit:Covet","hermit:Dive+1","hermit:Ricochet","hermit:Vantage+1","hermit:ItchyTrigger","hermit:CalledShot","hermit:Gambit","hermit:GhostlyPresence","hermit:Roughhouse","hermit:Deadeye+1","hermit:WideOpen+1","hermit:Combo","hubris:Fate+1","hermit:TrackingShot","hermit:LuckOfTheDraw+1","hermit:BigShot+1","hermit:DeadMansHand+1","hermit:GhostlyPresence","hermit:Roulette","infinitespire:Collect+1","Survey Options","hermit:Midnight","hermit:Brawl","hermit:WideOpen+1","hermit:LoneWolf+1","hermit:Headshot"],"relics":["hubris:CrackedHourglass","Ice Cream","Mummified Hand","reliquary:Buckler","Girya","MealTicket","Sundial","hubris:TerracottaHorce","OrangePellets","Regal Pillow","Gremlin Horn","Happy Flower","infinitespire:EvilPickle","ChewingGum","reliquary:ThirdArm","Replay:Wax Seal","Pocketwatch","Gremlin Food","reliquary:Spinner","Akabeko"],"acts_visited":["Exordium","TheCity","TheBeyond"],"potions_floor_usage":[50,50,50],"damage_taken":[{"damage":0,"enemies":"Cultist","floor":1,"turns":3},{"damage":0,"enemies":"2 Louse","floor":3,"turns":2},{"damage":2,"enemies":"Small Slimes","floor":5,"turns":3},{"damage":13,"enemies":"3 Sentries","floor":6,"turns":10},{"damage":14,"enemies":"Lagavulin","floor":8,"turns":7},{"damage":0,"enemies":"3 Sentries","floor":10,"turns":8},{"damage":15,"enemies":"Gremlin Nob","floor":12,"turns":4},{"damage":0,"enemies":"3 Louse","floor":14,"turns":3},{"damage":3,"enemies":"Hexaghost","floor":16,"turns":9},{"damage":0,"enemies":"Chosen","floor":18,"turns":4},{"damage":0,"enemies":"2 Thieves","floor":19,"turns":4},{"damage":0,"enemies":"Cultist and Chosen","floor":22,"turns":3},{"damage":1,"enemies":"Book of Stabbing","floor":23,"turns":5},{"damage":0,"enemies":"Centurion and Healer","floor":25,"turns":3},{"damage":21,"enemies":"Slavers","floor":28,"turns":4},{"damage":0,"enemies":"Chosen and Byrds","floor":29,"turns":3},{"damage":0,"enemies":"Cultist and Chosen","floor":31,"turns":3},{"damage":4,"enemies":"Pondfish","floor":33,"turns":5},{"damage":12,"enemies":"3 Shapes","floor":35,"turns":2},{"damage":0,"enemies":"Orb Walker","floor":39,"turns":1},{"damage":24,"enemies":"R_Hoarder","floor":40,"turns":5},{"damage":0,"enemies":"Transient","floor":42,"turns":5},{"damage":15,"enemies":"Jaw Worm Horde","floor":44,"turns":3},{"damage":0,"enemies":"Reptomancer","floor":47,"turns":4},{"damage":0,"enemies":"hubris:GrandSnecko","floor":50,"turns":8}],"seed_played":"7080475691012130079","potions_obtained":[{"floor":3,"key":"Strength Potion"},{"floor":12,"key":"Reflective Coating"},{"floor":14,"key":"blueLaboratory:NullPotion"},{"floor":44,"key":"hermit:Tonic"}],"is_trial":false,"path_per_floor":["M","?","M","?","M","E","R","E","T","E","R","E","$","M","R","B",null,"M","M","?","AVR","M","E","R","M","T","R","E","M","R","M","R","B",null,"M","?","AVR","$","M","E","$","M","T","M","?","R","E","$","R","B",null],"character_chosen":"HERMIT","items_purchased":["hermit:GhostlyPresence","Survey Options","hermit:Brawl","Akabeko","hermit:Headshot"],"campfire_rested":1,"item_purchase_floors":[13,38,41,48,48],"current_hp_per_floor":[75,75,75,75,73,60,60,46,46,46,46,31,46,46,46,43,67,67,67,67,67,67,66,66,66,66,66,60,60,60,60,60,56,70,58,85,85,85,85,61,76,76,76,61,61,85,85,85,85,85],"gold":37,"neow_bonus":"BOSS_RELIC","is_daily":false,"chose_seed":false,"campfire_upgraded":5,"win_rate":0.0,"timestamp":1614320116,"path_taken":["M","?","M","?","?","E","R","E","T","E","R","E","?","M","R","BOSS","M","M","?","AVR","M","E","R","?","T","R","E","M","R","M","R","BOSS","M","?","AVR","?","M","E","$","?","T","M","?","R","E","$","R","BOSS"],"items_purchased_type":["Card","Card","Card","Relic","Card"],"build_version":"2020-12-22","purchased_purges":6,"victory":true,"max_hp_per_floor":[75,75,75,75,75,75,75,75,75,75,75,75,75,75,75,75,75,75,75,75,75,75,75,75,75,75,75,75,75,75,75,75,75,75,75,85,85,85,85,85,85,85,85,85,85,85,85,85,85,85],"relic_stats":{"OrangePellets":[2],"Regal Pillow":0,"Gremlin Horn":[13,14],"Happy Flower":[13],"counters":[25,111],"Mummified Hand":[41],"Sundial":[10],"MealTicket":30,"obtain_stats":[{"Ice Cream":4,"Gremlin Food":43,"Girya":9,"Regal Pillow":23,"Gremlin Horn":26,"Happy Flower":28,"reliquary:Spinner":47,"reliquary:ThirdArm":37,"Akabeko":48,"hubris:TerracottaHorce":17,"infinitespire:EvilPickle":33,"OrangePellets":21,"Mummified Hand":6,"Sundial":12,"reliquary:Buckler":8,"MealTicket":10,"ChewingGum":34,"hubris:CrackedHourglass":0,"Replay:Wax Seal":37,"hermit:Momento":0,"Pocketwatch":40},{"Ice Cream":2,"Gremlin Food":22,"Girya":5,"Regal Pillow":13,"Gremlin Horn":14,"Happy Flower":15,"reliquary:Spinner":24,"reliquary:ThirdArm":19,"Akabeko":24,"hubris:TerracottaHorce":9,"infinitespire:EvilPickle":18,"OrangePellets":11,"Mummified Hand":4,"Sundial":7,"reliquary:Buckler":5,"MealTicket":6,"ChewingGum":18,"hubris:CrackedHourglass":0,"Replay:Wax Seal":19,"hermit:Momento":0,"Pocketwatch":21},{"Ice Cream":5,"Gremlin Food":96,"Girya":25,"Regal Pillow":65,"Gremlin Horn":68,"Happy Flower":72,"reliquary:Spinner":103,"reliquary:ThirdArm":85,"Akabeko":103,"hubris:TerracottaHorce":49,"infinitespire:EvilPickle":83,"OrangePellets":57,"Mummified Hand":18,"Sundial":37,"reliquary:Buckler":25,"MealTicket":33,"ChewingGum":83,"hubris:CrackedHourglass":0,"Replay:Wax Seal":85,"hermit:Momento":0,"Pocketwatch":91}],"Pocketwatch":[0]},"card_choices":[{"not_picked":["hermit:HoleUp","hermit:Headshot"],"picked":"hermit:Dive","floor":1},{"not_picked":["hermit:Deadeye","hermit:Glare"],"picked":"hermit:Ricochet","floor":3},{"not_picked":["hermit:CalledShot","hermit:Coalescence"],"picked":"hermit:Vantage","floor":5},{"not_picked":["hermit:DeadMansHand","hermit:Headshot"],"picked":"hermit:ItchyTrigger","floor":6},{"not_picked":["hermit:Quickdraw","hermit:PistolWhip"],"picked":"hermit:CalledShot","floor":8},{"not_picked":["hermit:Roulette","hermit:Malice","hermit:Desperado"],"picked":"SKIP","floor":10},{"not_picked":["hermit:ShadowCloak","hermit:HighCaliber"],"picked":"hermit:Gambit","floor":12},{"not_picked":["hermit:Coalescence","hermit:Feint","hermit:GoldenBullet"],"picked":"SKIP","floor":14},{"not_picked":["hermit:Dissolve","hermit:EternalForm"],"picked":"hermit:Roughhouse","floor":16},{"not_picked":["hermit:Glare+1","hermit:Feint"],"picked":"hermit:Deadeye+1","floor":18},{"not_picked":["hermit:HoleUp","hermit:Malice"],"picked":"hermit:WideOpen+1","floor":19},{"not_picked":["hermit:LuckOfTheDraw","hermit:Misfire","hermit:Shortfuse"],"picked":"SKIP","floor":22},{"not_picked":["hermit:LowProfile+1","hermit:CalledShot"],"picked":"hermit:TrackingShot","floor":23},{"not_picked":["hermit:GoldenBullet","hermit:CalledShot"],"picked":"hermit:LuckOfTheDraw+1","floor":25},{"not_picked":["hermit:Dive+1","hermit:FatalDesire"],"picked":"hermit:BigShot","floor":28},{"not_picked":["hermit:FlashPowder+1","hermit:CursedWeapon"],"picked":"hermit:DeadMansHand+1","floor":29},{"not_picked":["hermit:Vantage","hermit:Misfire+1"],"picked":"hermit:GhostlyPresence","floor":31},{"not_picked":["hermit:EternalForm","hermit:Dissolve"],"picked":"hermit:Magnum","floor":33},{"not_picked":["hermit:BodyArmor+1","hermit:Coalescence+1"],"picked":"hermit:Roulette","floor":35},{"not_picked":["hermit:Ricochet+1","hermit:HoleUp+1","hermit:Dive"],"picked":"SKIP","floor":39},{"not_picked":["hermit:Showdown","hermit:Desperado"],"picked":"hermit:Midnight","floor":40},{"not_picked":["hermit:Shortfuse+1","hermit:HighCaliber"],"picked":"hermit:WideOpen+1","floor":42},{"not_picked":["hermit:GhostlyPresence","hermit:CalledShot+1"],"picked":"hermit:PistolWhip","floor":44},{"not_picked":["hermit:OverwhelmingPower","hermit:PistolWhip+1"],"picked":"hermit:LoneWolf","floor":47}],"player_experience":384482,"relics_obtained":[{"floor":6,"key":"Mummified Hand"},{"floor":8,"key":"reliquary:Buckler"},{"floor":9,"key":"Girya"},{"floor":10,"key":"MealTicket"},{"floor":12,"key":"Sundial"},{"floor":23,"key":"Regal Pillow"},{"floor":26,"key":"Gremlin Horn"},{"floor":28,"key":"Happy Flower"},{"floor":40,"key":"Pocketwatch"},{"floor":43,"key":"Gremlin Food"},{"floor":47,"key":"reliquary:Spinner"}],"event_choices":[{"damage_healed":0,"gold_gain":0,"player_choice":"Grow","damage_taken":0,"max_hp_gain":0,"max_hp_loss":0,"event_name":"Living Wall","floor":2,"gold_loss":0,"cards_upgraded":["hermit:Dive"]},{"damage_healed":0,"gold_gain":0,"player_choice":"Paid Gold","damage_taken":0,"relics_obtained":["Ice Cream"],"max_hp_gain":0,"max_hp_loss":0,"event_name":"WeMeetAgain","floor":4,"gold_loss":68},{"damage_healed":0,"gold_gain":0,"player_choice":"1 cards matched","damage_taken":0,"max_hp_gain":0,"max_hp_loss":0,"event_name":"Match and Keep!","floor":20,"gold_loss":0,"cards_obtained":["hermit:Combo"]},{"cards_removed":["hermit:Magnum"],"damage_healed":17,"gold_gain":0,"player_choice":"Offered Rare","damage_taken":0,"max_hp_gain":10,"max_hp_loss":0,"event_name":"Bonfire Elementals","floor":36,"gold_loss":0},{"cards_removed":["hermit:PistolWhip"],"damage_healed":0,"gold_gain":0,"player_choice":"Removed Attack","damage_taken":0,"max_hp_gain":0,"max_hp_loss":0,"event_name":"Falling","floor":45,"gold_loss":0}],"is_beta":false,"boss_relics":[{"not_picked":["hermit:BartenderGlass","reliquary:RedPaperclip"],"picked":"hubris:TerracottaHorce"},{"not_picked":["Velvet Choker","Runic Dome"],"picked":"ChewingGum"}],"items_purged_floors":[13,21,37,38,41,48],"is_endless":false,"potions_floor_spawned":[3,12,14,16,22,23,29,33,39,44,47],"ascension_level":3}}