{"host":"hrvs05np4ys7itky","time":1614365410,"event":{"mods":["BaseMod","Colored Map","Colored Powertips","Downfall","Emptier Cage","Hermit","Highlight Path","Minty Spire (QoL Compilation)","Permanent Neow","Rare Cards Sparkle","Relic Stats","StSLib","everything is the same but u backflip on backflip"],"gold_per_floor":[17,17,17,30,46,89,107,140,140,184,184,109,150,166,166,255,255,195,195,195,195,17,17,17,17,17,17,17,17,17,17,17],"floor_reached":31,"language":"ENG","playtime":1395,"items_purged":["Strike_R"],"score":499,"play_id":"4f7408f5-f8bd-4e78-b727-19a5007e9479","local_time":"20210226135010","is_ascension_mode":true,"campfire_choices":[{"floor":11,"key":"REST"},{"data":"Rampage","floor":15,"key":"SMITH"},{"data":"Armaments","floor":23,"key":"SMITH"},{"floor":28,"key":"REST"}],"circlet_count":0,"master_deck":["AscendersBane","Defend_R","Defend_R","Defend_R","Defend_R","Bash","Headbutt","Rampage+1","Battle Trance","Carnage","Ghostly Armor","Inflame","Shrug It Off","Brutality","Armaments+1","Infernal Blade","Combust","True Grit","Power Through","Evolve","Fire Breathing","True Grit","Clothesline+1"],"relics":["Burning Blood","Golden Idol","The Courier","Calipers","Champion Belt","Mercury Hourglass","Pen Nib","Ectoplasm","StrikeDummy","Juzu Bracelet","Eternal Feather","GremlinMask"],"acts_visited":["Exordium","TheCity"],"potions_floor_usage":[7,7,10,16,16,16,16,24],"damage_taken":[{"damage":17,"enemies":"Small Slimes","floor":1,"turns":7},{"damage":0,"enemies":"2 Louse","floor":4,"turns":2},{"damage":6,"enemies":"Jaw Worm","floor":5,"turns":5},{"damage":10,"enemies":"Gremlin Nob","floor":6,"turns":3},{"damage":5,"enemies":"Looter","floor":7,"turns":3},{"damage":35,"enemies":"Lagavulin","floor":8,"turns":6},{"damage":18,"enemies":"Gremlin Nob","floor":10,"turns":4},{"damage":30,"enemies":"3 Sentries","floor":13,"turns":6},{"damage":5,"enemies":"Gremlin Gang","floor":14,"turns":4},{"damage":21,"enemies":"Hexaghost","floor":16,"turns":9},{"damage":4,"enemies":"2 Thieves","floor":18,"turns":4},{"damage":18,"enemies":"3 Byrds","floor":21,"turns":4},{"damage":42,"enemies":"Slavers","floor":24,"turns":4},{"damage":17,"enemies":"Cultist and Chosen","floor":25,"turns":6},{"damage":6,"enemies":"Snecko","floor":27,"turns":4},{"damage":21,"enemies":"Snake Plant","floor":29,"turns":3},{"damage":35,"enemies":"Gremlin Leader","floor":31,"turns":5}],"seed_played":"3220785256062410048","potions_obtained":[{"floor":6,"key":"EntropicBrew"},{"floor":10,"key":"Ancient Potion"},{"floor":13,"key":"EntropicBrew"},{"floor":21,"key":"Regen Potion"},{"floor":29,"key":"Strength Potion"}],"is_trial":false,"path_per_floor":["M","?","?","M","M","E","M","E","T","E","R","?","E","M","R","B",null,"M","?","T","M","$","R","E","M","T","M","R","M","?","E"],"character_chosen":"IRONCLAD","items_purchased":["Power Through","Evolve"],"campfire_rested":2,"item_purchase_floors":[22,22],"current_hp_per_floor":[71,71,64,70,70,66,67,38,38,26,50,50,26,27,27,12,64,66,66,66,54,54,54,30,19,19,19,55,40,40,5,5],"gold":17,"neow_bonus":"TWENTY_PERCENT_HP_BONUS","is_daily":false,"chose_seed":false,"campfire_upgraded":2,"win_rate":0.0,"timestamp":1614365410,"path_taken":["M","?","?","M","M","E","M","E","T","E","R","?","E","M","R","BOSS","M","?","?","M","$","R","E","M","T","M","R","M","?","E"],"items_purchased_type":["Card","Card"],"build_version":"2020-12-22","purchased_purges":1,"victory":false,"max_hp_per_floor":[89,81,81,81,81,81,81,81,81,81,81,81,81,81,81,81,81,81,81,81,81,81,81,81,81,81,81,81,81,81,81,81],"relic_stats":{"counters":[17,78],"Golden Idol":93,"Eternal Feather":12,"Pen Nib":[6],"Ectoplasm":283,"Juzu Bracelet":0,"Champion Belt":[10],"obtain_stats":[{"Calipers":8,"Golden Idol":2,"Eternal Feather":26,"GremlinMask":30,"The Courier":6,"Pen Nib":13,"Ectoplasm":17,"Juzu Bracelet":24,"Champion Belt":9,"StrikeDummy":20,"Burning Blood":0,"Mercury Hourglass":10},{"Calipers":6,"Golden Idol":1,"Eternal Feather":14,"GremlinMask":16,"The Courier":4,"Pen Nib":8,"Ectoplasm":10,"Juzu Bracelet":13,"Champion Belt":6,"StrikeDummy":11,"Burning Blood":0,"Mercury Hourglass":7},{"Calipers":26,"Golden Idol":7,"Eternal Feather":66,"GremlinMask":73,"The Courier":17,"Pen Nib":35,"Ectoplasm":48,"Juzu Bracelet":60,"Champion Belt":26,"StrikeDummy":52,"Burning Blood":0,"Mercury Hourglass":30}],"Burning Blood":96,"Mercury Hourglass":[248]},"card_choices":[{"not_picked":["Flex","Pommel Strike"],"picked":"Headbutt","floor":1},{"not_picked":["Perfected Strike","Sword Boomerang"],"picked":"Rampage","floor":4},{"not_picked":["Sever Soul","Anger"],"picked":"Battle Trance","floor":5},{"not_picked":["Intimidate","Heavy Blade"],"picked":"Carnage","floor":6},{"not_picked":["Twin Strike","Clothesline","Flex"],"picked":"SKIP","floor":7},{"not_picked":["Wild Strike","Cleave"],"picked":"Ghostly Armor","floor":8},{"not_picked":["Clash","Bloodletting","Sever Soul"],"picked":"SKIP","floor":10},{"not_picked":["Blood for Blood","Clash"],"picked":"Inflame","floor":13},{"not_picked":["Exhume","Warcry"],"picked":"Shrug It Off","floor":14},{"not_picked":["Berserk","Offering"],"picked":"Brutality","floor":16},{"not_picked":["Iron Wave","Flame Barrier"],"picked":"Armaments","floor":18},{"not_picked":["Sword Boomerang","Havoc"],"picked":"True Grit","floor":21},{"not_picked":["Pommel Strike","Clothesline","Cleave"],"picked":"SKIP","floor":24},{"not_picked":["Combust","Searing Blow"],"picked":"Fire Breathing","floor":25},{"not_picked":["Clash","Warcry"],"picked":"True Grit","floor":27},{"not_picked":["Carnage","Berserk"],"picked":"Clothesline+1","floor":29}],"player_experience":1139401,"relics_obtained":[{"floor":6,"key":"The Courier"},{"floor":8,"key":"Calipers"},{"floor":9,"key":"Champion Belt"},{"floor":10,"key":"Mercury Hourglass"},{"floor":13,"key":"Pen Nib"},{"floor":20,"key":"StrikeDummy"},{"floor":24,"key":"Juzu Bracelet"},{"floor":26,"key":"Eternal Feather"}],"event_choices":[{"damage_healed":0,"gold_gain":0,"player_choice":"Lose Max HP","damage_taken":0,"relics_obtained":["Golden Idol"],"max_hp_gain":0,"max_hp_loss":8,"event_name":"Golden Idol","floor":2,"gold_loss":0},{"cards_removed":["Strike_R"],"damage_healed":0,"gold_gain":0,"player_choice":"Card Removal","damage_taken":7,"max_hp_gain":0,"max_hp_loss":0,"event_name":"Golden Wing","floor":3,"gold_loss":0},{"cards_removed":["Strike_R"],"damage_healed":0,"gold_gain":0,"player_choice":"Card Removal","damage_taken":0,"max_hp_gain":0,"max_hp_loss":0,"event_name":"The Cleric","floor":12,"gold_loss":75},{"damage_healed":0,"gold_gain":0,"cards_transformed":["Strike_R","Strike_R"],"player_choice":"Became Test Subject","damage_taken":0,"max_hp_gain":0,"max_hp_loss":0,"event_name":"Drug Dealer","floor":19,"gold_loss":0,"cards_obtained":["Infernal Blade","Combust"]},{"damage_healed":0,"gold_gain":0,"player_choice":"Trade","damage_taken":0,"relics_obtained":["GremlinMask"],"max_hp_gain":0,"max_hp_loss":0,"event_name":"FaceTrader","floor":30,"gold_loss":0}],"is_beta":false,"boss_relics":[{"not_picked":["Busted Crown","bronze:MakeshiftBattery"],"picked":"Ectoplasm"}],"items_purged_floors":[22],"is_endless":false,"potions_floor_spawned":[6,10,13,21,29],"killed_by":"Gremlin Leader","ascension_level":15}}