{"host":"2lvuisjyit3p3u01","time":1614371251,"event":{"mods":["Act Like it!","BaseMod","Bestiary","Better Synergies","Bossed Relics","CapriCore","Colored Map","Colored Powertips","Duelist Mod","GifTheSpireLib","Minty Spire (QoL Compilation)","Quick Restart","Replay The Spire","StSLib"],"gold_per_floor":[137,137,152,172,97,97,124,124,124,153,173,190,3,3,3,80,80,90,106,117,133,151,151,151,168,168,201,201,218,245,256,256,333,333,345,16,16,41,51,51,51],"floor_reached":40,"language":"ENG","playtime":2015,"items_purged":["theDuelist:CastleWalls","theDuelist:CastleWalls","theDuelist:Sparks"],"score":918,"play_id":"e98902b6-6cac-44e0-aa43-12fbe8f255a0","local_time":"20210226222731","is_ascension_mode":true,"campfire_choices":[{"data":"theDuelist:BabyDragon","floor":6,"key":"SMITH"},{"data":"theDuelist:LordD","floor":15,"key":"SMITH"},{"data":"theDuelist:CyberDragonCore","floor":28,"key":"SMITH"},{"data":"theDuelist:StardustDragon","floor":28,"key":"SMITH"},{"floor":32,"key":"REST"}],"circlet_count":0,"master_deck":["theDuelist:CyberDragonCore+1","AscendersBane","theDuelist:BabyDragon+1","theDuelist:CaveDragon","theDuelist:CaveDragon","theDuelist:LesserDragon","theDuelist:LesserDragon","theDuelist:Sparks","theDuelist:YamataDragon","theDuelist:YamataDragon","theDuelist:TwinHeadedFire","theDuelist:MirageDragon","theDuelist:DragonShield","theDuelist:LordD+1","theDuelist:SnowDragon","theDuelist:SnowDragon","theDuelist:StardustDragon+1","CurseOfTheBell","theDuelist:CoralDragon","theDuelist:ForbiddenLance","theDuelist:Mountain+1","theDuelist:Freezadon","theDuelist:WaterDragon","theDuelist:WhiteNightDragon"],"relics":["theDuelist:MillenniumPuzzle","theDuelist:CardPoolRelic","theDuelist:CardPoolBasicRelic","theDuelist:BoosterPackPoolRelic","theDuelist:CardPoolAddRelic","theDuelist:CardPoolMinusRelic","theDuelist:CardPoolSaveRelic","theDuelist:CardPoolOptionsRelic","NeowsBlessing","theDuelist:SummonAnchor","Kunai","Thread and Needle","Mango","Calling Bell","Replay:Arrowhead","Happy Flower","Cables","theDuelist:BoosterExtraAllRaresRelic","Frozen Egg 2","Busted Crown","Pen Nib","Basket Of Snakes"],"acts_visited":["Exordium","TheCity","TheBeyond"],"potions_floor_usage":[16,20,29,31,33,33,35],"damage_taken":[{"damage":0,"enemies":"Small Slimes","floor":1,"turns":1},{"damage":0,"enemies":"Cultist","floor":3,"turns":1},{"damage":0,"enemies":"Jaw Worm","floor":4,"turns":2},{"damage":12,"enemies":"3 Sentries","floor":7,"turns":8},{"damage":0,"enemies":"Gremlin Nob","floor":10,"turns":2},{"damage":0,"enemies":"Gremlin Gang","floor":11,"turns":3},{"damage":0,"enemies":"Large Slime","floor":12,"turns":2},{"damage":28,"enemies":"The Guardian","floor":16,"turns":6},{"damage":0,"enemies":"3 Byrds","floor":18,"turns":5},{"damage":0,"enemies":"Shell Parasite","floor":19,"turns":4},{"damage":3,"enemies":"Snake Plant","floor":20,"turns":3},{"damage":6,"enemies":"Cultist and Chosen","floor":21,"turns":6},{"damage":4,"enemies":"Centurion and Healer","floor":22,"turns":6},{"damage":22,"enemies":"Shelled Parasite and Fungi","floor":25,"turns":5},{"damage":0,"enemies":"theDuelist:KaibaA2","floor":27,"turns":4},{"damage":2,"enemies":"Cultist and Chosen","floor":29,"turns":3},{"damage":2,"enemies":"Gremlin Leader","floor":30,"turns":5},{"damage":21,"enemies":"Centurion and Healer","floor":31,"turns":4},{"damage":0,"enemies":"Automaton","floor":33,"turns":8},{"damage":25,"enemies":"3 Darklings","floor":35,"turns":5},{"damage":8,"enemies":"Mind Bloom Boss Battle","floor":38,"turns":6},{"damage":0,"enemies":"Orb Walker","floor":39,"turns":3},{"damage":39,"enemies":"Reptomancer","floor":40,"turns":6}],"seed_played":"5659749916632908144","potions_obtained":[{"floor":3,"key":"Cursed Concoction"},{"floor":10,"key":"theDuelist:SummonArmorPotion"},{"floor":12,"key":"theDuelist:LavaBottle"},{"floor":20,"key":"Milkshake"},{"floor":21,"key":"theDuelist:FireBottle"},{"floor":27,"key":"Ancient Potion"},{"floor":30,"key":"theDuelist:BottledKuriboh"},{"floor":31,"key":"theDuelist:FreezingPotion"},{"floor":33,"key":"Flashbang"},{"floor":38,"key":"theDuelist:WaterBottle"}],"is_trial":false,"path_per_floor":["M","?","M","M","$","R","E","?","T","E","M","M","$","T","R","B",null,"M","M","M","M","M","?","?","M","T","E","R","M","E","M","R","B",null,"M","$","?","?","M","E"],"character_chosen":"THE_DUELIST","items_purchased":["theDuelist:LordD","theDuelist:SnowDragon","Pen Nib","Dexterity Potion"],"campfire_rested":1,"item_purchase_floors":[13,13,36,36],"current_hp_per_floor":[63,63,63,63,63,63,51,51,51,51,51,51,51,65,65,37,72,72,72,69,63,59,59,59,37,37,37,37,35,33,12,37,37,72,47,47,47,39,39,0,0],"gold":51,"neow_bonus":"THREE_ENEMY_KILL","is_daily":false,"chose_seed":false,"campfire_upgraded":4,"win_rate":0.0,"timestamp":1614371251,"path_taken":["M","?","?","M","?","R","E","?","T","E","M","?","?","?","R","BOSS","M","M","?","M","M","?","?","M","T","E","R","?","E","M","R","BOSS","M","$","?","?","M","E"],"items_purchased_type":["Card","Card","Relic","Potion"],"build_version":"2020-12-22","purchased_purges":3,"victory":false,"max_hp_per_floor":[70,70,70,70,70,70,70,70,70,70,70,70,70,84,84,84,84,84,84,84,84,84,84,84,84,84,84,84,84,84,84,84,84,84,84,84,84,84,84,84,84],"card_choices":[{"not_picked":["theDuelist:BattleguardKing","theDuelist:Hinotama","theDuelist:BlackPendant","theDuelist:DianKeto","theDuelist:LightningDarts"],"picked":"SKIP","floor":1},{"not_picked":["theDuelist:Beatraptor","theDuelist:CloudianGhost","theDuelist:Kabazauls","theDuelist:RedHeadedOni"],"picked":"theDuelist:YamataDragon","floor":3},{"not_picked":["Good Instincts","Jack Of All Trades","Magnetism","Secret Technique"],"picked":"SKIP","floor":4},{"not_picked":["theDuelist:TwinBarrelDragon","theDuelist:Hydrogeddon","theDuelist:BusterBlader","theDuelist:BlackStego"],"picked":"theDuelist:TwinHeadedFire","floor":7},{"not_picked":["theDuelist:Kabazauls","theDuelist:BusterBlader","theDuelist:BlackBrutdrago","theDuelist:TrihornedDragon"],"picked":"theDuelist:MirageDragon","floor":10},{"not_picked":["theDuelist:SpiralSpearStrike","theDuelist:Earthquake","theDuelist:ArtifactIgnition","theDuelist:FluteSummoning"],"picked":"theDuelist:DragonShield","floor":11},{"not_picked":["theDuelist:BlackStego","theDuelist:BusterDrake","theDuelist:CyberDragonVier","theDuelist:MirageDragon","theDuelist:BlacklandFireDragon"],"picked":"SKIP","floor":12},{"not_picked":["theDuelist:WingedDragonRa","theDuelist:BusterBladerDDS","theDuelist:BlueDuston","theDuelist:BlasterDragonInfernos"],"picked":"theDuelist:StardustDragon","floor":16},{"not_picked":["theDuelist:TwinHeadedFire","theDuelist:SilverDragon","theDuelist:BusterDrake","theDuelist:ThreateningRoar"],"picked":"theDuelist:CoralDragon","floor":18},{"not_picked":["theDuelist:Hinotama","theDuelist:GoldenApples","theDuelist:SmashingGround","theDuelist:YamiForm"],"picked":"theDuelist:ForbiddenLance","floor":19},{"not_picked":["theDuelist:SpiralSpearStrike","theDuelist:GoldSarcophagus","theDuelist:DragonMirror","theDuelist:EvolutionBurst"],"picked":"theDuelist:Mountain+1","floor":20},{"not_picked":["theDuelist:YamataDragon","theDuelist:Hydrogeddon","theDuelist:BlackPtera","theDuelist:Beatraptor"],"picked":"theDuelist:Kabazauls","floor":21},{"not_picked":["theDuelist:BattleguardKing","theDuelist:Terraforming+1","theDuelist:ForbiddenLance","theDuelist:SlotMachine","theDuelist:SmashingGround"],"picked":"SKIP","floor":22},{"not_picked":["theDuelist:MadFlameKaiju","theDuelist:VeilDarkness","theDuelist:ArmedDragon5","theDuelist:BoosterDragon+1","theDuelist:BlackBrachios"],"picked":"SKIP","floor":25},{"not_picked":["theDuelist:WhiteNightDragon+1","theDuelist:HymnOfLight","theDuelist:SauropodBrachion","theDuelist:BlackBrachios","theDuelist:SpiralSpearStrike"],"picked":"SKIP","floor":27},{"not_picked":["theDuelist:Pyrorex","theDuelist:RedRisingDragon","theDuelist:GalaxyTyranno","theDuelist:CyberEltanin"],"picked":"theDuelist:Freezadon","floor":29},{"not_picked":["theDuelist:TailSwipe","theDuelist:AmuletDragon","theDuelist:BarrelDragon","theDuelist:FiendSkull","theDuelist:BusterBladerDDS"],"picked":"SKIP","floor":30},{"not_picked":["theDuelist:BlackStego","theDuelist:WaterDragonCluster","theDuelist:CyberDinosaur","theDuelist:JurassicImpact+1","theDuelist:TyrantWing+1"],"picked":"SKIP","floor":31},{"not_picked":["theDuelist:SliferSky+1","theDuelist:OceanDragonLord","theDuelist:DoomkaiserDragon","theDuelist:BlasterDragonInfernos"],"picked":"theDuelist:WaterDragon","floor":33},{"not_picked":["theDuelist:ViceDragon+1","theDuelist:CyberDinosaur"],"picked":"theDuelist:WhiteNightDragon","floor":35},{"not_picked":["theDuelist:MadFlameKaiju+1","theDuelist:GiantRex+1","theDuelist:BlueEyesUltimate+1","theDuelist:Scapegoat","theDuelist:LostWorld+1"],"picked":"SKIP","floor":39}],"player_experience":345963,"relics_obtained":[{"floor":7,"key":"theDuelist:SummonAnchor"},{"floor":9,"key":"Kunai"},{"floor":10,"key":"Thread and Needle"},{"floor":14,"key":"Mango"},{"floor":17,"key":"theDuelist:DragonRelic"},{"floor":17,"key":"Replay:Arrowhead"},{"floor":17,"key":"Happy Flower"},{"floor":26,"key":"Cables"},{"floor":27,"key":"theDuelist:BoosterExtraAllRaresRelic"},{"floor":30,"key":"Frozen Egg 2"},{"floor":38,"key":"Basket Of Snakes"}],"event_choices":[{"total_magic_score":20,"gold_gain":0,"duelist":true,"damage_taken":0,"relics_obtained":[],"points":2,"max_hp_gain":0,"max_hp_loss":0,"spent_points":{"magic":0,"greed":0,"war":0,"power":0,"hunger":0},"event_name":"Nameless Tomb","floor":2,"gold_loss":0,"cards_obtained":[]},{"damage_healed":0,"gold_gain":0,"player_choice":"Bought 0 Potions","damage_taken":0,"max_hp_gain":0,"max_hp_loss":0,"event_name":"The Woman in Blue","floor":8,"gold_loss":0},{"damage_healed":0,"gold_gain":0,"player_choice":"Traded Kabazauls for Cyber Dragon Core","duelist":true,"damage_taken":0,"max_hp_gain":0,"max_hp_loss":0,"event_name":"Card Trader","floor":23,"gold_loss":0},{"damage_healed":0,"gold_gain":0,"player_choice":"Scored: 1338","duelist":true,"damage_taken":0,"max_hp_gain":0,"max_hp_loss":0,"event_name":"Visit from Anubis","floor":24,"gold_loss":0},{"damage_healed":0,"gold_gain":0,"player_choice":"Leave","duelist":true,"damage_taken":0,"max_hp_gain":0,"max_hp_loss":0,"event_name":"Egyptian Village","floor":37,"gold_loss":0},{"damage_healed":0,"gold_gain":0,"player_choice":"Fight","damage_taken":0,"max_hp_gain":0,"max_hp_loss":0,"event_name":"MindBloom","floor":38,"gold_loss":0}],"is_beta":false,"boss_relics":[{"not_picked":["Replay:Drink Me","Ring of Chaos"],"picked":"Calling Bell"},{"not_picked":["Mark of Pain","Runic Pyramid"],"picked":"Busted Crown"}],"items_purged_floors":[5,13,36],"is_endless":false,"potions_floor_spawned":[3,10,12,20,21,27,30,31,33,38],"killed_by":"Reptomancer","ascension_level":14}}