{"host":"vhkb6vx6yafo1fpa","time":1614326192,"event":{"mods":["BaseMod","Colored Map","Custom Start","Minty Spire (QoL Compilation)","Quick Restart","StSLib","SuperFastMode"],"gold_per_floor":[118,128,148,164,183,183,37,37,91,117,136,154,154,185,185,290,290,300,300,300,120,137,137,163,163,163,191,78,88,98,113,113,214,214,230,230,230,248,248,248,268,293,293,309,63,63,63,74,74,74],"floor_reached":51,"language":"KOR","playtime":2380,"items_purged":["Strike_P","Writhe","Defend_P","Strike_P"],"score":1296,"play_id":"be1313ab-cfe0-4210-b70d-c0d6b83caa1a","local_time":"20210226165632","is_ascension_mode":true,"campfire_choices":[{"data":"Eruption","floor":6.0,"key":"SMITH"},{"floor":8.0,"key":"REST"},{"data":"MentalFortress","floor":15.0,"key":"SMITH"},{"floor":23.0,"key":"REST"},{"floor":32.0,"key":"REST"},{"data":"Scrawl","floor":40.0,"key":"SMITH"},{"data":"Adaptation","floor":46,"key":"SMITH"},{"floor":49,"key":"REST"}],"circlet_count":0,"master_deck":["AscendersBane","Strike_P","Defend_P","Eruption+1","Vigilance","EmptyFist","FearNoEvil","Consecrate","MentalFortress+1","WheelKick","Scrawl+1","Tantrum+1","Perseverance+1","Consecrate+1","MentalFortress","InnerPeace+1","Vengeance","Vault","Adaptation+1","Adaptation+1"],"relics":["PureWater","Tiny Chest","Blood Vial","White Beast Statue","Happy Flower","Astrolabe","Vajra","Potion Belt","Kunai","Gremlin Horn","MawBank","Cursed Key","Juzu Bracelet"],"acts_visited":["Exordium","TheCity","TheBeyond"],"potions_floor_usage":[],"damage_taken":[{"damage":1.0,"enemies":"2 Louse","floor":1.0,"turns":4.0},{"damage":4.0,"enemies":"Jaw Worm","floor":2.0,"turns":2.0},{"damage":1.0,"enemies":"Small Slimes","floor":3.0,"turns":2.0},{"damage":30.0,"enemies":"Exordium Thugs","floor":4.0,"turns":5.0},{"damage":2.0,"enemies":"3 Louse","floor":5.0,"turns":3.0},{"damage":5.0,"enemies":"3 Sentries","floor":10.0,"turns":8.0},{"damage":3.0,"enemies":"Blue Slaver","floor":11.0,"turns":5.0},{"damage":3.0,"enemies":"2 Fungi Beasts","floor":12.0,"turns":3.0},{"damage":8.0,"enemies":"Gremlin Nob","floor":14.0,"turns":4.0},{"damage":0.0,"enemies":"Slime Boss","floor":16.0,"turns":6.0},{"damage":9.0,"enemies":"3 Byrds","floor":18.0,"turns":3.0},{"damage":7.0,"enemies":"Chosen","floor":22.0,"turns":3.0},{"damage":21.0,"enemies":"Slavers","floor":24.0,"turns":3.0},{"damage":9.0,"enemies":"Book of Stabbing","floor":27.0,"turns":3.0},{"damage":11.0,"enemies":"Sentry and Sphere","floor":29.0,"turns":3.0},{"damage":11.0,"enemies":"Centurion and Healer","floor":30.0,"turns":4.0},{"damage":0.0,"enemies":"Snecko","floor":31.0,"turns":3.0},{"damage":14.0,"enemies":"Collector","floor":33.0,"turns":8.0},{"damage":15.0,"enemies":"3 Darklings","floor":35.0,"turns":3.0},{"damage":0.0,"enemies":"Orb Walker","floor":38.0,"turns":2.0},{"damage":2.0,"enemies":"Maw","floor":41.0,"turns":5.0},{"damage":11.0,"enemies":"Giant Head","floor":42.0,"turns":6.0},{"damage":13,"enemies":"Jaw Worm Horde","floor":44,"turns":3},{"damage":0,"enemies":"3 Darklings","floor":48,"turns":2},{"damage":0,"enemies":"Donu and Deca","floor":50,"turns":3}],"seed_played":"-2131304668294267460","potions_obtained":[{"floor":3.0,"key":"StancePotion"},{"floor":4.0,"key":"Strength Potion"},{"floor":5.0,"key":"BlessingOfTheForge"},{"floor":10.0,"key":"BottledMiracle"},{"floor":11.0,"key":"GamblersBrew"},{"floor":14.0,"key":"StancePotion"},{"floor":27.0,"key":"SkillPotion"},{"floor":29.0,"key":"Regen Potion"},{"floor":31.0,"key":"DuplicationPotion"},{"floor":42.0,"key":"Ancient Potion"}],"is_trial":false,"path_per_floor":["M","M","M","M","M","R","$","R","T","E","M","M","?","E","R","B",null,"M","?","?","$","M","R","E","T","T","E","$","M","M","M","R","B",null,"M","?","?","M","T","R","M","E","T","M","$","R","?","M","R","B",null],"character_chosen":"WATCHER","items_purchased":["MentalFortress","MentalFortress","Ambrosia"],"campfire_rested":4,"item_purchase_floors":[7,21,45],"current_hp_per_floor":[64,60,59,29,27,27,27,48,48,45,44,43,43,37,37,39,64,57,44,44,44,39,62,43,43,43,36,36,27,18,20,43,31,66,53,53,53,55,55,55,55,46,46,35,35,35,35,37,58,60],"gold":74,"neow_bonus":"RANDOM_COMMON_RELIC","is_daily":false,"chose_seed":false,"campfire_upgraded":4,"win_rate":0.0,"timestamp":1614326192,"path_taken":["M","M","M","M","M","R","$","R","T","E","M","M","?","E","R","BOSS","M","?","?","$","M","R","E","?","T","E","$","M","?","M","R","BOSS","M","?","?","M","?","R","?","E","T","M","$","R","?","M","R","BOSS"],"items_purchased_type":["Card","Card","Potion"],"build_version":"2020-12-22","purchased_purges":4,"victory":true,"max_hp_per_floor":[72,72,72,72,72,72,72,72,72,72,72,72,72,72,72,72,72,72,77,77,77,77,77,77,77,77,77,77,77,77,77,77,77,77,77,77,73,73,73,73,73,73,73,73,73,73,73,73,73,73],"card_choices":[{"not_picked":["Evaluate","Halt"],"picked":"EmptyFist","floor":1.0},{"not_picked":["WindmillStrike","Evaluate","Weave"],"picked":"SKIP","floor":2.0},{"not_picked":["LikeWater","PathToVictory","FlyingSleeves"],"picked":"SKIP","floor":3.0},{"not_picked":["SignatureMove","CutThroughFate"],"picked":"FearNoEvil","floor":4.0},{"not_picked":["LikeWater","PathToVictory"],"picked":"Consecrate","floor":5.0},{"not_picked":["Indignation","EmptyFist","Protect"],"picked":"SKIP","floor":10.0},{"not_picked":["CrushJoints","SashWhip","JustLucky"],"picked":"SKIP","floor":11.0},{"not_picked":["EmptyFist","Worship","SashWhip"],"picked":"SKIP","floor":12.0},{"not_picked":["CutThroughFate","Blasphemy"],"picked":"WheelKick","floor":14.0},{"not_picked":["DevaForm","Ragnarok"],"picked":"Scrawl","floor":16.0},{"not_picked":["BattleHymn","Consecrate","FollowUp"],"picked":"SKIP","floor":18.0},{"not_picked":["BowlingBash","Pray","Indignation"],"picked":"SKIP","floor":22.0},{"not_picked":["EmptyMind","Evaluate"],"picked":"InnerPeace+1","floor":24.0},{"not_picked":["CrushJoints+1","Sanctity","JustLucky"],"picked":"SKIP","floor":27.0},{"not_picked":["Sanctity+1","JustLucky+1","Vengeance"],"picked":"SKIP","floor":29.0},{"not_picked":["Sanctity+1","JustLucky+1"],"picked":"Vengeance","floor":29.0},{"not_picked":["BowlingBash","Sanctity","SpiritShield"],"picked":"SKIP","floor":30.0},{"not_picked":["EmptyMind+1","SashWhip+1","Protect+1"],"picked":"SKIP","floor":31.0},{"not_picked":["Scrawl","Blasphemy"],"picked":"Vault","floor":33.0},{"not_picked":["Perseverance+1","Nirvana"],"picked":"Adaptation","floor":35.0},{"not_picked":["Indignation","CrushJoints+1","FearNoEvil+1"],"picked":"SKIP","floor":38.0},{"not_picked":["CarveReality+1","FlyingSleeves+1","Worship+1"],"picked":"SKIP","floor":41.0},{"not_picked":["FearNoEvil","WreathOfFlame","CrushJoints"],"picked":"SKIP","floor":42.0},{"not_picked":["Sanctity","Evaluate+1","PathToVictory+1"],"picked":"SKIP","floor":44},{"not_picked":["Collect","ForeignInfluence+1","LikeWater"],"picked":"SKIP","floor":48}],"player_experience":332333,"relics_obtained":[{"floor":9.0,"key":"Blood Vial"},{"floor":10.0,"key":"White Beast Statue"},{"floor":14.0,"key":"Happy Flower"},{"floor":24.0,"key":"Potion Belt"},{"floor":25.0,"key":"Kunai"},{"floor":26.0,"key":"Gremlin Horn"},{"floor":27.0,"key":"MawBank"},{"floor":42.0,"key":"Juzu Bracelet"}],"event_choices":[{"damage_healed":0.0,"max_hp_gain":0.0,"max_hp_loss":0.0,"gold_gain":0.0,"event_name":"Shining Light","player_choice":"Ignored","floor":13.0,"gold_loss":0.0,"damage_taken":0.0},{"damage_healed":0.0,"max_hp_gain":5.0,"max_hp_loss":0.0,"gold_gain":0.0,"event_name":"Forgotten Altar","player_choice":"Shed Blood","floor":19.0,"gold_loss":0.0,"damage_taken":18.0},{"damage_healed":0.0,"max_hp_gain":0.0,"max_hp_loss":0.0,"gold_gain":0.0,"event_name":"The Mausoleum","player_choice":"Opened","floor":20.0,"gold_loss":0.0,"damage_taken":0.0,"relics_obtained":["Vajra"],"cards_obtained":["Writhe"]},{"damage_healed":0.0,"max_hp_gain":0.0,"max_hp_loss":0.0,"gold_gain":0.0,"event_name":"Tomb of Lord Red Mask","player_choice":"Ignored","floor":36.0,"gold_loss":0.0,"damage_taken":0.0},{"damage_healed":0.0,"max_hp_gain":0.0,"max_hp_loss":4.0,"gold_gain":0.0,"event_name":"Winding Halls","player_choice":"Max HP","floor":37.0,"gold_loss":0.0,"damage_taken":0.0},{"damage_healed":0,"gold_gain":0,"player_choice":"Copied","damage_taken":0,"max_hp_gain":0,"max_hp_loss":0,"event_name":"Duplicator","floor":47,"gold_loss":0,"cards_obtained":["Adaptation"]}],"is_beta":false,"boss_relics":[{"not_picked":["Pandora\u0027s Box","Runic Pyramid"],"picked":"Astrolabe"},{"not_picked":["Snecko Eye","Sozu"],"picked":"Cursed Key"}],"items_purged_floors":[7,21,28,45],"is_endless":false,"potions_floor_spawned":[3,4,5,10,11,12,14,16,18,22,24,27,29,30,31,33,35,38,41,42,44,48],"ascension_level":11}}