{"host":"g792ep1fbt4i7bvb","time":1614328259,"event":{"mods":["BaseMod","Beaked The Cultist","Colored Map","Colored Powertips","DeckTracker","Highlight Path","Minty Spire (QoL Compilation)","Relic Stats","StSLib","SuperFastMode"],"gold_per_floor":[111,131,131,184,184,221,69,90,115,115,115,159,159,188,188,300,300,290,290,215,233,253,290,317,346,370,370,370,409,418,139,139,246,246,273,243,253,146,177,177,210,33,57,7,7,16,52,52,52,52],"floor_reached":51,"language":"JPN","playtime":2852,"items_purged":["beaked:BounceBack","beaked:StunningBlow"],"score":852,"play_id":"baeabb09-110f-42ab-83e3-9e10f179e78d","local_time":"20210226173059","is_ascension_mode":true,"campfire_choices":[{"data":"beaked:HuntressSpirit","floor":10,"key":"SMITH"},{"data":"beaked:Brace","floor":13,"key":"SMITH"},{"data":"beaked:Hexing","floor":15,"key":"SMITH"},{"floor":27,"key":"REST"},{"data":"beaked:Negation","floor":32,"key":"SMITH"},{"data":"beaked:MachineEssence","floor":40,"key":"SMITH"},{"data":"beaked:BloodRitual","floor":49,"key":"SMITH"}],"circlet_count":0,"master_deck":["beaked:Strike_Y+1","beaked:Strike_Y+1","beaked:Strike_Y+1","beaked:Defend_Y+1","beaked:Defend_Y+1","beaked:Defend_Y+1","beaked:Defend_Y+1","beaked:Ceremony","beaked:Ceremony","beaked:Windmill","beaked:CursingBlood","beaked:Hexing+1","beaked:HuntressSpirit+1","beaked:Windmill","beaked:Brace+1","beaked:Daydream","beaked:MachineEssence+1","beaked:Caw","beaked:Molting","Jack Of All Trades","beaked:Brace","beaked:Roost+1","beaked:Overexert","beaked:AwakenedForm","beaked:Negation+1","beaked:StickSmack","beaked:ScreechingChant","beaked:BloodRitual+1","beaked:TuckingFeathers","beaked:Overpower","Apotheosis","beaked:HuntressSpirit+1","beaked:Flinch+1"],"relics":["beaked:MendingPlumage","CeramicFish","Blue Candle","Smiling Mask","Pear","Runic Pyramid","Juzu Bracelet","Regal Pillow","Ancient Tea Set","Medical Kit","Busted Crown","Bottled Flame","Strawberry","Bag of Preparation"],"acts_visited":["Exordium","TheCity","TheBeyond"],"potions_floor_usage":[6,16,23,33,33,35,36,47,47,47],"damage_taken":[{"damage":14,"enemies":"Jaw Worm","floor":1,"turns":6},{"damage":0,"enemies":"2 Louse","floor":2,"turns":3},{"damage":30,"enemies":"Gremlin Nob","floor":6,"turns":4},{"damage":0,"enemies":"Small Slimes","floor":8,"turns":5},{"damage":26,"enemies":"3 Sentries","floor":12,"turns":10},{"damage":18,"enemies":"2 Fungi Beasts","floor":14,"turns":7},{"damage":37,"enemies":"Slime Boss","floor":16,"turns":8},{"damage":29,"enemies":"2 Thieves","floor":18,"turns":4},{"damage":22,"enemies":"Shell Parasite","floor":22,"turns":9},{"damage":46,"enemies":"Book of Stabbing","floor":23,"turns":10},{"damage":36,"enemies":"Shelled Parasite and Fungi","floor":24,"turns":10},{"damage":57,"enemies":"Snake Plant","floor":25,"turns":6},{"damage":56,"enemies":"Gremlin Leader","floor":29,"turns":7},{"damage":26,"enemies":"Collector","floor":33,"turns":12},{"damage":45,"enemies":"3 Darklings","floor":35,"turns":8},{"damage":43,"enemies":"3 Shapes","floor":37,"turns":7},{"damage":23,"enemies":"Sphere and 2 Shapes","floor":39,"turns":6},{"damage":64,"enemies":"Giant Head","floor":41,"turns":8},{"damage":14,"enemies":"Reptomancer","floor":47,"turns":6},{"damage":60,"enemies":"Awakened One","floor":50,"turns":10}],"seed_played":"-9059094300512429012","potions_obtained":[{"floor":2,"key":"Swift Potion"},{"floor":8,"key":"Swift Potion"},{"floor":12,"key":"SteroidPotion"},{"floor":22,"key":"PowerPotion"},{"floor":29,"key":"DuplicationPotion"},{"floor":33,"key":"SkillPotion"},{"floor":36,"key":"Swift Potion"},{"floor":36,"key":"Fruit Juice"},{"floor":39,"key":"AttackPotion"}],"is_trial":false,"path_per_floor":["M","M","?","T","?","E","$","M","T","R","?","E","R","M","R","B",null,"M","?","?","?","M","E","M","M","T","R","?","E","?","$","R","B",null,"M","?","M","$","M","R","E","$","T","$","R","?","E","?","R","B",null],"character_chosen":"BEAKED_THE_CULTIST","items_purchased":["beaked:HuntressSpirit","beaked:Windmill","beaked:MaddeningMurmurs","Energy Potion","beaked:StunningBlow","Medical Kit","beaked:TuckingFeathers","beaked:Overpower","Apotheosis"],"campfire_rested":1,"item_purchase_floors":[7,7,7,31,31,31,38,38,42],"current_hp_per_floor":[38,47,47,47,40,23,23,39,39,39,44,54,54,57,57,65,65,43,43,43,43,65,63,65,33,33,65,65,47,47,47,47,65,65,65,70,70,70,70,70,65,65,72,72,72,72,77,73,73,73],"gold":52,"neow_bonus":"REMOVE_TWO","is_daily":false,"chose_seed":false,"campfire_upgraded":6,"win_rate":0.0,"timestamp":1614328259,"path_taken":["M","M","?","?","?","E","$","M","T","R","?","E","R","M","R","BOSS","M","?","?","?","?","E","M","M","T","R","?","E","?","$","R","BOSS","M","?","M","$","M","R","E","$","T","?","R","?","E","?","R","BOSS"],"items_purchased_type":["Card","Card","Card","Potion","Card","Relic","Card","Card","Card"],"build_version":"2020-12-22","purchased_purges":2,"victory":true,"max_hp_per_floor":[50,50,50,50,50,50,50,50,50,50,55,65,65,65,65,65,65,65,65,65,65,65,65,65,65,65,65,65,65,65,65,65,65,65,65,70,70,70,70,70,70,70,77,77,77,77,77,73,73,73],"relic_stats":{"Regal Pillow":13,"Busted Crown":10,"counters":[20,146],"CeramicFish":225,"Blue Candle":[0],"Juzu Bracelet":2,"Bag of Preparation":[2],"Smiling Mask":75,"Medical Kit":[0],"obtain_stats":[{"Regal Pillow":26,"Pear":12,"CeramicFish":4,"Blue Candle":6,"Juzu Bracelet":23,"Bag of Preparation":47,"Smiling Mask":9,"Ancient Tea Set":29,"Medical Kit":31,"Bottled Flame":41,"Busted Crown":34,"Strawberry":43,"beaked:MendingPlumage":0,"Runic Pyramid":17},{"Regal Pillow":12,"Pear":5,"CeramicFish":2,"Blue Candle":3,"Juzu Bracelet":10,"Bag of Preparation":19,"Smiling Mask":4,"Ancient Tea Set":13,"Medical Kit":13,"Bottled Flame":18,"Busted Crown":14,"Strawberry":18,"beaked:MendingPlumage":0,"Runic Pyramid":7},{"Regal Pillow":82,"Pear":28,"CeramicFish":9,"Blue Candle":13,"Juzu Bracelet":66,"Bag of Preparation":136,"Smiling Mask":18,"Ancient Tea Set":89,"Medical Kit":89,"Bottled Flame":130,"Busted Crown":101,"Strawberry":130,"beaked:MendingPlumage":0,"Runic Pyramid":43}]},"card_choices":[{"not_picked":["beaked:DigDeep","beaked:CursingBlood"],"picked":"beaked:Windmill","floor":1},{"not_picked":["beaked:SacrificialDive","beaked:WarriorEssence"],"picked":"beaked:CursingBlood","floor":2},{"not_picked":["beaked:CheekyTricks","beaked:Redirect"],"picked":"beaked:Hexing","floor":6},{"not_picked":["beaked:Foresight","beaked:Insight"],"picked":"beaked:Brace","floor":8},{"not_picked":["beaked:FeelMyPain","beaked:Windmill"],"picked":"beaked:Daydream","floor":12},{"not_picked":["beaked:CursingBlood","beaked:Windmill"],"picked":"beaked:MachineEssence","floor":14},{"not_picked":["beaked:CheekyTricks","beaked:AwakenedForm"],"picked":"beaked:Caw","floor":16},{"not_picked":["beaked:Cower","beaked:Devastation"],"picked":"beaked:Molting","floor":18},{"not_picked":["beaked:Flinch","beaked:TuckingFeathers"],"picked":"beaked:Brace","floor":22},{"not_picked":["beaked:BraceForImpact","beaked:Poke"],"picked":"beaked:Roost+1","floor":23},{"not_picked":["beaked:HuntressEssence","beaked:Resilience"],"picked":"beaked:Overexert","floor":24},{"not_picked":["beaked:HuntressEssence","beaked:Resilience"],"picked":"beaked:AwakenedForm","floor":25},{"not_picked":["beaked:HuntressEssence+1","beaked:BarbedWire"],"picked":"beaked:Negation","floor":29},{"not_picked":["beaked:Brainwash","beaked:WildInstinct"],"picked":"beaked:ScreechingChant","floor":33},{"not_picked":[],"picked":"beaked:BloodRitual","floor":35},{"not_picked":["beaked:Devastation+1"],"picked":"SKIP","floor":37},{"not_picked":["beaked:TuckingFeathers"],"picked":"SKIP","floor":39},{"not_picked":["beaked:Pecker"],"picked":"SKIP","floor":41},{"not_picked":[],"picked":"beaked:Flinch+1","floor":47}],"player_experience":781748,"relics_obtained":[{"floor":4,"key":"CeramicFish"},{"floor":6,"key":"Blue Candle"},{"floor":9,"key":"Smiling Mask"},{"floor":12,"key":"Pear"},{"floor":23,"key":"Juzu Bracelet"},{"floor":26,"key":"Regal Pillow"},{"floor":29,"key":"Ancient Tea Set"},{"floor":41,"key":"Bottled Flame"},{"floor":43,"key":"Strawberry"},{"floor":47,"key":"Bag of Preparation"}],"event_choices":[{"damage_healed":0,"gold_gain":0,"player_choice":"Leave","damage_taken":0,"max_hp_gain":0,"max_hp_loss":0,"event_name":"The Cleric","floor":3,"gold_loss":0},{"cards_removed":["beaked:Ceremony"],"damage_healed":0,"gold_gain":0,"player_choice":"Card Removal","damage_taken":7,"max_hp_gain":0,"max_hp_loss":0,"event_name":"Golden Wing","floor":5,"gold_loss":0},{"damage_healed":0,"gold_gain":0,"player_choice":"Donut","damage_taken":0,"max_hp_gain":5,"max_hp_loss":0,"event_name":"Big Fish","floor":11,"gold_loss":0},{"damage_healed":0,"gold_gain":0,"player_choice":"Simplicity","damage_taken":0,"max_hp_gain":0,"max_hp_loss":0,"event_name":"Back to Basics","floor":19,"gold_loss":0,"cards_upgraded":["beaked:Strike_Y","beaked:Strike_Y","beaked:Strike_Y","beaked:Strike_Y","beaked:Defend_Y","beaked:Defend_Y","beaked:Defend_Y","beaked:Defend_Y"]},{"cards_removed":["beaked:Strike_Y"],"damage_healed":0,"gold_gain":0,"player_choice":"Gave Gold","damage_taken":0,"max_hp_gain":0,"max_hp_loss":0,"event_name":"Beggar","floor":20,"gold_loss":75},{"damage_healed":0,"gold_gain":0,"player_choice":"2 cards matched","damage_taken":0,"max_hp_gain":0,"max_hp_loss":0,"event_name":"Match and Keep!","floor":21,"gold_loss":0,"cards_obtained":["Jack Of All Trades","beaked:BounceBack"]},{"damage_healed":0,"gold_gain":0,"player_choice":"Ignored","damage_taken":0,"max_hp_gain":0,"max_hp_loss":0,"event_name":"Vampires","floor":28,"gold_loss":0},{"damage_healed":0,"gold_gain":0,"cards_transformed":["beaked:MaddeningMurmurs"],"player_choice":"Transformed","damage_taken":0,"max_hp_gain":0,"max_hp_loss":0,"event_name":"Transmorgrifier","floor":30,"gold_loss":0,"cards_obtained":["beaked:StickSmack"]},{"damage_healed":0,"gold_gain":0,"player_choice":"Bought 2 Potions","damage_taken":0,"max_hp_gain":0,"max_hp_loss":0,"event_name":"The Woman in Blue","floor":36,"gold_loss":0},{"damage_healed":0,"gold_gain":0,"player_choice":"Copied","damage_taken":0,"max_hp_gain":0,"max_hp_loss":0,"event_name":"Duplicator","floor":46,"gold_loss":0,"cards_obtained":["beaked:HuntressSpirit"]},{"damage_healed":0,"gold_gain":0,"player_choice":"Max HP","damage_taken":0,"max_hp_gain":0,"max_hp_loss":4,"event_name":"Winding Halls","floor":48,"gold_loss":0}],"is_beta":false,"boss_relics":[{"not_picked":["beaked:FlawlessSticks","beaked:MawFillet"],"picked":"Runic Pyramid"},{"not_picked":["Sozu","Fusion Hammer"],"picked":"Busted Crown"}],"items_purged_floors":[31,44],"is_endless":false,"potions_floor_spawned":[2,8,12,22,29,33,39],"ascension_level":3}}