{"host":"w14xfy17z3c5mpoi","time":1614372516,"event":{"mods":["AchievementEnabler","BaseMod","Minty Spire (QoL Compilation)","Relic Stats"],"gold_per_floor":[111,128,141,158,158,190,209,237,264,292,321,333,361,373,385,397,397],"floor_reached":16,"language":"ENG","playtime":714,"items_purged":[],"score":201,"play_id":"e175a920-67b1-4d7c-90fc-78c1479904d6","local_time":"20210226154836","is_ascension_mode":true,"campfire_choices":[{"data":"Adaptation","floor":15,"key":"SMITH"}],"circlet_count":0,"master_deck":["AscendersBane","Strike_P","Strike_P","Strike_P","Strike_P","Defend_P","Defend_P","Defend_P","Defend_P","Eruption","Vigilance","BattleHymn","EmptyFist","SashWhip","CrushJoints","BowlingBash","Blasphemy","Meditate","Decay","Adaptation+1","WheelKick"],"relics":["Cursed Key","Blood Vial","Bird Faced Urn","Pen Nib","Art of War","MawBank"],"acts_visited":["Exordium"],"potions_floor_usage":[6,12],"damage_taken":[{"damage":2,"enemies":"Jaw Worm","floor":1,"turns":2},{"damage":1,"enemies":"Small Slimes","floor":2,"turns":4},{"damage":0,"enemies":"Cultist","floor":3,"turns":3},{"damage":7,"enemies":"Looter","floor":4,"turns":3},{"damage":5,"enemies":"3 Sentries","floor":6,"turns":5},{"damage":12,"enemies":"Blue Slaver","floor":7,"turns":3},{"damage":20,"enemies":"Lagavulin","floor":8,"turns":5},{"damage":10,"enemies":"3 Sentries","floor":10,"turns":4},{"damage":0,"enemies":"3 Louse","floor":11,"turns":2},{"damage":2,"enemies":"Gremlin Nob","floor":12,"turns":3},{"damage":12,"enemies":"Exordium Thugs","floor":13,"turns":4},{"damage":40,"enemies":"The Guardian","floor":16,"turns":6}],"seed_played":"5967931100379591158","potions_obtained":[{"floor":1,"key":"SmokeBomb"},{"floor":4,"key":"DistilledChaos"}],"is_trial":false,"path_per_floor":["M","M","M","M","?","E","M","E","T","E","M","E","M","?","R","B"],"character_chosen":"WATCHER","items_purchased":[],"campfire_rested":0,"item_purchase_floors":[],"current_hp_per_floor":[63,62,62,55,43,40,32,16,16,10,12,14,8,32,32,0,0],"gold":397,"neow_bonus":"BOSS_RELIC","is_daily":false,"chose_seed":false,"campfire_upgraded":1,"win_rate":0.0,"timestamp":1614372516,"path_taken":["M","M","M","M","?","E","M","E","T","E","M","E","M","?","R","BOSS"],"items_purchased_type":[],"build_version":"2020-12-22","purchased_purges":0,"victory":false,"max_hp_per_floor":[72,72,72,72,72,72,72,72,72,72,72,72,72,72,72,72,72],"relic_stats":{"Blood Vial":16,"counters":[12,44],"Bird Faced Urn":[16],"Pen Nib":[3],"Art of War":[2],"Cursed Key":1,"MawBank":72,"obtain_stats":[{"Blood Vial":5,"Bird Faced Urn":6,"Pen Nib":8,"Art of War":9,"PureWater":0,"Cursed Key":0,"MawBank":10},{"Blood Vial":4,"Bird Faced Urn":5,"Pen Nib":7,"Art of War":7,"PureWater":0,"Cursed Key":0,"MawBank":8},{"Blood Vial":12,"Bird Faced Urn":17,"Pen Nib":25,"Art of War":25,"PureWater":0,"Cursed Key":0,"MawBank":29}]},"card_choices":[{"not_picked":["Wireheading","ForeignInfluence"],"picked":"BattleHymn","floor":1},{"not_picked":["Halt","Crescendo"],"picked":"EmptyFist","floor":2},{"not_picked":["Prostrate","JustLucky"],"picked":"SashWhip","floor":3},{"not_picked":["FollowUp","EmptyFist"],"picked":"CrushJoints","floor":4},{"not_picked":["WreathOfFlame","Protect"],"picked":"BowlingBash","floor":6},{"not_picked":["PathToVictory","Halt"],"picked":"Blasphemy","floor":7},{"not_picked":["Evaluate","FlurryOfBlows"],"picked":"Meditate","floor":8},{"not_picked":["JustLucky","Collect"],"picked":"Adaptation","floor":10},{"not_picked":["SignatureMove","Evaluate","Pray"],"picked":"SKIP","floor":11},{"not_picked":["FearNoEvil","Sanctity"],"picked":"WheelKick","floor":13}],"player_experience":834145,"relics_obtained":[{"floor":6,"key":"Bird Faced Urn"},{"floor":8,"key":"Pen Nib"},{"floor":9,"key":"Art of War"},{"floor":10,"key":"MawBank"}],"event_choices":[{"damage_healed":0,"gold_gain":0,"player_choice":"Success","damage_taken":12,"relics_obtained":["Blood Vial"],"max_hp_gain":0,"max_hp_loss":0,"event_name":"Scrap Ooze","floor":5,"gold_loss":0},{"damage_healed":24,"gold_gain":0,"player_choice":"Banana","damage_taken":0,"max_hp_gain":0,"max_hp_loss":0,"event_name":"Big Fish","floor":14,"gold_loss":0}],"is_beta":false,"boss_relics":[],"items_purged_floors":[],"is_endless":false,"potions_floor_spawned":[1,4,12],"killed_by":"The Guardian","ascension_level":10}}