{"host":"hbrjinenk1akq1dy","time":1614323412,"event":{"mods":["AchievementEnabler","BaseMod","Bestiary","Colored Map","Colored Powertips","Curses Come First","Highlight Path","Minty Spire (QoL Compilation)","Permanent Neow","Quick Restart","StSLib","SuperFastMode"],"gold_per_floor":[110,110,75,93,105,105,132,132,181,196,196,196,196,228,228,303,303,323,354,373,373,373,373],"floor_reached":22,"language":"ENG","playtime":719,"items_purged":[],"score":336,"play_id":"7b41adbc-3f2e-4d76-928a-1b21e039717f","local_time":"20210226151012","is_ascension_mode":true,"campfire_choices":[{"floor":6.0,"key":"DIG"},{"floor":8.0,"key":"DIG"},{"floor":11.0,"key":"DIG"},{"floor":13.0,"key":"DIG"},{"floor":15.0,"key":"DIG"}],"circlet_count":0,"master_deck":["AscendersBane","Strike_R","Strike_R","Strike_R","Strike_R","Strike_R","Defend_R+1","Defend_R","Defend_R+1","Defend_R","Bash+1","Carnage","Clothesline","Pommel Strike","Reaper","CurseOfTheBell","Flame Barrier","Spot Weakness","Shrug It Off","RitualDagger"],"relics":["Burning Blood","Shovel","Ancient Tea Set","Gremlin Horn","Centennial Puzzle","Lantern","Nunchaku","War Paint","Regal Pillow","Red Skull","Calling Bell","Akabeko","Question Card","TungstenRod","Red Mask"],"acts_visited":["Exordium","TheCity"],"potions_floor_usage":[],"damage_taken":[{"damage":15.0,"enemies":"Jaw Worm","floor":1.0,"turns":6.0},{"damage":9.0,"enemies":"Small Slimes","floor":4.0,"turns":4.0},{"damage":2.0,"enemies":"Cultist","floor":5.0,"turns":4.0},{"damage":24.0,"enemies":"Gremlin Nob","floor":7.0,"turns":4.0},{"damage":0.0,"enemies":"Exordium Wildlife","floor":10.0,"turns":2.0},{"damage":16.0,"enemies":"3 Sentries","floor":14.0,"turns":8.0},{"damage":23.0,"enemies":"Slime Boss","floor":16.0,"turns":10.0},{"damage":22.0,"enemies":"Spheric Guardian","floor":18.0,"turns":5.0},{"damage":32.0,"enemies":"Masked Bandits","floor":19.0,"turns":5.0},{"damage":32.0,"enemies":"Shell Parasite","floor":20.0,"turns":6.0},{"damage":19,"enemies":"Shelled Parasite and Fungi","floor":22,"turns":3}],"seed_played":"-8669850458665689011","potions_obtained":[{"floor":4.0,"key":"LiquidBronze"},{"floor":5.0,"key":"DistilledChaos"},{"floor":14.0,"key":"SkillPotion"},{"floor":18.0,"key":"Regen Potion"}],"is_trial":false,"path_per_floor":["M","?","?","M","M","R","E","R","T","M","R","?","R","E","R","B",null,"M","?","M","?","M"],"character_chosen":"IRONCLAD","items_purchased":[],"campfire_rested":0,"item_purchase_floors":[],"current_hp_per_floor":[59,52,70,67,71,71,53,53,53,59,59,59,59,49,49,32,64,48,28,17,12,0,0],"gold":373,"neow_bonus":"ONE_RARE_RELIC","is_daily":false,"chose_seed":false,"campfire_upgraded":0,"win_rate":0.0,"timestamp":1614323412,"path_taken":["M","?","?","M","M","R","E","R","T","M","R","?","R","E","R","BOSS","M","?","M","?","M"],"items_purchased_type":[],"build_version":"2020-12-22","purchased_purges":0,"victory":false,"max_hp_per_floor":[75,75,75,75,75,75,75,75,75,75,75,75,75,75,75,75,75,75,75,75,75,75,75],"card_choices":[{"not_picked":["True Grit","Second Wind"],"picked":"Carnage","floor":1.0},{"not_picked":["Bloodletting","Rupture"],"picked":"Clothesline","floor":4.0},{"not_picked":["Clothesline","Anger","Flex"],"picked":"SKIP","floor":5.0},{"not_picked":["Rage","Wild Strike"],"picked":"Pommel Strike","floor":7.0},{"not_picked":["Metallicize","Body Slam","Fire Breathing"],"picked":"SKIP","floor":10.0},{"not_picked":["Warcry","Clash","Heavy Blade"],"picked":"SKIP","floor":14.0},{"not_picked":["Offering","Limit Break"],"picked":"Reaper","floor":16.0},{"not_picked":["Armaments","Havoc","Body Slam"],"picked":"Flame Barrier","floor":18.0},{"not_picked":["Rage","Heavy Blade","Bloodletting"],"picked":"Spot Weakness","floor":19.0},{"not_picked":["Iron Wave+1","Fire Breathing+1","Barricade"],"picked":"Shrug It Off","floor":20.0}],"player_experience":291719,"relics_obtained":[{"floor":6.0,"key":"Ancient Tea Set"},{"floor":7.0,"key":"Gremlin Horn"},{"floor":8.0,"key":"Centennial Puzzle"},{"floor":9.0,"key":"Lantern"},{"floor":11.0,"key":"Nunchaku"},{"floor":13.0,"key":"War Paint"},{"floor":14.0,"key":"Regal Pillow"},{"floor":15.0,"key":"Red Skull"},{"floor":17.0,"key":"Akabeko"},{"floor":17.0,"key":"Question Card"},{"floor":17.0,"key":"TungstenRod"},{"floor":19.0,"key":"Red Mask"}],"event_choices":[{"cards_removed":["Pain"],"damage_healed":0.0,"max_hp_gain":0.0,"max_hp_loss":0.0,"gold_gain":0.0,"event_name":"Golden Wing","player_choice":"Card Removal","floor":2.0,"gold_loss":0.0,"damage_taken":7.0},{"damage_healed":18.0,"max_hp_gain":0.0,"max_hp_loss":0.0,"gold_gain":0.0,"event_name":"The Cleric","player_choice":"Healed","floor":3.0,"gold_loss":35.0,"damage_taken":0.0},{"damage_healed":0.0,"max_hp_gain":0.0,"max_hp_loss":0.0,"gold_gain":0.0,"event_name":"Accursed Blacksmith","player_choice":"Forge","floor":12.0,"gold_loss":0.0,"damage_taken":0.0,"cards_upgraded":["Bash"]},{"damage_healed":0.0,"max_hp_gain":0.0,"max_hp_loss":0.0,"gold_gain":0.0,"event_name":"Masked Bandits","player_choice":"Fought Bandits","floor":19.0,"gold_loss":0.0,"damage_taken":0.0},{"damage_healed":0.0,"max_hp_gain":0.0,"max_hp_loss":0.0,"gold_gain":0.0,"event_name":"Nest","player_choice":"Joined the Cult","floor":21.0,"gold_loss":0.0,"damage_taken":6.0,"cards_obtained":["RitualDagger"]}],"is_beta":false,"boss_relics":[{"not_picked":["Coffee Dripper","Runic Pyramid"],"picked":"Calling Bell"}],"items_purged_floors":[],"is_endless":false,"potions_floor_spawned":[4,5,14,18],"killed_by":"Shelled Parasite and Fungi","ascension_level":15}}