{"host":"e4uh2czitxpwmp1w","time":1614329126,"event":{"mods":["AchievementEnabler","BaseMod","Colored Map","Colored Powertips","Highlight Path","Minty Spire (QoL Compilation)","Quick Restart","StSLib"],"gold_per_floor":[109,109,284,295,295,295,306,8,76,94,94,105,30,65,65,162,162,174,194,211,229,15,15,29,29,29],"floor_reached":25,"language":"ENG","playtime":1718,"items_purged":["Strike_B","Strike_B"],"score":205,"play_id":"8486aee6-7da3-4eaa-ad3c-ba5ec2253ed2","local_time":"20210226194526","is_ascension_mode":false,"campfire_choices":[{"data":"Defragment","floor":6,"key":"SMITH"},{"data":"Capacitor","floor":11,"key":"SMITH"},{"data":"Electrodynamics","floor":15,"key":"SMITH"},{"data":"Creative AI","floor":23,"key":"SMITH"}],"circlet_count":0,"master_deck":["Strike_B","Strike_B","Defend_B","Defend_B","Defend_B","Defend_B","Zap","Dualcast","Rainbow","Defragment+1","Doubt","Barrage","Zap","Loop","Stack","Capacitor+1","Ball Lightning","Electrodynamics+1","Thunder Strike","Coolheaded+1","Loop","Creative AI+1","Conserve Battery","Lockon","Defragment"],"relics":["Cracked Core","Orichalcum","Cables","Darkstone Periapt","Happy Flower","Inserter"],"acts_visited":["TheCity"],"potions_floor_usage":[12,16,25,25,25],"damage_taken":[{"damage":6,"enemies":"Jaw Worm","floor":1,"turns":3},{"damage":3,"enemies":"Small Slimes","floor":4,"turns":3},{"damage":1,"enemies":"2 Louse","floor":7,"turns":2},{"damage":18,"enemies":"Lots of Slimes","floor":10,"turns":4},{"damage":3,"enemies":"Gremlin Gang","floor":12,"turns":3},{"damage":11,"enemies":"3 Sentries","floor":14,"turns":5},{"damage":5,"enemies":"The Guardian","floor":16,"turns":7},{"damage":0,"enemies":"Spheric Guardian","floor":18,"turns":3},{"damage":12,"enemies":"Shell Parasite","floor":19,"turns":4},{"damage":29,"enemies":"Snake Plant","floor":20,"turns":5},{"damage":4,"enemies":"Cultist and Chosen","floor":21,"turns":4},{"damage":12,"enemies":"3 Cultists","floor":24,"turns":4},{"damage":28,"enemies":"Sentry and Sphere","floor":25,"turns":3}],"seed_played":"4394800173752931678","potions_obtained":[{"floor":1,"key":"PotionOfCapacity"},{"floor":7,"key":"Dexterity Potion"},{"floor":10,"key":"Explosive Potion"},{"floor":14,"key":"Weak Potion"},{"floor":19,"key":"FearPotion"},{"floor":20,"key":"Weak Potion"},{"floor":24,"key":"Fruit Juice"}],"is_trial":false,"path_per_floor":["M","?","?","M","?","R","M","$","T","M","R","M","$","E","R","B",null,"M","M","M","M","$","R","M","M"],"character_chosen":"DEFECT","items_purchased":["Cables","Stack","Lockon","Defragment"],"campfire_rested":0,"item_purchase_floors":[8,8,22,22],"current_hp_per_floor":[69,66,66,63,63,63,62,62,62,44,44,41,41,30,30,25,75,75,63,34,30,30,30,18,0,0],"gold":29,"neow_bonus":"ONE_RANDOM_RARE_CARD","is_daily":false,"chose_seed":false,"campfire_upgraded":4,"win_rate":0.0,"timestamp":1614329126,"path_taken":["M","?","?","M","?","R","M","$","T","M","R","M","$","E","R","BOSS","M","M","?","?","$","R","M","M"],"items_purchased_type":["Relic","Card","Card","Card"],"build_version":"2020-12-22","purchased_purges":2,"victory":false,"max_hp_per_floor":[75,75,75,75,75,75,75,75,75,75,75,75,75,75,75,75,75,75,75,75,75,75,75,75,80,80],"card_choices":[{"not_picked":["Loop","Hello World"],"picked":"Defragment","floor":1},{"not_picked":["Blizzard","Go for the Eyes"],"picked":"Barrage","floor":4},{"not_picked":["Leap","Hologram"],"picked":"Loop","floor":7},{"not_picked":["Coolheaded","Amplify"],"picked":"Capacitor","floor":10},{"not_picked":["Hologram","Compile Driver"],"picked":"Ball Lightning","floor":12},{"not_picked":["Self Repair","Genetic Algorithm"],"picked":"Electrodynamics","floor":14},{"not_picked":["Buffer","Core Surge"],"picked":"Thunder Strike","floor":16},{"not_picked":["Barrage","Redo"],"picked":"Coolheaded+1","floor":18},{"not_picked":["Genetic Algorithm","Beam Cell"],"picked":"Loop","floor":19},{"not_picked":["Sweeping Beam","Redo"],"picked":"Creative AI","floor":20},{"not_picked":["Hologram","Cold Snap+1"],"picked":"Conserve Battery","floor":21},{"not_picked":["Melter","Hologram","Gash"],"picked":"SKIP","floor":24}],"player_experience":154769,"relics_obtained":[{"floor":9,"key":"Darkstone Periapt"},{"floor":14,"key":"Happy Flower"}],"event_choices":[{"damage_healed":0,"gold_gain":0,"player_choice":"Success","damage_taken":3,"relics_obtained":["Orichalcum"],"max_hp_gain":0,"max_hp_loss":0,"event_name":"Scrap Ooze","floor":2,"gold_loss":0},{"damage_healed":0,"gold_gain":175,"player_choice":"AGREE","damage_taken":0,"max_hp_gain":0,"max_hp_loss":0,"event_name":"Liars Game","floor":3,"gold_loss":0,"cards_obtained":["Doubt"]},{"damage_healed":0,"gold_gain":0,"player_choice":"1 cards matched","damage_taken":0,"max_hp_gain":0,"max_hp_loss":0,"event_name":"Match and Keep!","floor":5,"gold_loss":0,"cards_obtained":["Zap"]}],"is_beta":false,"boss_relics":[{"not_picked":["Fusion Hammer","Ectoplasm"],"picked":"Inserter"}],"items_purged_floors":[13,22],"is_endless":false,"potions_floor_spawned":[1,7,10,14,19,20,24],"killed_by":"Sentry and Sphere","ascension_level":0}}