{"host":"ibckqdmmf9y74ymf","time":1614303881,"event":{"mods":["2.2 Compatiblity","Ascension Unlocker","BaseMod","Colored Map","Curses Come First","Highlight Path","Minty Spire (QoL Compilation)","Quick Restart","Rare Cards Sparkle","Relic Stats","StSLib"],"gold_per_floor":[117,117,134,134,134,134,154,188,211,241,252,265,276,287,287,364,364,383,383,53,13,13],"floor_reached":21,"language":"ENG","playtime":710,"items_purged":[],"score":382,"play_id":"e2483f1c-ffcc-49bb-a593-df5d80364a31","local_time":"20210226024441","is_ascension_mode":true,"campfire_choices":[{"data":"Dualcast","floor":6,"key":"SMITH"},{"data":"Static Discharge","floor":15,"key":"SMITH"}],"circlet_count":0,"master_deck":["AscendersBane","Strike_B+1","Strike_B","Strike_B","Strike_B+1","Defend_B","Defend_B","Defend_B","Defend_B","Zap+1","Dualcast+1","Rainbow+1","BootSequence","Chill","Static Discharge+1","Go for the Eyes","Streamline","Capacitor","Conserve Battery","Barrage","Ball Lightning","Echo Form","Necronomicurse"],"relics":["Cracked Core","Whetstone","Happy Flower","Mercury Hourglass","Sozu","Necronomicon","Emotion Chip"],"acts_visited":["Exordium","TheCity"],"potions_floor_usage":[8,10],"damage_taken":[{"damage":0,"enemies":"Cultist","floor":1,"turns":4},{"damage":0,"enemies":"Jaw Worm","floor":3,"turns":4},{"damage":0,"enemies":"Small Slimes","floor":7,"turns":3},{"damage":9,"enemies":"Gremlin Nob","floor":8,"turns":3},{"damage":7,"enemies":"3 Sentries","floor":10,"turns":6},{"damage":0,"enemies":"Exordium Wildlife","floor":11,"turns":4},{"damage":2,"enemies":"Large Slime","floor":12,"turns":3},{"damage":0,"enemies":"Lots of Slimes","floor":13,"turns":3},{"damage":0,"enemies":"2 Fungi Beasts","floor":14,"turns":3},{"damage":12,"enemies":"Hexaghost","floor":16,"turns":8},{"damage":11,"enemies":"Spheric Guardian","floor":18,"turns":4},{"damage":0,"enemies":"2 Thieves","floor":21,"turns":2}],"seed_played":"5961798050215472176","potions_obtained":[{"floor":3,"key":"Swift Potion"},{"floor":7,"key":"Explosive Potion"},{"floor":10,"key":"PotionOfCapacity"},{"floor":13,"key":"Swift Potion"},{"floor":16,"key":"Strength Potion"}],"is_trial":false,"path_per_floor":["M","?","M","?","?","R","M","E","T","E","M","M","M","M","R","B",null,"M","?","$","M"],"character_chosen":"DEFECT","items_purchased":["Emotion Chip"],"campfire_rested":0,"item_purchase_floors":[20],"current_hp_per_floor":[64,69,69,46,46,46,46,37,37,30,30,28,28,28,28,16,61,50,29,29,29,29],"gold":13,"neow_bonus":"ONE_RANDOM_RARE_CARD","is_daily":false,"chose_seed":false,"campfire_upgraded":2,"win_rate":0.0,"timestamp":1614303881,"path_taken":["M","?","M","?","?","R","M","E","T","E","M","?","M","M","R","BOSS","M","?","$","M"],"items_purchased_type":["Relic"],"build_version":"2020-12-22","purchased_purges":0,"victory":false,"max_hp_per_floor":[71,76,76,76,76,76,76,76,76,76,76,76,76,76,76,76,76,76,76,76,76,76],"relic_stats":{"Sozu":0,"Emotion Chip":[0,0,0,0,0],"Happy Flower":[11],"counters":[12,47],"Necronomicon":[0],"Whetstone":["Strike_B","Strike_B"],"obtain_stats":[{"Sozu":17,"Emotion Chip":20,"Happy Flower":9,"Necronomicon":19,"Whetstone":8,"Cracked Core":0,"Mercury Hourglass":10},{"Sozu":10,"Emotion Chip":11,"Happy Flower":4,"Necronomicon":11,"Whetstone":4,"Cracked Core":0,"Mercury Hourglass":5},{"Sozu":41,"Emotion Chip":45,"Happy Flower":14,"Necronomicon":45,"Whetstone":14,"Cracked Core":0,"Mercury Hourglass":20}],"Mercury Hourglass":[109]},"card_choices":[{"not_picked":["Steam","Fusion"],"picked":"BootSequence","floor":1},{"not_picked":["Leap","Sweeping Beam"],"picked":"Chill","floor":3},{"not_picked":["Force Field","Steam"],"picked":"Static Discharge","floor":7},{"not_picked":["Leap","Coolheaded"],"picked":"Go for the Eyes","floor":8},{"not_picked":["Gash","Hologram"],"picked":"Streamline","floor":10},{"not_picked":["All For One","FTL"],"picked":"Capacitor","floor":11},{"not_picked":["Doom and Gloom","Coolheaded"],"picked":"Conserve Battery","floor":12},{"not_picked":["Conserve Battery","Leap"],"picked":"Barrage","floor":13},{"not_picked":["Steam","Streamline"],"picked":"Ball Lightning","floor":14},{"not_picked":["Multi-Cast","Thunder Strike"],"picked":"Echo Form","floor":16},{"not_picked":["Sweeping Beam","Ball Lightning","Go for the Eyes"],"picked":"SKIP","floor":18}],"player_experience":571982,"relics_obtained":[{"floor":8,"key":"Whetstone"},{"floor":9,"key":"Happy Flower"},{"floor":10,"key":"Mercury Hourglass"},{"floor":19,"key":"Necronomicon"}],"event_choices":[{"damage_healed":0,"gold_gain":0,"player_choice":"Donut","damage_taken":0,"max_hp_gain":5,"max_hp_loss":0,"event_name":"Big Fish","floor":2,"gold_loss":0},{"damage_healed":0,"gold_gain":0,"player_choice":"Entered Light","damage_taken":23,"max_hp_gain":0,"max_hp_loss":0,"event_name":"Shining Light","floor":4,"gold_loss":0,"cards_upgraded":["Zap","Rainbow"]},{"damage_healed":0,"gold_gain":0,"player_choice":"Ignored","damage_taken":0,"max_hp_gain":0,"max_hp_loss":0,"event_name":"Liars Game","floor":5,"gold_loss":0},{"damage_healed":0,"gold_gain":0,"player_choice":"Obtained Book","damage_taken":21,"max_hp_gain":0,"max_hp_loss":0,"event_name":"Cursed Tome","floor":19,"gold_loss":0}],"is_beta":false,"boss_relics":[{"not_picked":["Calling Bell","Inserter"],"picked":"Sozu"}],"items_purged_floors":[],"is_endless":false,"potions_floor_spawned":[3,7,10,13,14,16],"killed_by":"2 Thieves","ascension_level":20}}