{"host":"ur0n4z0x1lffzzdd","time":1614374056,"event":{"mods":["AchievementEnabler","BaseMod","Bestiary","Better Third Choice","BetterRewards","Colored Powertips","Downfall","Minty Spire (QoL Compilation)","StSLib","The Jungle","The Runesmith"],"gold_per_floor":[215,165,165,165,48,48,72,72,95,120,144,72,92,110,110,239,239,264,214,239,339,364,364,405,405,405,405,375,394,417,457,457,577,577,591,591,591],"floor_reached":36,"language":"ENG","playtime":5272,"items_purged":[],"score":444,"play_id":"d52a0986-2090-48f6-bf0b-190544f41cd3","local_time":"20210226151416","is_ascension_mode":false,"campfire_choices":[{"data":"Runesmith:Firestorm","floor":6.0,"key":"SMITH"},{"floor":8.0,"key":"RECALL"},{"floor":15.0,"key":"REST"},{"floor":23.0,"key":"REST"},{"floor":25.0,"key":"REST"},{"floor":32.0,"key":"REST"}],"circlet_count":0,"master_deck":["Runesmith:Strike_RS","Runesmith:Strike_RS","Runesmith:Strike_RS+1","Runesmith:Defend_RS","Runesmith:Defend_RS+1","Runesmith:Defend_RS","Runesmith:CraftFirestone","Runesmith:Fortify","Runesmith:OneForEveryone","Runesmith:Firestorm+1","Runesmith:UnstableHammer","Runesmith:HeatExchange","Runesmith:CraftProtectio","Runesmith:HeatedChisel","Runesmith:LithiumIon","Runesmith:DuctTape","Runesmith:BackupBattery","Runesmith:FissionHammer","Runesmith:CraftMagma","Runesmith:Grindstone","Runesmith:RuneHurl+1","Runesmith:CraftMagma","Runesmith:EnergizedChisel+1","Runesmith:HammerThrow+1","Runesmith:CreatorForm","Runesmith:HammerAndChisel+1"],"relics":["Runesmith:BrokenRuby","Golden Idol","Vajra","Empty Cage","Matryoshka","Happy Flower","theJungle:WildPear","InkBottle","SlaversCollar"],"acts_visited":["Exordium","Exordium","TheBeyond"],"potions_floor_usage":[],"damage_taken":[{"damage":0.0,"enemies":"2 Louse","floor":1.0,"turns":3.0},{"damage":2.0,"enemies":"Jaw Worm","floor":7.0,"turns":3.0},{"damage":0.0,"enemies":"Cultist","floor":10.0,"turns":2.0},{"damage":12.0,"enemies":"Blue Slaver","floor":11.0,"turns":2.0},{"damage":1.0,"enemies":"Gremlin Gang","floor":13.0,"turns":3.0},{"damage":6.0,"enemies":"Large Slime","floor":14.0,"turns":5.0},{"damage":0.0,"enemies":"Slime Boss","floor":16.0,"turns":5.0},{"damage":6.0,"enemies":"Shell Parasite","floor":18.0,"turns":4.0},{"damage":12.0,"enemies":"theJungle:GiantWrat","floor":20.0,"turns":5.0},{"damage":28.0,"enemies":"theJungle:2_Flameangoes","floor":22.0,"turns":6.0},{"damage":33.0,"enemies":"theJungle:MamaSnecko","floor":24.0,"turns":8.0},{"damage":26.0,"enemies":"theJungle:JungleHuntersEncounter","floor":29.0,"turns":6.0},{"damage":0.0,"enemies":"theJungle:Snecko_Cultist_And_Trap","floor":30.0,"turns":5.0},{"damage":12.0,"enemies":"theJungle:Cassacara","floor":31.0,"turns":5.0},{"damage":5.0,"enemies":"theJungle:FunGuy","floor":33.0,"turns":13.0},{"damage":10,"enemies":"Orb Walker","floor":35,"turns":3}],"seed_played":"5494100764457133672","potions_obtained":[{"floor":7.0,"key":"Strength Potion"},{"floor":11.0,"key":"Energy Potion"},{"floor":13.0,"key":"SpeedPotion"},{"floor":20.0,"key":"Guardian:BlockOnCardUsePotion"},{"floor":24.0,"key":"SneckoOil"},{"floor":28.0,"key":"EntropicBrew"},{"floor":28.0,"key":"SteroidPotion"},{"floor":29.0,"key":"Explosive Potion"},{"floor":33.0,"key":"Swift Potion"}],"is_trial":false,"path_per_floor":["M","?","?","?","$","R","M","R","T","M","M","$","M","M","R","B",null,"M","$","M","?","M","R","E","R","T","?","?","M","M","E","R","B",null,"M","$"],"character_chosen":"RUNESMITH_CLASS","items_purchased":["Runesmith:Firestorm","Runesmith:UnstableHammer","Runesmith:LithiumIon","Runesmith:Grindstone"],"campfire_rested":4,"item_purchase_floors":[5,5,12,19],"current_hp_per_floor":[70,70,56,56,56,56,54,54,54,54,42,42,41,35,56,56,70,64,64,52,52,24,45,12,33,33,43,43,17,17,5,29,24,80,70,70,70],"gold":591,"neow_bonus":"HUNDRED_GOLD","is_daily":false,"chose_seed":false,"campfire_upgraded":1,"win_rate":0.0,"timestamp":1614374056,"path_taken":["M","?","?","?","$","R","M","R","T","M","?","$","?","M","R","BOSS","M","$","M","?","?","R","E","R","T","?","?","M","M","E","R","BOSS","M","$"],"items_purchased_type":["Card","Card","Card","Card"],"build_version":"2020-12-22","purchased_purges":0,"victory":false,"max_hp_per_floor":[70,70,70,70,70,70,70,70,70,70,70,70,70,70,70,70,70,70,70,70,70,70,70,70,70,70,80,80,80,80,80,80,80,80,80,80,80],"card_choices":[{"not_picked":["Runesmith:Repurpose","Runesmith:Firewall"],"picked":"Runesmith:OneForEveryone","floor":1.0},{"not_picked":["Runesmith:UnstableHammer","Runesmith:MakeshiftArmor"],"picked":"Runesmith:HeatExchange","floor":7.0},{"not_picked":["Runesmith:ShiftingStrike","Runesmith:CraftMagma"],"picked":"Runesmith:CraftProtectio","floor":10.0},{"not_picked":["Runesmith:CraftIncendium","Runesmith:CraftVitae"],"picked":"Runesmith:HeatedChisel","floor":11.0},{"not_picked":["Runesmith:CraftReservo","Runesmith:Repurpose"],"picked":"Runesmith:DuctTape","floor":13.0},{"not_picked":["Runesmith:Electrocute","Runesmith:CraftReservo"],"picked":"Runesmith:BackupBattery","floor":14.0},{"not_picked":["Runesmith:CraftIndustria","Runesmith:DuctTape"],"picked":"Runesmith:FissionHammer","floor":16.0},{"not_picked":["Runesmith:Augment","Runesmith:CraftProtectio"],"picked":"Runesmith:CraftMagma","floor":18.0},{"not_picked":["Runesmith:EnergizedChisel","Runesmith:Retool"],"picked":"Runesmith:RuneHurl+1","floor":20.0},{"not_picked":["Runesmith:Discharge","Runesmith:Prism+1"],"picked":"Runesmith:CraftMagma","floor":22.0},{"not_picked":["Runesmith:CraftMedicinae","Runesmith:CraftMagma"],"picked":"Runesmith:EnergizedChisel+1","floor":24.0},{"not_picked":["Runesmith:Prism","Runesmith:HeatedChisel+1"],"picked":"Runesmith:HammerThrow+1","floor":29.0},{"not_picked":["Runesmith:MakeshiftArmor","Runesmith:HeatedChisel","Runesmith:Reinforce"],"picked":"SKIP","floor":30.0},{"not_picked":["Runesmith:UnstableHammer","Runesmith:StaticCage+1","Runesmith:ShiftingStrike"],"picked":"SKIP","floor":31.0},{"not_picked":["Runesmith:LastStand","Runesmith:LightningRod"],"picked":"Runesmith:CreatorForm","floor":33.0},{"not_picked":["Runesmith:HeatExchange","Runesmith:Electrocute"],"picked":"Runesmith:HammerAndChisel+1","floor":35}],"player_experience":383291,"relics_obtained":[{"floor":9.0,"key":"Vajra"},{"floor":24.0,"key":"Matryoshka"},{"floor":26.0,"key":"Happy Flower"},{"floor":31.0,"key":"InkBottle"}],"event_choices":[{"cards_removed":["Runesmith:Defend_RS"],"damage_healed":0.0,"max_hp_gain":0.0,"max_hp_loss":0.0,"gold_gain":0.0,"event_name":"The Cleric","player_choice":"Card Removal","floor":2.0,"gold_loss":50.0,"damage_taken":0.0},{"damage_healed":70.0,"max_hp_gain":0.0,"max_hp_loss":70.0,"gold_gain":0.0,"event_name":"betterThird:BetterShining","player_choice":"Upgrade","floor":3.0,"gold_loss":0.0,"damage_taken":14.0,"cards_upgraded":["Runesmith:Defend_RS","Runesmith:Strike_RS"]},{"damage_healed":0.0,"max_hp_gain":0.0,"max_hp_loss":0.0,"gold_gain":0.0,"event_name":"Golden Idol","player_choice":"Take Wound","floor":4.0,"gold_loss":0.0,"damage_taken":0.0,"relics_obtained":["Golden Idol"],"cards_obtained":["Injury"]},{"damage_healed":0.0,"max_hp_gain":0.0,"max_hp_loss":0.0,"gold_gain":100.0,"event_name":"Golden Shrine","player_choice":"Pray","floor":21.0,"gold_loss":0.0,"damage_taken":0.0},{"damage_healed":0.0,"max_hp_gain":0.0,"max_hp_loss":0.0,"gold_gain":0.0,"event_name":"The Woman in Blue","player_choice":"Bought 2 Potions","floor":28.0,"gold_loss":0.0,"damage_taken":0.0}],"is_beta":false,"boss_relics":[{"not_picked":["Philosopher\u0027s Stone","Astrolabe"],"picked":"Empty Cage"},{"not_picked":["Runesmith:UraniumAnvil","Runesmith:PocketReactor"],"picked":"SlaversCollar"}],"items_purged_floors":[],"is_endless":false,"potions_floor_spawned":[7,11,13,20,24,29,33],"ascension_level":0}}