{"host":"we8ay8el3o9pwc2d","time":1614311090,"event":{"mods":["Act Like it!","Aspiration","BaseMod","BetterRewards","Colored Map","Conspire","Downfall","Elementarium","GungeonMod","Minty Spire (QoL Compilation)","Reliquary","Robot Space Explorer","Ruina","Spire Arcade","StSLib","The Marked","Waifu the Spire"],"gold_per_floor":[99,110,130,230,243,81,81,81,115,15,26,26,476,241,259,259,259,259],"floor_reached":16,"language":"ENG","playtime":1108,"items_purged":["downfall:Icky"],"score":125,"play_id":"788c0ff5-05f9-4d3a-8443-15dde6037cdb","local_time":"20210225204450","is_ascension_mode":false,"campfire_choices":[{"data":"conspire:Banana","floor":1,"key":"SMITH"},{"floor":10,"key":"RECALL"},{"floor":12,"key":"REST"}],"circlet_count":0,"master_deck":["bronze:Strike","bronze:Strike","bronze:Strike","bronze:Strike","bronze:Defend","bronze:Defend","bronze:Defend","bronze:Defend","bronze:Replicate","bronze:Goto","conspire:Banana+1","bronze:Flail","bronze:Repulsor","bronze:OilSpill","bronze:Return","bronze:ShipIt","bronze:BugBarrage","downfall:Icky","downfall:Icky","bronze:BronzeArmor","bronze:Branch"],"relics":["bronze:BronzeCore","aspiration:Nostalgia","DemoMod:Dog","downfall:BrokenWingStatue","DemoMod:Relodestone","downfall:HeartBlessingGreen","Tiny Chest"],"acts_visited":["Exordium"],"potions_floor_usage":[6,9,14],"damage_taken":[{"damage":0,"enemies":"Small Slimes","floor":2,"turns":3},{"damage":5,"enemies":"2 Louse","floor":3,"turns":2},{"damage":0,"enemies":"Cultist","floor":5,"turns":3},{"damage":1,"enemies":"downfall:FleeingMerchant","floor":6,"turns":4},{"damage":32,"enemies":"3 Sentries","floor":9,"turns":4},{"damage":10,"enemies":"downfall:LooterAlt","floor":11,"turns":3},{"damage":0,"enemies":"downfall:FleeingMerchant","floor":14,"turns":4},{"damage":11,"enemies":"Large Slime","floor":15,"turns":3},{"damage":62,"enemies":"WA_ARCHETYPE_RETAIN","floor":16,"turns":9}],"seed_played":"1527537439052866826","potions_obtained":[{"floor":2,"key":"BlessingOfTheForge"},{"floor":3,"key":"BlessingOfTheForge"},{"floor":11,"key":"AttackPotion"}],"is_trial":false,"path_per_floor":["R","M","M","?","M","$","T","?","E","R","M","R","?","$","M","B"],"character_chosen":"THE_AUTOMATON","items_purchased":["aspiration:Nostalgia","Tiny Chest"],"campfire_rested":1,"item_purchase_floors":[6,14],"current_hp_per_floor":[70,72,69,69,71,72,72,72,42,42,34,58,58,60,51,0,0,0],"gold":259,"neow_bonus":"RANDOM_COLORLESS","is_daily":false,"chose_seed":false,"campfire_upgraded":1,"win_rate":0.0,"timestamp":1614311090,"path_taken":["R","M","M","?","M","$","T","?","E","R","M","R","?","$","M","BOSS"],"items_purchased_type":["Relic","Relic"],"build_version":"2020-12-22","purchased_purges":1,"victory":false,"max_hp_per_floor":[70,72,74,74,76,78,78,78,80,80,82,82,82,84,86,88,88,88],"card_choices":[{"not_picked":["Good Instincts","Blind"],"picked":"conspire:Banana","floor":0},{"not_picked":["bronze:Overheat","bronze:Shield"],"picked":"bronze:Flail","floor":2},{"not_picked":["bronze:DarkDash","bronze:Turbo"],"picked":"bronze:Repulsor","floor":3},{"not_picked":["bronze:Deprecate","bronze:GetLatest"],"picked":"bronze:OilSpill","floor":5},{"not_picked":["bronze:DelayedSlice","bronze:BitShift"],"picked":"bronze:Return","floor":6},{"not_picked":["bronze:FineTuning","bronze:Constructor"],"picked":"bronze:ShipIt","floor":9},{"not_picked":["bronze:Branch","bronze:DelayedGuard"],"picked":"bronze:BugBarrage","floor":11},{"not_picked":["bronze:Return","bronze:Repulsor"],"picked":"bronze:BronzeArmor","floor":14},{"not_picked":["bronze:DelayedSlice","bronze:Refactor"],"picked":"bronze:Branch","floor":15}],"player_experience":2181241,"relics_obtained":[{"floor":9,"key":"DemoMod:Relodestone"}],"event_choices":[],"is_beta":false,"boss_relics":[],"items_purged_floors":[14],"is_endless":false,"potions_floor_spawned":[2,3,11],"killed_by":"WA_ARCHETYPE_RETAIN","ascension_level":0}}