{"host":"40e4adzyl212zebh","time":1614380914,"event":{"mods":["Act Like it!","BaseMod","Colored Map","Colored Powertips","DeckTracker","Gensokyo","Minty Spire (QoL Compilation)","Quick Restart","Random Character Button","Relic Stats","StSLib"],"gold_per_floor":[119,119,132,147,5,39,39,39,65,65,395,395,422,422,422,518,518,536,536,536,536,536,536,565,582,608,608,338,354,354,63,63,63,63],"floor_reached":33,"language":"JPN","playtime":1643,"items_purged":["Writhe"],"score":277,"play_id":"12beacc6-4567-4c46-bbf3-b270b3abdd15","local_time":"20210227080834","is_ascension_mode":false,"campfire_choices":[{"data":"Demon Form","floor":8,"key":"SMITH"},{"data":"Flame Barrier","floor":12,"key":"SMITH"},{"data":"Sword Boomerang","floor":15,"key":"SMITH"},{"data":"Gensokyo:MissMary","floor":23,"key":"SMITH"},{"data":"Heavy Blade","floor":27,"key":"SMITH"},{"floor":30,"key":"RECALL"},{"data":"Bloodletting","floor":32,"key":"SMITH"}],"circlet_count":0,"master_deck":["Strike_R","Strike_R","Strike_R","Strike_R","Defend_R","Defend_R","Defend_R","Defend_R","Bash","Demon Form+1","Sword Boomerang+1","Heavy Blade+1","Cleave","Twin Strike+1","Gensokyo:CrescentMoonSlash","Flame Barrier+1","Havoc","Reaper","Gensokyo:MissMary+1","Evolve","Limit Break","Armaments","Gensokyo:TarnishedGold","Gensokyo:LockedMedkit","Gensokyo:Shovel","Gensokyo:BlemishedSteel","Warcry+1","Bloodletting+1"],"relics":["Burning Blood","Dream Catcher","Juzu Bracelet","Magic Flower","White Beast Statue","Gensokyo:LunaticRedEyes","Runic Dome","Ice Cream","Gensokyo:RedStar","Dead Branch","Blood Vial","Toy Ornithopter"],"acts_visited":["Exordium","Gensokyo:Gensokyo"],"potions_floor_usage":[29],"damage_taken":[{"damage":8,"enemies":"Gensokyo:2_Kodama","floor":1,"turns":5},{"damage":6,"enemies":"Gensokyo:Python","floor":3,"turns":3},{"damage":5,"enemies":"Gensokyo:3_Fairies","floor":4,"turns":5},{"damage":9,"enemies":"Gensokyo:Mamizou","floor":6,"turns":8},{"damage":31,"enemies":"Gensokyo:Aya","floor":11,"turns":5},{"damage":8,"enemies":"Gensokyo:Mamizou","floor":13,"turns":7},{"damage":19,"enemies":"Gensokyo:Kokoro","floor":16,"turns":6},{"damage":1,"enemies":"Gensokyo:2_Gloops","floor":18,"turns":4},{"damage":45,"enemies":"Gensokyo:Koishi","floor":24,"turns":7},{"damage":12,"enemies":"Gensokyo:Chomper","floor":25,"turns":5},{"damage":31,"enemies":"Gensokyo:Slime_Group","floor":29,"turns":6},{"damage":57,"enemies":"Gensokyo:Eternal_Rivals","floor":33,"turns":6}],"seed_played":"6286755255067307579","potions_obtained":[{"floor":6,"key":"AttackPotion"},{"floor":11,"key":"CultistPotion"},{"floor":13,"key":"Energy Potion"},{"floor":16,"key":"DuplicationPotion"},{"floor":18,"key":"LiquidBronze"},{"floor":25,"key":"EntropicBrew"},{"floor":29,"key":"Fire Potion"}],"is_trial":false,"path_per_floor":["M","?","M","M","COS","E","?","R","T","?","E","R","E","?","R","B",null,"M","?","?","?","?","R","E","M","T","R","COS","M","R","$","R","B"],"character_chosen":"IRONCLAD","items_purchased":["Toy Ornithopter","Bloodletting"],"campfire_rested":0,"item_purchase_floors":[31,31],"current_hp_per_floor":[70,56,56,57,57,54,44,44,44,44,19,19,20,20,20,10,72,72,72,65,65,65,65,43,46,46,46,46,39,39,39,39,0,0],"gold":63,"neow_bonus":"THREE_RARE_CARDS","is_daily":false,"chose_seed":false,"campfire_upgraded":6,"win_rate":0.0,"timestamp":1614380914,"path_taken":["M","?","M","M","COS","E","?","R","T","?","E","R","E","?","R","BOSS","M","?","?","?","?","R","E","M","T","R","COS","M","R","?","R","BOSS"],"items_purchased_type":["Relic","Card"],"build_version":"2020-12-22","purchased_purges":1,"victory":false,"max_hp_per_floor":[72,72,72,72,72,72,72,72,72,72,72,72,72,72,72,72,72,72,72,65,65,65,65,65,65,65,65,65,65,65,65,65,33,33],"relic_stats":{"Blood Vial":3,"Dream Catcher":0,"counters":[12,67],"Dead Branch":[11],"Magic Flower":[27],"Juzu Bracelet":2,"obtain_stats":[{"Ice Cream":18,"Dead Branch":24,"Magic Flower":11,"Juzu Bracelet":6,"Gensokyo:RedStar":21,"Burning Blood":0,"White Beast Statue":13,"Gensokyo:LunaticRedEyes":14,"Blood Vial":26,"Runic Dome":17,"Frozen Eye":24,"Dream Catcher":2,"Toy Ornithopter":31},{"Ice Cream":8,"Dead Branch":9,"Magic Flower":5,"Juzu Bracelet":4,"Gensokyo:RedStar":8,"Burning Blood":0,"White Beast Statue":6,"Gensokyo:LunaticRedEyes":6,"Blood Vial":10,"Runic Dome":7,"Frozen Eye":8,"Dream Catcher":1,"Toy Ornithopter":11},{"Ice Cream":42,"Dead Branch":50,"Magic Flower":26,"Juzu Bracelet":21,"Gensokyo:RedStar":43,"Burning Blood":0,"White Beast Statue":33,"Gensokyo:LunaticRedEyes":33,"Blood Vial":55,"Runic Dome":39,"Frozen Eye":43,"Dream Catcher":5,"Toy Ornithopter":61}],"Burning Blood":76,"Toy Ornithopter":0},"card_choices":[{"not_picked":["Barricade","Bludgeon"],"picked":"Demon Form","floor":0},{"not_picked":["Warcry","Second Wind"],"picked":"Sword Boomerang","floor":1},{"not_picked":["Clash","Seeing Red"],"picked":"Heavy Blade","floor":3},{"not_picked":["Havoc","Heavy Blade"],"picked":"Cleave","floor":4},{"not_picked":["Rupture+1","Wild Strike+1"],"picked":"Twin Strike+1","floor":6},{"not_picked":["Wild Strike","Blood for Blood","Juggernaut"],"picked":"SKIP","floor":6},{"not_picked":["Burning Pact","Thunderclap"],"picked":"Flame Barrier","floor":11},{"not_picked":["Perfected Strike","Wild Strike"],"picked":"Havoc","floor":13},{"not_picked":["Offering","Double Tap"],"picked":"Reaper","floor":16},{"not_picked":["Iron Wave","Rampage","Perfected Strike"],"picked":"SKIP","floor":18},{"not_picked":["Gensokyo:Doppelganger","Gensokyo:MenInBlack"],"picked":"Gensokyo:MissMary","floor":20},{"not_picked":["Metallicize","Body Slam"],"picked":"Limit Break","floor":24},{"not_picked":["Perfected Strike+1","Sentinel"],"picked":"Armaments","floor":25},{"not_picked":["Heavy Blade","Seeing Red"],"picked":"Warcry+1","floor":29}],"player_experience":620711,"relics_obtained":[{"floor":6,"key":"Juzu Bracelet"},{"floor":11,"key":"Magic Flower"},{"floor":13,"key":"White Beast Statue"},{"floor":24,"key":"Dead Branch"},{"floor":26,"key":"Blood Vial"}],"event_choices":[],"is_beta":false,"boss_relics":[{"not_picked":["Black Blood","Runic Pyramid"],"picked":"Runic Dome"}],"items_purged_floors":[31],"is_endless":false,"potions_floor_spawned":[6,11,13,16,18,24,25,29],"killed_by":"Gensokyo:Eternal_Rivals","ascension_level":0}}