{"host":"jx3f6ezc0g3s9edc","time":1614305764,"event":{"mods":["AchievementEnabler","BaseMod","Bestiary","Colored Map","Highlight Path","Minty Spire (QoL Compilation)","StSLib"],"gold_per_floor":[119,34,52,66,66,66,76,76,76,76,76,109,109,126,126,227,227,241,241,101,101,116,116,41,41,41,61,86,33,33,50,50,150,150,168,180,1179,1194,1208,1208,1208,1208],"floor_reached":41,"language":"ENG","playtime":2628,"items_purged":["Strike_B+1"],"score":486,"play_id":"e4751dbc-e77f-4463-a9b1-811d5806fc50","local_time":"20210225211604","is_ascension_mode":false,"campfire_choices":[{"data":"Dualcast","floor":6.0,"key":"SMITH"},{"data":"Sweeping Beam","floor":8.0,"key":"SMITH"},{"data":"Zap","floor":11.0,"key":"SMITH"},{"data":"Ball Lightning","floor":13.0,"key":"SMITH"},{"data":"Defragment","floor":15.0,"key":"SMITH"},{"data":"Barrage","floor":23.0,"key":"SMITH"},{"data":"Redo","floor":25.0,"key":"SMITH"},{"data":"Capacitor","floor":32.0,"key":"SMITH"},{"floor":40.0,"key":"REST"}],"circlet_count":0,"master_deck":["Strike_B+1","Strike_B+1","Strike_B+1","Defend_B+1","Defend_B+1","Defend_B+1","Defend_B+1","Zap+1","Dualcast+1","Sweeping Beam+1","Gash","Capacitor+1","Conserve Battery","Glacier","FTL","Ball Lightning+1","Defragment+1","Core Surge","Self Repair","Redo+1","Beam Cell","Barrage+1","Glacier","Consume+1","Streamline","Gash","Machine Learning","Melter+1","Scrape","Normality","Normality"],"relics":["FrozenCore"],"acts_visited":["Exordium","TheCity","TheBeyond"],"potions_floor_usage":[],"damage_taken":[{"damage":1.0,"enemies":"Cultist","floor":1.0,"turns":3.0},{"damage":1.0,"enemies":"2 Louse","floor":3.0,"turns":2.0},{"damage":1.0,"enemies":"Jaw Worm","floor":4.0,"turns":3.0},{"damage":0.0,"enemies":"2 Fungi Beasts","floor":7.0,"turns":3.0},{"damage":16.0,"enemies":"Lagavulin","floor":12.0,"turns":7.0},{"damage":0.0,"enemies":"3 Louse","floor":14.0,"turns":2.0},{"damage":0.0,"enemies":"Slime Boss","floor":16.0,"turns":6.0},{"damage":0.0,"enemies":"Shell Parasite","floor":18.0,"turns":7.0},{"damage":0.0,"enemies":"Chosen","floor":22.0,"turns":6.0},{"damage":3.0,"enemies":"Snecko","floor":27.0,"turns":5.0},{"damage":21.0,"enemies":"Book of Stabbing","floor":28.0,"turns":9.0},{"damage":0.0,"enemies":"Centurion and Healer","floor":31.0,"turns":8.0},{"damage":3.0,"enemies":"Champ","floor":33.0,"turns":13.0},{"damage":18.0,"enemies":"3 Darklings","floor":35.0,"turns":7.0},{"damage":16.0,"enemies":"Orb Walker","floor":36.0,"turns":7.0},{"damage":34.0,"enemies":"Maw","floor":38.0,"turns":11.0},{"damage":50.0,"enemies":"Jaw Worm Horde","floor":39.0,"turns":7.0},{"damage":43,"enemies":"Nemesis","floor":41,"turns":3}],"seed_played":"-1037092734952655567","potions_obtained":[{"floor":4.0,"key":"FocusPotion"},{"floor":7.0,"key":"SteroidPotion"},{"floor":18.0,"key":"BlessingOfTheForge"},{"floor":22.0,"key":"GamblersBrew"},{"floor":28.0,"key":"AttackPotion"},{"floor":33.0,"key":"ColorlessPotion"},{"floor":35.0,"key":"FairyPotion"},{"floor":39.0,"key":"SneckoOil"}],"is_trial":false,"path_per_floor":["M","$","M","M","?","R","M","R","T","?","R","E","R","M","R","B",null,"M","?","$","?","M","R","$","R","T","M","E","$","?","M","R","B",null,"M","M","?","M","M","R","E"],"character_chosen":"DEFECT","items_purchased":["Gash","Capacitor","Self Repair","Redo","Beam Cell","Streamline"],"campfire_rested":1,"item_purchase_floors":[2,2,20,20,20,29],"current_hp_per_floor":[81,81,80,79,63,63,63,63,63,63,63,47,47,47,47,47,82,82,82,82,82,82,82,82,82,82,82,68,68,68,75,75,79,82,71,62,62,35,17,41,0,0],"gold":1208,"neow_bonus":"TEN_PERCENT_HP_BONUS","is_daily":false,"chose_seed":false,"campfire_upgraded":8,"win_rate":0.0,"timestamp":1614305764,"path_taken":["M","$","M","M","?","R","M","R","T","?","R","E","R","M","R","BOSS","M","?","$","?","M","R","$","R","T","M","E","$","?","M","R","BOSS","M","M","?","M","M","R","E"],"items_purchased_type":["Card","Card","Card","Card","Card","Card"],"build_version":"2020-12-22","purchased_purges":1,"victory":false,"max_hp_per_floor":[82,82,82,82,82,82,82,82,82,82,82,82,82,82,82,82,82,82,82,82,82,82,82,82,82,82,82,82,82,82,82,82,82,82,82,82,82,82,82,82,82,82],"card_choices":[{"not_picked":["Go for the Eyes","Chill"],"picked":"Sweeping Beam","floor":1.0},{"not_picked":["Reprogram","Steam"],"picked":"Conserve Battery","floor":3.0},{"not_picked":["Steam","Darkness"],"picked":"Glacier","floor":4.0},{"not_picked":["Rebound","Chaos"],"picked":"FTL","floor":7.0},{"not_picked":["Turbo","Tempest"],"picked":"Ball Lightning","floor":12.0},{"not_picked":["Sweeping Beam","Turbo"],"picked":"Defragment","floor":14.0},{"not_picked":["Meteor Strike","Hyperbeam"],"picked":"Core Surge","floor":16.0},{"not_picked":["Force Field","Rebound","Stack+1"],"picked":"SKIP","floor":18.0},{"not_picked":["Chaos","Cold Snap+1"],"picked":"Barrage","floor":22.0},{"not_picked":["Genetic Algorithm","Fission"],"picked":"Glacier","floor":27.0},{"not_picked":["Conserve Battery+1","Turbo+1"],"picked":"Consume+1","floor":28.0},{"not_picked":["Sweeping Beam","Compile Driver"],"picked":"Gash","floor":31.0},{"not_picked":["Hyperbeam","Buffer"],"picked":"Machine Learning","floor":33.0},{"not_picked":["Steam","Static Discharge+1"],"picked":"Melter+1","floor":35.0},{"not_picked":["Doom and Gloom","Melter"],"picked":"Scrape","floor":36.0},{"not_picked":["Scrape","Rebound","Steam"],"picked":"SKIP","floor":38.0},{"not_picked":["Barrage+1","Skim","Fusion+1"],"picked":"SKIP","floor":39.0}],"player_experience":903807,"relics_obtained":[],"event_choices":[{"damage_healed":0.0,"max_hp_gain":0.0,"max_hp_loss":0.0,"gold_gain":0.0,"event_name":"Shining Light","player_choice":"Entered Light","floor":5.0,"gold_loss":0.0,"damage_taken":16.0,"cards_upgraded":["Strike_B","Strike_B"]},{"damage_healed":0.0,"max_hp_gain":0.0,"max_hp_loss":0.0,"gold_gain":0.0,"event_name":"Liars Game","player_choice":"Ignored","floor":10.0,"gold_loss":0.0,"damage_taken":0.0},{"damage_healed":0.0,"max_hp_gain":0.0,"max_hp_loss":0.0,"gold_gain":0.0,"event_name":"Back to Basics","player_choice":"Simplicity","floor":19.0,"gold_loss":0.0,"damage_taken":0.0,"cards_upgraded":["Strike_B","Strike_B","Defend_B","Defend_B","Defend_B","Defend_B"]},{"damage_healed":0.0,"max_hp_gain":0.0,"max_hp_loss":0.0,"gold_gain":0.0,"event_name":"The Mausoleum","player_choice":"Ignored","floor":30.0,"gold_loss":0.0,"damage_taken":0.0},{"damage_healed":0.0,"max_hp_gain":0.0,"max_hp_loss":0.0,"gold_gain":999.0,"event_name":"MindBloom","player_choice":"Gold","floor":37.0,"gold_loss":0.0,"damage_taken":0.0,"cards_obtained":["Normality","Normality"]}],"is_beta":false,"boss_relics":[{"not_picked":["Cursed Key","Velvet Choker"],"picked":"FrozenCore"},{"not_picked":["Runic Pyramid","Sozu","Snecko Eye"]}],"items_purged_floors":[24],"is_endless":false,"potions_floor_spawned":[4,7,18,22,28,33,35,39],"killed_by":"Nemesis","ascension_level":0}}