{"host":"yv9bat22duk2ekoy","time":1614376246,"event":{"mods":["BaseMod","Card Forge","Downfall","Minty Spire (QoL Compilation)","StSLib","Uncapped"],"gold_per_floor":[115,115,115,126,126,139,139,139,221,221,231,242,259,294,294,398,398,415,425,425,525,542,568,568,588,613,625,736,761,773,803,815,931,993,1023,1035,1047,1074,1102,1114,393,403,403,5,5,5,5],"floor_reached":46,"language":"ENG","playtime":2602,"items_purged":[],"score":517,"play_id":"b72378e4-3758-4038-aa75-0b9a4e5db995","local_time":"20210226225046","is_ascension_mode":false,"campfire_choices":[{"data":"Static Discharge","floor":7,"key":"SMITH"},{"floor":15,"key":"REST"},{"floor":30,"key":"REST"},{"floor":32,"key":"REST"},{"floor":40,"key":"REST"}],"circlet_count":0,"master_deck":["Strike_B+1","Strike_B+1","Strike_B+1","Strike_B+1","Defend_B+1","Defend_B+1","Defend_B+1","Defend_B+1","Zap+1","Dualcast+1","Chaos+1","Cold Snap+1","Static Discharge+1","Doom and Gloom+1","Redo+1","Capacitor+1","Reinforced Body+1","Seek+1","Barrage+1","Defragment+1","Buffer+1","White Noise+1","Fusion+1","Machine Learning+1","Self Repair+1","Conserve Battery+1","Creative AI+1","Capacitor+1","Capacitor+1","Electrodynamics+1","Electrodynamics+1","Finesse"],"relics":["Cracked Core","Hammer of Thor","Seething Fire","Anvil of the Gods","Letter Opener","Frozen Egg 2","Nuclear Battery","Shuriken","MawBank","sneckomod:BabySnecko","Tiny House","Eternal Feather","Question Card","PrismaticShard","InkBottle","Pantograph","DollysMirror"],"acts_visited":["Exordium","TheCity","TheBeyond"],"potions_floor_usage":[],"damage_taken":[{"damage":0,"enemies":"2 Louse","floor":1,"turns":2},{"damage":0,"enemies":"Jaw Worm","floor":4,"turns":3},{"damage":0,"enemies":"Small Slimes","floor":6,"turns":2},{"damage":5,"enemies":"Red Slaver","floor":11,"turns":3},{"damage":0,"enemies":"3 Louse","floor":12,"turns":2},{"damage":0,"enemies":"2 Fungi Beasts","floor":13,"turns":3},{"damage":20,"enemies":"Lagavulin","floor":14,"turns":3},{"damage":32,"enemies":"Hexaghost","floor":16,"turns":6},{"damage":19,"enemies":"Chosen","floor":18,"turns":7},{"damage":8,"enemies":"Shell Parasite","floor":19,"turns":6},{"damage":5,"enemies":"Snake Plant","floor":22,"turns":5},{"damage":21,"enemies":"Book of Stabbing","floor":23,"turns":5},{"damage":14,"enemies":"Centurion and Healer","floor":25,"turns":5},{"damage":0,"enemies":"Snecko","floor":29,"turns":5},{"damage":11,"enemies":"3 Cultists","floor":31,"turns":5},{"damage":32,"enemies":"Automaton","floor":33,"turns":8},{"damage":8,"enemies":"3 Shapes","floor":35,"turns":5},{"damage":0,"enemies":"Orb Walker","floor":38,"turns":5},{"damage":63,"enemies":"Transient","floor":39,"turns":5},{"damage":48,"enemies":"3 Darklings","floor":42,"turns":5},{"damage":42,"enemies":"Reptomancer","floor":46,"turns":3}],"seed_played":"7109067581905790108","potions_obtained":[{"floor":1,"key":"Ancient Potion"},{"floor":6,"key":"FocusPotion"},{"floor":11,"key":"Ancient Potion"},{"floor":18,"key":"FocusPotion"},{"floor":39,"key":"PotionOfCapacity"}],"is_trial":false,"path_per_floor":["M","?","?","M","?","M","R","?","T","?","M","M","M","E","R","B",null,"M","M","?","?","M","E","?","M","T","?","?","M","R","M","R","B",null,"M","?","?","M","M","R","$","M","T","$","?","E"],"character_chosen":"DEFECT","items_purchased":["Eternal Feather","Question Card","PrismaticShard","Capacitor+1","Pantograph","DollysMirror"],"campfire_rested":4,"item_purchase_floors":[41,41,41,41,44,44],"current_hp_per_floor":[82,82,87,87,87,87,87,87,87,87,82,82,82,62,87,55,87,68,60,43,43,38,17,17,3,3,3,3,3,30,19,46,14,97,89,89,89,97,44,73,73,35,35,35,35,0,0],"gold":5,"neow_bonus":"TEN_PERCENT_HP_BONUS","is_daily":false,"chose_seed":false,"campfire_upgraded":1,"win_rate":0.0,"timestamp":1614376246,"path_taken":["M","?","?","M","?","?","R","?","T","?","?","M","M","E","R","BOSS","M","M","?","?","?","E","?","M","T","?","?","M","R","M","R","BOSS","M","?","?","?","M","R","$","M","T","?","?","E"],"items_purchased_type":["Relic","Relic","Relic","Card","Relic","Relic"],"build_version":"2020-12-22","purchased_purges":0,"victory":false,"max_hp_per_floor":[82,82,87,87,87,87,87,87,87,87,87,87,87,87,87,87,87,87,87,92,92,92,92,92,92,92,92,92,92,92,92,92,92,97,97,97,97,97,97,97,97,97,97,97,97,97,97],"card_choices":[{"not_picked":["Consume","Conserve Battery"],"picked":"Chaos","floor":1},{"not_picked":["Ball Lightning","White Noise"],"picked":"Cold Snap","floor":4},{"not_picked":["Reprogram","Cold Snap"],"picked":"Static Discharge","floor":6},{"not_picked":["Go for the Eyes","Hello World"],"picked":"Doom and Gloom","floor":11},{"not_picked":["Barrage","Hologram"],"picked":"Redo","floor":12},{"not_picked":["Consume","Barrage"],"picked":"Capacitor","floor":13},{"not_picked":["Auto Shields","Coolheaded"],"picked":"Reinforced Body","floor":14},{"not_picked":["Fission","Reboot"],"picked":"Seek","floor":16},{"not_picked":["Ball Lightning+1","Glacier"],"picked":"Barrage+1","floor":18},{"not_picked":["Blizzard+1","Capacitor+1"],"picked":"Defragment+1","floor":19},{"not_picked":["Gash","Scrape","Loop+1"],"picked":"SKIP","floor":22},{"not_picked":["Heatsinks+1","Steam Power"],"picked":"Buffer+1","floor":23},{"not_picked":["Leap","Steam","Cold Snap"],"picked":"SKIP","floor":25},{"not_picked":["Stack","Gash"],"picked":"White Noise","floor":29},{"not_picked":["Glacier+1","Steam"],"picked":"Fusion","floor":31},{"not_picked":["Biased Cognition+1","Seek"],"picked":"Machine Learning+1","floor":33},{"not_picked":["Sweeping Beam","Hologram+1"],"picked":"Conserve Battery+1","floor":34},{"not_picked":["Streamline","Stack"],"picked":"Self Repair+1","floor":35},{"not_picked":["Scrape+1","Leap"],"picked":"Creative AI+1","floor":38},{"not_picked":["Steam+1","Ball Lightning+1","Coolheaded"],"picked":"SKIP","floor":39},{"not_picked":["bronze:Shield+1","Slimebound:LeechEnergy+1","Swivel","bronze:Overheat"],"picked":"SKIP","floor":42},{"not_picked":["Sadistic Nature+1","PanicButton","Panacea"],"picked":"Finesse","floor":45}],"player_experience":65984,"relics_obtained":[{"floor":9,"key":"Letter Opener"},{"floor":14,"key":"Frozen Egg 2"},{"floor":23,"key":"Shuriken"},{"floor":26,"key":"MawBank"},{"floor":43,"key":"InkBottle"}],"event_choices":[{"damage_healed":0,"gold_gain":0,"player_choice":"Ignored","damage_taken":0,"max_hp_gain":0,"max_hp_loss":0,"event_name":"Golden Wing","floor":2,"gold_loss":0},{"damage_healed":0,"gold_gain":0,"player_choice":"Donut","damage_taken":0,"max_hp_gain":5,"max_hp_loss":0,"event_name":"Big Fish","floor":3,"gold_loss":0},{"damage_healed":0,"gold_gain":0,"player_choice":"Forge","damage_taken":0,"max_hp_gain":0,"max_hp_loss":0,"event_name":"Accursed Blacksmith","floor":5,"gold_loss":0,"cards_upgraded":["Chaos"]},{"damage_healed":0,"gold_gain":0,"player_choice":"Leave","damage_taken":0,"max_hp_gain":0,"max_hp_loss":0,"event_name":"The Cleric","floor":8,"gold_loss":0},{"damage_healed":0,"gold_gain":0,"player_choice":"Ignored","damage_taken":0,"max_hp_gain":0,"max_hp_loss":0,"event_name":"Transmorgrifier","floor":10,"gold_loss":0},{"damage_healed":0,"gold_gain":0,"player_choice":"Shed Blood","damage_taken":22,"max_hp_gain":5,"max_hp_loss":0,"event_name":"Forgotten Altar","floor":20,"gold_loss":0},{"damage_healed":0,"gold_gain":100,"player_choice":"Pray","damage_taken":0,"max_hp_gain":0,"max_hp_loss":0,"event_name":"Golden Shrine","floor":21,"gold_loss":0},{"damage_healed":0,"gold_gain":0,"player_choice":"Ignored","damage_taken":0,"max_hp_gain":0,"max_hp_loss":0,"event_name":"Beggar","floor":24,"gold_loss":0},{"damage_healed":0,"gold_gain":99,"player_choice":"Stole From Cult","damage_taken":0,"max_hp_gain":0,"max_hp_loss":0,"event_name":"Nest","floor":28,"gold_loss":0},{"cards_removed":["Conserve Battery"],"damage_healed":0,"gold_gain":0,"player_choice":"Removed Skill","damage_taken":0,"max_hp_gain":0,"max_hp_loss":0,"event_name":"Falling","floor":36,"gold_loss":0},{"damage_healed":0,"gold_gain":0,"player_choice":"Bought 0 Potions","damage_taken":0,"max_hp_gain":0,"max_hp_loss":0,"event_name":"The Woman in Blue","floor":37,"gold_loss":0},{"damage_healed":0,"gold_gain":0,"player_choice":"Memory 1","damage_taken":0,"max_hp_gain":0,"max_hp_loss":0,"event_name":"SensoryStone","floor":45,"gold_loss":0}],"is_beta":false,"boss_relics":[{"not_picked":["Calling Bell","Sozu"],"picked":"Nuclear Battery"},{"not_picked":["SacredBark","Runic Dome"],"picked":"Tiny House"}],"items_purged_floors":[],"is_endless":false,"potions_floor_spawned":[1,6,11,14,16,18,22,29,31,35,39],"killed_by":"Reptomancer","ascension_level":0}}