{"host":"sqt6c5vt7d1y5xtt","time":1614318172,"event":{"mods":["AchievementEnabler","BaseMod","Block Reminder","Lobotomy","Minty Spire (QoL Compilation)","Quick Restart"],"gold_per_floor":[116,7,17,27,27,27,38,65,65,15,15,45,65,95,95,197,197,207,306,306,306,37,37,53,53,53,53,79,96,123,11,11,114,114,133,145,158,177,187,187,202,202,202,232,247,247,297,307,307,307,307],"floor_reached":50,"language":"KOR","playtime":2923,"items_purged":["Pinks"],"score":622,"play_id":"cf59fe05-6712-4b89-90b6-0f3a9061c0f4","local_time":"20210226024252","is_ascension_mode":false,"campfire_choices":[],"circlet_count":0,"master_deck":["SpecialBullet","SpecialBullet","SpecialBullet","SpecialBullet","SpecialBullet","SpecialBullet","SpecialBullet","SpecialBullet","SecurityCode","TrainingCode","WelfareCode","TodaysExpression","Ecstasy","Heaven+1","MeatLantern","Wingbeat","LittleHelper","Hypocrisy","OldLady","SomewhereSpear","TodaysExpression","TodaysExpression","BlueStar","Lantern","J.A.X.","ExtractionCode","OSAHOGD","WristCuter","TodaysExpression+1","ShedSkin+1","ScreamingWedge","Soda+1","WristCuter+1","Spore+1","SomewhereSpear+1","CENSORED_ego+1","Mimicry+1","GoldRush+1","RedShoes","BlackSwan","Spore+1","LongBird","SwordSharpenedByTears+1","UniverseFragment","ParadiseLost+1","RedEyes+1","DisciplinaryCode"],"relics":["CogitoBucket","Whetstone","Kunai","StrikeDummy","FleshIdol","Gambling Chip","Fusion Hammer","Membership Card","InkBottle","Centennial Puzzle","Anchor","LuminousBracelet","Singing Bowl","Busted Crown","AtMidnight","BackwardClock","Pear","Juzu Bracelet","Orichalcum","Ginger"],"acts_visited":["Exordium","TheCity","TheBeyond"],"potions_floor_usage":[16,16,50],"damage_taken":[{"damage":11,"enemies":"Jaw Worm","floor":1,"turns":2},{"damage":0,"enemies":"Cultist","floor":3,"turns":2},{"damage":0,"enemies":"Small Slimes","floor":4,"turns":2},{"damage":14,"enemies":"3 Louse","floor":7,"turns":2},{"damage":30,"enemies":"Lagavulin","floor":8,"turns":4},{"damage":28,"enemies":"Gremlin Nob","floor":12,"turns":4},{"damage":31,"enemies":"Exordium Wildlife","floor":13,"turns":4},{"damage":29,"enemies":"The Guardian","floor":16,"turns":6},{"damage":19,"enemies":"Chosen","floor":18,"turns":3},{"damage":33,"enemies":"3 Byrds","floor":24,"turns":5},{"damage":19,"enemies":"Gremlin Leader","floor":28,"turns":3},{"damage":15,"enemies":"Shelled Parasite and Fungi","floor":29,"turns":3},{"damage":66,"enemies":"Book of Stabbing","floor":30,"turns":6},{"damage":66,"enemies":"Automaton","floor":33,"turns":10},{"damage":9,"enemies":"Orb Walker","floor":35,"turns":2},{"damage":2,"enemies":"3 Darklings","floor":36,"turns":3},{"damage":21,"enemies":"Sphere and 2 Shapes","floor":37,"turns":4},{"damage":0,"enemies":"Maw","floor":38,"turns":5},{"damage":28,"enemies":"Transient","floor":39,"turns":5},{"damage":10,"enemies":"Writhing Mass","floor":41,"turns":5},{"damage":21,"enemies":"Giant Head","floor":44,"turns":4},{"damage":64,"enemies":"Sphere and 2 Shapes","floor":45,"turns":3},{"damage":42,"enemies":"Mind Bloom Boss Battle","floor":47,"turns":5},{"damage":0,"enemies":"Maw","floor":48,"turns":4},{"damage":10,"enemies":"Donu and Deca","floor":50,"turns":18}],"seed_played":"-9067565379662140095","potions_obtained":[{"floor":1,"key":"FearPotion"},{"floor":4,"key":"Swift Potion"},{"floor":8,"key":"LiquidMemories"},{"floor":24,"key":"AttackPotion"},{"floor":28,"key":"DuplicationPotion"},{"floor":36,"key":"Fire Potion"},{"floor":45,"key":"ColorlessPotion"},{"floor":48,"key":"Weak Potion"}],"is_trial":false,"path_per_floor":["M","$","M","M","?","R","M","E","T","$","R","E","M","?","R","B",null,"M","?","?","?","$","R","M","R","T","R","E","M","E","$","R","B",null,"M","M","M","M","M","R","M","?","T","E","M","R","?","M","R","B"],"character_chosen":"Angela","items_purchased":["Ecstasy","Heaven","TodaysExpression","Membership Card","InkBottle","WristCuter+1","Spore+1","SomewhereSpear+1"],"campfire_rested":0,"item_purchase_floors":[2,2,10,22,22,31,31,31],"current_hp_per_floor":[74,74,77,77,77,77,77,61,61,61,61,47,30,30,30,21,77,76,76,76,76,76,76,74,74,74,74,76,92,70,70,70,92,92,96,100,102,94,98,98,97,107,107,109,86,86,85,115,115,95,95],"gold":307,"neow_bonus":"TEN_PERCENT_HP_BONUS","is_daily":false,"chose_seed":false,"campfire_upgraded":0,"win_rate":0.0,"timestamp":1614318172,"path_taken":["M","$","M","M","?","R","M","E","T","$","R","E","M","?","R","BOSS","M","?","?","?","?","R","?","R","T","R","E","M","E","$","R","BOSS","M","M","M","M","M","R","M","?","T","E","M","R","?","M","R","BOSS"],"items_purchased_type":["Card","Card","Card","Relic","Relic","Card","Card","Card"],"build_version":"2020-12-22","purchased_purges":1,"victory":false,"max_hp_per_floor":[77,77,77,77,77,77,77,77,77,77,77,77,77,77,77,77,77,77,77,77,77,77,77,77,77,77,77,77,92,92,92,92,92,92,96,100,102,94,98,98,97,107,107,109,111,111,113,115,115,95,95],"card_choices":[{"not_picked":["SwordSharpenedByTears"],"picked":"TodaysExpression","floor":1},{"not_picked":["MHz","PunishingBird"],"picked":"MeatLantern","floor":3},{"not_picked":["Discord","Regret_ego"],"picked":"SKIP","floor":3},{"not_picked":["ShedSkin"],"picked":"Wingbeat","floor":4},{"not_picked":["Wellcheers","WallGazer"],"picked":"LittleHelper","floor":7},{"not_picked":["SoundOfStar"],"picked":"Hypocrisy","floor":7},{"not_picked":["OSAHOGD","Bloodbath"],"picked":"OldLady","floor":8},{"not_picked":["Beak"],"picked":"SomewhereSpear","floor":8},{"not_picked":["SomewhereSpear"],"picked":"TodaysExpression","floor":12},{"not_picked":["NakedNest","OSAHOGD"],"picked":"BlueStar","floor":13},{"not_picked":["Wingbeat","Loneliness"],"picked":"SKIP","floor":13},{"not_picked":["TheSmile"],"picked":"Pinks","floor":16},{"not_picked":["Discord"],"picked":"Lantern","floor":18},{"not_picked":["Rudolta","SnowQueen"],"picked":"OSAHOGD","floor":24},{"not_picked":["Penitence+1"],"picked":"WristCuter","floor":24},{"not_picked":["BlackSwan","Freischutz","PunishingBird"],"picked":"Singing Bowl","floor":28},{"not_picked":["FourthMatchFlame","Pleasure+1","InTheNameOfLoveAndHate+1"],"picked":"SKIP","floor":28},{"not_picked":["LifeForTheDareDevil","Discord"],"picked":"TodaysExpression+1","floor":29},{"not_picked":["Variant","Porccubus","BeautyBeast"],"picked":"Singing Bowl","floor":29},{"not_picked":["Pleasure","Christmas"],"picked":"ShedSkin+1","floor":29},{"not_picked":["Heaven+1","Adoration"],"picked":"ScreamingWedge","floor":30},{"not_picked":["NakedNest","Wellcheers","LittlePrince"],"picked":"Singing Bowl","floor":30},{"not_picked":["SomewhereSpear","Beak"],"picked":"Soda","floor":30},{"not_picked":["Mimicry+1","Pinks+1"],"picked":"CENSORED_ego+1","floor":33},{"not_picked":["Pinks+1","Justitia+1"],"picked":"Mimicry+1","floor":33},{"not_picked":["HeroicMonk","Rudolta","LittlePrince"],"picked":"Singing Bowl","floor":33},{"not_picked":["Pinks+1","Adoration+1"],"picked":"GoldRush+1","floor":33},{"not_picked":["Noise+1"],"picked":"Singing Bowl","floor":35},{"not_picked":["HeroicMonk","HappyTeddy","GalaxyChild"],"picked":"Singing Bowl","floor":35},{"not_picked":["DespairKnight","Rudolta"],"picked":"RedShoes","floor":35},{"not_picked":["FrostShard+1"],"picked":"Singing Bowl","floor":35},{"not_picked":["FeatherOfHonor+1"],"picked":"Singing Bowl","floor":36},{"not_picked":["QueenOfHatred","CherryBlossoms"],"picked":"BlackSwan","floor":36},{"not_picked":["Wingbeat+1"],"picked":"Singing Bowl","floor":36},{"not_picked":["Yin","Freischutz","Alriune"],"picked":"Singing Bowl","floor":37},{"not_picked":["Wingbeat+1"],"picked":"Singing Bowl","floor":37},{"not_picked":[],"picked":"Spore+1","floor":38},{"not_picked":["NothingThere","GreedKing","CENSORED"],"picked":"Singing Bowl","floor":38},{"not_picked":["CherryBlossom+1"],"picked":"Singing Bowl","floor":38},{"not_picked":["Tough+1"],"picked":"Singing Bowl","floor":39},{"not_picked":["FieryBird","Funeral","HappyTeddy"],"picked":"Singing Bowl","floor":39},{"not_picked":["WallGazer","Scarecrow"],"picked":"LongBird","floor":39},{"not_picked":["Horn+1"],"picked":"Singing Bowl","floor":39},{"not_picked":[],"picked":"SwordSharpenedByTears+1","floor":41},{"not_picked":["CrumblingArmor","Yin","SilentOrchestra"],"picked":"Singing Bowl","floor":41},{"not_picked":["Woodsman","Scarecrow"],"picked":"UniverseFragment","floor":41},{"not_picked":["FourthMatchFlame+1"],"picked":"Singing Bowl","floor":41},{"not_picked":[],"picked":"ParadiseLost+1","floor":44},{"not_picked":["HappyTeddy","HeroicMonk","Alriune"],"picked":"Singing Bowl","floor":44},{"not_picked":["Penitence+1"],"picked":"Singing Bowl","floor":44},{"not_picked":[],"picked":"RedEyes+1","floor":45},{"not_picked":["Mercenary","BlackArmy","SingingMachine"],"picked":"Singing Bowl","floor":45},{"not_picked":["SwordSharpenedByTears+1"],"picked":"Singing Bowl","floor":45},{"not_picked":["NothingThere","VoidDream","WhitesApple"],"picked":"Singing Bowl","floor":47},{"not_picked":["Wingbeat+1"],"picked":"Singing Bowl","floor":47},{"not_picked":["QueenOfHatred","CENSORED","LaLuna"],"picked":"Singing Bowl","floor":48},{"not_picked":["CUTE+1"],"picked":"Singing Bowl","floor":48}],"player_experience":232404,"relics_obtained":[{"floor":8,"key":"Whetstone"},{"floor":9,"key":"Kunai"},{"floor":12,"key":"StrikeDummy"},{"floor":26,"key":"Centennial Puzzle"},{"floor":28,"key":"Anchor"},{"floor":30,"key":"Singing Bowl"},{"floor":37,"key":"AtMidnight"},{"floor":43,"key":"Juzu Bracelet"},{"floor":44,"key":"Orichalcum"},{"floor":47,"key":"Ginger"}],"event_choices":[{"damage_healed":0,"gold_gain":0,"player_choice":"Ignored","damage_taken":0,"max_hp_gain":0,"max_hp_loss":0,"event_name":"Transmorgrifier","floor":5,"gold_loss":0},{"damage_healed":0,"gold_gain":30,"player_choice":"Searched \u00272\u0027 times","damage_taken":0,"relics_obtained":["Gambling Chip"],"max_hp_gain":0,"max_hp_loss":0,"event_name":"Dead Adventurer","floor":14,"gold_loss":0},{"damage_healed":0,"gold_gain":99,"player_choice":"Stole From Cult","damage_taken":0,"max_hp_gain":0,"max_hp_loss":0,"event_name":"Nest","floor":19,"gold_loss":0},{"damage_healed":0,"gold_gain":0,"player_choice":"Obtain J.A.X.","damage_taken":0,"max_hp_gain":0,"max_hp_loss":0,"event_name":"Drug Dealer","floor":20,"gold_loss":0,"cards_obtained":["J.A.X."]},{"damage_healed":0,"gold_gain":0,"player_choice":"Ignored","damage_taken":0,"max_hp_gain":0,"max_hp_loss":0,"event_name":"Ghosts","floor":21,"gold_loss":0},{"damage_healed":0,"gold_gain":0,"player_choice":"Gave Potion","damage_taken":0,"relics_obtained":["Pear"],"max_hp_gain":0,"max_hp_loss":0,"event_name":"WeMeetAgain","floor":42,"gold_loss":0},{"damage_healed":0,"gold_gain":0,"player_choice":"Fight","damage_taken":0,"max_hp_gain":0,"max_hp_loss":0,"event_name":"MindBloom","floor":47,"gold_loss":0}],"is_beta":false,"boss_relics":[{"not_picked":["Empty Cage","Astrolabe"],"picked":"Fusion Hammer"},{"not_picked":["Cursed Key","Velvet Choker"],"picked":"Busted Crown"}],"items_purged_floors":[31],"is_endless":false,"potions_floor_spawned":[1,4,8,13,24,28,29,36,38,41,45,48],"killed_by":"Donu and Deca","ascension_level":0}}