{"host":"u2qrfxkm3wve0vp3","time":1614365400,"event":{"mods":["AchievementEnabler","BaseMod","Better Match","Better Note","Better Third Choice","Better Vampires","Downfall","Minty Spire (QoL Compilation)","Quick Restart","Shop Mod","StSLib","The Cursed","The Marked","The Servant 0.9.4"],"gold_per_floor":[117,217,227,246,266,299,299],"floor_reached":6,"language":"ZHS","playtime":303,"items_purged":[],"score":50,"play_id":"c948547e-c0a8-441b-bc65-52ccb03bc79c","local_time":"20210227025000","is_ascension_mode":true,"campfire_choices":[],"circlet_count":0,"master_deck":["Strike_S","Strike_S","Strike_S","Strike_S","Defend_S","Defend_S","Defend_S","Defend_S","KidneyShot","Exchange","Moonlight","Barrier","BottledTime"],"relics":["Uniform","Ginger","Darkstone Periapt"],"acts_visited":["Exordium"],"potions_floor_usage":[6],"damage_taken":[{"damage":1,"enemies":"Jaw Worm","floor":1,"turns":5},{"damage":1,"enemies":"Cultist","floor":3,"turns":5},{"damage":0,"enemies":"2 Louse","floor":4,"turns":3},{"damage":3,"enemies":"Red Slaver","floor":5,"turns":4},{"damage":17,"enemies":"3 Sentries","floor":6,"turns":18}],"seed_played":"-1897463241502586580","potions_obtained":[{"floor":3,"key":"SneckoOil"},{"floor":6,"key":"Dexterity Potion"}],"is_trial":false,"path_per_floor":["M","?","M","M","M","E"],"character_chosen":"THE_SERVANT","items_purchased":[],"campfire_rested":0,"item_purchase_floors":[],"current_hp_per_floor":[58,58,57,57,54,37,37],"gold":299,"neow_bonus":"ONE_RARE_RELIC","is_daily":false,"chose_seed":false,"campfire_upgraded":0,"win_rate":0.0,"timestamp":1614365400,"path_taken":["M","?","?","M","M","E"],"items_purchased_type":[],"build_version":"2020-12-22","purchased_purges":0,"victory":false,"max_hp_per_floor":[59,59,59,59,59,59,59],"card_choices":[{"not_picked":["Potential","Rearm","Ricochet"],"picked":"SKIP","floor":1},{"not_picked":["Sabotage","Duplication"],"picked":"Moonlight","floor":3},{"not_picked":["Moonlight","Alleviate"],"picked":"Barrier","floor":4},{"not_picked":["DoubleEdge","Ricochet"],"picked":"BottledTime","floor":5},{"not_picked":["Moonlight","Potential","Starlight"],"picked":"SKIP","floor":6}],"player_experience":353417,"relics_obtained":[{"floor":6,"key":"Darkstone Periapt"}],"event_choices":[{"damage_healed":0,"gold_gain":100,"player_choice":"Pray","damage_taken":0,"max_hp_gain":0,"max_hp_loss":0,"event_name":"Golden Shrine","floor":2,"gold_loss":0}],"is_beta":false,"boss_relics":[],"items_purged_floors":[],"is_endless":false,"potions_floor_spawned":[3,6],"killed_by":"3 Sentries","ascension_level":1}}