{"host":"xe7vird6mhwsic73","time":1614348001,"event":{"mods":["BaseMod","Highlight Path","Minty Spire (QoL Compilation)","Relic Stats","StSLib"],"gold_per_floor":[110,110,121,131,131,166,166,23,98,112,112,147,147,172,172,267,267,267,267,49,25,25,25,25,25,25,25,25,25,25,25,25,25,25,25,25,25,25,25,25,25,25,25,25,25,25,25,25,25,25],"floor_reached":51,"language":"ENG","playtime":7034,"items_purged":[],"score":1043,"play_id":"acd6ff10-104e-46d4-a9e9-ac5fb2c62746","local_time":"20210226090001","is_ascension_mode":true,"campfire_choices":[{"data":"Eruption","floor":7.0,"key":"SMITH"},{"floor":13.0,"key":"REST"},{"floor":15.0,"key":"REST"},{"data":"Devotion","floor":24.0,"key":"SMITH"},{"data":"Pray","floor":32.0,"key":"SMITH"},{"data":"Devotion","floor":44,"key":"SMITH"},{"data":"InnerPeace","floor":49,"key":"SMITH"}],"circlet_count":0,"master_deck":["Defend_P","Defend_P","Defend_P","Defend_P","Eruption+1","Vigilance","FlurryOfBlows","Crescendo","Prostrate","ThirdEye","Pray+1","JustLucky+1","InnerPeace+1","Devotion+1","Prostrate","Adaptation+1","MentalFortress","ClearTheMind","Bite+1","Bite+1","Bite+1","Bite+1","Bite+1","SandsOfTime+1","Nirvana+1","CutThroughFate+1","Nirvana","CutThroughFate+1","CrushJoints+1","Devotion+1","Consecrate+1","Fasting2+1","Evaluate+1","ClearTheMind","Flash of Steel+1","Scrawl","Wireheading","CutThroughFate+1","FollowUp+1","WaveOfTheHand","CutThroughFate+1","MentalFortress"],"relics":["Black Star","Vajra","CaptainsWheel","Omamori","Molten Egg 2","TungstenRod","Letter Opener","White Beast Statue","Ancient Tea Set","Lizard Tail","Ectoplasm","Toolbox","Dead Branch","Toy Ornithopter","Centennial Puzzle","Lantern","Bronze Scales","Cursed Key","Blood Vial","Bag of Marbles","Bottled Flame","Nunchaku","Mummified Hand","Potion Belt","Ornamental Fan"],"acts_visited":["Exordium","TheCity","TheBeyond"],"potions_floor_usage":[45],"damage_taken":[{"damage":1.0,"enemies":"2 Louse","floor":1.0,"turns":4.0},{"damage":0.0,"enemies":"Cultist","floor":3.0,"turns":2.0},{"damage":9.0,"enemies":"Small Slimes","floor":4.0,"turns":3.0},{"damage":39.0,"enemies":"3 Sentries","floor":6.0,"turns":16.0},{"damage":10.0,"enemies":"Gremlin Gang","floor":10.0,"turns":5.0},{"damage":0.0,"enemies":"Gremlin Nob","floor":12.0,"turns":2.0},{"damage":12.0,"enemies":"3 Sentries","floor":14.0,"turns":5.0},{"damage":7.0,"enemies":"The Guardian","floor":16.0,"turns":12.0},{"damage":18.0,"enemies":"Shell Parasite","floor":18.0,"turns":5.0},{"damage":15.0,"enemies":"Chosen","floor":19.0,"turns":6.0},{"damage":16.0,"enemies":"Book of Stabbing","floor":23.0,"turns":5.0},{"damage":26.0,"enemies":"Slavers","floor":27.0,"turns":3.0},{"damage":2.0,"enemies":"Centurion and Healer","floor":28.0,"turns":5.0},{"damage":0.0,"enemies":"Snake Plant","floor":29.0,"turns":3.0},{"damage":0.0,"enemies":"Sentry and Sphere","floor":30.0,"turns":4.0},{"damage":0.0,"enemies":"3 Cultists","floor":31.0,"turns":4.0},{"damage":0.0,"enemies":"Collector","floor":33.0,"turns":4.0},{"damage":1.0,"enemies":"3 Shapes","floor":35.0,"turns":3.0},{"damage":6.0,"enemies":"3 Darklings","floor":36.0,"turns":3.0},{"damage":18.0,"enemies":"Writhing Mass","floor":37.0,"turns":3.0},{"damage":16.0,"enemies":"Spire Growth","floor":39.0,"turns":4.0},{"damage":0.0,"enemies":"Nemesis","floor":40.0,"turns":5.0},{"damage":8.0,"enemies":"Reptomancer","floor":42.0,"turns":2.0},{"damage":15,"enemies":"Nemesis","floor":45,"turns":5},{"damage":1,"enemies":"Sphere and 2 Shapes","floor":46,"turns":4},{"damage":1,"enemies":"4 Shapes","floor":47,"turns":3},{"damage":0,"enemies":"Spire Growth","floor":48,"turns":2},{"damage":10,"enemies":"Donu and Deca","floor":50,"turns":4}],"seed_played":"-6421273342640809123","potions_obtained":[{"floor":2.0,"key":"EssenceOfSteel"},{"floor":2.0,"key":"BottledMiracle"},{"floor":2.0,"key":"Weak Potion"},{"floor":4.0,"key":"Fruit Juice"},{"floor":6.0,"key":"SteroidPotion"},{"floor":10.0,"key":"SneckoOil"},{"floor":14.0,"key":"BlessingOfTheForge"},{"floor":16.0,"key":"FearPotion"},{"floor":18.0,"key":"Fire Potion"},{"floor":19.0,"key":"LiquidBronze"},{"floor":23.0,"key":"Fruit Juice"},{"floor":27.0,"key":"DistilledChaos"},{"floor":28.0,"key":"SteroidPotion"},{"floor":29.0,"key":"Explosive Potion"},{"floor":30.0,"key":"Regen Potion"},{"floor":33.0,"key":"Ancient Potion"},{"floor":36.0,"key":"Explosive Potion"},{"floor":37.0,"key":"FearPotion"},{"floor":39.0,"key":"SpeedPotion"},{"floor":45,"key":"ColorlessPotion"},{"floor":46,"key":"LiquidBronze"},{"floor":47,"key":"Dexterity Potion"},{"floor":48,"key":"LiquidMemories"}],"is_trial":false,"path_per_floor":["M","?","M","M","?","E","R","$","T","M","?","E","R","E","R","B",null,"M","M","$","$","?","E","R","?","T","E","M","M","M","M","R","B",null,"M","M","M","?","M","E","$","E","T","R","E","M","M","M","R","B",null],"character_chosen":"WATCHER","items_purchased":["Omamori","Toolbox","MentalFortress","ClearTheMind"],"campfire_rested":2,"item_purchase_floors":[8,20,20,21],"current_hp_per_floor":[71,71,71,62,62,28,28,28,28,18,18,18,41,29,52,45,77,59,44,44,44,44,56,56,47,47,38,48,63,63,63,63,63,63,63,63,56,56,46,55,55,58,58,58,57,61,63,63,63,63],"gold":25,"neow_bonus":"BOSS_RELIC","is_daily":false,"chose_seed":false,"campfire_upgraded":5,"win_rate":0.0,"timestamp":1614348001,"path_taken":["M","?","?","M","?","E","R","$","T","?","?","E","R","E","R","BOSS","M","M","?","$","?","E","R","?","T","E","M","M","M","M","R","BOSS","M","M","M","?","?","E","$","E","T","R","E","M","M","M","R","BOSS"],"items_purchased_type":["Relic","Relic","Card","Card"],"build_version":"2020-12-22","purchased_purges":0,"victory":true,"max_hp_per_floor":[72,72,72,72,72,77,77,77,77,77,77,77,77,77,77,77,77,77,77,77,77,53,58,58,63,63,63,63,63,63,63,63,63,63,63,63,63,63,63,63,63,63,63,63,63,63,63,63,63,63],"relic_stats":{"counters":[28,126],"Dead Branch":[36],"Letter Opener":[237],"Cursed Key":1,"Blood Vial":8,"Lizard Tail":0,"Centennial Puzzle":[33],"Nunchaku":[6],"Mummified Hand":[37],"Ornamental Fan":[40],"Bronze Scales":[108],"Ectoplasm":469,"Black Star":8,"obtain_stats":[{"Lantern":27,"Vajra":6,"Ancient Tea Set":14,"Cursed Key":34,"Blood Vial":40,"Lizard Tail":14,"Centennial Puzzle":26,"Nunchaku":42,"Mummified Hand":43,"Toolbox":20,"Potion Belt":45,"Dead Branch":23,"Omamori":8,"Letter Opener":12,"White Beast Statue":12,"CaptainsWheel":6,"Bottled Flame":42,"Ornamental Fan":45,"Bronze Scales":27,"Molten Egg 2":9,"Ectoplasm":17,"Black Star":0,"Bag of Marbles":40,"PureWater":0,"TungstenRod":11,"Toy Ornithopter":23},{"Lantern":12,"Vajra":4,"Ancient Tea Set":7,"Cursed Key":17,"Blood Vial":22,"Lizard Tail":7,"Centennial Puzzle":11,"Nunchaku":23,"Mummified Hand":23,"Toolbox":10,"Potion Belt":24,"Dead Branch":11,"Omamori":4,"Letter Opener":6,"White Beast Statue":6,"CaptainsWheel":4,"Bottled Flame":23,"Ornamental Fan":24,"Bronze Scales":12,"Molten Egg 2":4,"Ectoplasm":8,"Black Star":0,"Bag of Marbles":22,"PureWater":0,"TungstenRod":5,"Toy Ornithopter":11},{"Lantern":68,"Vajra":25,"Ancient Tea Set":37,"Cursed Key":88,"Blood Vial":106,"Lizard Tail":37,"Centennial Puzzle":65,"Nunchaku":108,"Mummified Hand":108,"Toolbox":60,"Potion Belt":113,"Dead Branch":65,"Omamori":25,"Letter Opener":32,"White Beast Statue":32,"CaptainsWheel":25,"Bottled Flame":108,"Ornamental Fan":113,"Bronze Scales":68,"Molten Egg 2":25,"Ectoplasm":49,"Black Star":0,"Bag of Marbles":106,"PureWater":0,"TungstenRod":30,"Toy Ornithopter":65}],"TungstenRod":35,"Toy Ornithopter":28},"card_choices":[{"not_picked":["EmptyFist","EmptyBody"],"picked":"FlurryOfBlows","floor":1.0},{"not_picked":["BowlingBash","Adaptation"],"picked":"Crescendo","floor":3.0},{"not_picked":["SandsOfTime","BowlingBash"],"picked":"Prostrate","floor":4.0},{"not_picked":["FollowUp","SpiritShield"],"picked":"ThirdEye","floor":6.0},{"not_picked":["CutThroughFate+1","PathToVictory"],"picked":"Pray","floor":10.0},{"not_picked":["WindmillStrike+1","Halt"],"picked":"JustLucky+1","floor":12.0},{"not_picked":["ReachHeaven+1","JustLucky+1"],"picked":"InnerPeace","floor":14.0},{"not_picked":["Scrawl","Vault"],"picked":"Devotion","floor":16.0},{"not_picked":["Vengeance","Worship"],"picked":"Prostrate","floor":18.0},{"not_picked":["EmptyFist+1","Consecrate+1"],"picked":"Adaptation+1","floor":19.0},{"not_picked":["FollowUp+1","WreathOfFlame"],"picked":"SandsOfTime+1","floor":23.0},{"not_picked":["JustLucky+1","CrushJoints+1"],"picked":"Nirvana+1","floor":27.0},{"not_picked":["FollowUp+1","Consecrate+1"],"picked":"CutThroughFate+1","floor":28.0},{"not_picked":["EmptyBody","FlyingSleeves+1"],"picked":"Nirvana","floor":29.0},{"not_picked":["EmptyFist+1","Protect"],"picked":"CutThroughFate+1","floor":30.0},{"not_picked":["ReachHeaven+1","Sanctity+1"],"picked":"CrushJoints+1","floor":31.0},{"not_picked":["SpiritShield","Alpha"],"picked":"Devotion","floor":33.0},{"not_picked":["WreathOfFlame+1","BowlingBash+1"],"picked":"Consecrate+1","floor":35.0},{"not_picked":["Weave+1","SashWhip+1"],"picked":"Fasting2+1","floor":36.0},{"not_picked":["Crescendo+1","FearNoEvil+1"],"picked":"Evaluate+1","floor":37.0},{"not_picked":["ThirdEye","CutThroughFate+1"],"picked":"Wireheading","floor":39.0},{"not_picked":["FlyingSleeves+1","Crescendo+1"],"picked":"CutThroughFate+1","floor":40.0},{"not_picked":["Blasphemy","EmptyBody"],"picked":"FollowUp+1","floor":42},{"not_picked":["Protect","FollowUp+1"],"picked":"WaveOfTheHand","floor":45},{"not_picked":["Protect+1","Prostrate"],"picked":"CutThroughFate+1","floor":46},{"not_picked":["PathToVictory","DeusExMachina"],"picked":"MentalFortress","floor":47},{"not_picked":["WreathOfFlame+1","FlyingSleeves+1","ThirdEye+1"],"picked":"SKIP","floor":48}],"player_experience":202100,"relics_obtained":[{"floor":6.0,"key":"Vajra"},{"floor":6.0,"key":"CaptainsWheel"},{"floor":9.0,"key":"Molten Egg 2"},{"floor":12.0,"key":"Letter Opener"},{"floor":12.0,"key":"White Beast Statue"},{"floor":14.0,"key":"Ancient Tea Set"},{"floor":14.0,"key":"Lizard Tail"},{"floor":23.0,"key":"Dead Branch"},{"floor":23.0,"key":"Toy Ornithopter"},{"floor":26.0,"key":"Centennial Puzzle"},{"floor":27.0,"key":"Lantern"},{"floor":27.0,"key":"Bronze Scales"},{"floor":40.0,"key":"Blood Vial"},{"floor":40.0,"key":"Bag of Marbles"},{"floor":42,"key":"Bottled Flame"},{"floor":42,"key":"Nunchaku"},{"floor":43,"key":"Mummified Hand"},{"floor":45,"key":"Potion Belt"},{"floor":45,"key":"Ornamental Fan"}],"event_choices":[{"damage_healed":0.0,"max_hp_gain":0.0,"max_hp_loss":0.0,"gold_gain":0.0,"event_name":"Lab","player_choice":"Got Potions","floor":2.0,"gold_loss":0.0,"damage_taken":0.0},{"cards_removed":["Strike_P"],"damage_healed":0.0,"max_hp_gain":0.0,"max_hp_loss":0.0,"gold_gain":0.0,"event_name":"Purifier","player_choice":"Purged","floor":5.0,"gold_loss":0.0,"damage_taken":0.0},{"damage_healed":0.0,"max_hp_gain":0.0,"max_hp_loss":0.0,"gold_gain":0.0,"event_name":"WeMeetAgain","player_choice":"Gave Potion","floor":11.0,"gold_loss":0.0,"damage_taken":0.0,"relics_obtained":["TungstenRod"]},{"damage_healed":0.0,"max_hp_gain":0.0,"max_hp_loss":24.0,"gold_gain":0.0,"event_name":"Vampires","player_choice":"Became a vampire","floor":22.0,"gold_loss":0.0,"damage_taken":0.0,"cards_obtained":["Bite","Bite","Bite","Bite","Bite"]},{"damage_healed":0.0,"max_hp_gain":5.0,"max_hp_loss":0.0,"gold_gain":0.0,"event_name":"Forgotten Altar","player_choice":"Shed Blood","floor":25.0,"gold_loss":0.0,"damage_taken":15.0},{"damage_healed":0.0,"max_hp_gain":0.0,"max_hp_loss":0.0,"gold_gain":0.0,"event_name":"Match and Keep!","player_choice":"4 cards matched","floor":38.0,"gold_loss":0.0,"damage_taken":0.0,"cards_obtained":["Pain","ClearTheMind","Flash of Steel","Scrawl"]}],"is_beta":false,"boss_relics":[{"not_picked":["Runic Dome","Runic Pyramid"],"picked":"Ectoplasm"},{"not_picked":["Fusion Hammer","Pandora\u0027s Box"],"picked":"Cursed Key"}],"items_purged_floors":[],"is_endless":false,"potions_floor_spawned":[4,6,10,14,16,18,19,23,27,28,29,30,31,33,35,36,37,39,40,42,45,46,47,48],"ascension_level":1}}