{"host":"gvgax75aunlv59s2","time":1614351648,"event":{"mods":["BaseMod","Bossed Relics","Curses Come First","Decade(???)","Googly Eyes","GungeonMod","Hermit","Highlight Path","Infinite Spire","Minty Spire (QoL Compilation)","Replay The Spire","Robot Space Explorer","Shop Mod","Spicy Shops","Spikes Relics","Spire Arcade","StSLib","Synergy Search","The Bug Knight","The Cursed","The Hierophant","The Runesmith","The Servant 0.9.4","TheBandit","[IsaacMod]????"],"gold_per_floor":[118,68,68,89,89,104,104,29,29,29,48,69,93,93,93,268,268,281,281,299,372,0,69,69,112,136,136,149,149,173,187,187,187,187],"floor_reached":33,"language":"ENG","playtime":2083,"items_purged":["Strike_R+1"],"score":279,"play_id":"850ec9db-6224-4681-a133-6ee3f2691147","local_time":"20210226100048","is_ascension_mode":false,"campfire_choices":[{"data":"BettingIsNotGood","floor":10.0,"key":"SMITH"},{"data":"Bludgeon","floor":15.0,"key":"SMITH"},{"floor":24,"key":"REST"},{"data":"Feed","floor":27,"key":"SMITH"},{"data":"Iron Wave","floor":29,"key":"SMITH"},{"floor":32,"key":"DIG"}],"circlet_count":0,"master_deck":["Strike_R","Strike_R","Strike_R","Defend_R","Defend_R","Defend_R","Defend_R","Bash","BettingIsNotGood+1","Warcry","Run Through","Flex","Bludgeon+1","Expertise+1","Feed+1","Gash","Iron Wave+1","ReplayTheSpireMod:LeadingStrike+1","Armaments+1","Pummel","Flex"],"relics":["HushsDoor","MoneyPower","Golden Idol","Iron Core","DemoMod:Bottle","MagicMushroom","NineLifeCat","Incense Burner","Lantern","YumHeart","UnicornStump"],"acts_visited":["Exordium","TheCity"],"potions_floor_usage":[18,33,33],"damage_taken":[{"damage":1.0,"enemies":"Cultist","floor":1.0,"turns":3.0},{"damage":2.0,"enemies":"Small Slimes","floor":4.0,"turns":4.0},{"damage":0.0,"enemies":"2 Louse","floor":6.0,"turns":2.0},{"damage":11.0,"enemies":"Looter","floor":11.0,"turns":4.0},{"damage":0.0,"enemies":"3 Louse","floor":12.0,"turns":2.0},{"damage":7.0,"enemies":"Gremlin Gang","floor":13.0,"turns":2.0},{"damage":64.0,"enemies":"Fading Forest","floor":16.0,"turns":11.0},{"damage":3,"enemies":"Chosen","floor":18,"turns":3},{"damage":0,"enemies":"3 Byrds","floor":20,"turns":2},{"damage":90,"enemies":"Centurion and Healer","floor":21,"turns":11},{"damage":94,"enemies":"Slavers","floor":23,"turns":9},{"damage":73,"enemies":"Book of Stabbing","floor":25,"turns":6},{"damage":0,"enemies":"Sentry and Sphere","floor":28,"turns":2},{"damage":0,"enemies":"3 Cultists","floor":30,"turns":3},{"damage":0,"enemies":"Snecko","floor":31,"turns":2},{"damage":49,"enemies":"Automaton","floor":33,"turns":6}],"seed_played":"-1292545185562298429","potions_obtained":[{"floor":6.0,"key":"LiquidBronze"},{"floor":13.0,"key":"DemoMod:LeadSkinPotion"},{"floor":16.0,"key":"AttackPotion"},{"floor":20,"key":"LiquidBronze"},{"floor":23,"key":"Energy Potion"},{"floor":25,"key":"Adrenaline Potion"},{"floor":30,"key":"Explosive Potion"},{"floor":31,"key":"Toxic Potion"}],"is_trial":false,"path_per_floor":["M","?","?","M","?","M","?","$","T","R","M","M","M","?","R","B",null,"M","?","M","M","?","E","R","E","T","R","M","R","M","M","R","B"],"character_chosen":"IRONCLAD","items_purchased":["NineLifeCat"],"campfire_rested":1,"item_purchase_floors":[17],"current_hp_per_floor":[80,80,60,64,64,70,70,70,70,70,69,69,75,75,75,33,19,16,16,20,14,14,3,10,19,25,25,29,29,33,33,33,0,0],"gold":187,"neow_bonus":"RANDOM_EVENT","is_daily":false,"chose_seed":false,"campfire_upgraded":4,"win_rate":0.0,"timestamp":1614351648,"path_taken":["M","?","?","M","?","M","?","$","T","R","?","M","?","?","R","BOSS","M","?","M","M","?","E","R","E","T","R","M","R","M","M","R","BOSS"],"items_purchased_type":["Relic"],"build_version":"2020-12-22","purchased_purges":1,"victory":false,"max_hp_per_floor":[80,80,80,80,80,80,80,80,80,80,80,80,80,80,80,80,19,19,19,22,22,22,25,25,25,25,25,29,29,33,33,33,33,33],"card_choices":[{"not_picked":[],"picked":"BettingIsNotGood","floor":0.0},{"not_picked":["Headbutt","Havoc"],"picked":"Warcry","floor":1.0},{"not_picked":["Absolvement","Armaments"],"picked":"Run Through","floor":4.0},{"not_picked":["Whirlwind","Clothesline","Life Link"],"picked":"SKIP","floor":6.0},{"not_picked":["Flame Barrier","Battle Trance"],"picked":"Flex","floor":11.0},{"not_picked":["Whirlwind","Armaments"],"picked":"Bludgeon","floor":12.0},{"not_picked":["Pommel Strike","Feel No Pain","Warcry"],"picked":"SKIP","floor":13.0},{"not_picked":["Fiend Fire","Berserk"],"picked":"Feed","floor":16.0},{"not_picked":["Sword Boomerang","Clash+1"],"picked":"Gash","floor":18},{"not_picked":["FTL","ReplayTheSpireMod:Limb From Limb+1"],"picked":"Iron Wave","floor":20},{"not_picked":["Clash","Armaments","Havoc+1"],"picked":"SKIP","floor":21},{"not_picked":["Mirror Shield","Perfected Strike","Clothesline+1"],"picked":"SKIP","floor":23},{"not_picked":["Replay:Undeath\u0027s Touch","Bloodletting"],"picked":"ReplayTheSpireMod:LeadingStrike+1","floor":25},{"not_picked":["Twin Strike","Dark Embrace"],"picked":"Armaments+1","floor":28},{"not_picked":["Massacre","Replay:Undeath\u0027s Touch"],"picked":"Pummel","floor":30},{"not_picked":["Intimidate","Pommel Strike"],"picked":"Flex","floor":31}],"player_experience":197181,"relics_obtained":[{"floor":9.0,"key":"DemoMod:Bottle"},{"floor":23,"key":"Incense Burner"},{"floor":25,"key":"Lantern"},{"floor":26,"key":"YumHeart"},{"floor":32,"key":"UnicornStump"}],"event_choices":[{"cards_removed":["Strike_R"],"damage_healed":0.0,"max_hp_gain":0.0,"max_hp_loss":0.0,"gold_gain":0.0,"event_name":"The Cleric","player_choice":"Card Removal","floor":2.0,"gold_loss":50.0,"damage_taken":0.0},{"damage_healed":0.0,"max_hp_gain":0.0,"max_hp_loss":0.0,"gold_gain":0.0,"event_name":"Golden Idol","player_choice":"Take Damage","floor":3.0,"gold_loss":0.0,"damage_taken":20.0,"relics_obtained":["Golden Idol"]},{"cards_removed":["Self Repair"],"damage_healed":0.0,"max_hp_gain":0.0,"max_hp_loss":0.0,"gold_gain":0.0,"event_name":"NoteForYourself","player_choice":"Took Card","floor":14.0,"gold_loss":0.0,"damage_taken":0.0,"cards_obtained":["Expertise"]},{"damage_healed":0,"gold_gain":0,"player_choice":"Paid Fearfully","damage_taken":0,"max_hp_gain":0,"max_hp_loss":0,"event_name":"Masked Bandits","floor":22,"gold_loss":372}],"is_beta":false,"boss_relics":[{"not_picked":["infinitespire:Burning Sword","Replay:Grab Bag"],"picked":"MagicMushroom"},{"not_picked":[]}],"items_purged_floors":[8],"is_endless":false,"potions_floor_spawned":[6,13,16,20,23,25,30,31],"killed_by":"Automaton","ascension_level":0}}