{"host":"m6rwrrl4vtok99e8","time":1614343171,"event":{"mods":["100% Spire Juice","ATMod(??Mod)","Act Like it!","Aspiration","BaseMod","Colored Powertips","Downfall","Energized Spire","GungeonMod","Hermit","Jedi Mod","Koishi","LagranYue(???·?)","Library of Ruina","Library of Ruina Extra","Lobotomy","Luminous","Marisa????????","Minty Spire (QoL Compilation)","Pale of the Ancients","Quick Restart","Relic Stats","Reliquary","Remilia??????","Replay The Spire","Spicy Shops","StSLib","TestMod","The Servant 0.9.4","Waifu the Spire","Yakumo Yukari mod","??????REMEMod"],"gold_per_floor":[110,110,38,38,38,38,38],"floor_reached":6,"language":"ZHS","playtime":223,"items_purged":[],"score":32,"play_id":"b9c84e3f-c9c2-42ea-8a00-8873e2e8f1a7","local_time":"20210226203931","is_ascension_mode":false,"campfire_choices":[],"circlet_count":0,"master_deck":["SpecialBullet","SpecialBullet","SpecialBullet","SpecialBullet","SpecialBullet","SpecialBullet","SpecialBullet","TrainingCode","SecurityCode","DisciplinaryCode","The Bomb","AT_OneInchPunch","OSAHOGD","Injury"],"relics":["CogitoBucket","AT_ATBox","testmod-TestBox","REME_ComplimentaryCards","LagranYue:RandomDrawCardRelic","testmod-BlackFramedGlasses","reliquary:FingerTrap","Golden Idol"],"acts_visited":["Exordium"],"potions_floor_usage":[],"damage_taken":[{"damage":0,"enemies":"2 Louse","floor":1,"turns":1},{"damage":0,"enemies":"Lagavulin","floor":6,"turns":1}],"seed_played":"-6764301737442421181","potions_obtained":[],"is_trial":false,"path_per_floor":["M","?","$","?","?","E"],"character_chosen":"Angela","items_purchased":["reliquary:FingerTrap"],"campfire_rested":0,"item_purchase_floors":[3],"current_hp_per_floor":[70,70,70,70,70,70,70],"gold":38,"neow_bonus":"REMOVE_CARD","is_daily":false,"chose_seed":false,"campfire_upgraded":0,"win_rate":0.0,"timestamp":1614343171,"path_taken":["M","?","$","?","?","E"],"items_purchased_type":["Relic"],"build_version":"2020-12-22","purchased_purges":0,"victory":false,"max_hp_per_floor":[70,70,70,70,70,70,70],"relic_stats":{"counters":[2,2],"Golden Idol":0,"obtain_stats":[{"CogitoBucket":0,"AT_ATBox":0,"testmod-TestBox":0,"LagranYue:RandomDrawCardRelic":0,"Golden Idol":4,"reliquary:FingerTrap":3,"testmod-BlackFramedGlasses":0,"REME_ComplimentaryCards":0},{"CogitoBucket":0,"AT_ATBox":0,"testmod-TestBox":0,"LagranYue:RandomDrawCardRelic":0,"Golden Idol":1,"reliquary:FingerTrap":1,"testmod-BlackFramedGlasses":0,"REME_ComplimentaryCards":0},{"CogitoBucket":0,"AT_ATBox":0,"testmod-TestBox":0,"LagranYue:RandomDrawCardRelic":0,"Golden Idol":1,"reliquary:FingerTrap":1,"testmod-BlackFramedGlasses":0,"REME_ComplimentaryCards":0}]},"card_choices":[{"not_picked":["VoidDream","CrumblingArmor"],"picked":"OSAHOGD","floor":1},{"not_picked":["Noise","WristCuter"],"picked":"SKIP","floor":1}],"player_experience":52536,"relics_obtained":[],"event_choices":[{"damage_healed":0,"gold_gain":0,"player_choice":"Take Wound","damage_taken":0,"relics_obtained":["Golden Idol"],"max_hp_gain":0,"max_hp_loss":0,"event_name":"Golden Idol","floor":4,"gold_loss":0,"cards_obtained":["Injury"]},{"cards_removed":["Writhe"],"damage_healed":0,"gold_gain":0,"player_choice":"Purged","damage_taken":0,"max_hp_gain":0,"max_hp_loss":0,"event_name":"Purifier","floor":5,"gold_loss":0}],"is_beta":false,"boss_relics":[],"items_purged_floors":[],"is_endless":false,"potions_floor_spawned":[],"killed_by":"Lagavulin","ascension_level":0}}