{"host":"xnjcin1g6gswdgtt","time":1614369805,"event":{"mods":["2.2 Compatiblity","Act Like it!","Arknights","Aspiration","Astrologer","BaseMod","Beaked The Cultist","Better Altar","Better Match","Better Note","Better Sensory Stone","Better Skull","Better Third Choice","Better Vampires","BetterRewards","Bossed Relics","Card Forge","CatGirl Mod","ChefMod","Colored Map","Colored Powertips","Conspire","Dota2Spire","Downfall","Duelist Mod","Elementarium","Energized Spire","Friendly Minions","Gold Saver","Gremlin Mod","GungeonMod","Hero for Fun","Highlight Path","Hubris","Jedi Mod","JesterMod","Marisa????????","Marked Mod","Menagerie","Minty Spire (QoL Compilation)","Pale of the Ancients","QueenMod","Quick Restart","Rare Cards Sparkle","Relic Stats","Reliquary","Replay The Spire","Robot Space Explorer","Ruina","Shade Mod","Shapeshifter Mod","Shop Mod","Small Relic Pack","Smile Girya","Spicy Shops","StSLib","The Alterego","The Animator","The Blue Laboratory","The Clintock","The Construct","The Cursed","The Death Knight","The Disciple","The Dragon Tamer","The Forsaken","The Hierophant","The Marked","The Mystic","The Necromancer","The Poker Player","The Runesmith","The Saiyan","The Servant 0.9.4","The Showman","The Wild Card","TheBandit","TheSwordswoman","TheVacant","Trackpad","Yuri Mod","??????REMEMod"],"gold_per_floor":[140,152,5,230,341,341,372,389,389,406,406,406,421,421,421,520,520,533,102,92,102,0,26,26,26,26,51,61,61,77,91,91,192,192,211,141,155,168,168,168,184,199,199,54,54,73,73,84,84,84,103,119,170,220,220,238,238,84,84,84],"floor_reached":61,"language":"ENG","playtime":10004,"items_purged":[],"score":1515,"play_id":"476324f1-286f-4d4a-b221-005f08b132d0","local_time":"20210226140325","is_ascension_mode":false,"campfire_choices":[{"floor":6,"key":"REST"},{"floor":11,"key":"REST"},{"floor":15,"key":"DIG"},{"floor":24,"key":"RECALL"},{"floor":32,"key":"REST"},{"floor":40,"key":"REST"},{"floor":49,"key":"REST"},{"floor":55,"key":"REST"},{"floor":57,"key":"REST"}],"circlet_count":0,"master_deck":["theDuelist:NaturiaCliff+1","theDuelist:NaturiaRock+1","theDuelist:NaturiaTulip+1","theDuelist:NaturiaBarkion+1","theDuelist:NaturiaRosewhip+1","theDuelist:NaturiaBeetle+1","theDuelist:FutureFusion+1","Menagerie:Staggershock+1","theDuelist:MultiplicationOfAnts+1","theDuelist:NaturiaRagweed+1","theDuelist:NaturiaLandoise+1","Elementarium:GildedEssence+1","theDuelist:NaturiaRagweed+1","theDuelist:Mudora+1","theDuelist:NaturiaMarron+1","theDuelist:RedMedicine+8","theDuelist:NaturiaForest+1","Adrenaline+1","theDuelist:GracefulCharity+1","theDuelist:MillenniumScorpion+1","theDuelist:SeedSacredTree+1","theDuelist:NaturiaWhiteOak+1","Panache+1","theDuelist:Terraforming+1","theDuelist:NaturiaRock+1"],"relics":["theDuelist:MillenniumPuzzle","Hammer of Thor","Seething Fire","Anvil of the Gods","REME_ComplimentaryCards","theDuelist:ShopToken","jedi:heavyjacket","Dota2Spire:MaskOfMadness","PreservedInsect","Strawberry","Golden Egg","Honey Jar","relicPack:SpireResearchBook","MerchantsRug","Elementarium:HuntersBracer","Replay:Bottled Steam","Replay:Bottled Snecko","reliquary:Spinner","Elementarium:ElementariumTrophy","conspire:SlowCooker","Frozen Eye","theDuelist:CardRewardRelicI","Bottled Flame","Tough Bandages","reliquary:WeakTea","theDuelist:MillenniumArmor","Mercury Hourglass","Replay:Frozen Program","paleoftheancients:Timepiece","paleoftheancients:KeyRelic","Ice Cream","paleoftheancients:SoulOfTheCollector","DemoMod:ResourcefulSack","REME_IWantAll","hubris:64BitClover","reliquary:Buckler","Eternal Feather"],"acts_visited":["Menagerie:Menagerie","Elementarium:Elementarium","TheBeyond","paleoftheancients:PaleOfTheAncients"],"potions_floor_usage":[16,16,48,50,52,60],"damage_taken":[{"damage":2,"enemies":"Menagerie:MonstrousExperiment","floor":1,"turns":4},{"damage":0,"enemies":"Menagerie:StygianBoar","floor":2,"turns":3},{"damage":5,"enemies":"Menagerie:VoidReaper","floor":7,"turns":4},{"damage":0,"enemies":"Menagerie:2_RABBITS","floor":8,"turns":3},{"damage":0,"enemies":"Menagerie:RedMage","floor":10,"turns":4},{"damage":1,"enemies":"Menagerie:DREAD_MOTH_AND_GRAFTED_WORMS","floor":13,"turns":3},{"damage":3,"enemies":"Menagerie:AVATARS","floor":16,"turns":4},{"damage":0,"enemies":"Elementarium:2_ELEMENTALS","floor":18,"turns":3},{"damage":3,"enemies":"Elementarium:Cyclone","floor":21,"turns":4},{"damage":0,"enemies":"Elementarium:ElementalPortal","floor":23,"turns":4},{"damage":0,"enemies":"Elementarium:WarGolem","floor":27,"turns":4},{"damage":0,"enemies":"Elementarium:Hydrostalker","floor":28,"turns":6},{"damage":0,"enemies":"Elementarium:STONE_GOLEMS","floor":30,"turns":3},{"damage":6,"enemies":"Elementarium:VoidBeast","floor":31,"turns":4},{"damage":0,"enemies":"Elementarium:GolemEmperor","floor":33,"turns":7},{"damage":0,"enemies":"Orb Walker","floor":35,"turns":4},{"damage":0,"enemies":"3 Shapes","floor":37,"turns":3},{"damage":0,"enemies":"Jaw Worm Horde","floor":38,"turns":4},{"damage":0,"enemies":"Spire Growth","floor":41,"turns":4},{"damage":0,"enemies":"3 Darklings","floor":42,"turns":3},{"damage":0,"enemies":"Maw","floor":46,"turns":5},{"damage":0,"enemies":"Writhing Mass","floor":48,"turns":4},{"damage":55,"enemies":"conspire:OrnateMirror","floor":50,"turns":7},{"damage":0,"enemies":"conspire:OrnateMirror","floor":51,"turns":5},{"damage":0,"enemies":"conspire:OrnateMirror","floor":52,"turns":5},{"damage":0,"enemies":"conspire:OrnateMirror","floor":53,"turns":5},{"damage":0,"enemies":"conspire:OrnateMirror","floor":56,"turns":5},{"damage":358,"enemies":"paleoftheancients:N","floor":60,"turns":7}],"seed_played":"3459235560109671515","potions_obtained":[{"floor":2,"key":"theDuelist:WaterBottle"},{"floor":10,"key":"theDuelist:WhiteBottle"},{"floor":16,"key":"theDuelist:TokenPotionB"},{"floor":18,"key":"theDuelist:TokenPotion"},{"floor":31,"key":"blueLaboratory:SavagePotion"},{"floor":33,"key":"jedi:StrikingPotion"},{"floor":37,"key":"Energy Potion"},{"floor":42,"key":"PowerPotion"},{"floor":48,"key":"SpeedPotion"},{"floor":51,"key":"blueLaboratory:HorrorPotion"}],"is_trial":false,"path_per_floor":["M","M","$","?","?","R","E","M","T","M","R","?","M","?","R_BF","B",null,"M","$","?","M","?","E","R","?","T","E","M","?","M","M","R","B",null,"M","$","M","M","?","R","M","M","T","$","?","M","?","M","R","B","M","M","?","T","R","M","R","$","?","B",null],"character_chosen":"THE_DUELIST","items_purchased":["theDuelist:ShopToken","jedi:heavyjacket","relicPack:SpireResearchBook","theDuelist:NaturiaRagweed","theDuelist:NaturiaLandoise","MerchantsRug","Frozen Eye","theDuelist:CardRewardRelicI","Bottled Flame","Tough Bandages","Replay:Frozen Program","theDuelist:SeedSacredTree","theDuelist:VoidBottle","Eternal Feather"],"campfire_rested":7,"item_purchase_floors":[3,3,19,19,19,19,36,36,36,36,44,44,58,58],"current_hp_per_floor":[82,82,82,82,37,62,64,66,66,66,91,86,85,85,85,86,95,99,99,99,100,99,99,99,99,99,99,99,99,99,93,99,99,99,99,99,99,99,54,83,83,83,83,83,83,83,95,99,108,118,118,118,118,118,118,118,118,118,118,118],"gold":84,"neow_bonus":"RANDOM_COLORLESS_2","is_daily":false,"chose_seed":false,"campfire_upgraded":0,"win_rate":0.0,"timestamp":1614369805,"path_taken":["M","M","$","?","?","R","E","?","T","?","R","?","M","?","R_BF","BOSS","M","$","?","M","?","E","R","?","T","E","M","?","?","M","R","BOSS","M","$","?","M","?","R","M","?","T","$","?","?","?","M","R","BOSS","M","M","?","T","R","M","R","$","?","BOSS"],"items_purchased_type":["Relic","Relic","Relic","Card","Card","Relic","Relic","Relic","Relic","Relic","Relic","Card","Potion","Relic"],"build_version":"2020-12-22","purchased_purges":0,"victory":true,"max_hp_per_floor":[84,84,84,84,84,84,91,91,91,91,91,91,91,91,91,95,95,99,99,99,103,99,99,99,99,99,99,99,99,99,99,99,99,99,99,99,99,99,99,99,99,99,99,99,99,99,111,108,108,118,118,118,118,118,118,118,118,118,118,118],"relic_stats":{"Tough Bandages":[18],"counters":[28,121],"Eternal Feather":0,"PreservedInsect":85,"obtain_stats":[{"theDuelist:CardRewardRelicI":36,"theDuelist:MillenniumArmor":39,"Ice Cream":50,"Dota2Spire:MaskOfMadness":5,"Golden Egg":15,"Hammer of Thor":0,"DemoMod:GlassGuonStoneRelic":2,"Elementarium:HuntersBracer":22,"theDuelist:MillenniumPuzzle":0,"REME_IWantAll":53,"relicPack:SpireResearchBook":19,"Frozen Eye":36,"theDuelist:BoosterPackPoolRelic":0,"Tough Bandages":36,"Replay:Frozen Program":44,"Strawberry":7,"Honey Jar":17,"reliquary:Buckler":54,"theDuelist:CardPoolAddRelic":0,"theDuelist:CardPoolOptionsRelic":0,"Replay:Bottled Snecko":26,"theDuelist:CardPoolRelic":0,"Replay:Bottled Steam":23,"MerchantsRug":19,"paleoftheancients:KeyRelic":50,"hubris:64BitClover":53,"Eternal Feather":58,"PreservedInsect":5,"conspire:SlowCooker":34,"theDuelist:CardPoolSaveRelic":0,"Seething Fire":0,"reliquary:Spinner":27,"reliquary:WeakTea":39,"theDuelist:ShopToken":3,"Mercury Hourglass":43,"paleoftheancients:Timepiece":50,"jedi:heavyjacket":3,"theDuelist:CardPoolMinusRelic":0,"Bottled Flame":36,"Elementarium:ElementariumTrophy":33,"Anvil of the Gods":0,"theDuelist:CardPoolBasicRelic":0,"DemoMod:ResourcefulSack":53,"paleoftheancients:SoulOfTheCollector":51,"REME_ComplimentaryCards":0},{"theDuelist:CardRewardRelicI":16,"theDuelist:MillenniumArmor":18,"Ice Cream":23,"Dota2Spire:MaskOfMadness":2,"Golden Egg":6,"Hammer of Thor":0,"DemoMod:GlassGuonStoneRelic":2,"Elementarium:HuntersBracer":9,"theDuelist:MillenniumPuzzle":0,"REME_IWantAll":26,"relicPack:SpireResearchBook":8,"Frozen Eye":16,"theDuelist:BoosterPackPoolRelic":0,"Tough Bandages":16,"Replay:Frozen Program":20,"Strawberry":3,"Honey Jar":7,"reliquary:Buckler":26,"theDuelist:CardPoolAddRelic":0,"theDuelist:CardPoolOptionsRelic":0,"Replay:Bottled Snecko":10,"theDuelist:CardPoolRelic":0,"Replay:Bottled Steam":10,"MerchantsRug":8,"paleoftheancients:KeyRelic":23,"hubris:64BitClover":26,"Eternal Feather":27,"PreservedInsect":2,"conspire:SlowCooker":15,"theDuelist:CardPoolSaveRelic":0,"Seething Fire":0,"reliquary:Spinner":11,"reliquary:WeakTea":18,"theDuelist:ShopToken":2,"Mercury Hourglass":20,"paleoftheancients:Timepiece":23,"jedi:heavyjacket":2,"theDuelist:CardPoolMinusRelic":0,"Bottled Flame":16,"Elementarium:ElementariumTrophy":15,"Anvil of the Gods":0,"theDuelist:CardPoolBasicRelic":0,"DemoMod:ResourcefulSack":26,"paleoftheancients:SoulOfTheCollector":24,"REME_ComplimentaryCards":0},{"theDuelist:CardRewardRelicI":64,"theDuelist:MillenniumArmor":71,"Ice Cream":94,"Dota2Spire:MaskOfMadness":7,"Golden Egg":21,"Hammer of Thor":0,"DemoMod:GlassGuonStoneRelic":7,"Elementarium:HuntersBracer":32,"theDuelist:MillenniumPuzzle":0,"REME_IWantAll":109,"relicPack:SpireResearchBook":28,"Frozen Eye":64,"theDuelist:BoosterPackPoolRelic":0,"Tough Bandages":64,"Replay:Frozen Program":78,"Strawberry":11,"Honey Jar":25,"reliquary:Buckler":109,"theDuelist:CardPoolAddRelic":0,"theDuelist:CardPoolOptionsRelic":0,"Replay:Bottled Snecko":36,"theDuelist:CardPoolRelic":0,"Replay:Bottled Steam":36,"MerchantsRug":28,"paleoftheancients:KeyRelic":94,"hubris:64BitClover":109,"Eternal Feather":114,"PreservedInsect":7,"conspire:SlowCooker":60,"theDuelist:CardPoolSaveRelic":0,"Seething Fire":0,"reliquary:Spinner":40,"reliquary:WeakTea":71,"theDuelist:ShopToken":7,"Mercury Hourglass":78,"paleoftheancients:Timepiece":94,"jedi:heavyjacket":7,"theDuelist:CardPoolMinusRelic":0,"Bottled Flame":64,"Elementarium:ElementariumTrophy":60,"Anvil of the Gods":0,"theDuelist:CardPoolBasicRelic":0,"DemoMod:ResourcefulSack":109,"paleoftheancients:SoulOfTheCollector":99,"REME_ComplimentaryCards":0}],"Mercury Hourglass":[195]},"card_choices":[{"not_picked":["ReplayTheSpireMod:Brewmster","Panache"],"picked":"DemoMod:Invincible","floor":0},{"not_picked":["theDuelist:DemiseLand","theDuelist:HuntingInstinct","theDuelist:Canyon","theDuelist:NaturiaHorneedle"],"picked":"theDuelist:NaturiaBarkion","floor":1},{"not_picked":["theDuelist:ClosedForest","theDuelist:HeartUnderdog"],"picked":"theDuelist:Canyon","floor":2},{"not_picked":["theDuelist:NaturiaHydrangea","theDuelist:NaturiaEggplant","theDuelist:NaturiaStinkbug","theDuelist:NaturiaLandoise"],"picked":"theDuelist:NaturiaRosewhip","floor":7},{"not_picked":["theDuelist:NaturiaBrambi+1","theDuelist:HuntingInstinct+1"],"picked":"theDuelist:NaturiaBeetle+1","floor":8},{"not_picked":["theDuelist:GraniteLoyalist","theDuelist:WeepingIdol","theDuelist:CatapultZone","theDuelist:Wiretap"],"picked":"theDuelist:FutureFusion","floor":10},{"not_picked":["theDuelist:NaturiaHydrangea","theDuelist:NaturiaDragonfly","theDuelist:NaturiaCliff","theDuelist:NaturiaExterio"],"picked":"theDuelist:NaturiaEggplant","floor":13},{"not_picked":["theDuelist:SeismicShockwave","theDuelist:NaturiaVein","theDuelist:NaturiaBarkion","theDuelist:Wildfire"],"picked":"theDuelist:MultiplicationOfAnts","floor":16},{"not_picked":["theDuelist:NaturiaHydrangea","theDuelist:NaturiaEggplant+1","theDuelist:NaturiaCliff","theDuelist:NaturiaBeetle"],"picked":"theDuelist:NaturiaDragonfly+1","floor":18},{"not_picked":["theDuelist:NaturiaHydrangea","theDuelist:NaturiaDragonfly","theDuelist:NaturiaMantis","theDuelist:SangaEarth"],"picked":"theDuelist:NaturiaRagweed","floor":21},{"not_picked":["theDuelist:AttackTheMoon","theDuelist:GraniteLoyalist","theDuelist:Blockman","theDuelist:WingedKuriboh"],"picked":"theDuelist:Mudora","floor":23},{"not_picked":["theDuelist:NaturiaRock","theDuelist:NaturiaGaiastrio","theDuelist:NaturiaLandoise+1","theDuelist:NaturiaCliff"],"picked":"theDuelist:CrystalRose","floor":27},{"not_picked":["theDuelist:WildNatureRelease","theDuelist:BottomlessTrapHole"],"picked":"theDuelist:SeismicShockwave","floor":28},{"not_picked":["theDuelist:BigFire","theDuelist:GemArmadillo","theDuelist:Reload+1","theDuelist:Wiretap"],"picked":"theDuelist:RedMedicine","floor":30},{"not_picked":["theDuelist:NaturiaVein+1","theDuelist:HuntingInstinct","theDuelist:ClosedForest","theDuelist:HeartUnderdog"],"picked":"theDuelist:MultiplicationOfAnts","floor":31},{"not_picked":["theDuelist:NaturiaVein","theDuelist:ClosedForest","theDuelist:Canyon","theDuelist:HeartUnderdog"],"picked":"theDuelist:NaturiaForest","floor":33},{"not_picked":["theDuelist:SeismicShockwave+1","theDuelist:ClosedForest"],"picked":"theDuelist:NaturiaBarkion","floor":35},{"not_picked":["theDuelist:WildNatureRelease","theDuelist:VenomShot","theDuelist:LuminousMoss","theDuelist:FossilDig"],"picked":"theDuelist:GracefulCharity","floor":37},{"not_picked":["theDuelist:AttackTheMoon","theDuelist:DummyGolem+1","theDuelist:GraniteLoyalist+1","theDuelist:ChangeHeart"],"picked":"theDuelist:MillenniumScorpion+1","floor":38},{"not_picked":["theDuelist:NaturiaEggplant+1","theDuelist:NaturiaDragonfly+1","theDuelist:NaturiaButterfly+1","theDuelist:NaturiaBeetle"],"picked":"theDuelist:GracefulCharity","floor":41},{"not_picked":["theDuelist:NaturiaDragonfly+1","theDuelist:NaturiaTulip+1","theDuelist:NaturiaRock+1","theDuelist:FossilDig+1"],"picked":"theDuelist:NaturiaRosewhip","floor":42},{"not_picked":["theDuelist:FuryFire+1","theDuelist:WormBait","theDuelist:SpacetimeTranscendence","theDuelist:LeodrakeMane"],"picked":"theDuelist:VenomShot+1","floor":46},{"not_picked":["theDuelist:NaturiaHydrangea+1","theDuelist:NaturiaEggplant+1","theDuelist:NaturiaMantis","theDuelist:GracefulCharity"],"picked":"theDuelist:LonefireBlossom+1","floor":48},{"not_picked":["theDuelist:NaturiaHydrangea+1","theDuelist:NaturiaExterio+1","theDuelist:NaturiaButterfly+1","theDuelist:NaturiaRagweed+1"],"picked":"theDuelist:NaturiaWhiteOak+1","floor":51},{"not_picked":["Discovery+1","PanicButton+1","Secret Technique+1"],"picked":"Panache+1","floor":52},{"not_picked":["theDuelist:MudragonSwamp+1","theDuelist:MillenniumScorpion+1","theDuelist:PotAvarice+1","theDuelist:HeavyStorm+1"],"picked":"theDuelist:Terraforming+1","floor":53},{"not_picked":["theDuelist:NaturiaGaiastrio+1","theDuelist:CrystalRose+1","theDuelist:NaturiaLandoise+1","theDuelist:NaturiaCliff+1"],"picked":"theDuelist:NaturiaRock+1","floor":56}],"player_experience":293527,"relics_obtained":[{"floor":7,"key":"Strawberry"},{"floor":15,"key":"Golden Egg"},{"floor":23,"key":"Replay:Bottled Steam"},{"floor":26,"key":"Replay:Bottled Snecko"},{"floor":27,"key":"reliquary:Spinner"},{"floor":43,"key":"Mercury Hourglass"},{"floor":51,"key":"paleoftheancients:SoulOfTheCollector"},{"floor":53,"key":"DemoMod:ResourcefulSack"},{"floor":53,"key":"REME_IWantAll"},{"floor":53,"key":"hubris:64BitClover"},{"floor":54,"key":"reliquary:Buckler"}],"event_choices":[{"damage_healed":0,"gold_gain":225,"player_choice":"Raid","damage_taken":0,"max_hp_gain":0,"max_hp_loss":0,"event_name":"Menagerie:SpiderNest","floor":4,"gold_loss":0,"cards_obtained":["Shame"]},{"damage_healed":0,"gold_gain":111,"player_choice":"RE RE GO ","damage_taken":50,"relics_obtained":["Dota2Spire:MaskOfMadness","PreservedInsect"],"max_hp_gain":0,"max_hp_loss":0,"event_name":"betterSkull:BetterSkull","floor":5,"gold_loss":0,"cards_upgraded":[]},{"damage_healed":0,"gold_gain":0,"player_choice":"Accept","damage_taken":0,"max_hp_gain":0,"max_hp_loss":5,"event_name":"Menagerie:HarrowingRitual","floor":12,"gold_loss":0},{"damage_healed":0,"gold_gain":0,"cards_transformed":["theDuelist:Canyon"],"player_choice":"Grasp","damage_taken":0,"max_hp_gain":0,"max_hp_loss":0,"event_name":"Menagerie:MagesHand","floor":14,"gold_loss":0,"cards_obtained":["Menagerie:Staggershock"]},{"damage_healed":0,"gold_gain":0,"player_choice":"Toss","damage_taken":0,"max_hp_gain":0,"max_hp_loss":0,"event_name":"Elementarium:OnrushingOffering","floor":20,"gold_loss":10,"cards_obtained":["Elementarium:GildedEssence"]},{"damage_healed":0,"gold_gain":0,"player_choice":"Sling","damage_taken":0,"relics_obtained":["Elementarium:HuntersBracer"],"max_hp_gain":0,"max_hp_loss":4,"event_name":"Elementarium:BigGameHunter","floor":22,"gold_loss":102},{"damage_healed":0,"gold_gain":0,"player_choice":"RE RE ","damage_taken":49,"relics_obtained":["reliquary:WeakTea","theDuelist:MillenniumArmor"],"max_hp_gain":0,"max_hp_loss":0,"event_name":"betterSkull:BetterSkull","floor":39,"gold_loss":0,"cards_upgraded":[]},{"damage_healed":0,"gold_gain":0,"player_choice":"Ignored","damage_taken":0,"max_hp_gain":0,"max_hp_loss":0,"event_name":"Upgrade Shrine","floor":45,"gold_loss":0},{"damage_healed":0,"gold_gain":0,"player_choice":"Break - +12 Max HP","duelist":true,"damage_taken":0,"max_hp_gain":0,"max_hp_loss":0,"event_name":"Tomb of the Nameless","floor":47,"gold_loss":0},{"damage_healed":0,"gold_gain":0,"player_choice":"Fight","duelist":true,"damage_taken":0,"max_hp_gain":0,"max_hp_loss":0,"event_name":"Battle City","floor":53,"gold_loss":0}],"is_beta":false,"boss_relics":[{"not_picked":["bronze:MakeshiftBattery","reliquary:Ember"],"picked":"Honey Jar"},{"not_picked":["trackpad:Coffee","relicPack:KazumaCape"],"picked":"conspire:SlowCooker"}],"items_purged_floors":[],"is_endless":false,"potions_floor_spawned":[2,10,16,18,31,33,37,42,48,51],"ascension_level":0}}