{"host":"bvr4vhlu71s3njyz","time":1614305939,"event":{"mods":["2.2 Compatiblity","AchievementEnabler","Act Like it!","Aspiration","Astrologer","Bard","BaseMod","Beaked The Cultist","Better Altar","Better Match","Better Note","Better Sensory Stone","Better Skull","Better Third Choice","CCEM2","Conjunction","Downfall","Fiend Mod","Friendly Minions","Gremlin Mod","GungeonMod","Hallownest","Hermit","Hubris","Infinite Spire","Jorbs\u0027s Wanderer Trilogy","Library of Ruina","Mad Scientist","Mimic Mod","Minty Spire (QoL Compilation)","Potionbrewer","Quarter Circle Forward PUNCH!","QueenMod","Replay The Spire","Robot Space Explorer","Shade Mod","Shedinja","Slumbering Mod","Spire Arcade","StSLib","The Blackbeard","The Bladedancer","The Bug Knight","The Caster","The Clintock","The Construct","The Cursed","The Dragon Tamer","The Dragonkin","The Exalted","The Forsaken","The Hayseed","The Hierophant","The Judge","The Marked","The Mystic","The Necromancer","The Poker Player","The Runesmith","The Sage","The Showman","TheFirefly","TheSurvivalist","TheVacant","Trackpad","Wandering Minibosses","thorton"],"gold_per_floor":[218,293,304,304,316,316,327,327,366,366,63,80,95,95,95,195,195,206,206,190,202,143,143,43,75,114,148,148,148,148,162,162,264,364,381,428,428,428,428,456,456,456,456,475,475,489,571,583,583,583],"floor_reached":51,"language":"ENG","playtime":4369,"items_purged":["Amnesia","Burn"],"score":928,"play_id":"513f9f64-dbcd-491b-b42b-ff18e9f29cca","local_time":"20210225211859","is_ascension_mode":false,"campfire_choices":[{"data":"SunsetBlade","floor":6,"key":"SMITH"},{"data":"EnergyCycle","floor":8,"key":"SMITH"},{"data":"ChargeAndCover","floor":10,"key":"SMITH"},{"data":"Dodge","floor":15,"key":"SMITH"},{"floor":23,"key":"REST"},{"floor":32,"key":"REST"},{"floor":45,"key":"REST"}],"circlet_count":0,"master_deck":["Dodge+1","LightDefense","LightAttack","LightAttack","LightAttack","LightDefense","LightDefense","ChargeAndCover+1","FocusedStrikes","EnergyCycle+1","SunsetBlade+1","Struggle","Riposte","FervidEmotions","Parry2","DefenseOrder","FleetFootsteps","MindPrepared","Observe","FendThisOffIfYouCan","ViolentFlame","ButterflySlash+1","TendonChords","RatsGuideToSurvival+1","BindingArms","Thirst","EnergyBeam","SmokingPipe","Tttonst","SuppressingShot+1","The Bomb","Finesse+1","GatherIntel","SweepTheBackstreets+1","GrazeTheGrass","Unlock1"],"relics":["PageOfLibrarian","CCEMRelics:BundleOfDynamite","Lee\u0027s Waffle","hubris:Backtick","CCEMRelics:GrapeVine","CCEMRelics:WhiteRose","PageOfScorchedGirl","Regal Pillow","aspiration:RitualStick","Replay:Wanted Poster","Bag of Preparation","Gremlin Food","hubris:CuriousFeather","trackpad:WritersBlock","sagemod:Singing_Vial"],"acts_visited":["Exordium","TheCity","TheBeyond"],"potions_floor_usage":[7,16,25,33,37,44,44],"damage_taken":[{"damage":0,"enemies":"theSlumbering:NewCultist","floor":1,"turns":3},{"damage":0,"enemies":"2 Louse","floor":3,"turns":4},{"damage":15,"enemies":"Jaw Worm","floor":5,"turns":4},{"damage":2,"enemies":"Red Slaver","floor":7,"turns":6},{"damage":0,"enemies":"Looter","floor":9,"turns":9},{"damage":0,"enemies":"Looter","floor":12,"turns":4},{"damage":8,"enemies":"2 Fungi Beasts","floor":13,"turns":6},{"damage":9,"enemies":"Slime Boss","floor":16,"turns":17},{"damage":5,"enemies":"3 Byrds","floor":18,"turns":5},{"damage":17,"enemies":"2 Thieves","floor":20,"turns":5},{"damage":27,"enemies":"Snake Plant","floor":21,"turns":5},{"damage":21,"enemies":"Slavers","floor":25,"turns":6},{"damage":0,"enemies":"Sentry and Sphere","floor":26,"turns":8},{"damage":5,"enemies":"HollowMod:Nosk","floor":27,"turns":9},{"damage":14,"enemies":"Sentry and Sphere","floor":31,"turns":6},{"damage":0,"enemies":"Champ","floor":33,"turns":8},{"damage":14,"enemies":"Orb Walker","floor":35,"turns":4},{"damage":37,"enemies":"Nemesis","floor":40,"turns":5},{"damage":27,"enemies":"3 Darklings","floor":44,"turns":5},{"damage":8,"enemies":"Maw","floor":46,"turns":6},{"damage":10,"enemies":"Spire Growth","floor":48,"turns":5},{"damage":29,"enemies":"TheAcolyte","floor":50,"turns":7}],"seed_played":"657969411668985842","potions_obtained":[{"floor":3,"key":"Adrenaline Potion"},{"floor":5,"key":"Fruit Juice"},{"floor":16,"key":"Reflective Coating"},{"floor":20,"key":"potionbrewer:DiscountPotion"},{"floor":27,"key":"LiquidMemories"},{"floor":33,"key":"SpeedPotion"},{"floor":35,"key":"potionbrewer:BarricadePotion"},{"floor":36,"key":"Fruit Juice"}],"is_trial":false,"path_per_floor":["M","?","M","?","M","R","M","R","MIM","R","$","M","M","?","R","B",null,"M","?","M","M","?","R","$","E","MIM","E","?","R","?","M","R","B",null,"M","?","?","T","?","E","R","?","T","M","R","M","T","M","R","B",null],"character_chosen":"Librarian","items_purchased":["Parry2","Lee\u0027s Waffle","DefenseOrder"],"campfire_rested":3,"item_purchase_floors":[11,11,11],"current_hp_per_floor":[60,60,60,60,45,45,48,48,48,48,77,75,67,67,67,58,97,74,74,57,30,50,79,79,58,61,59,59,59,40,26,70,72,83,69,69,74,74,74,52,52,52,52,39,83,90,90,80,80,66],"gold":583,"neow_bonus":"HUNDRED_GOLD","is_daily":false,"chose_seed":false,"campfire_upgraded":4,"win_rate":0.0,"timestamp":1614305939,"path_taken":["M","?","M","?","M","R","M","R","MIM","R","$","M","?","?","R","BOSS","M","?","M","M","?","R","$","E","MIM","E","?","R","?","M","R","BOSS","M","?","?","?","?","E","R","?","T","M","R","?","?","M","R","BOSS"],"items_purchased_type":["Card","Relic","Card"],"build_version":"2020-12-22","purchased_purges":2,"victory":true,"max_hp_per_floor":[62,62,68,68,65,68,70,70,68,70,77,75,80,80,77,97,97,74,74,79,86,86,97,97,101,82,87,87,97,97,74,97,83,83,94,94,99,99,99,80,99,99,99,101,99,112,112,87,112,112],"card_choices":[{"not_picked":["ToOvercomeCrisis","Slice_lor","DesperateStruggle","Diversion","Parry","BiteOff","Unlock1","CumulusWall"],"picked":"EnergyCycle","floor":1},{"not_picked":["Diversion","QuickAttack","EndlessBattle","HighKick","ToOvercomeCrisis","NightInTheBackstreets","EnergyShield","Ripple"],"picked":"SunsetBlade","floor":3},{"not_picked":["GuardingStance","SpearedSweep","DesperateStruggle","PinpointShot","Diversion","ReadyUp","RhinoRam","EnergyShield"],"picked":"Struggle","floor":5},{"not_picked":["HiddenBlade","Concentration","PinpointShot","FrontalAssault","DevastatingThrash","Rewind","TendonChords","Overcharge"],"picked":"Riposte","floor":7},{"not_picked":["Rewind","BiAn","WaitUp","QuickAttack","PreparedMind","UnavoidableGaze","Disposal","Pound"],"picked":"FervidEmotions","floor":9},{"not_picked":["RapidGashes","AsThePrescriptOrders","Multislash","GaleKick","PreparedMind","PinpointShot","Eliminate","ExtremeEdge"],"picked":"FleetFootsteps","floor":12},{"not_picked":["EnergyCycle","Reload","QuickSuppression","BindingChains","LossOfSenses","SetFire","ReadyUp","PreemptiveStrike"],"picked":"MindPrepared","floor":13},{"not_picked":["TrashDisposal","BlazingStrike"],"picked":"Observe","floor":16},{"not_picked":["QuickAttack+1","LossOfSenses","PinpointShot+1","HighKick+1","Wallop_lor","MultiHit+1","Bvapour","FaintMemories"],"picked":"FendThisOffIfYouCan","floor":18},{"not_picked":["Outburst","FlamingDragonFist","IngredientHunt","WillOfThePrescript","StrongStrike","TendonChords","UnavoidableGaze","HandleRequest+1"],"picked":"ViolentFlame","floor":20},{"not_picked":["GreatSerpentsImpact","Concentration","BiAn+1","DesperateStruggle","SweepTheBackstreets+1","LeRegole","CookingPrep","UpbeatPerformance"],"picked":"ButterflySlash+1","floor":21},{"not_picked":["Reload","ClassAndRespect","SerpentineBarrier","AGoldenOpportunity","LawAndOrder","PreemptiveStrike","BoundaryOfDeath","SpearedSweep+1"],"picked":"TendonChords","floor":25},{"not_picked":["Zzzzzap","ForcefulGesture","EndlessBattle","FierceCharge+1","SnakeSlit","FleetFootsteps","FocusFire","Parry"],"picked":"RatsGuideToSurvival+1","floor":26},{"not_picked":["Commandeering","SuppressingShot","Rewind","SpearedSweep","QuickSuppression+1","FleetFootsteps","FleetEdge","StrongStrike"],"picked":"BindingArms","floor":27},{"not_picked":["Multislash","UnavoidableGaze","GuidanceOfTheGears","SomberProcuration+1","BiAn","HardRehearsal","FlashingStrike","LeRegole"],"picked":"Thirst","floor":31},{"not_picked":["Cruelty","RepressedFlesh"],"picked":"EnergyBeam","floor":33},{"not_picked":["Parry2","EnergyStrike","RushDown+1","UnavoidableGaze+1","Decapitation","Quickness+1","Pound+1","ClassAndRespect+1"],"picked":"SmokingPipe","floor":35},{"not_picked":["HandleRequest","TrimTheIngredients","DimensionalRift","SerpentineBarrier+1","Parry+1","UnavoidableGaze+1","NightInTheBackstreets","HiddenBlade+1"],"picked":"Tttonst","floor":36},{"not_picked":["Thirst+1","ChiWen","HiddenBlade","StrikeDown","UndertakePrescript+1","Parry2","SerpentSwordTechnique","DefenseOrder+1"],"picked":"SuppressingShot+1","floor":36},{"not_picked":["ReplayTheSpireMod:Trickstab","Flash of Steel","Blind","Good Instincts","hubris:Ssssneak","Mind Blast","Survey Options","Secret Weapon"],"picked":"The Bomb","floor":37},{"not_picked":["DemoMod:Spice","hubris:Ssssneak","theSlumbering:StoneHearth","Jack Of All Trades","theSlumbering:BombToss","Poisoned Strike","Specialist","Transmutation"],"picked":"Finesse","floor":37},{"not_picked":["DesperateStruggle","BiteOff+1","DeepDrag","Thirst","NightInTheBackstreets+1","HighKick+1","Leap_lor","MultiHit+1"],"picked":"GatherIntel","floor":40},{"not_picked":["StrongStrike","GuardingStance+1","Preparation+1","AsThePrescriptOrders+1","Standoff","WillOfThePrescript+1","Diversion+1","RapidGashes"],"picked":"SweepTheBackstreets+1","floor":44},{"not_picked":["BoundaryOfDeath","Creak","RulesOfTheBackstreets+1","Rewind+1","LossOfSenses","HandleRequest","MultiBlock+1","StrikeDown+1"],"picked":"GrazeTheGrass","floor":46},{"not_picked":["FleetEdge","SunsetBlade","SpearedSweep+1","FierceOnslaught","GrazeTheGrass","SnakesPrey","Rewind","TheRedNotes"],"picked":"Unlock1","floor":48}],"player_experience":1288285,"relics_obtained":[{"floor":9,"key":"CCEMRelics:BundleOfDynamite"},{"floor":25,"key":"CCEMRelics:WhiteRose"},{"floor":26,"key":"PageOfScorchedGirl"},{"floor":27,"key":"Regal Pillow"},{"floor":36,"key":"Bag of Preparation"},{"floor":38,"key":"Gremlin Food"},{"floor":40,"key":"hubris:CuriousFeather"},{"floor":43,"key":"trackpad:WritersBlock"},{"floor":47,"key":"sagemod:Singing_Vial"}],"event_choices":[{"damage_healed":0,"gold_gain":0,"player_choice":"Ignored","damage_taken":0,"max_hp_gain":0,"max_hp_loss":0,"event_name":"Transmorgrifier","floor":14,"gold_loss":0},{"damage_healed":0,"gold_gain":0,"player_choice":"Ignored","damage_taken":0,"max_hp_gain":0,"max_hp_loss":0,"event_name":"betterNote:BetterNote","floor":19,"gold_loss":0,"cards_obtained":["Iron Wave"]},{"damage_healed":0,"gold_gain":3,"player_choice":"1","damage_taken":0,"max_hp_gain":0,"max_hp_loss":0,"event_name":"betterStone:BetterStone","floor":37,"gold_loss":0},{"cards_removed":["LightDefense"],"damage_healed":0,"gold_gain":0,"player_choice":"Removed Skill","damage_taken":0,"max_hp_gain":0,"max_hp_loss":0,"event_name":"Falling","floor":42,"gold_loss":0}],"is_beta":false,"boss_relics":[{"not_picked":["hubris:CrackedHourglass","Black Star"],"picked":"hubris:Backtick"},{"not_picked":["ChewingGum","hubris:RunicObelisk"],"picked":"Replay:Wanted Poster"}],"items_purged_floors":[11,24],"is_endless":false,"potions_floor_spawned":[3,5,16,20,27,33,35],"ascension_level":0}}