{"host":"qr2g7zkkpfnbizu6","time":1614337133,"event":{"mods":["BaseMod","Jorbs\u0027s Wanderer Trilogy","Minty Spire (QoL Compilation)","Quick Restart","StSLib","The Hierophant"],"gold_per_floor":[115,115,33,33,208,251,251,302,302,302,305,61,122,47,47,216,216,211,211,18,18,18,18],"floor_reached":22,"language":"ZHS","playtime":5579,"items_purged":["Doubt"],"score":196,"play_id":"d45864f4-6211-4194-a33b-ef388d7dea51","local_time":"20210226185853","is_ascension_mode":false,"campfire_choices":[{"data":"hierophant:EyeForCoin","floor":7.0,"key":"SMITH"},{"data":"hierophant:WrathOfGod","floor":15.0,"key":"SMITH"}],"circlet_count":0,"master_deck":["hierophant:Strike_Hierophant","hierophant:Strike_Hierophant","hierophant:Strike_Hierophant","hierophant:Strike_Hierophant","hierophant:Punish","hierophant:Defend_Hierophant","hierophant:Defend_Hierophant","hierophant:Defend_Hierophant","hierophant:Defend_Hierophant","hierophant:ChurchCoffers","hierophant:WrathOfGod+1","hierophant:Doubloon","hierophant:Empathy","hierophant:Prophecy","hierophant:Mercenaries","hierophant:Doubloon+1","hierophant:Doubloon","hierophant:Generosity","Apotheosis"],"relics":["hierophant:PropheticMaskRelic","NeowsBlessing","PreservedInsect","Golden Idol","HornCleat","Bottled Lightning","Singing Bowl","MealTicket","hierophant:DonationBoxRelic","WingedGreaves","Black Star"],"acts_visited":["Exordium","TheCity"],"potions_floor_usage":[],"damage_taken":[{"damage":0.0,"enemies":"Small Slimes","floor":1.0,"turns":1.0},{"damage":0.0,"enemies":"Gremlin Nob","floor":6.0,"turns":1.0},{"damage":0.0,"enemies":"Lagavulin","floor":8.0,"turns":3.0},{"damage":10.0,"enemies":"Cultist","floor":11.0,"turns":2.0},{"damage":14.0,"enemies":"3 Sentries","floor":13.0,"turns":3.0},{"damage":54.0,"enemies":"Slime Boss","floor":16.0,"turns":13.0},{"damage":1.0,"enemies":"3 Byrds","floor":18.0,"turns":2.0},{"damage":0,"enemies":"Spheric Guardian","floor":22,"turns":1}],"seed_played":"7507892595619442831","potions_obtained":[{"floor":1.0,"key":"LiquidMemories"},{"floor":8.0,"key":"AttackPotion"},{"floor":18.0,"key":"DistilledChaos"}],"is_trial":false,"path_per_floor":["M","?","$","?","?","E","R","E","T","T","M","$","E","$","R","B",null,"M","?","$","?","M"],"character_chosen":"HIEROPHANT","items_purchased":["hierophant:WrathOfGod","hierophant:DonationBoxRelic","Apotheosis"],"campfire_rested":0,"item_purchase_floors":[3,12,20],"current_hp_per_floor":[75,75,75,57,57,57,57,57,57,57,47,62,48,63,63,9,75,76,76,77,77,77,77],"gold":18,"neow_bonus":"THREE_ENEMY_KILL","is_daily":false,"chose_seed":false,"campfire_upgraded":2,"win_rate":0.0,"timestamp":1614337133,"path_taken":["M","?","?","?","?","E","R","E","T","?","?","$","E","$","R","BOSS","M","?","$","?","M"],"items_purchased_type":["Card","Relic","Card"],"build_version":"2020-12-22","purchased_purges":1,"victory":false,"max_hp_per_floor":[75,75,75,75,75,75,75,75,75,75,75,75,75,75,75,75,75,77,77,77,77,77,77],"card_choices":[{"not_picked":["hierophant:Blessing","hierophant:Zeal"],"picked":"hierophant:EyeForCoin","floor":1.0},{"not_picked":["hierophant:AuricShield","hierophant:Patience"],"picked":"hierophant:Doubloon","floor":6.0},{"not_picked":["hierophant:FieryStrike","hierophant:MirrorShield"],"picked":"hierophant:Empathy","floor":8.0},{"not_picked":["hierophant:FaithHealing","hierophant:Doubloon"],"picked":"hierophant:Prophecy","floor":11.0},{"not_picked":["hierophant:Prophecy","hierophant:AuricBeam"],"picked":"hierophant:Mercenaries","floor":13.0},{"not_picked":["hierophant:AuricForm","hierophant:Anathema"],"picked":"hierophant:Generosity","floor":16.0},{"not_picked":["hierophant:TollTheBells","hierophant:Doubloon","hierophant:Remorse"],"picked":"Singing Bowl","floor":18.0}],"player_experience":309120,"relics_obtained":[{"floor":6.0,"key":"HornCleat"},{"floor":8.0,"key":"Bottled Lightning"},{"floor":9.0,"key":"Singing Bowl"},{"floor":10.0,"key":"MealTicket"},{"floor":13.0,"key":"WingedGreaves"}],"event_choices":[{"damage_healed":0.0,"max_hp_gain":0.0,"max_hp_loss":0.0,"gold_gain":0.0,"event_name":"WeMeetAgain","player_choice":"Gave Potion","floor":2.0,"gold_loss":0.0,"damage_taken":0.0,"relics_obtained":["PreservedInsect"]},{"damage_healed":0.0,"max_hp_gain":0.0,"max_hp_loss":0.0,"gold_gain":0.0,"event_name":"Golden Idol","player_choice":"Take Damage","floor":4.0,"gold_loss":0.0,"damage_taken":18.0,"relics_obtained":["Golden Idol"]},{"damage_healed":0.0,"max_hp_gain":0.0,"max_hp_loss":0.0,"gold_gain":175.0,"event_name":"Liars Game","player_choice":"AGREE","floor":5.0,"gold_loss":0.0,"damage_taken":0.0,"cards_obtained":["Doubt"]},{"damage_healed":0.0,"max_hp_gain":0.0,"max_hp_loss":0.0,"gold_gain":0.0,"event_name":"Cursed Tome","player_choice":"Ignored","floor":19.0,"gold_loss":0.0,"damage_taken":0.0},{"cards_removed":["hierophant:EyeForCoin"],"damage_healed":0,"gold_gain":0,"player_choice":"Elegance","damage_taken":0,"max_hp_gain":0,"max_hp_loss":0,"event_name":"Back to Basics","floor":21,"gold_loss":0}],"is_beta":false,"boss_relics":[{"not_picked":["Coffee Dripper","Astrolabe"],"picked":"Black Star"}],"items_purged_floors":[14],"is_endless":false,"potions_floor_spawned":[1,8,18],"killed_by":"Spheric Guardian","ascension_level":0}}