{"host":"2se5dq1do2gp0x9k","time":1614308523,"event":{"mods":["AchievementEnabler","BaseMod","Block Reminder","Colored Map","Colored Powertips","Minty Spire (QoL Compilation)","Relic Stats","StSLib","SuperFastMode"],"gold_per_floor":[110,110,129,147,166,166,227,227,227,262,273,273,301,314,314,389,389,403,421,435,360,378,378,378,378],"floor_reached":24,"language":"ENG","playtime":1032,"items_purged":["Strike_P"],"score":507,"play_id":"2bb480cf-5eef-48ba-ad67-0a73d0dafc45","local_time":"20210225190203","is_ascension_mode":true,"campfire_choices":[{"data":"Ragnarok","floor":6,"key":"SMITH"},{"data":"Eruption","floor":8,"key":"SMITH"},{"data":"ThirdEye","floor":15,"key":"SMITH"},{"data":"Vigilance","floor":23,"key":"SMITH"}],"circlet_count":0,"master_deck":["AscendersBane","Strike_P","Strike_P","Strike_P","Defend_P","Defend_P","Defend_P","Eruption+1","Vigilance+1","FlurryOfBlows","Ragnarok+1","Vengeance","InnerPeace","Tantrum","EmptyFist+1","ThirdEye+1","Ragnarok+1"],"relics":["Velvet Choker","CloakClasp","StrikeDummy","Boot","Molten Egg 2","Black Star"],"acts_visited":["Exordium","TheCity"],"potions_floor_usage":[16,20,24],"damage_taken":[{"damage":0,"enemies":"2 Louse","floor":1,"turns":3},{"damage":2,"enemies":"Jaw Worm","floor":3,"turns":3},{"damage":0,"enemies":"Cultist","floor":4,"turns":2},{"damage":0,"enemies":"Looter","floor":5,"turns":2},{"damage":0,"enemies":"Gremlin Nob","floor":7,"turns":2},{"damage":0,"enemies":"Lagavulin","floor":10,"turns":3},{"damage":0,"enemies":"Red Slaver","floor":11,"turns":1},{"damage":0,"enemies":"Gremlin Nob","floor":13,"turns":2},{"damage":0,"enemies":"2 Fungi Beasts","floor":14,"turns":1},{"damage":39,"enemies":"Hexaghost","floor":16,"turns":5},{"damage":0,"enemies":"Chosen","floor":18,"turns":2},{"damage":0,"enemies":"Spheric Guardian","floor":19,"turns":3},{"damage":34,"enemies":"Shelled Parasite and Fungi","floor":20,"turns":3},{"damage":0,"enemies":"Snake Plant","floor":22,"turns":2},{"damage":39,"enemies":"Book of Stabbing","floor":24,"turns":2}],"seed_played":"7156554237614647765","potions_obtained":[{"floor":3,"key":"Swift Potion"},{"floor":7,"key":"LiquidMemories"},{"floor":16,"key":"Regen Potion"},{"floor":22,"key":"SteroidPotion"}],"is_trial":false,"path_per_floor":["M","?","M","M","M","R","?","R","T","E","M","?","E","M","R","B",null,"M","M","M","$","M","R","E"],"character_chosen":"WATCHER","items_purchased":[],"campfire_rested":0,"item_purchase_floors":[],"current_hp_per_floor":[61,61,59,59,59,59,59,59,59,59,59,64,64,64,64,25,61,61,61,27,27,27,27,0,0],"gold":378,"neow_bonus":"BOSS_RELIC","is_daily":false,"chose_seed":false,"campfire_upgraded":4,"win_rate":0.0,"timestamp":1614308523,"path_taken":["M","?","M","M","M","R","?","R","T","E","M","?","E","M","R","BOSS","M","M","M","$","M","R","E"],"items_purchased_type":[],"build_version":"2020-12-22","purchased_purges":1,"victory":false,"max_hp_per_floor":[68,68,68,68,68,68,68,68,68,68,68,73,73,73,73,73,73,73,73,73,73,73,73,73,73],"relic_stats":{"counters":[15,36],"CloakClasp":[35],"Black Star":0,"Boot":[67],"obtain_stats":[{"Velvet Choker":0,"Molten Egg 2":13,"CloakClasp":7,"Black Star":17,"PureWater":0,"StrikeDummy":9,"Boot":10},{"Velvet Choker":0,"Molten Egg 2":8,"CloakClasp":5,"Black Star":10,"PureWater":0,"StrikeDummy":5,"Boot":6},{"Velvet Choker":0,"Molten Egg 2":18,"CloakClasp":12,"Black Star":24,"PureWater":0,"StrikeDummy":12,"Boot":15}]},"card_choices":[{"not_picked":["WaveOfTheHand","Halt"],"picked":"FlurryOfBlows","floor":1},{"not_picked":["WaveOfTheHand","CrushJoints"],"picked":"Vengeance","floor":3},{"not_picked":["WaveOfTheHand","ForeignInfluence","EmptyMind"],"picked":"SKIP","floor":4},{"not_picked":["SandsOfTime","Evaluate"],"picked":"InnerPeace","floor":5},{"not_picked":["InnerPeace","ClearTheMind"],"picked":"Tantrum","floor":10},{"not_picked":["Crescendo","JustLucky","Consecrate"],"picked":"SKIP","floor":11},{"not_picked":["WheelKick+1","Prostrate"],"picked":"EmptyFist+1","floor":13},{"not_picked":["Pray","SignatureMove+1"],"picked":"ThirdEye","floor":14},{"not_picked":["DevaForm","Judgement"],"picked":"Ragnarok+1","floor":16},{"not_picked":["FlurryOfBlows+1","PathToVictory","SashWhip+1"],"picked":"SKIP","floor":18},{"not_picked":["Protect","SashWhip+1","FollowUp+1"],"picked":"SKIP","floor":19},{"not_picked":["Study+1","BowlingBash+1","WheelKick+1"],"picked":"SKIP","floor":20},{"not_picked":["Perseverance","Weave+1","FollowUp+1"],"picked":"SKIP","floor":22}],"player_experience":4151632,"relics_obtained":[{"floor":7,"key":"CloakClasp"},{"floor":9,"key":"StrikeDummy"},{"floor":10,"key":"Boot"},{"floor":13,"key":"Molten Egg 2"}],"event_choices":[{"damage_healed":0,"gold_gain":0,"cards_transformed":["Defend_P"],"player_choice":"Change","damage_taken":0,"max_hp_gain":0,"max_hp_loss":0,"event_name":"Living Wall","floor":2,"gold_loss":0,"cards_obtained":["Ragnarok"]},{"damage_healed":0,"gold_gain":0,"player_choice":"Searched \u00271\u0027 times","damage_taken":0,"max_hp_gain":0,"max_hp_loss":0,"event_name":"Dead Adventurer","floor":7,"gold_loss":0},{"damage_healed":0,"gold_gain":0,"player_choice":"Donut","damage_taken":0,"max_hp_gain":5,"max_hp_loss":0,"event_name":"Big Fish","floor":12,"gold_loss":0}],"is_beta":false,"boss_relics":[{"not_picked":["Philosopher\u0027s Stone","Sozu"],"picked":"Black Star"}],"items_purged_floors":[21],"is_endless":false,"potions_floor_spawned":[3,7,10,11,14,16,22],"killed_by":"Book of Stabbing","ascension_level":19}}