{"host":"dapjhzz8gxmkyyt6","time":1614314857,"event":{"mods":["BaseMod","BetterRewards","Hubris","Infinite Spire","Minty Spire (QoL Compilation)","Replay The Spire","Somnambulant","StSLib","The Blackbeard","The Jungle","The Necromancer"],"gold_per_floor":[363,380,395,407,407,435,435,450,450,470,502,16,16,29,29,127,127,145,145,145,145,156,174,19,19,19,54,54,65,98,98,98],"floor_reached":31,"language":"ENG","playtime":1211,"items_purged":["Defend_B"],"score":337,"play_id":"9ed6742a-1b70-4c8a-989f-4fdd2eb5cdf5","local_time":"20210225234737","is_ascension_mode":false,"campfire_choices":[{"floor":7,"key":"REST"},{"floor":25,"key":"REST"},{"floor":28,"key":"RECALL"}],"circlet_count":0,"master_deck":["Strike_B","Strike_B","Strike_B","Strike_B","Defend_B","Defend_B","Defend_B","Zap+1","Dualcast","hubris:Strike_Merchant","somnambulantmod: Defend_Somnambulant","Ball Lightning","Ball Lightning+1","Sweeping Beam","White Noise+1","ReplayTheSpireMod:System Scan+1","Rebound","Coolheaded","Cold Snap","Sweeping Beam","Stack","Conserve Battery","Glacier","Multi-Cast","Regret","somnambulantmod: PrimingPunch","Buffer","Replay:Sssssssssshield","infinitespire:Oblivion","White Noise+1","Doom and Gloom+1","Barrage+1","Streamline","Chaos","Auto Shields"],"relics":["Cracked Core","Anchor","Replay:Bottled Steam","hubris:MedicalManual","Guide Book","Oddly Smooth Stone","ReplayTheSpireMod:SealedPack","Toy Ornithopter","Geode","Symbiotic Virus","Prayer Wheel"],"acts_visited":["Exordium","Exordium"],"potions_floor_usage":[11,16,29,29,29],"damage_taken":[{"damage":6,"enemies":"Jaw Worm","floor":1,"turns":2},{"damage":0,"enemies":"Small Slimes","floor":2,"turns":2},{"damage":0,"enemies":"Cultist","floor":3,"turns":2},{"damage":5,"enemies":"Looter","floor":4,"turns":3},{"damage":26,"enemies":"Lagavulin","floor":6,"turns":5},{"damage":0,"enemies":"2 Fungi Beasts","floor":8,"turns":3},{"damage":3,"enemies":"Red Slaver","floor":10,"turns":2},{"damage":9,"enemies":"3 Sentries","floor":11,"turns":3},{"damage":2,"enemies":"Blue Slaver","floor":14,"turns":2},{"damage":22,"enemies":"Hexaghost","floor":16,"turns":12},{"damage":13,"enemies":"theJungle:GiantWrat","floor":18,"turns":7},{"damage":8,"enemies":"Shell Parasite","floor":22,"turns":8},{"damage":18,"enemies":"theJungle:Snecko_Cultist_And_Trap","floor":23,"turns":5},{"damage":1,"enemies":"theJungle:MamaSnecko","floor":27,"turns":4},{"damage":29,"enemies":"theJungle:2_Flameangoes","floor":29,"turns":4},{"damage":42,"enemies":"theJungle:Cassacara","floor":30,"turns":8},{"damage":15,"enemies":"theJungle:2_Snecko_Cultists","floor":31,"turns":2}],"seed_played":"-5459285505914653249","potions_obtained":[{"floor":10,"key":"BlessingOfTheForge"},{"floor":11,"key":"FocusPotion"},{"floor":16,"key":"FocusPotion"},{"floor":22,"key":"PotionOfCapacity"}],"is_trial":false,"path_per_floor":["M","M","M","M","?","E","R","M","T","M","E","$","?","M","R","B",null,"M","?","AVR","?","M","M","$","R","T","E","R","M","E","M"],"character_chosen":"DEFECT","items_purchased":["Guide Book","Oddly Smooth Stone","Sweeping Beam","Stack","Conserve Battery","Explosive Potion","Toy Ornithopter"],"campfire_rested":2,"item_purchase_floors":[12,12,12,12,12,12,24],"current_hp_per_floor":[69,69,69,64,61,35,57,57,57,54,45,45,45,43,65,43,75,62,62,62,62,54,36,36,58,58,57,57,43,1,0,0],"gold":98,"neow_bonus":"TWO_FIFTY_GOLD","is_daily":false,"chose_seed":false,"campfire_upgraded":0,"win_rate":0.0,"timestamp":1614314857,"path_taken":["M","M","M","M","?","E","R","M","T","M","E","$","?","?","R","BOSS","M","?","AVR","?","M","M","$","R","T","E","R","M","E","M"],"items_purchased_type":["Relic","Relic","Card","Card","Card","Potion","Relic"],"build_version":"2020-12-22","purchased_purges":1,"victory":false,"max_hp_per_floor":[75,75,75,75,75,75,75,75,75,75,75,75,75,75,75,75,75,75,75,75,75,75,75,75,75,75,75,75,75,75,75,75],"card_choices":[{"not_picked":["Beam Cell","Sweeping Beam"],"picked":"Ball Lightning","floor":1},{"not_picked":["Barrage","hubris:PowerSurge"],"picked":"Ball Lightning","floor":2},{"not_picked":["Reprogram","Go for the Eyes"],"picked":"Sweeping Beam","floor":3},{"not_picked":["BasicCrystalCard","ReplayTheSpireMod:Repulse"],"picked":"White Noise","floor":4},{"not_picked":["Sunder","Sweeping Beam"],"picked":"ReplayTheSpireMod:System Scan","floor":6},{"not_picked":["Cold Snap","Ball Lightning"],"picked":"Rebound","floor":8},{"not_picked":["ReplaySolidLightProjector","Beam Cell"],"picked":"Coolheaded","floor":10},{"not_picked":["ReplayRNGCard","hubris:PowerSurge"],"picked":"Cold Snap","floor":11},{"not_picked":["Sweeping Beam","Redo"],"picked":"Glacier","floor":14},{"not_picked":["Amplify","Hyperbeam"],"picked":"Multi-Cast","floor":16},{"not_picked":["Survivor","Neutralize"],"picked":"somnambulantmod: PrimingPunch","floor":17},{"not_picked":["ReplayRNGCard","hubris:Prefetch"],"picked":"Buffer","floor":17},{"not_picked":["Trip","Dark Shackles"],"picked":"Replay:Sssssssssshield","floor":17},{"not_picked":["infinitespire:UltimateForm","infinitespire:TheBestDefense"],"picked":"infinitespire:Oblivion","floor":17},{"not_picked":["Conserve Battery","Heatsinks+1"],"picked":"White Noise+1","floor":18},{"not_picked":["Compile Driver","Leap"],"picked":"Doom and Gloom+1","floor":22},{"not_picked":["Lockon","Streamline"],"picked":"Barrage+1","floor":23},{"not_picked":["hubris:PowerSurge","Hyperbeam"],"picked":"Streamline","floor":27},{"not_picked":["Cold Snap+1","Scrape"],"picked":"Chaos","floor":29},{"not_picked":["Go for the Eyes","Amplify"],"picked":"Auto Shields","floor":30}],"player_experience":7350543,"relics_obtained":[{"floor":6,"key":"Replay:Bottled Steam"},{"floor":11,"key":"hubris:MedicalManual"},{"floor":26,"key":"Geode"},{"floor":27,"key":"Symbiotic Virus"},{"floor":30,"key":"Prayer Wheel"}],"event_choices":[{"damage_healed":0,"gold_gain":0,"player_choice":"Success","damage_taken":3,"relics_obtained":["Anchor"],"max_hp_gain":0,"max_hp_loss":0,"event_name":"Scrap Ooze","floor":5,"gold_loss":0},{"damage_healed":0,"gold_gain":0,"player_choice":"Forge","damage_taken":0,"max_hp_gain":0,"max_hp_loss":0,"event_name":"Accursed Blacksmith","floor":13,"gold_loss":0,"cards_upgraded":["Zap"]}],"is_beta":false,"boss_relics":[{"not_picked":["Busted Crown","Pandora\u0027s Box"],"picked":"ReplayTheSpireMod:SealedPack"}],"items_purged_floors":[20],"is_endless":false,"potions_floor_spawned":[8,10,11,16,22],"killed_by":"theJungle:2_Snecko_Cultists","ascension_level":0}}