{"host":"88k5ybcf55kxe2cn","time":1614372617,"event":{"mods":["BaseMod","Colored Map","Colored Powertips","Minty Spire (QoL Compilation)"],"gold_per_floor":[115,128,128,128,144,178,178,178,178,178,197,230,249,274,274,371,371,382,382,396,91,111,139,139,172,172,204,216,216,231,250,250,354,354,371,371,371,383,12,42,42,42,42,42,60,60,110,20,20,20,20,20,20,52,52,52],"floor_reached":55,"language":"SPA","playtime":4153,"items_purged":["Shame","Shame","Parasite"],"score":881,"play_id":"a3cd4f16-d486-427c-a966-fec67e02535a","local_time":"20210226215017","is_ascension_mode":true,"campfire_choices":[{"data":"1","floor":10.0,"key":"LIFT"},{"data":"2","floor":15.0,"key":"LIFT"},{"floor":24.0,"key":"REST"},{"data":"3","floor":32.0,"key":"LIFT"},{"floor":41,"key":"RECALL"},{"data":"Limit Break","floor":44,"key":"SMITH"},{"data":"Brutality","floor":46,"key":"SMITH"},{"floor":49,"key":"REST"},{"data":"Juggernaut","floor":52,"key":"SMITH"}],"circlet_count":0,"master_deck":["Strike_R","Strike_R","Strike_R","Strike_R","Strike_R","Defend_R","Defend_R","Defend_R","Defend_R","Disarm","Pummel","Juggernaut+1","Swift Strike","Rupture","Shrug It Off","Immolate","Perfected Strike","Pommel Strike","Brutality+1","Cleave","Twin Strike+1","Uppercut","Heavy Blade","Limit Break+1","Sword Boomerang+1","Exhume","Feed+1","Shrug It Off+1","Inflame+1","Body Slam+1","Dropkick","Feed+1","Perfected Strike+1","Madness+1","Jack Of All Trades+1","Seeing Red+1","Body Slam+1","Limit Break+1"],"relics":["Burning Blood","Girya","Mummified Hand","Bottled Tornado","Gambling Chip","Shuriken","Cursed Key","Smiling Mask","Pear","Bronze Scales","Paper Frog","Omamori","The Courier","Astrolabe","Toxic Egg 2","DollysMirror","Strawberry","Letter Opener","TungstenRod","Kunai"],"acts_visited":["Exordium","TheCity","TheBeyond","TheEnding"],"potions_floor_usage":[38,47,50,50],"damage_taken":[{"damage":2.0,"enemies":"Small Slimes","floor":1.0,"turns":4.0},{"damage":6.0,"enemies":"Cultist","floor":2.0,"turns":3.0},{"damage":7.0,"enemies":"Jaw Worm","floor":5.0,"turns":4.0},{"damage":23.0,"enemies":"Gremlin Nob","floor":6.0,"turns":4.0},{"damage":6.0,"enemies":"Blue Slaver","floor":11.0,"turns":3.0},{"damage":12.0,"enemies":"3 Sentries","floor":12.0,"turns":8.0},{"damage":5.0,"enemies":"Large Slime","floor":13.0,"turns":6.0},{"damage":35.0,"enemies":"Lagavulin","floor":14.0,"turns":4.0},{"damage":34.0,"enemies":"Hexaghost","floor":16.0,"turns":8.0},{"damage":0.0,"enemies":"Spheric Guardian","floor":18.0,"turns":2.0},{"damage":12.0,"enemies":"3 Byrds","floor":20.0,"turns":3.0},{"damage":0.0,"enemies":"Snecko","floor":22.0,"turns":2.0},{"damage":35.0,"enemies":"Book of Stabbing","floor":23.0,"turns":3.0},{"damage":19.0,"enemies":"Gremlin Leader","floor":25.0,"turns":3.0},{"damage":39.0,"enemies":"Slavers","floor":27.0,"turns":3.0},{"damage":7.0,"enemies":"Chosen and Byrds","floor":28.0,"turns":3.0},{"damage":13.0,"enemies":"Snake Plant","floor":30.0,"turns":2.0},{"damage":0.0,"enemies":"Snecko","floor":31.0,"turns":3.0},{"damage":40.0,"enemies":"Automaton","floor":33.0,"turns":5.0},{"damage":39,"enemies":"3 Shapes","floor":35,"turns":4},{"damage":14,"enemies":"3 Darklings","floor":38,"turns":3},{"damage":13,"enemies":"Giant Head","floor":40,"turns":5},{"damage":12,"enemies":"Writhing Mass","floor":45,"turns":3},{"damage":38,"enemies":"2 Orb Walkers","floor":47,"turns":3},{"damage":100,"enemies":"Awakened One","floor":50,"turns":8},{"damage":56,"enemies":"Shield and Spear","floor":54,"turns":4},{"damage":70,"enemies":"The Heart","floor":55,"turns":3}],"seed_played":"-595195882787056309","potions_obtained":[{"floor":1.0,"key":"Explosive Potion"},{"floor":5.0,"key":"Fire Potion"},{"floor":6.0,"key":"BlessingOfTheForge"},{"floor":16.0,"key":"Regen Potion"},{"floor":22.0,"key":"Strength Potion"},{"floor":23.0,"key":"FairyPotion"},{"floor":27.0,"key":"PowerPotion"},{"floor":35,"key":"Swift Potion"},{"floor":40,"key":"Weak Potion"},{"floor":45,"key":"Dexterity Potion"}],"is_trial":false,"path_per_floor":["M","M","$","?","M","E","$","T","T","R","M","E","M","E","R","B",null,"M","?","M","$","M","E","R","E","T","E","M","?","M","M","R","B",null,"M","?","?","M","$","E","R","?","T","R","M","R","?","$","R","B",null,"R","$","E","B"],"character_chosen":"IRONCLAD","items_purchased":["Pear","Toxic Egg 2","DollysMirror","BloodPotion"],"campfire_rested":2,"item_purchase_floors":[21,39,39,48],"current_hp_per_floor":[88,88,88,88,87,70,70,70,70,70,70,64,65,36,36,8,88,88,88,82,92,98,69,98,85,85,61,60,60,53,59,59,25,98,65,65,90,82,82,86,86,81,81,81,75,75,43,43,74,37,106,106,106,56,0,0],"gold":52,"neow_bonus":"TEN_PERCENT_HP_BONUS","is_daily":false,"chose_seed":false,"campfire_upgraded":3,"win_rate":0.0,"timestamp":1614372617,"path_taken":["M","M","$","?","?","E","?","?","T","R","M","E","M","E","R","BOSS","M","?","M","$","M","E","R","E","T","E","M","?","M","M","R","BOSS","M","?","?","M","$","E","R","?","T","R","M","R","?","$","R","BOSS","R","$","E","BOSS"],"items_purchased_type":["Relic","Relic","Relic","Potion"],"build_version":"2020-12-22","purchased_purges":3,"victory":false,"max_hp_per_floor":[88,88,88,88,88,88,88,88,88,88,88,88,88,88,88,88,88,88,88,88,98,98,98,98,98,98,98,98,98,98,98,98,98,98,98,98,98,98,98,109,109,109,109,109,109,109,109,106,106,106,106,106,106,106,106,106],"card_choices":[{"not_picked":["Flex","Sever Soul"],"picked":"Disarm","floor":1.0},{"not_picked":["Clothesline","Metallicize"],"picked":"Pummel","floor":2.0},{"not_picked":["Body Slam","Dual Wield"],"picked":"Reckless Charge","floor":5.0},{"not_picked":["Combust","Flex"],"picked":"Rupture","floor":6.0},{"not_picked":["Flex","Disarm"],"picked":"Shrug It Off","floor":11.0},{"not_picked":["Headbutt","Reckless Charge"],"picked":"Immolate","floor":12.0},{"not_picked":["Havoc","Sever Soul"],"picked":"Perfected Strike","floor":13.0},{"not_picked":["Disarm","Fire Breathing"],"picked":"Pommel Strike","floor":14.0},{"not_picked":["Juggernaut","Berserk"],"picked":"Brutality","floor":16.0},{"not_picked":["Body Slam","Armaments"],"picked":"Cleave","floor":18.0},{"not_picked":["Sentinel","Sword Boomerang"],"picked":"Twin Strike+1","floor":20.0},{"not_picked":["Feel No Pain","Fire Breathing","Body Slam+1"],"picked":"SKIP","floor":22.0},{"not_picked":["Feel No Pain","Entrench"],"picked":"Uppercut","floor":23.0},{"not_picked":["Havoc+1","Bloodletting"],"picked":"Heavy Blade","floor":25.0},{"not_picked":["Twin Strike","Immolate"],"picked":"Limit Break","floor":27.0},{"not_picked":["Clothesline","Perfected Strike"],"picked":"Headbutt","floor":28.0},{"not_picked":["Reckless Charge","Havoc"],"picked":"Sword Boomerang","floor":30.0},{"not_picked":["Body Slam+1","Flex+1"],"picked":"Sword Boomerang+1","floor":31.0},{"not_picked":["Berserk","Immolate"],"picked":"Exhume","floor":33.0},{"not_picked":["Carnage+1","Feel No Pain"],"picked":"Body Slam+1","floor":35},{"not_picked":["Iron Wave","Headbutt"],"picked":"Dropkick","floor":38},{"not_picked":["Rage+1","Havoc+1"],"picked":"Perfected Strike+1","floor":40},{"not_picked":["Transmutation+1","Swift Strike"],"picked":"Madness+1","floor":42},{"not_picked":["Madness+1","Forethought+1"],"picked":"Jack Of All Trades+1","floor":42},{"not_picked":["Reckless Charge","Perfected Strike"],"picked":"Seeing Red+1","floor":45},{"not_picked":["Rupture","Rampage"],"picked":"Body Slam+1","floor":47},{"not_picked":["Iron Wave","Seeing Red+1"],"picked":"Limit Break+1","floor":54}],"player_experience":231722,"relics_obtained":[{"floor":6.0,"key":"Girya"},{"floor":8.0,"key":"Mummified Hand"},{"floor":9.0,"key":"Bottled Tornado"},{"floor":12.0,"key":"Gambling Chip"},{"floor":14.0,"key":"Shuriken"},{"floor":23.0,"key":"Bronze Scales"},{"floor":25.0,"key":"Paper Frog"},{"floor":27.0,"key":"Omamori"},{"floor":40,"key":"Strawberry"},{"floor":43,"key":"Letter Opener"},{"floor":47,"key":"TungstenRod"},{"floor":54,"key":"Kunai"}],"event_choices":[{"damage_healed":0.0,"max_hp_gain":0.0,"max_hp_loss":0.0,"gold_gain":0.0,"event_name":"Match and Keep!","player_choice":"2 cards matched","floor":4.0,"gold_loss":0.0,"damage_taken":0.0,"cards_obtained":["Juggernaut","Swift Strike"]},{"damage_healed":0.0,"max_hp_gain":0.0,"max_hp_loss":0.0,"gold_gain":0.0,"event_name":"Addict","player_choice":"Stole Relic","floor":19.0,"gold_loss":0.0,"damage_taken":0.0,"relics_obtained":["Smiling Mask"],"cards_obtained":["Shame"]},{"damage_healed":0.0,"max_hp_gain":0.0,"max_hp_loss":0.0,"gold_gain":0.0,"event_name":"The Mausoleum","player_choice":"Opened","floor":29.0,"gold_loss":0.0,"damage_taken":0.0,"relics_obtained":["The Courier"]},{"cards_removed":["Reckless Charge"],"damage_healed":0,"gold_gain":0,"player_choice":"Removed Attack","damage_taken":0,"max_hp_gain":0,"max_hp_loss":0,"event_name":"Falling","floor":36,"gold_loss":0},{"damage_healed":25,"gold_gain":0,"player_choice":"Writhe","damage_taken":0,"max_hp_gain":0,"max_hp_loss":0,"event_name":"Winding Halls","floor":37,"gold_loss":0,"cards_obtained":["Writhe"]},{"damage_healed":0,"gold_gain":0,"player_choice":"Memory 2","damage_taken":5,"max_hp_gain":0,"max_hp_loss":0,"event_name":"SensoryStone","floor":42,"gold_loss":0},{"damage_healed":0,"gold_gain":0,"player_choice":"Fight","damage_taken":0,"max_hp_gain":0,"max_hp_loss":0,"event_name":"Mysterious Sphere","floor":47,"gold_loss":0}],"is_beta":false,"boss_relics":[{"not_picked":["Runic Cube","Pandora\u0027s Box"],"picked":"Cursed Key"},{"not_picked":["Coffee Dripper","Runic Pyramid"],"picked":"Astrolabe"}],"items_purged_floors":[21,39,48],"is_endless":false,"potions_floor_spawned":[1,5,6,16,22,23,27,28,30,35,40,45],"killed_by":"The Heart","ascension_level":3}}