{"host":"g40mznrtwxqyj1ow","time":1614349643,"event":{"mods":["BaseMod","BetterRewards","Colored Map","Conspire","Hermit","Highlight Path","Hubris","Marisa????????","Minty Spire (QoL Compilation)","Replay The Spire","Robot Space Explorer","Shop Mod","StSLib","The Bug Knight","The Construct","The Cursed","The Jungle","The Marked","The Mystic","The Necromancer","The Runesmith","The Servant 0.9.4","[IsaacMod]????"],"gold_per_floor":[116,134,20,20,20,47,47,62,87,64,64,95,107,119,131,240,252,275,287,299,331,343,384,396,424,459,482,494,525,537,449,449,546,546,565,565,577,587,598,598,616,616,616,616,211,211,211,211],"floor_reached":47,"language":"ENG","playtime":1717,"items_purged":["Strike_S","Strike_S","Defend_S","Strike_S+1"],"score":551,"play_id":"50f30e3a-8bb3-4ad3-961c-cb5781201c0c","local_time":"20210226152723","is_ascension_mode":false,"campfire_choices":[{"data":"LightFlow","floor":11,"key":"SMITH"},{"data":"LightFlow+1","floor":13,"key":"SMITH"},{"data":"LightFlow+2","floor":15,"key":"SMITH"},{"data":"LightFlow+3","floor":24,"key":"SMITH"},{"data":"LightFlow+4","floor":28,"key":"SMITH"},{"data":"LightFlow+5","floor":30,"key":"SMITH"},{"data":"LightFlow+6","floor":32,"key":"SMITH"},{"data":"LightFlow+7","floor":40,"key":"SMITH"},{"data":"LightFlow+8","floor":42,"key":"SMITH"},{"floor":44,"key":"RECALL"}],"circlet_count":0,"master_deck":["Defend_S","Defend_S","KidneyShot","Exchange","Ricochet","Gouge+1","Starlight+1","LightFlow+9","Ricochet","Ricochet","Initiator","Hightail+1","TheWorld","Revamp+1","Revamp+1","Revamp+1","BottledTime","Master of Strategy","BottledTime+1","Shuttle+1","BottledTime+1"],"relics":["Uniform","HushsDoor","BookofShadows","conspire:InfiniteJournal","Happy Flower","MawBank","conspire:SpecialSausage","theJungle:WildMango","EdensBlessing","Bottled Flame","ReplayFunnel","conspire:SeveredTorchhead","GuppysTail","Runesmith:Nanobots"],"acts_visited":["Exordium","Exordium","TheBeyond"],"potions_floor_usage":[6,12,16,33],"damage_taken":[{"damage":0,"enemies":"2 Louse","floor":1,"turns":2},{"damage":6,"enemies":"Jaw Worm","floor":2,"turns":3},{"damage":3,"enemies":"Lagavulin","floor":6,"turns":3},{"damage":0,"enemies":"Small Slimes","floor":8,"turns":1},{"damage":0,"enemies":"Gremlin Nob","floor":12,"turns":2},{"damage":21,"enemies":"Hexaghost","floor":16,"turns":3},{"damage":0,"enemies":"theJungle:Flameango_and_Byrd","floor":18,"turns":2},{"damage":15,"enemies":"theJungle:5_Spyders","floor":21,"turns":3},{"damage":0,"enemies":"theJungle:Cassacara","floor":23,"turns":2},{"damage":3,"enemies":"theJungle:JungleHuntersEncounter","floor":25,"turns":3},{"damage":0,"enemies":"theJungle:Snecko_Cultist_And_Trap","floor":27,"turns":1},{"damage":0,"enemies":"Snake Plant","floor":29,"turns":1},{"damage":0,"enemies":"theJungle:QueenSpyder","floor":33,"turns":1},{"damage":1,"enemies":"3 Shapes","floor":35,"turns":3},{"damage":5,"enemies":"3 Darklings","floor":37,"turns":2},{"damage":0,"enemies":"Writhing Mass","floor":38,"turns":1},{"damage":0,"enemies":"Maw","floor":39,"turns":2},{"damage":6,"enemies":"4 Shapes","floor":41,"turns":3},{"damage":93,"enemies":"Transient","floor":47,"turns":5}],"seed_played":"-8658595668281665000","potions_obtained":[{"floor":1,"key":"DistilledChaos"},{"floor":2,"key":"Elixir"},{"floor":6,"key":"Cursed Concoction"},{"floor":8,"key":"AttackPotion"},{"floor":18,"key":"GamblersBrew"},{"floor":23,"key":"SkillPotion"},{"floor":33,"key":"Elixir"},{"floor":46,"key":"AttackPotion"}],"is_trial":false,"path_per_floor":["M","M","$","?","?","E","?","M","T","$","R","E","R","?","R","B",null,"M","?","?","M","T","E","R","M","T","M","R","M","R","$","R_BF","B",null,"M","?","M","M","M","R","M","R","T","R","$","?","M"],"character_chosen":"THE_SERVANT","items_purchased":["Starlight+1","Ricochet","GuppysTail","Master of Strategy","Runesmith:Nanobots","BottledTime+1"],"campfire_rested":0,"item_purchase_floors":[3,10,34,34,45,45],"current_hp_per_floor":[71,65,65,51,44,41,41,41,41,41,41,41,41,41,41,20,71,71,66,80,65,65,65,65,62,62,62,62,62,62,62,62,62,70,69,69,64,64,64,64,58,58,58,58,58,58,0,0],"gold":211,"neow_bonus":"TEN_PERCENT_HP_BONUS","is_daily":false,"chose_seed":false,"campfire_upgraded":9,"win_rate":0.0,"timestamp":1614349643,"path_taken":["M","M","$","?","?","E","?","M","T","?","R","E","R","?","R","BOSS","M","?","?","M","?","E","R","?","T","M","R","M","R","?","R_BF","BOSS","M","?","M","M","M","R","M","R","T","R","$","?","M"],"items_purchased_type":["Card","Card","Relic","Card","Relic","Card"],"build_version":"2020-12-22","purchased_purges":4,"victory":false,"max_hp_per_floor":[71,71,71,71,71,71,71,71,71,71,71,71,71,71,71,71,71,71,76,90,90,90,90,90,90,90,90,90,90,90,90,90,90,70,70,70,70,70,70,70,70,70,70,70,70,70,70,70],"card_choices":[{"not_picked":["ShatteredReality","FastForward"],"picked":"Ricochet","floor":1},{"not_picked":["ReturningBlade","Revamp"],"picked":"Gouge","floor":2},{"not_picked":["Hightail","TheWorld"],"picked":"LightFlow","floor":6},{"not_picked":["Unruled","Bomb"],"picked":"Ricochet","floor":8},{"not_picked":["Snipe","Advance"],"picked":"Initiator","floor":12},{"not_picked":["FloweringNight","Deny"],"picked":"TheWorld","floor":16},{"not_picked":["Alleviate","Starlight"],"picked":"Revamp+1","floor":18},{"not_picked":["Replace","Gouge","WasteNot"],"picked":"SKIP","floor":21},{"not_picked":["ShiftingGears","Solidify"],"picked":"Revamp+1","floor":23},{"not_picked":["Starlight","Ricochet","Advance"],"picked":"SKIP","floor":25},{"not_picked":["FastForward+1","SurpressingFire"],"picked":"Revamp+1","floor":27},{"not_picked":["FastForward","FanOfKnives+1"],"picked":"BottledTime","floor":29},{"not_picked":["BestPractice+1","DoubleEdge+1"],"picked":"BottledTime+1","floor":35},{"not_picked":["TimeWarp+1","DoubleEdge+1","Spin"],"picked":"SKIP","floor":37},{"not_picked":["TimeWarp","Replace","Ricochet"],"picked":"SKIP","floor":38},{"not_picked":["Ricochet","DoubleEdge+1","Unruled"],"picked":"SKIP","floor":39},{"not_picked":["Hightail+1","SoulSculpture"],"picked":"Shuttle+1","floor":41}],"player_experience":545641,"relics_obtained":[{"floor":6,"key":"conspire:InfiniteJournal"},{"floor":9,"key":"Happy Flower"},{"floor":12,"key":"MawBank"},{"floor":22,"key":"EdensBlessing"},{"floor":23,"key":"Bottled Flame"},{"floor":26,"key":"ReplayFunnel"}],"event_choices":[{"damage_healed":0,"gold_gain":0,"player_choice":"Entered Light","damage_taken":14,"max_hp_gain":0,"max_hp_loss":0,"event_name":"Shining Light","floor":4,"gold_loss":0,"cards_upgraded":["Gouge","Strike_S"]},{"cards_removed":["Strike_S"],"damage_healed":0,"gold_gain":0,"player_choice":"Card Removal","damage_taken":7,"max_hp_gain":0,"max_hp_loss":0,"event_name":"Golden Wing","floor":5,"gold_loss":0},{"damage_healed":0,"gold_gain":0,"player_choice":"Got Potions","damage_taken":0,"max_hp_gain":0,"max_hp_loss":0,"event_name":"Lab","floor":46,"gold_loss":0}],"is_beta":false,"boss_relics":[{"not_picked":["MysterySword","hubris:CrackedHourglass"],"picked":"conspire:SpecialSausage"},{"not_picked":[]},{"not_picked":["Snecko Eye","Tiny House"],"picked":"conspire:SeveredTorchhead"},{"not_picked":[]}],"items_purged_floors":[3,31,34,45],"is_endless":false,"potions_floor_spawned":[1,2,6,8,18,23,25,29,33,37,41],"killed_by":"Transient","ascension_level":0}}