{"host":"j4g6ia6asvpyu2b0","time":1614300322,"event":{"mods":["BaseMod","Colored Map","Infinite Spire","Minty Spire (QoL Compilation)","Permanent Neow","Quick Restart","Relic Stats","StSLib","Unceasing Turn Reminder"],"gold_per_floor":[119,119,43,43,61,91,91,118,144,154,154,179,197,217,217,314,314,326,210,223,237,237,268,280,280,307,307,334,354,365,70,70,166,166,185,185,199,213,223,250,267,298,344,362,390,407,435,450,450,450],"floor_reached":51,"language":"ENG","playtime":2096,"items_purged":["Strike_G"],"score":1101,"play_id":"51d25d2d-80f6-4e9c-b65f-876473637de6","local_time":"20210225174522","is_ascension_mode":true,"campfire_choices":[{"data":"Body Slam","floor":7.0,"key":"SMITH"},{"data":"Noxious Fumes","floor":11.0,"key":"SMITH"},{"data":"Blade Dance","floor":15.0,"key":"SMITH"},{"data":"infinitespire:SevenWalls","floor":25,"key":"SMITH"},{"data":"Footwork","floor":27,"key":"SMITH"},{"data":"After Image","floor":32,"key":"SMITH"},{"data":"Creative AI","floor":49,"key":"SMITH"}],"circlet_count":0,"master_deck":["Strike_G+1","Strike_G","Strike_G+1","Defend_G","Defend_G","Defend_G","Defend_G","Defend_G","Survivor","Neutralize","Blade Dance+1","Noxious Fumes","Body Slam+1","Noxious Fumes+1","Cloak And Dagger","Blur","Cloak And Dagger","Dash","Predator","Endless Agony","Tools of the Trade","Prepared+1","Footwork+1","Deadly Poison","Flying Knee+1","infinitespire:SevenWalls+1","Bouncing Flask","Predator+1","After Image+1","Footwork","All Out Attack+1","Creative AI+1","Body Slam","infinitespire:SevenWalls+1","Bouncing Flask+1","Dodge and Roll+1","Battle Trance","Outmaneuver+1","Coolheaded+1","Injury","Omniscience","Coolheaded","Infinite Blades","Sweeping Beam+1","Terror+1"],"relics":["Ring of the Snake","Pen Nib","HornCleat","Bag of Marbles","Lantern","Philosopher\u0027s Stone","Coffee Dripper","Vajra","Oddly Smooth Stone","Art of War","Happy Flower","PrismaticShard","Cursed Key","Meat on the Bone","Kunai","Bottled Tornado","Whetstone"],"acts_visited":["Exordium","TheCity","TheBeyond"],"potions_floor_usage":[45],"damage_taken":[{"damage":5.0,"enemies":"Cultist","floor":1.0,"turns":6.0},{"damage":5.0,"enemies":"2 Louse","floor":5.0,"turns":3.0},{"damage":10.0,"enemies":"3 Sentries","floor":6.0,"turns":5.0},{"damage":25.0,"enemies":"Gremlin Nob","floor":8.0,"turns":5.0},{"damage":2.0,"enemies":"Jaw Worm","floor":10.0,"turns":3.0},{"damage":9.0,"enemies":"Lagavulin","floor":12.0,"turns":6.0},{"damage":0.0,"enemies":"2 Fungi Beasts","floor":13.0,"turns":2.0},{"damage":0.0,"enemies":"Blue Slaver","floor":14.0,"turns":2.0},{"damage":13.0,"enemies":"The Guardian","floor":16.0,"turns":10.0},{"damage":0.0,"enemies":"3 Byrds","floor":18.0,"turns":4.0},{"damage":10,"enemies":"Shell Parasite","floor":20,"turns":5},{"damage":0,"enemies":"3 Cultists","floor":21,"turns":4},{"damage":2,"enemies":"Slavers","floor":23,"turns":5},{"damage":6,"enemies":"Chosen and Byrds","floor":24,"turns":4},{"damage":0,"enemies":"Gremlin Leader","floor":28,"turns":5},{"damage":0,"enemies":"Centurion and Healer","floor":29,"turns":4},{"damage":0,"enemies":"Sentry and Sphere","floor":30,"turns":4},{"damage":0,"enemies":"Collector","floor":33,"turns":8},{"damage":0,"enemies":"Orb Walker","floor":35,"turns":3},{"damage":0,"enemies":"3 Shapes","floor":37,"turns":4},{"damage":0,"enemies":"Maw","floor":38,"turns":5},{"damage":0,"enemies":"Jaw Worm Horde","floor":39,"turns":4},{"damage":0,"enemies":"Reptomancer","floor":40,"turns":5},{"damage":0,"enemies":"Sphere and 2 Shapes","floor":41,"turns":3},{"damage":0,"enemies":"Nightmare","floor":42,"turns":7},{"damage":0,"enemies":"Transient","floor":44,"turns":5},{"damage":0,"enemies":"Reptomancer","floor":45,"turns":6},{"damage":0,"enemies":"Jaw Worm Horde","floor":46,"turns":4},{"damage":49,"enemies":"Nemesis","floor":47,"turns":7},{"damage":0,"enemies":"Maw","floor":48,"turns":6},{"damage":33,"enemies":"infinitespire:MassOfShapes","floor":50,"turns":9}],"seed_played":"199216550701909578","potions_obtained":[{"floor":5.0,"key":"BlessingOfTheForge"},{"floor":6.0,"key":"Poison Potion"},{"floor":12.0,"key":"Fire Potion"},{"floor":24,"key":"LiquidBronze"},{"floor":28,"key":"CunningPotion"},{"floor":40,"key":"Strength Potion"},{"floor":46,"key":"GhostInAJar"}],"is_trial":false,"path_per_floor":["M","?","$","?","M","E","R","E","T","M","R","E","M","M","R","B",null,"M","$","M","M","AVR","E","M","R","T","R","E","M","M","$","R","B",null,"M","?","M","M","M","E","M","NM","T","M","E","M","E","M","R","B",null],"character_chosen":"THE_SILENT","items_purchased":["Noxious Fumes","Footwork","Happy Flower","PrismaticShard"],"campfire_rested":0,"item_purchase_floors":[3,19,31,31],"current_hp_per_floor":[44,80,80,80,75,65,65,40,40,38,38,29,29,29,29,16,80,80,80,70,70,70,68,62,62,62,62,62,62,62,62,62,62,80,80,80,80,80,80,80,80,80,80,80,80,80,43,43,43,22],"gold":450,"neow_bonus":"RANDOM_COLORLESS_2","is_daily":false,"chose_seed":false,"campfire_upgraded":7,"win_rate":0.0,"timestamp":1614300322,"path_taken":["M","?","?","?","M","E","R","E","T","M","R","E","M","?","R","BOSS","M","$","M","M","AVR","E","M","R","T","R","E","M","M","$","R","BOSS","M","?","M","M","M","E","M","NM","T","M","E","M","E","M","R","BOSS"],"items_purchased_type":["Card","Card","Relic","Relic"],"build_version":"2020-12-22","purchased_purges":1,"victory":true,"max_hp_per_floor":[70,80,80,80,80,80,80,80,80,80,80,80,80,80,80,80,80,80,80,80,80,80,80,80,80,80,80,80,80,80,80,80,80,80,80,80,80,80,80,80,80,80,80,80,80,80,80,80,80,80],"relic_stats":{"Happy Flower":[25],"counters":[31,153],"Pen Nib":[36],"Art of War":[3],"Kunai":[21],"Whetstone":["Strike_G","Strike_G"],"Cursed Key":1,"obtain_stats":[{"Lantern":12,"Happy Flower":31,"Vajra":23,"Oddly Smooth Stone":26,"Pen Nib":6,"Whetstone":47,"Bottled Tornado":45,"PrismaticShard":31,"Cursed Key":34,"HornCleat":8,"Philosopher\u0027s Stone":17,"Bag of Marbles":9,"Coffee Dripper":22,"Art of War":28,"Kunai":42,"Ring of the Snake":0,"Meat on the Bone":40},{"Lantern":6,"Happy Flower":17,"Vajra":13,"Oddly Smooth Stone":14,"Pen Nib":3,"Whetstone":29,"Bottled Tornado":27,"PrismaticShard":17,"Cursed Key":18,"HornCleat":4,"Philosopher\u0027s Stone":9,"Bag of Marbles":4,"Coffee Dripper":12,"Art of War":15,"Kunai":25,"Ring of the Snake":0,"Meat on the Bone":23},{"Lantern":28,"Happy Flower":77,"Vajra":60,"Oddly Smooth Stone":64,"Pen Nib":14,"Whetstone":138,"Bottled Tornado":127,"PrismaticShard":77,"Cursed Key":85,"HornCleat":19,"Philosopher\u0027s Stone":42,"Bag of Marbles":19,"Coffee Dripper":55,"Art of War":69,"Kunai":116,"Ring of the Snake":0,"Meat on the Bone":106}],"Ring of the Snake":[62],"Meat on the Bone":24},"card_choices":[{"not_picked":["Chrysalis","Mayhem"],"picked":"Panache","floor":0.0},{"not_picked":["Dodge and Roll","Quick Slash"],"picked":"Blade Dance","floor":1.0},{"not_picked":["Reflex","Bane"],"picked":"Noxious Fumes","floor":5.0},{"not_picked":["Slice","Deflect"],"picked":"Cloak And Dagger","floor":6.0},{"not_picked":["Quick Slash","Dagger Spray"],"picked":"Blur","floor":8.0},{"not_picked":["Slice","Dagger Spray"],"picked":"Cloak And Dagger","floor":10.0},{"not_picked":["Storm of Steel","Acrobatics"],"picked":"Dash","floor":12.0},{"not_picked":["Underhanded Strike","Poisoned Stab"],"picked":"Predator","floor":13.0},{"not_picked":["Eviscerate","Prepared"],"picked":"Endless Agony","floor":14.0},{"not_picked":["Unload","Night Terror"],"picked":"Tools of the Trade","floor":16.0},{"not_picked":["Dodge and Roll","Expertise+1"],"picked":"Prepared+1","floor":18},{"not_picked":["Concentrate+1","Eviscerate"],"picked":"Deadly Poison","floor":20},{"not_picked":["Distraction","Dodge and Roll+1"],"picked":"Flying Knee+1","floor":21},{"not_picked":["Crippling Poison","Dagger Throw+1"],"picked":"Bouncing Flask","floor":23},{"not_picked":["Deadly Poison","Outmaneuver"],"picked":"Predator+1","floor":24},{"not_picked":["Underhanded Strike","Deadly Poison+1"],"picked":"After Image","floor":28},{"not_picked":["Sucker Punch+1","Noxious Fumes"],"picked":"Footwork","floor":29},{"not_picked":["Dagger Throw","Flying Knee"],"picked":"All Out Attack+1","floor":30},{"not_picked":["Brutality","Venomology"],"picked":"Creative AI","floor":33},{"not_picked":["Wild Strike","WindmillStrike"],"picked":"Body Slam","floor":35},{"not_picked":["Twin Strike+1","Sucker Punch"],"picked":"Bouncing Flask+1","floor":37},{"not_picked":["Flame Barrier","Cloak And Dagger"],"picked":"Dodge and Roll+1","floor":38},{"not_picked":["JustLucky","Storm of Steel","Havoc"],"picked":"SKIP","floor":39},{"not_picked":["Armaments+1","CrushJoints+1"],"picked":"Battle Trance","floor":40},{"not_picked":["BowlingBash","MentalFortress+1"],"picked":"Outmaneuver+1","floor":41},{"not_picked":["Havoc+1","Reinforced Body+1"],"picked":"Coolheaded+1","floor":42},{"not_picked":["Hello World+1","Metallicize"],"picked":"Omniscience","floor":44},{"not_picked":["Reboot","EmptyFist+1"],"picked":"Coolheaded","floor":45},{"not_picked":["Anger+1","Thunderclap"],"picked":"Infinite Blades","floor":46},{"not_picked":["Stack","Consecrate"],"picked":"Sweeping Beam+1","floor":47},{"not_picked":["Battle Trance+1","Backflip"],"picked":"Terror+1","floor":48}],"player_experience":1269886,"relics_obtained":[{"floor":6.0,"key":"Pen Nib"},{"floor":8.0,"key":"HornCleat"},{"floor":9.0,"key":"Bag of Marbles"},{"floor":12.0,"key":"Lantern"},{"floor":23,"key":"Vajra"},{"floor":26,"key":"Oddly Smooth Stone"},{"floor":28,"key":"Art of War"},{"floor":40,"key":"Meat on the Bone"},{"floor":42,"key":"Kunai"},{"floor":45,"key":"Bottled Tornado"},{"floor":47,"key":"Whetstone"}],"event_choices":[{"cards_removed":["Panache"],"damage_healed":26.0,"max_hp_gain":10.0,"max_hp_loss":0.0,"gold_gain":0.0,"event_name":"Bonfire Elementals","player_choice":"Offered Rare","floor":2.0,"gold_loss":0.0,"damage_taken":0.0},{"cards_removed":["Strike_G"],"damage_healed":0.0,"max_hp_gain":0.0,"max_hp_loss":0.0,"gold_gain":0.0,"event_name":"NoteForYourself","player_choice":"Took Card","floor":4.0,"gold_loss":0.0,"damage_taken":0.0,"cards_obtained":["Body Slam"]},{"damage_healed":0,"gold_gain":0,"player_choice":"Copied","damage_taken":0,"max_hp_gain":0,"max_hp_loss":0,"event_name":"Duplicator","floor":36,"gold_loss":0,"cards_obtained":["infinitespire:SevenWalls"]}],"is_beta":false,"boss_relics":[{"not_picked":["Busted Crown","SlaversCollar"],"picked":"Philosopher\u0027s Stone"},{"not_picked":["Empty Cage","Ring of the Serpent"],"picked":"Cursed Key"}],"items_purged_floors":[19],"is_endless":false,"potions_floor_spawned":[5,6,12,24,28,33,35,40,42,46,48],"ascension_level":2}}