{"host":"TheHustler","time":1614338194,"event":{"mods":["BaseMod","Block Reminder","Colored Map","Colored Powertips","Minty Spire (QoL Compilation)","Quick Restart","StSLib","SuperFastMode","Unceasing Turn Reminder"],"gold_per_floor":[114,63,63,78,78,108,108,138,188,188,218,218,233,233,233,333,333,348,363,378,403,403,433,433,433,458,81,96,96,126,141,141,241,241,256,478,478,228,243,243,273,288,313,343,358,358,397,397,406,406],"floor_reached":51,"language":"ENG","playtime":2484,"items_purged":["Strike_G","Defend_R"],"score":989,"play_id":"4e05a82d-25c2-4183-baf4-1f9dbbc65fbd","local_time":"20210226121634","daily_mods":["Chimera","Time Dilation","Elite Swarm"],"is_ascension_mode":false,"campfire_choices":[{"data":"Scrape","floor":7.0,"key":"SMITH"},{"floor":10.0,"key":"REST"},{"floor":12.0,"key":"REST"},{"data":"Beam Cell","floor":15.0,"key":"SMITH"},{"data":"Zap","floor":25.0,"key":"SMITH"},{"data":"Coolheaded","floor":29,"key":"SMITH"},{"data":"FTL","floor":32,"key":"SMITH"},{"data":"Machine Learning","floor":40,"key":"SMITH"},{"data":"Echo Form","floor":46,"key":"SMITH"},{"floor":49,"key":"REST"}],"circlet_count":0,"master_deck":["Bash+1","Survivor+1","Zap+1","Eruption+1","Strike_B+1","Defend_G+1","Defend_P+1","Go for the Eyes+1","Gash+1","Scrape+1","Reboot+1","Core Surge+1","Beam Cell+1","All For One+1","Conserve Battery+1","Coolheaded+1","Glacier+1","Seek+1","Go for the Eyes+1","Steam+1","Machine Learning+1","FTL+1","Beam Cell+1","Flash of Steel+1","Finesse+1","Swift Strike+1","Reboot+1","Parasite","Echo Form+1","Machine Learning+1","Reprogram+1"],"relics":["Cracked Core","Bag of Preparation","Happy Flower","Potion Belt","Bag of Marbles","Runic Dome","Red Mask","Gambling Chip","CaptainsWheel","Akabeko","Ornamental Fan","Lantern","Nuclear Battery","Strawberry","Question Card","Blood Vial","Dream Catcher","CeramicFish","Mark of the Bloom"],"acts_visited":["Exordium","TheCity","TheBeyond"],"potions_floor_usage":[39,50,50,50,50],"damage_taken":[{"damage":0.0,"enemies":"2 Louse","floor":1.0,"turns":3.0},{"damage":0.0,"enemies":"Small Slimes","floor":4.0,"turns":3.0},{"damage":28.0,"enemies":"Gremlin Nob","floor":6.0,"turns":3.0},{"damage":18.0,"enemies":"3 Sentries","floor":8.0,"turns":3.0},{"damage":14.0,"enemies":"Gremlin Nob","floor":11.0,"turns":4.0},{"damage":6.0,"enemies":"Jaw Worm","floor":13.0,"turns":2.0},{"damage":36.0,"enemies":"The Guardian","floor":16.0,"turns":8.0},{"damage":0.0,"enemies":"Spheric Guardian","floor":18.0,"turns":1.0},{"damage":8.0,"enemies":"Shell Parasite","floor":19.0,"turns":3.0},{"damage":6.0,"enemies":"Cultist and Chosen","floor":20.0,"turns":3.0},{"damage":0.0,"enemies":"Masked Bandits","floor":21.0,"turns":3.0},{"damage":0.0,"enemies":"Book of Stabbing","floor":23.0,"turns":5.0},{"damage":0,"enemies":"Snecko","floor":28,"turns":1},{"damage":0,"enemies":"Slavers","floor":30,"turns":1},{"damage":0,"enemies":"Shelled Parasite and Fungi","floor":31,"turns":2},{"damage":16,"enemies":"Automaton","floor":33,"turns":8},{"damage":0,"enemies":"3 Darklings","floor":35,"turns":2},{"damage":0,"enemies":"3 Shapes","floor":39,"turns":1},{"damage":0,"enemies":"Reptomancer","floor":41,"turns":4},{"damage":0,"enemies":"Writhing Mass","floor":42,"turns":2},{"damage":0,"enemies":"Giant Head","floor":44,"turns":7},{"damage":0,"enemies":"Transient","floor":45,"turns":5},{"damage":0,"enemies":"Reptomancer","floor":47,"turns":2},{"damage":0,"enemies":"Donu and Deca","floor":50,"turns":5}],"seed_played":"4728103701414758894","potions_obtained":[{"floor":8.0,"key":"AttackPotion"},{"floor":11.0,"key":"Fire Potion"},{"floor":13.0,"key":"Fruit Juice"},{"floor":18.0,"key":"CultistPotion"},{"floor":21.0,"key":"ColorlessPotion"},{"floor":31,"key":"Block Potion"},{"floor":39,"key":"Fruit Juice"},{"floor":42,"key":"Energy Potion"},{"floor":47,"key":"Strength Potion"}],"is_trial":false,"path_per_floor":["M","$","?","M","?","E","R","E","T","R","E","R","M","?","R","B",null,"M","M","M","?","?","E","?","R","T","$","M","R","E","M","R","B",null,"M","?","?","$","M","R","E","M","T","E","M","R","E","?","R","B",null],"character_chosen":"DEFECT","items_purchased":["Gash","Go for the Eyes","Ornamental Fan","Strawberry"],"campfire_rested":3,"item_purchase_floors":[2,27,27,38],"current_hp_per_floor":[75,75,75,75,60,32,32,14,14,36,22,44,43,48,48,12,85,85,77,71,71,71,71,71,71,71,71,71,71,71,71,71,55,85,85,85,75,82,87,87,87,87,87,89,91,91,93,93,93,93],"gold":406,"neow_bonus":"","is_daily":true,"chose_seed":false,"campfire_upgraded":7,"win_rate":0.0,"timestamp":1614338194,"path_taken":["M","$","?","M","?","E","R","E","T","R","E","R","M","?","R","BOSS","M","M","M","?","?","E","?","R","T","$","M","R","E","M","R","BOSS","M","?","?","$","M","R","E","M","T","E","M","R","E","?","R","BOSS"],"items_purchased_type":["Card","Card","Relic","Relic"],"build_version":"2020-12-18","purchased_purges":2,"victory":true,"max_hp_per_floor":[75,75,75,75,75,75,75,75,75,75,75,75,80,85,85,85,85,85,85,85,85,85,85,85,85,85,85,85,85,85,85,85,85,85,85,85,85,92,97,97,97,97,97,97,97,97,97,97,97,97],"card_choices":[{"not_picked":["Hologram","Skim"],"picked":"Go for the Eyes","floor":1.0},{"not_picked":["Consume","Redo"],"picked":"Scrape","floor":4.0},{"not_picked":["Echo Form","Amplify"],"picked":"Reboot","floor":6.0},{"not_picked":["Amplify","Hyperbeam"],"picked":"Core Surge","floor":8.0},{"not_picked":["Biased Cognition","Multi-Cast","Meteor Strike"],"picked":"SKIP","floor":11.0},{"not_picked":["Turbo","BootSequence"],"picked":"Beam Cell","floor":13.0},{"not_picked":["Multi-Cast","Echo Form"],"picked":"All For One","floor":16.0},{"not_picked":["Melter","Cold Snap","Heatsinks"],"picked":"SKIP","floor":18.0},{"not_picked":["Stack","Redo"],"picked":"Conserve Battery","floor":19.0},{"not_picked":["Echo Form","Streamline"],"picked":"Coolheaded","floor":20.0},{"not_picked":["Barrage","Aggregate"],"picked":"Glacier","floor":21.0},{"not_picked":["Multi-Cast","Thunder Strike"],"picked":"Seek","floor":23.0},{"not_picked":["Doom and Gloom","Glacier"],"picked":"Steam","floor":28},{"not_picked":["Thunder Strike","Creative AI"],"picked":"Machine Learning","floor":30},{"not_picked":["Gash","Reprogram"],"picked":"FTL","floor":31},{"not_picked":["Go for the Eyes","Steam+1"],"picked":"Beam Cell","floor":35},{"not_picked":["Good Instincts","The Bomb"],"picked":"Flash of Steel","floor":37},{"not_picked":["Secret Weapon","Master of Strategy"],"picked":"Finesse","floor":37},{"not_picked":["Impatience","PanicButton"],"picked":"Swift Strike","floor":37},{"not_picked":["Barrage","Go for the Eyes+1","Stack"],"picked":"SKIP","floor":39},{"not_picked":["Amplify","Thunder Strike"],"picked":"Reboot","floor":41},{"not_picked":["Compile Driver+1","Doom and Gloom+1","Sunder+1","Static Discharge"],"picked":"SKIP","floor":42},{"not_picked":["Fission","Meteor Strike","Rainbow"],"picked":"Echo Form","floor":44},{"not_picked":["Sweeping Beam","Barrage+1","Stack+1","Hologram"],"picked":"SKIP","floor":45},{"not_picked":["All For One","Echo Form","Seek"],"picked":"Machine Learning","floor":47},{"not_picked":["Chill","Rip and Tear","Loop"],"picked":"Reprogram+1","floor":49}],"player_experience":690070,"relics_obtained":[{"floor":6.0,"key":"Bag of Preparation"},{"floor":8.0,"key":"Happy Flower"},{"floor":9.0,"key":"Potion Belt"},{"floor":11.0,"key":"Bag of Marbles"},{"floor":21.0,"key":"Red Mask"},{"floor":23.0,"key":"Gambling Chip"},{"floor":26.0,"key":"Akabeko"},{"floor":30,"key":"Lantern"},{"floor":41,"key":"Question Card"},{"floor":43,"key":"Blood Vial"},{"floor":44,"key":"Dream Catcher"},{"floor":47,"key":"CeramicFish"}],"event_choices":[{"cards_removed":["Strike_R"],"damage_healed":0.0,"max_hp_gain":0.0,"max_hp_loss":0.0,"gold_gain":0.0,"event_name":"Living Wall","player_choice":"Forget","floor":3.0,"gold_loss":0.0,"damage_taken":0.0},{"damage_healed":0.0,"max_hp_gain":0.0,"max_hp_loss":0.0,"gold_gain":0.0,"event_name":"Shining Light","player_choice":"Entered Light","floor":5.0,"gold_loss":0.0,"damage_taken":15.0,"cards_upgraded":["Strike_B","Eruption"]},{"damage_healed":0.0,"max_hp_gain":5.0,"max_hp_loss":0.0,"gold_gain":0.0,"event_name":"Big Fish","player_choice":"Donut","floor":14.0,"gold_loss":0.0,"damage_taken":0.0},{"damage_healed":0.0,"max_hp_gain":0.0,"max_hp_loss":0.0,"gold_gain":0.0,"event_name":"Masked Bandits","player_choice":"Fought Bandits","floor":21.0,"gold_loss":0.0,"damage_taken":0.0},{"damage_healed":0.0,"max_hp_gain":0.0,"max_hp_loss":0.0,"gold_gain":0.0,"event_name":"Ghosts","player_choice":"Ignored","floor":22.0,"gold_loss":0.0,"damage_taken":0.0},{"damage_healed":0.0,"max_hp_gain":0.0,"max_hp_loss":0.0,"gold_gain":0.0,"event_name":"The Mausoleum","player_choice":"Opened","floor":24.0,"gold_loss":0.0,"damage_taken":0.0,"relics_obtained":["CaptainsWheel"]},{"damage_healed":0,"gold_gain":222,"player_choice":"Wore Mask","damage_taken":0,"max_hp_gain":0,"max_hp_loss":0,"event_name":"Tomb of Lord Red Mask","floor":36,"gold_loss":0},{"damage_healed":0,"gold_gain":0,"player_choice":"Memory 3","damage_taken":10,"max_hp_gain":0,"max_hp_loss":0,"event_name":"SensoryStone","floor":37,"gold_loss":0},{"damage_healed":0,"gold_gain":0,"player_choice":"Upgrade","damage_taken":0,"relics_obtained":["Mark of the Bloom"],"max_hp_gain":0,"max_hp_loss":0,"event_name":"MindBloom","floor":48,"gold_loss":0,"cards_upgraded":["Bash","Survivor","Defend_G","Defend_P","Go for the Eyes","Gash","Reboot","Core Surge","All For One","Conserve Battery","Glacier","Seek","Go for the Eyes","Steam","Beam Cell","Flash of Steel","Finesse","Swift Strike","Reboot","Machine Learning"]}],"is_beta":true,"boss_relics":[{"not_picked":["Calling Bell","Coffee Dripper"],"picked":"Runic Dome"},{"not_picked":["SlaversCollar","Runic Pyramid"],"picked":"Nuclear Battery"}],"items_purged_floors":[27,38],"is_endless":false,"potions_floor_spawned":[8,11,13,18,21,31,33,39,42,47],"ascension_level":0}}