{"host":"o9lehcdjc4u6j9un","time":1614354563,"event":{"mods":["Aspiration","BaseMod","Better-Laid Plans","Bossed Relics","Colored Map","Hermit","Marisa£®ÏF”Í°°ƒß¿Ì…≥£©","Minty Spire (QoL Compilation)","StSLib","The Marked","The Runesmith"],"gold_per_floor":[113,127,173,189,200,227,245,245,245],"floor_reached":8,"language":"ZHS","playtime":259,"items_purged":[],"score":60,"play_id":"84e92ac2-e1e0-4465-9708-4f17cedd81cd","local_time":"20210226234923","is_ascension_mode":false,"campfire_choices":[],"circlet_count":0,"master_deck":["Strike_B+1","Strike_B","Strike_B","Strike_B","Defend_B","Defend_B","Defend_B","Zap","Dualcast","Sweeping Beam","Gash+1","Scrape","Recycle"],"relics":["Cracked Core","Whetstone","Akabeko"],"acts_visited":["Exordium"],"potions_floor_usage":[],"damage_taken":[{"damage":1,"enemies":"Cultist","floor":1,"turns":3},{"damage":2,"enemies":"2 Louse","floor":2,"turns":2},{"damage":1,"enemies":"Jaw Worm","floor":4,"turns":2},{"damage":18,"enemies":"3 Louse","floor":5,"turns":3},{"damage":23,"enemies":"3 Sentries","floor":6,"turns":6},{"damage":6,"enemies":"Lots of Slimes","floor":7,"turns":3},{"damage":31,"enemies":"Lagavulin","floor":8,"turns":3}],"seed_played":"2624508755728483422","potions_obtained":[{"floor":2,"key":"FocusPotion"}],"is_trial":false,"path_per_floor":["M","M","T","M","M","E","M","E"],"character_chosen":"DEFECT","items_purchased":[],"campfire_rested":0,"item_purchase_floors":[],"current_hp_per_floor":[74,72,72,71,53,30,24,0,0],"gold":245,"neow_bonus":"REMOVE_CARD","is_daily":false,"chose_seed":false,"campfire_upgraded":0,"win_rate":0.0,"timestamp":1614354563,"path_taken":["M","?","?","M","?","E","M","E"],"items_purchased_type":[],"build_version":"2020-12-22","purchased_purges":0,"victory":false,"max_hp_per_floor":[75,75,75,75,75,75,75,75,75],"card_choices":[{"not_picked":["Compile Driver","Barrage"],"picked":"Sweeping Beam","floor":1},{"not_picked":["Chaos","Beam Cell"],"picked":"Gash","floor":2},{"not_picked":["Self Repair","Force Field"],"picked":"Scrape","floor":4},{"not_picked":["Skim","Barrage","Sweeping Beam"],"picked":"SKIP","floor":5},{"not_picked":["Go for the Eyes","Tempest","Redo"],"picked":"SKIP","floor":6},{"not_picked":["Genetic Algorithm","Static Discharge"],"picked":"Recycle","floor":7}],"player_experience":181184,"relics_obtained":[{"floor":3,"key":"Whetstone"},{"floor":6,"key":"Akabeko"}],"event_choices":[],"is_beta":false,"boss_relics":[],"items_purged_floors":[],"is_endless":false,"potions_floor_spawned":[2],"killed_by":"Lagavulin","ascension_level":0}}