{"host":"x73jdofm2fk9hsud","time":1614314225,"event":{"mods":["BaseMod","Bestiary","Minty Spire (QoL Compilation)","Relic Stats","ojb\u0027s Better Paths Mod","ojb\u0027s Info Mod"],"gold_per_floor":[116,136,136,61,80,80,93,93,93,112,142,142,173,203,203,280,280,292,311,311,226,241,241,72,72,99,129,155,207,207,220,220,298,298,316,333,347,363,363,363,363],"floor_reached":40,"language":"ENG","playtime":1986,"items_purged":["Defend_B"],"score":962,"play_id":"46a65a3d-fdca-4c96-9793-fb7678d881f2","local_time":"20210225233705","is_ascension_mode":true,"campfire_choices":[{"data":"Sweeping Beam","floor":6,"key":"SMITH"},{"data":"Static Discharge","floor":8,"key":"SMITH"},{"data":"Darkness","floor":12,"key":"SMITH"},{"data":"Go for the Eyes","floor":15,"key":"SMITH"},{"floor":23,"key":"RECALL"},{"data":"Creative AI","floor":32,"key":"SMITH"}],"circlet_count":0,"master_deck":["AscendersBane","Strike_B","Strike_B","Strike_B","Strike_B","Defend_B","Defend_B","Defend_B+1","Zap","Dualcast","CurseOfTheBell","Chill","Leap+1","Sweeping Beam+1","Static Discharge+1","Darkness+1","Go for the Eyes+1","Auto Shields+1","Fission+1","Cold Snap+1","Conserve Battery+1","Creative AI+1","Ghostly+1","Ghostly+1","Ghostly+1","Undo+1","Electrodynamics+1","Coolheaded+1","Multi-Cast+1","Recycle+1"],"relics":["Calling Bell","PreservedInsect","Question Card","Mango","Meat on the Bone","Toxic Egg 2","Odd Mushroom","Coffee Dripper","Enchiridion","Runic Capacitor","War Paint","Red Mask","Vajra","Strawberry","Snecko Eye"],"acts_visited":["Exordium","TheCity","TheBeyond"],"potions_floor_usage":[13,16,16,33,40],"damage_taken":[{"damage":12,"enemies":"Small Slimes","floor":1,"turns":4},{"damage":2,"enemies":"Jaw Worm","floor":2,"turns":4},{"damage":3,"enemies":"2 Louse","floor":5,"turns":4},{"damage":9,"enemies":"Blue Slaver","floor":7,"turns":4},{"damage":12,"enemies":"Large Slime","floor":10,"turns":5},{"damage":8,"enemies":"3 Sentries","floor":13,"turns":4},{"damage":7,"enemies":"The Mushroom Lair","floor":14,"turns":5},{"damage":44,"enemies":"The Guardian","floor":16,"turns":9},{"damage":13,"enemies":"Shell Parasite","floor":18,"turns":4},{"damage":18,"enemies":"Chosen","floor":19,"turns":6},{"damage":18,"enemies":"Snake Plant","floor":22,"turns":3},{"damage":4,"enemies":"Masked Bandits","floor":27,"turns":4},{"damage":20,"enemies":"Book of Stabbing","floor":28,"turns":6},{"damage":2,"enemies":"Sentry and Sphere","floor":31,"turns":8},{"damage":0,"enemies":"Automaton","floor":33,"turns":14},{"damage":0,"enemies":"3 Darklings","floor":35,"turns":3},{"damage":1,"enemies":"3 Shapes","floor":36,"turns":5},{"damage":16,"enemies":"3 Darklings","floor":37,"turns":5},{"damage":9,"enemies":"Sphere and 2 Shapes","floor":38,"turns":3},{"damage":61,"enemies":"Nemesis","floor":40,"turns":11}],"seed_played":"5756247161044172915","potions_obtained":[{"floor":2,"key":"SmokeBomb"},{"floor":5,"key":"Swift Potion"},{"floor":7,"key":"Fire Potion"},{"floor":13,"key":"LiquidBronze"},{"floor":16,"key":"SpeedPotion"},{"floor":19,"key":"FearPotion"},{"floor":27,"key":"FocusPotion"},{"floor":33,"key":"Regen Potion"}],"is_trial":false,"path_per_floor":["M","M","?","$","M","R","M","R","T","M","?","R","E","?","R","B",null,"M","M","?","$","M","R","$","?","T","?","E","T","?","M","R","B",null,"M","M","M","M","?","E"],"character_chosen":"DEFECT","items_purchased":["Creative AI","Runic Capacitor"],"campfire_rested":0,"item_purchase_floors":[21,24],"current_hp_per_floor":[66,64,69,69,66,66,57,57,57,57,57,57,49,54,54,22,73,60,54,33,33,27,27,27,27,27,23,15,22,22,32,32,32,47,47,46,30,33,33,0,0],"gold":363,"neow_bonus":"BOSS_RELIC","is_daily":false,"chose_seed":false,"campfire_upgraded":5,"win_rate":0.0,"timestamp":1614314225,"path_taken":["M","M","?","$","M","R","M","R","T","M","?","R","E","?","R","BOSS","M","M","?","$","M","R","$","?","T","?","E","?","?","M","R","BOSS","M","M","M","M","?","E"],"items_purchased_type":["Card","Relic"],"build_version":"2020-12-22","purchased_purges":1,"victory":false,"max_hp_per_floor":[85,85,90,90,90,90,90,90,90,90,90,90,90,90,90,90,90,90,90,90,90,90,90,90,45,45,45,45,52,52,52,52,52,52,52,52,52,52,52,52,52],"relic_stats":{"counters":[20,111],"Snecko Eye":[34,48,49,38],"PreservedInsect":125,"War Paint":["Leap","Defend_B"],"Question Card":19,"obtain_stats":[{"Enchiridion":20,"Vajra":28,"Mango":0,"PreservedInsect":0,"Runic Capacitor":24,"Odd Mushroom":14,"War Paint":26,"Question Card":0,"Calling Bell":0,"Strawberry":29,"Snecko Eye":34,"Coffee Dripper":17,"Red Mask":27,"Toxic Egg 2":13,"Cracked Core":0,"Meat on the Bone":9},{"Enchiridion":10,"Vajra":13,"Mango":0,"PreservedInsect":0,"Runic Capacitor":11,"Odd Mushroom":7,"War Paint":11,"Question Card":0,"Calling Bell":0,"Strawberry":13,"Snecko Eye":15,"Coffee Dripper":8,"Red Mask":12,"Toxic Egg 2":6,"Cracked Core":0,"Meat on the Bone":4},{"Enchiridion":49,"Vajra":62,"Mango":0,"PreservedInsect":0,"Runic Capacitor":52,"Odd Mushroom":30,"War Paint":52,"Question Card":0,"Calling Bell":0,"Strawberry":62,"Snecko Eye":84,"Coffee Dripper":39,"Red Mask":56,"Toxic Egg 2":25,"Cracked Core":0,"Meat on the Bone":16}],"Meat on the Bone":96},"card_choices":[{"not_picked":["Machine Learning","Auto Shields","Rebound"],"picked":"Chill","floor":1},{"not_picked":["Consume","Aggregate","Coolheaded"],"picked":"Leap","floor":2},{"not_picked":["Reinforced Body","Scrape","Barrage"],"picked":"Sweeping Beam","floor":5},{"not_picked":["Rebound","Barrage","Steam Power"],"picked":"Static Discharge","floor":7},{"not_picked":["Cold Snap","Go for the Eyes","Sweeping Beam"],"picked":"Darkness","floor":10},{"not_picked":["Cold Snap","Thunder Strike","Chaos+1"],"picked":"Go for the Eyes","floor":13},{"not_picked":["Gash","Beam Cell","Compile Driver"],"picked":"Auto Shields+1","floor":14},{"not_picked":["Meteor Strike","Core Surge","Machine Learning"],"picked":"Fission+1","floor":16},{"not_picked":["FTL","Leap+1","Compile Driver"],"picked":"Cold Snap+1","floor":18},{"not_picked":["Go for the Eyes","Steam+1","Compile Driver"],"picked":"Conserve Battery+1","floor":19},{"not_picked":["Redo+1","Conserve Battery+1","Go for the Eyes+1","Storm"],"picked":"SKIP","floor":22},{"not_picked":["Ball Lightning","Hologram+1","Darkness+1"],"picked":"Undo+1","floor":27},{"not_picked":["Chill+1","Sunder","Barrage"],"picked":"Electrodynamics","floor":28},{"not_picked":["Cold Snap","Compile Driver","Stack+1"],"picked":"Coolheaded+1","floor":31},{"not_picked":["Electrodynamics","Buffer","Rainbow+1"],"picked":"Multi-Cast+1","floor":33},{"not_picked":["Ball Lightning","Darkness+1","Rebound","Melter+1"],"picked":"SKIP","floor":35},{"not_picked":["Coolheaded+1","Scrape","Rebound"],"picked":"Recycle+1","floor":36},{"not_picked":["Cold Snap","Hello World","Scrape","Rip and Tear"],"picked":"SKIP","floor":37},{"not_picked":["Leap+1","Steam+1","Sweeping Beam","Gash+1"],"picked":"SKIP","floor":38}],"player_experience":5439062,"relics_obtained":[{"floor":0,"key":"PreservedInsect"},{"floor":0,"key":"Question Card"},{"floor":0,"key":"Mango"},{"floor":9,"key":"Meat on the Bone"},{"floor":13,"key":"Toxic Egg 2"},{"floor":14,"key":"Odd Mushroom"},{"floor":20,"key":"Enchiridion"},{"floor":26,"key":"War Paint"},{"floor":27,"key":"Red Mask"},{"floor":28,"key":"Vajra"},{"floor":29,"key":"Strawberry"}],"event_choices":[{"damage_healed":0,"gold_gain":0,"player_choice":"Donut","damage_taken":0,"max_hp_gain":5,"max_hp_loss":0,"event_name":"Big Fish","floor":3,"gold_loss":0},{"damage_healed":0,"gold_gain":30,"player_choice":"Searched \u00271\u0027 times","damage_taken":0,"max_hp_gain":0,"max_hp_loss":0,"event_name":"Dead Adventurer","floor":11,"gold_loss":0},{"damage_healed":0,"gold_gain":0,"player_choice":"Fought Mushrooms","damage_taken":0,"max_hp_gain":0,"max_hp_loss":0,"event_name":"Mushrooms","floor":14,"gold_loss":0},{"damage_healed":0,"gold_gain":0,"player_choice":"Obtained Book","damage_taken":21,"max_hp_gain":0,"max_hp_loss":0,"event_name":"Cursed Tome","floor":20,"gold_loss":0},{"damage_healed":0,"gold_gain":0,"player_choice":"Became a Ghost","damage_taken":0,"max_hp_gain":0,"max_hp_loss":45,"event_name":"Ghosts","floor":25,"gold_loss":0,"cards_obtained":["Ghostly","Ghostly","Ghostly"]},{"damage_healed":0,"gold_gain":0,"player_choice":"Fought Bandits","damage_taken":0,"max_hp_gain":0,"max_hp_loss":0,"event_name":"Masked Bandits","floor":27,"gold_loss":0},{"damage_healed":0,"gold_gain":0,"player_choice":"Upgraded","damage_taken":0,"max_hp_gain":0,"max_hp_loss":0,"event_name":"Upgrade Shrine","floor":30,"gold_loss":0,"cards_upgraded":["Electrodynamics"]},{"damage_healed":0,"gold_gain":0,"player_choice":"0 cards matched","damage_taken":0,"max_hp_gain":0,"max_hp_loss":0,"event_name":"Match and Keep!","floor":39,"gold_loss":0,"cards_obtained":[]}],"is_beta":false,"boss_relics":[{"not_picked":["Philosopher\u0027s Stone","Fusion Hammer"],"picked":"Coffee Dripper"},{"not_picked":["Runic Dome","SlaversCollar"],"picked":"Snecko Eye"}],"items_purged_floors":[4],"is_endless":false,"potions_floor_spawned":[2,5,7,13,16,19,27,33,38],"killed_by":"Nemesis","ascension_level":20}}