{"host":"d73an99q9oevilk5","time":1614328759,"event":{"mods":["2.2 Compatiblity","AchievementEnabler","Act Like it!","Aspiration","BaseMod","Beaked The Cultist","Better Third Choice","BetterRewards","Bossed Relics","Colored Map","Colored Powertips","Conspire","Downfall","GifTheSpireLib","GungeonMod","Halation","Hubris","Infinite Spire","Marisa????????","Mimic Mod","Minty Spire (QoL Compilation)","MostiFishMod","Quick Restart","Relic Sorter","Reliquary","Replay The Spire","Shop Mod","Spikes Relics","StSLib","Stuff the Spire","The Cursed","The Jungle","The Necromancer","The Saiyan","TheHero","Waifu the Spire","egg","slay the spire mod where everything is the same but ironclad has a cowboy hat"],"gold_per_floor":[112,112,112,130,78,78,111,111,149,114,133,150,150,150,150,249,249,266,113,133,159,176,203,203,203,242,242,275,275,275,297,297,400,400,417,417,433,433,433,454,373,373,373,407,74,91,122,123,171,180],"floor_reached":51,"language":"ENG","playtime":1321,"items_purged":[],"score":941,"play_id":"30005b8b-447f-4a26-b434-2c16758dfc51","local_time":"20210226013919","is_ascension_mode":false,"campfire_choices":[{"data":"Defragment","floor":6,"key":"SMITH"},{"data":"MostiFishMod:StrandedSiren","floor":8,"key":"SMITH"},{"data":"BasicCrystalCard","floor":13,"key":"SMITH"},{"data":"hubris:EnhanceAbility","floor":15,"key":"SMITH"},{"data":"StuffTheSpire:Synthwave","floor":24,"key":"SMITH"},{"data":"Chaos","floor":29,"key":"SMITH"},{"data":"MostiFishMod:Distribution","floor":32,"key":"SMITH"},{"data":"MostiFishMod:SeaWaves","floor":42,"key":"SMITH"}],"circlet_count":0,"master_deck":["Strike_B","Defend_B","Defend_B","Defend_B","Defend_B","Zap","Dualcast","hubris:EnhanceAbility+1","StuffTheSpire:Synthwave+1","MostiFishMod:StrandedSiren+1","Defragment+1","BasicCrystalCard+1","MostiFishMod:Distribution+1","MostiFishMod:ActiveDefenseSystem","MostiFishMod:SeaWaves+1","Amplify+1","Pot Of Greed","Pot Of Greed","Strike_B","Loop+1","Chaos+1","Capacitor+1","Barrage+1","MostiFishMod:ReadyAimFire","hubris:PowerSurge+1","StuffTheSpire:Coldhearted+1","Pot Of Greed","Blind","Chill","conspire:SharedLibrary+1","Consume","Chaos","ReplayTheSpireMod:Dual Polarity+1","BasicCrystalCard","MostiFishMod:FluxCapactior+1"],"relics":["Cracked Core","hubris:Icosahedron","MostiFishMod:AdaptiveDefenses","DaveBox","Civilization","CrustySpines","SynthV","halation:QuantumPhysicsTextbook","conspire:Dentures","Unceasing Top","CherryCoatedStake","conspire:GiftBox","DataDisk","Replay:Frozen Program","DemoMod:BigBoy","SynthV:TestCard","PreservedInsect","Vajra","halation:Toothbrush","Empty Cage","Grinning Jar","StuffTheSpire:Mouthbags","Replay:Multitool","halation:IllGainedPizza","infinitespire:Cupcake","halation:PinkSoulGem","DemoMod:JetPack","MiniBlackHole","halation:Diary","Replay:Mystery Machine","Dead Branch","Blue Candle"],"acts_visited":["Exordium","TheCity","TheBeyond"],"potions_floor_usage":[18,20,28,48,50,50,50,50],"damage_taken":[{"damage":4,"enemies":"2 Louse","floor":1,"turns":2},{"damage":0,"enemies":"Cultist","floor":4,"turns":3},{"damage":18,"enemies":"Lagavulin","floor":7,"turns":3},{"damage":0,"enemies":"Jaw Worm","floor":9,"turns":3},{"damage":0,"enemies":"Jaw Worm","floor":11,"turns":2},{"damage":0,"enemies":"2 Fungi Beasts","floor":12,"turns":2},{"damage":0,"enemies":"Slime Boss","floor":16,"turns":5},{"damage":0,"enemies":"Spheric Guardian","floor":18,"turns":2},{"damage":0,"enemies":"2 Thieves","floor":20,"turns":3},{"damage":10,"enemies":"Snake Plant","floor":22,"turns":3},{"damage":83,"enemies":"Slavers","floor":23,"turns":5},{"damage":1,"enemies":"Centurion and Healer","floor":26,"turns":7},{"damage":15,"enemies":"Gremlin Leader","floor":28,"turns":4},{"damage":0,"enemies":"Centurion and Healer","floor":31,"turns":3},{"damage":8,"enemies":"hubris:MusketHawk","floor":33,"turns":6},{"damage":0,"enemies":"3 Darklings","floor":35,"turns":2},{"damage":0,"enemies":"3 Shapes","floor":37,"turns":3},{"damage":0,"enemies":"Maw","floor":40,"turns":3},{"damage":2,"enemies":"Nemesis","floor":44,"turns":3},{"damage":0,"enemies":"3 Darklings","floor":46,"turns":3},{"damage":8,"enemies":"Reptomancer","floor":47,"turns":3},{"damage":0,"enemies":"Writhing Mass","floor":48,"turns":2},{"damage":1,"enemies":"Replay:Hell Engine","floor":50,"turns":7}],"seed_played":"-8065140150648177100","potions_obtained":[{"floor":7,"key":"ColorlessPotion"},{"floor":14,"key":"DemoMod:BlankPotion"},{"floor":14,"key":"SmokeBomb"},{"floor":14,"key":"Venom Potion"},{"floor":20,"key":"FocusPotion"},{"floor":23,"key":"Explosive Potion"},{"floor":31,"key":"Fire Potion"},{"floor":37,"key":"AttackPotion"}],"is_trial":false,"path_per_floor":["M","?","?","M","$","R","E","R","MIM","?","M","M","R","?","R","B",null,"M","$","M","T","M","E","R","?","MIM","R","E","R","?","M","R","B",null,"M","?","M","?","?","M","$","R","T","E","$","M","E","M","R_BF","B",null],"character_chosen":"DEFECT","items_purchased":["hubris:EnhanceAbility","StuffTheSpire:Synthwave","SynthV","conspire:Dentures","DataDisk","Replay:Frozen Program","BasicCrystalCard","MostiFishMod:AdaptiveDefenses","Chill","halation:Diary","Replay:Mystery Machine","Consume"],"campfire_rested":0,"item_purchase_floors":[0,0,0,0,0,0,5,19,41,45,45,45],"current_hp_per_floor":[73,73,73,76,76,76,62,62,67,89,94,99,99,99,99,104,110,115,115,120,120,118,52,52,52,56,97,121,121,121,130,130,127,153,158,158,163,163,163,168,168,168,168,171,171,178,176,181,106,113],"gold":180,"neow_bonus":"","is_daily":false,"chose_seed":false,"campfire_upgraded":8,"win_rate":0.0,"timestamp":1614328759,"path_taken":["M","?","?","?","$","R","E","R","MIM","?","M","M","R","?","R","BOSS","M","$","M","?","M","E","R","?","MIM","R","E","R","?","M","R","BOSS","M","?","M","?","?","M","$","R","T","E","$","M","E","M","R_BF","BOSS"],"items_purchased_type":["Card","Card","Relic","Relic","Relic","Relic","Card","Relic","Card","Relic","Relic","Card"],"build_version":"2020-12-22","purchased_purges":0,"victory":true,"max_hp_per_floor":[77,77,77,80,80,80,84,84,89,89,94,99,99,99,99,104,110,115,115,120,120,125,133,133,133,138,138,143,143,143,148,148,153,153,158,158,163,163,163,168,168,168,168,173,173,178,183,188,188,193],"card_choices":[{"not_picked":["Reboot","MostiFishMod:DeathFromBelow"],"picked":"MostiFishMod:StrandedSiren","floor":0},{"not_picked":["Stack","Blizzard","Scrape"],"picked":"SKIP","floor":1},{"not_picked":["Glacier","Time Bomb","Cold Snap","Doom and Gloom"],"picked":"Defragment","floor":4},{"not_picked":["Panic Button","Hello World","Streamline","Steam"],"picked":"MostiFishMod:Distribution","floor":7},{"not_picked":["Steam","Barrage","StuffTheSpire:LoadUp","Rebound","Gash"],"picked":"SKIP","floor":11},{"not_picked":["Compile Driver","StuffTheSpire:GlassShard","Beam Cell","Conserve Battery"],"picked":"MostiFishMod:ActiveDefenseSystem","floor":12},{"not_picked":["MostiFishMod:Distribution","Mirror Shield","MostiFishMod:TalkingToTheRain","Reboot"],"picked":"MostiFishMod:SeaWaves","floor":16},{"not_picked":["StuffTheSpire:ShieldGenerator","Turbo","StuffTheSpire:NuclearReactor+1","Rip and Tear","Lockon"],"picked":"SKIP","floor":18},{"not_picked":["Stack","Streamline","Redo","Barrage"],"picked":"Amplify","floor":20},{"not_picked":["Sunder","Stack","StuffTheSpire:ShieldGenerator+1","Rip and Tear+1","StuffTheSpire:Plugnplay"],"picked":"SKIP","floor":22},{"not_picked":["ReplayTheSpireMod:Repulse","Panic Button","Steam Power","BootSequence"],"picked":"Loop+1","floor":23},{"not_picked":["Time Bomb","Melter+1","Go for the Eyes","ReplaySort"],"picked":"Chaos","floor":26},{"not_picked":["Aggregate","StuffTheSpire:Synthwave+1","Doom and Gloom+1","White Noise"],"picked":"Capacitor+1","floor":28},{"not_picked":["Sweeping Beam","Static Discharge","Reinforced Body+1","Rebound"],"picked":"Barrage+1","floor":31},{"not_picked":["Reboot","MostiFishMod:DeathFromBelow","MostiFishMod:Exploitation","hubris:SpecializedCircuitry"],"picked":"MostiFishMod:ReadyAimFire","floor":33},{"not_picked":["Streamline","Heatsinks+1","Storm","Turbo+1"],"picked":"hubris:PowerSurge+1","floor":35},{"not_picked":["Redo","Rebound+1","ReplayTheSpireMod:Reroute Power","ReplayTheSpireMod:Repulse"],"picked":"StuffTheSpire:Coldhearted+1","floor":37},{"not_picked":["Finesse","Madness","Panache","StuffTheSpire:FreeRealEstate"],"picked":"Blind","floor":38},{"not_picked":["Chill","Double Energy","MostiFishMod:PushDownKick+1","Turbo+1","Sweeping Beam"],"picked":"SKIP","floor":40},{"not_picked":["Time Bomb+1","Steam+1","FIFO Queue+1","Rebound"],"picked":"conspire:SharedLibrary+1","floor":44},{"not_picked":["Ball Lightning","Crystallizer+1","Reprogram+1","Panic Button"],"picked":"Chaos","floor":46},{"not_picked":["Lockon","Rainbow","Machine Learning","RefreshScreen+1"],"picked":"ReplayTheSpireMod:Dual Polarity+1","floor":47},{"not_picked":["Chill","Undo","StuffTheSpire:Synthwave","Turbo"],"picked":"BasicCrystalCard","floor":49},{"not_picked":["Ball Lightning","Go for the Eyes+1","Streamline+1","Gash"],"picked":"MostiFishMod:FluxCapactior+1","floor":49}],"player_experience":2006648,"relics_obtained":[{"floor":1,"key":"SynthV:TestCard"},{"floor":7,"key":"Vajra"},{"floor":9,"key":"halation:Toothbrush"},{"floor":21,"key":"Grinning Jar"},{"floor":23,"key":"StuffTheSpire:Mouthbags"},{"floor":26,"key":"Replay:Multitool"},{"floor":28,"key":"halation:IllGainedPizza"},{"floor":43,"key":"DemoMod:JetPack"},{"floor":44,"key":"MiniBlackHole"},{"floor":47,"key":"Dead Branch"},{"floor":49,"key":"Blue Candle"}],"event_choices":[{"cards_removed":["Finesse"],"damage_healed":0,"gold_gain":0,"player_choice":"Gave Card","damage_taken":0,"relics_obtained":["PreservedInsect"],"max_hp_gain":0,"max_hp_loss":0,"event_name":"WeMeetAgain","floor":3,"gold_loss":0},{"damage_healed":22,"gold_gain":0,"player_choice":"Healed","damage_taken":0,"max_hp_gain":0,"max_hp_loss":0,"event_name":"The Cleric","floor":10,"gold_loss":35},{"damage_healed":0,"gold_gain":0,"player_choice":"Got Potions","damage_taken":0,"max_hp_gain":0,"max_hp_loss":0,"event_name":"Lab","floor":14,"gold_loss":0},{"damage_healed":0,"gold_gain":0,"player_choice":"Ignored","damage_taken":0,"max_hp_gain":0,"max_hp_loss":0,"event_name":"Tomb of Lord Red Mask","floor":36,"gold_loss":0},{"damage_healed":0,"gold_gain":0,"player_choice":"Memory 1","damage_taken":0,"max_hp_gain":0,"max_hp_loss":0,"event_name":"SensoryStone","floor":38,"gold_loss":0}],"is_beta":false,"boss_relics":[{"not_picked":["Transparent","FixedStarFall"],"picked":"Empty Cage"},{"not_picked":["Coffee Dripper","reliquary:Craggleroot"],"picked":"infinitespire:Cupcake"}],"items_purged_floors":[],"is_endless":false,"potions_floor_spawned":[7,16,20,23,31,33,37,40],"ascension_level":0}}