{"host":"xr2w6q7a088fu8w2","time":1614311677,"event":{"mods":["AchievementEnabler","BaseMod","Colored Powertips","Good Game Mod","Koishi","Minty Spire (QoL Compilation)","MostiFishMod","Reimu£®≤©¿ˆ¡È√Œ£©","Relic Filter Mod","Reliquary","StSLib","SuperFastMode","UnlockEverythingMod"],"gold_per_floor":[117,117,47,67,4,37,112,112,135,164,164,191,209,227,227,322,322,336,346,365,376,124,153,153,167,167,179,179,190,222,234,234,335,335,345,358,358,358,358,388,212,231,231,242,272,272,272,287,287,389,439,449,258,258,208,238,238,273,273,273,304,323,343,518,534,534,634,634,651,680,698,698,714,745,238,272,298,325,344,356,371,387,387,488,488,505,42,0,18,36,65,65,92,122,177,207,236,250,58,58,160,160,173,173,186,186,198,198,198],"floor_reached":108,"language":"ZHS","playtime":3002,"items_purged":["Defend_G","Strike_G","Strike_G"],"score":3218,"play_id":"1c8ad7bb-6f78-434a-8dba-9410e4b55ea9","local_time":"20210226115437","daily_mods":["Vintage","Green Cards","Heirloom","Time Dilation","Elite Swarm"],"is_ascension_mode":false,"campfire_choices":[{"data":"Backstab","floor":8.0,"key":"SMITH"},{"floor":11.0,"key":"REST"},{"data":"MostiFishMod:GrandStart","floor":15.0,"key":"SMITH"},{"data":"Koishi:GrowingPain","floor":24,"key":"SMITH"},{"data":"Defend_G","floor":32,"key":"PURGE"},{"data":"Defend_G","floor":47,"key":"PURGE"},{"data":"Strike_G","floor":49,"key":"PURGE"},{"data":"Strike_G","floor":57,"key":"PURGE"},{"data":"Bandage Up+1","floor":59,"key":"PURGE"},{"data":"Doubt","floor":66,"key":"PURGE"},{"data":"Skewer","floor":83,"key":"SMITH"},{"data":"Neutralize+1","floor":100,"key":"PURGE"}],"circlet_count":0,"master_deck":["Koishi:SilentAndRestless+1","Backstab+1","MostiFishMod:GrandStart+1","Koishi:GrowingPain+1","MostiFishMod:ButterFly+1","Skewer+1"],"relics":["Ring of the Snake","REME:ComplimentaryCards","DaveBox","MetatronsCube","Du-Vu Doll","Centennial Puzzle","SynthV:TestCard","MawBank","reliquary:PurpleTingedLeaf","reliquary:Buckler","Question Card","CaptainsWheel","reliquary:Knoch","Unceasing Top","RhineCircuit","reliquary:PorcupineQuills","Toxic Egg 2","reliquary:ExpiredCoupon","Regal Pillow","Lantern","OriginationStaff","Pantograph","CaptainsWheel","reliquary:RadioactivePellet","Peace Pipe","Ginger","Pocketwatch","Coffee Dripper","The Courier","reliquary:Stiletto","Tingsha","Tiny Chest","Kunai","Boot","Tough Bandages","reliquary:TuningFork","reliquary:FeatherDuster","Tiny House","SynthV:C4","reliquary:PrincelyHelmet","Gremlin Horn","Frozen Egg 2","Odd Mushroom","Bronze Scales","Philosopher\u0027s Stone","Akabeko","reliquary:Boomerang","Nilry\u0027s Codex","Singing Bowl","HornCleat","Omamori","RuthlessExorcism:ReiMu","White Beast Statue","Anchor","BionicSphere","Happy Flower","Black Star","Sundial","Dodecahedron","Orichalcum","Prayer Wheel","Red Mask","reliquary:WeakTea","Whetstone","ThornShield","TungstenRod","Shuriken","RhineSuit","reliquary:SilkGlove","FossilizedHelix","Ancient Tea Set"],"acts_visited":["Exordium","TheCity","TheBeyond","Exordium","TheCity","TheBeyond","Exordium"],"potions_floor_usage":[30,30,33,33,33,101],"damage_taken":[{"damage":0.0,"enemies":"Jaw Worm","floor":1.0,"turns":4.0},{"damage":0.0,"enemies":"Cultist","floor":4.0,"turns":2.0},{"damage":8.0,"enemies":"Gremlin Nob","floor":6.0,"turns":4.0},{"damage":8.0,"enemies":"Lagavulin","floor":10.0,"turns":6.0},{"damage":3.0,"enemies":"Gremlin Nob","floor":12.0,"turns":3.0},{"damage":0.0,"enemies":"2 Louse","floor":13.0,"turns":1.0},{"damage":0.0,"enemies":"2 Fungi Beasts","floor":14.0,"turns":1.0},{"damage":2.0,"enemies":"The Guardian","floor":16.0,"turns":5.0},{"damage":0.0,"enemies":"2 Thieves","floor":18.0,"turns":1.0},{"damage":0.0,"enemies":"Chosen","floor":19.0,"turns":1.0},{"damage":0.0,"enemies":"Sentry and Sphere","floor":20.0,"turns":2.0},{"damage":0.0,"enemies":"Snake Plant","floor":21.0,"turns":2.0},{"damage":0,"enemies":"Slavers","floor":23,"turns":1},{"damage":0,"enemies":"Shelled Parasite and Fungi","floor":25,"turns":2},{"damage":0,"enemies":"Centurion and Healer","floor":27,"turns":2},{"damage":0,"enemies":"Snake Plant","floor":29,"turns":1},{"damage":0,"enemies":"Book of Stabbing","floor":30,"turns":1},{"damage":0,"enemies":"Shelled Parasite and Fungi","floor":31,"turns":2},{"damage":19,"enemies":"Champ","floor":33,"turns":6},{"damage":0,"enemies":"3 Darklings","floor":35,"turns":1},{"damage":0,"enemies":"Orb Walker","floor":36,"turns":1},{"damage":12,"enemies":"Nemesis","floor":40,"turns":3},{"damage":0,"enemies":"Spire Growth","floor":42,"turns":3},{"damage":3,"enemies":"Sphere and 2 Shapes","floor":44,"turns":1},{"damage":0,"enemies":"Giant Head","floor":45,"turns":4},{"damage":0,"enemies":"Writhing Mass","floor":48,"turns":1},{"damage":0,"enemies":"Donu and Deca","floor":50,"turns":4},{"damage":0,"enemies":"Cultist","floor":52,"turns":1},{"damage":0,"enemies":"Gremlin Nob","floor":56,"turns":2},{"damage":0,"enemies":"3 Sentries","floor":58,"turns":1},{"damage":0,"enemies":"Gremlin Nob","floor":61,"turns":1},{"damage":0,"enemies":"2 Louse","floor":62,"turns":1},{"damage":0,"enemies":"The Mushroom Lair","floor":63,"turns":1},{"damage":0,"enemies":"Small Slimes","floor":65,"turns":1},{"damage":0,"enemies":"Slime Boss","floor":67,"turns":2},{"damage":0,"enemies":"3 Byrds","floor":69,"turns":1},{"damage":0,"enemies":"Slavers","floor":70,"turns":1},{"damage":0,"enemies":"2 Thieves","floor":71,"turns":1},{"damage":0,"enemies":"Shelled Parasite and Fungi","floor":73,"turns":1},{"damage":0,"enemies":"Book of Stabbing","floor":74,"turns":2},{"damage":0,"enemies":"Gremlin Leader","floor":76,"turns":1},{"damage":0,"enemies":"Slavers","floor":77,"turns":1},{"damage":0,"enemies":"Book of Stabbing","floor":78,"turns":1},{"damage":0,"enemies":"Cultist and Chosen","floor":79,"turns":1},{"damage":0,"enemies":"3 Cultists","floor":80,"turns":1},{"damage":0,"enemies":"Snecko","floor":81,"turns":1},{"damage":0,"enemies":"Chosen and Byrds","floor":82,"turns":1},{"damage":0,"enemies":"Collector","floor":84,"turns":2},{"damage":0,"enemies":"Orb Walker","floor":86,"turns":1},{"damage":0,"enemies":"3 Shapes","floor":89,"turns":1},{"damage":0,"enemies":"Maw","floor":90,"turns":2},{"damage":0,"enemies":"Reptomancer","floor":91,"turns":2},{"damage":0,"enemies":"Nemesis","floor":93,"turns":1},{"damage":0,"enemies":"Giant Head","floor":94,"turns":4},{"damage":0,"enemies":"2 Orb Walkers","floor":95,"turns":1},{"damage":0,"enemies":"Reptomancer","floor":96,"turns":1},{"damage":0,"enemies":"Giant Head","floor":97,"turns":2},{"damage":0,"enemies":"Spire Growth","floor":98,"turns":3},{"damage":0,"enemies":"Time Eater","floor":101,"turns":2},{"damage":0,"enemies":"Cultist","floor":103,"turns":1},{"damage":0,"enemies":"Jaw Worm","floor":105,"turns":1},{"damage":0,"enemies":"Small Slimes","floor":107,"turns":1}],"seed_played":"4010221672075238311","potions_obtained":[{"floor":4.0,"key":"Ancient Potion"},{"floor":12.0,"key":"BlessingOfTheForge"},{"floor":13.0,"key":"SmokeBomb"},{"floor":18.0,"key":"Explosive Potion"},{"floor":19.0,"key":"MagicPotion:ReiMu"},{"floor":20.0,"key":"Poison Potion"},{"floor":30,"key":"CunningPotion"},{"floor":31,"key":"LiquidBronze"},{"floor":36,"key":"FearPotion"},{"floor":40,"key":"GamblersBrew"},{"floor":50,"key":"Energy Potion"},{"floor":51,"key":"SteroidPotion"},{"floor":67,"key":"EssenceOfSteel"},{"floor":93,"key":"FairyPotion"},{"floor":105,"key":"LiquidMemories"}],"is_trial":true,"path_per_floor":["M","?","$","M","$","E","?","R","T","E","R","E","M","M","R","B",null,"M","M","M","M","$","E","R","M","T","M","?","M","E","M","R","B",null,"M","M","?","?","?","E","$","M","T","M","E","T","R","M","R","B",null,"M","$","?","?","E","R","E","R","T","E","M","?","?","M","R","B",null,"M","E","M","?","M","E","$","E","E","E","M","M","M","M","R","B",null,"M","$","?","M","M","E","?","E","E","?","E","E","M","$","R","B",null,"M","?","M","?","M","R"],"character_chosen":"THE_SILENT","items_purchased":["Backstab","Lantern","Bandage Up+1","reliquary:PrincelyHelmet","Skewer","HornCleat","Omamori","RuthlessExorcism:ReiMu","Dodecahedron","Orichalcum","Prayer Wheel","Shuriken"],"campfire_rested":1,"item_purchase_floors":[3,22,41,53,75,75,75,75,87,87,87,99],"current_hp_per_floor":[70,70,70,70,70,62,51,51,51,44,65,63,64,65,65,64,70,70,70,70,70,70,70,70,70,70,70,70,70,70,70,70,51,70,70,70,70,70,70,59,59,70,70,67,70,70,70,70,70,70,75,75,75,75,75,75,75,75,75,75,75,75,75,75,75,75,75,75,75,75,75,59,60,67,67,73,75,83,83,83,83,83,83,85,85,85,85,85,85,85,87,89,91,93,95,97,99,99,99,99,101,101,101,101,101,101,101,101,101],"gold":198,"neow_bonus":"","is_daily":false,"chose_seed":false,"campfire_upgraded":4,"win_rate":0.0,"timestamp":1614311677,"path_taken":["M","?","?","M","$","E","?","R","T","E","R","E","M","M","R","BOSS","M","M","M","M","$","E","R","M","T","M","?","M","E","?","R","BOSS","M","M","?","?","?","E","$","?","T","M","E","?","R","M","R","BOSS","M","$","?","?","?","R","E","R","T","E","?","?","?","M","R","BOSS","M","?","M","?","?","E","?","E","E","?","M","M","M","M","R","BOSS","M","$","?","M","M","E","?","E","E","?","?","E","M","$","R","BOSS","M","?","M","?","M","R"],"items_purchased_type":["Card","Relic","Card","Relic","Card","Relic","Relic","Relic","Relic","Relic","Relic","Relic"],"build_version":"2020-12-22","purchased_purges":3,"victory":false,"max_hp_per_floor":[70,70,70,70,70,70,70,70,70,70,70,70,70,70,70,70,70,70,70,70,70,70,70,70,70,70,70,70,70,70,70,70,70,70,70,70,70,70,70,70,70,70,70,70,70,70,70,70,70,70,75,75,75,75,75,75,75,75,75,75,75,75,75,75,75,75,75,75,75,75,75,75,75,77,77,79,81,83,83,83,83,83,83,85,85,85,85,85,85,85,87,89,91,93,95,97,99,99,99,99,101,101,101,101,101,101,101,101,101],"card_choices":[{"not_picked":["MostiFishMod:WinterMarkForm","Envenom","Koishi:RollingInRichesHeart","A Thousand Cuts","Bullet Time"],"picked":"SKIP","floor":6.0},{"not_picked":["MostiFishMod:WinterMarkForm","Envenom","Koishi:RollingInRichesHeart","A Thousand Cuts","Bullet Time"],"picked":"SKIP","floor":6.0},{"not_picked":["MostiFishMod:AdrenalineArouse","Phantasmal Killer","Koishi:PerfectMindControl","Grand Finale","MostiFishMod:LethalBlade"],"picked":"SKIP","floor":10.0},{"not_picked":["MostiFishMod:SpreadingSpore","Koishi:SuperEgo","Die Die Die","Envenom","A Thousand Cuts"],"picked":"MostiFishMod:GrandStart","floor":12.0},{"not_picked":["Malaise","Koishi:SuperEgo","Corpse Explosion","Doppelganger","Koishi:RuptureMind"],"picked":"Koishi:GrowingPain","floor":16.0},{"not_picked":["Koishi:ConfinedInnocent","MostiFishMod:WinterMarkForm","Unload","MostiFishMod:Wind+1","Bullet Time+1","After Image"],"picked":"SKIP","floor":23},{"not_picked":["Koishi:GrowingPain","Koishi:SuperEgo","MostiFishMod:LethalBlade","Grand Finale","MostiFishMod:Opportunism+1","Night Terror+1"],"picked":"SKIP","floor":30},{"not_picked":["Finesse+1","MostiFishMod:Awakening+1","Master of Strategy+1","Metamorphosis+1","Discovery+1"],"picked":"MostiFishMod:ButterFly","floor":38},{"not_picked":["MostiFishMod:SpreadingSpore+1","MostiFishMod:Opportunism+1","Koishi:RoseHell+1","MostiFishMod:LethalBlade","Storm of Steel+1","Koishi:MindStellarRelief+1"],"picked":"SKIP","floor":40},{"not_picked":["Tools of the Trade","MostiFishMod:Listen+1","Koishi:SilentAndRestless","Storm of Steel+1","Koishi:Ego","After Image"],"picked":"SKIP","floor":45},{"not_picked":["MostiFishMod:ShivMaster","Tools of the Trade","Koishi:Heartbroken","Bullet Time+1","Phantasmal Killer+1","MostiFishMod:Opportunism+1"],"picked":"SKIP","floor":56},{"not_picked":["Koishi:MentalBreakdown","MostiFishMod:Dislodge+1","Koishi:ConditionedTeleport+1","Koishi:GrowingPain","MostiFishMod:HiddenBlade+1","Phantasmal Killer+1"],"picked":"SKIP","floor":58},{"not_picked":["A Thousand Cuts","MostiFishMod:GrandStart","MostiFishMod:Listen+1","Envenom","Koishi:MentalBreakdown","Wraith Form v2"],"picked":"SKIP","floor":61},{"not_picked":["Glass Knife","MostiFishMod:Wind+1","MostiFishMod:Neurotoxin+1","MostiFishMod:Confrontation+1","MostiFishMod:AdrenalineArouse+1","MostiFishMod:Listen+1"],"picked":"SKIP","floor":70},{"not_picked":["Koishi:SilentAndRestless","Unload","Koishi:FadingMemory+1","Wraith Form v2+1","Koishi:Ego+1","Koishi:RoseHell+1"],"picked":"Singing Bowl","floor":74},{"not_picked":["Phantasmal Killer+1","Grand Finale","Koishi:GrowingPain","Night Terror+1","MostiFishMod:FullyArmed+1","Koishi:FadingMemory+1"],"picked":"Singing Bowl","floor":76},{"not_picked":["MostiFishMod:Confrontation+1","Koishi:MindStellarRelief+1","Koishi:PerfectMindControl+1","Burst+1","Koishi:SilentAndRestless","Koishi:RuptureMind"],"picked":"Singing Bowl","floor":77},{"not_picked":["Envenom+1","MostiFishMod:WinterMarkForm+1","Koishi:MindStellarRelief+1","Koishi:RollingInRichesHeart+1","Grand Finale","After Image+1"],"picked":"Singing Bowl","floor":78},{"not_picked":["Koishi:RoseHell+1","MostiFishMod:HiddenBlade+1","Grand Finale","Koishi:PerfectMindControl+1","Unload","Tools of the Trade+1"],"picked":"Singing Bowl","floor":84},{"not_picked":["Venomology+1","Koishi:FadingMemory+1","MostiFishMod:HiddenBlade+1","MostiFishMod:FullyArmed+1","Koishi:SilentAndRestless","Koishi:ConditionedTeleport+1"],"picked":"Singing Bowl","floor":91},{"not_picked":["Master of Strategy+1","Bandage Up+1","Blind+1","Purity+1","Thinking Ahead+1","Dark Shackles+1"],"picked":"Singing Bowl","floor":92},{"not_picked":["Koishi:ImGoingToCallYouNow+1","MostiFishMod:WinterMarkForm+1","Koishi:MentalBreakdown","MostiFishMod:Wind+1","Grand Finale","Koishi:SilentAndRestless"],"picked":"Singing Bowl","floor":93},{"not_picked":["Koishi:ConditionedTeleport+1","Unload","MostiFishMod:LethalBlade+1","MostiFishMod:WinterMarkForm+1","MostiFishMod:GrandStart","MostiFishMod:Dislodge+1"],"picked":"Singing Bowl","floor":94},{"not_picked":["Koishi:UnansweredLove+1","Koishi:ReflexRadar+1","MostiFishMod:ThornCasing+1","Koishi:ParalyzingFear","Flying Knee","Koishi:Vanish+1"],"picked":"Singing Bowl","floor":95},{"not_picked":["Koishi:TerrifyingSpectre+1","Koishi:FormlessExistence+1","Koishi:SilentAndRestless","Die Die Die","MostiFishMod:HiddenBlade+1","Envenom+1"],"picked":"Singing Bowl","floor":96},{"not_picked":["Koishi:MindStellarRelief+1","Koishi:GrowingPain","Koishi:FadingMemory+1","MostiFishMod:GrandStart","Koishi:RoseHell+1","Bullet Time+1"],"picked":"Singing Bowl","floor":97},{"not_picked":["Koishi:SuperEgo","Koishi:Ego+1","MostiFishMod:HiddenBlade+1","Koishi:ConfinedInnocent+1","Envenom+1","Koishi:RoseHell+1"],"picked":"Singing Bowl","floor":101}],"player_experience":160560,"relics_obtained":[{"floor":1.0,"key":"Centennial Puzzle"},{"floor":1.0,"key":"SynthV:TestCard"},{"floor":4.0,"key":"MawBank"},{"floor":6.0,"key":"reliquary:PurpleTingedLeaf"},{"floor":9.0,"key":"reliquary:Buckler"},{"floor":10.0,"key":"Question Card"},{"floor":12.0,"key":"CaptainsWheel"},{"floor":13.0,"key":"reliquary:Knoch"},{"floor":14.0,"key":"Unceasing Top"},{"floor":18.0,"key":"reliquary:PorcupineQuills"},{"floor":19.0,"key":"Toxic Egg 2"},{"floor":20.0,"key":"reliquary:ExpiredCoupon"},{"floor":21.0,"key":"Regal Pillow"},{"floor":23,"key":"OriginationStaff"},{"floor":25,"key":"Pantograph"},{"floor":26,"key":"reliquary:SculptingSteel"},{"floor":27,"key":"reliquary:RadioactivePellet"},{"floor":29,"key":"Peace Pipe"},{"floor":30,"key":"Ginger"},{"floor":31,"key":"Pocketwatch"},{"floor":35,"key":"The Courier"},{"floor":36,"key":"reliquary:Stiletto"},{"floor":40,"key":"Tingsha"},{"floor":42,"key":"Tiny Chest"},{"floor":43,"key":"Kunai"},{"floor":44,"key":"Boot"},{"floor":45,"key":"Tough Bandages"},{"floor":46,"key":"reliquary:TuningFork"},{"floor":48,"key":"reliquary:FeatherDuster"},{"floor":52,"key":"SynthV:C4"},{"floor":60,"key":"Gremlin Horn"},{"floor":62,"key":"Frozen Egg 2"},{"floor":63,"key":"Odd Mushroom"},{"floor":65,"key":"Bronze Scales"},{"floor":69,"key":"Akabeko"},{"floor":71,"key":"reliquary:Boomerang"},{"floor":72,"key":"Nilry\u0027s Codex"},{"floor":73,"key":"Singing Bowl"},{"floor":79,"key":"White Beast Statue"},{"floor":80,"key":"Anchor"},{"floor":81,"key":"BionicSphere"},{"floor":82,"key":"Happy Flower"},{"floor":86,"key":"Sundial"},{"floor":89,"key":"reliquary:WeakTea"},{"floor":90,"key":"Whetstone"},{"floor":95,"key":"ThornShield"},{"floor":98,"key":"TungstenRod"},{"floor":103,"key":"reliquary:SilkGlove"},{"floor":105,"key":"FossilizedHelix"},{"floor":107,"key":"Ancient Tea Set"}],"event_choices":[{"damage_healed":0.0,"max_hp_gain":0.0,"max_hp_loss":0.0,"gold_gain":0.0,"event_name":"Accursed Blacksmith","player_choice":"Forge","floor":2.0,"gold_loss":0.0,"damage_taken":0.0,"cards_upgraded":["Koishi:SilentAndRestless"]},{"damage_healed":0.0,"max_hp_gain":0.0,"max_hp_loss":0.0,"gold_gain":75.0,"event_name":"World of Goop","player_choice":"Gather Gold","floor":7.0,"gold_loss":0.0,"damage_taken":11.0},{"damage_healed":0,"gold_gain":0,"player_choice":"Bought 0 Potions","damage_taken":0,"max_hp_gain":0,"max_hp_loss":0,"event_name":"The Woman in Blue","floor":28,"gold_loss":0},{"cards_removed":["Strike_G"],"damage_healed":0,"gold_gain":0,"player_choice":"Removed Attack","damage_taken":0,"max_hp_gain":0,"max_hp_loss":0,"event_name":"Falling","floor":37,"gold_loss":0},{"damage_healed":0,"gold_gain":0,"player_choice":"Memory 1","damage_taken":0,"max_hp_gain":0,"max_hp_loss":0,"event_name":"SensoryStone","floor":38,"gold_loss":0},{"cards_removed":["Defend_G"],"damage_healed":0,"gold_gain":0,"player_choice":"Offered Basic","damage_taken":0,"max_hp_gain":0,"max_hp_loss":0,"event_name":"Bonfire Elementals","floor":39,"gold_loss":0},{"damage_healed":0,"gold_gain":0,"player_choice":"Ignored","damage_taken":0,"max_hp_gain":0,"max_hp_loss":0,"event_name":"Shining Light","floor":54,"gold_loss":0},{"cards_removed":["Defend_G"],"damage_healed":0,"gold_gain":0,"player_choice":"Card Removal","damage_taken":0,"max_hp_gain":0,"max_hp_loss":0,"event_name":"The Cleric","floor":55,"gold_loss":50},{"damage_healed":0,"gold_gain":0,"player_choice":"Fought Mushrooms","damage_taken":0,"max_hp_gain":0,"max_hp_loss":0,"event_name":"Mushrooms","floor":63,"gold_loss":0},{"damage_healed":0,"gold_gain":175,"player_choice":"AGREE","damage_taken":0,"max_hp_gain":0,"max_hp_loss":0,"event_name":"Liars Game","floor":64,"gold_loss":0,"cards_obtained":["Doubt"]},{"damage_healed":0,"gold_gain":0,"player_choice":"Obtained Book","damage_taken":16,"max_hp_gain":0,"max_hp_loss":0,"event_name":"Cursed Tome","floor":72,"gold_loss":0},{"damage_healed":0,"gold_gain":0,"player_choice":"Paid","damage_taken":0,"relics_obtained":["Red Mask"],"max_hp_gain":0,"max_hp_loss":0,"event_name":"Tomb of Lord Red Mask","floor":88,"gold_loss":42},{"damage_healed":0,"gold_gain":0,"player_choice":"Memory 1","damage_taken":0,"max_hp_gain":0,"max_hp_loss":0,"event_name":"SensoryStone","floor":92,"gold_loss":0},{"damage_healed":0,"gold_gain":0,"player_choice":"Fight","damage_taken":0,"max_hp_gain":0,"max_hp_loss":0,"event_name":"Mysterious Sphere","floor":95,"gold_loss":0},{"damage_healed":0,"gold_gain":0,"player_choice":"Leave","damage_taken":0,"max_hp_gain":0,"max_hp_loss":0,"event_name":"The Cleric","floor":104,"gold_loss":0},{"cards_removed":["Survivor"],"damage_healed":0,"gold_gain":0,"player_choice":"Offered Basic","damage_taken":0,"max_hp_gain":0,"max_hp_loss":0,"event_name":"Bonfire Elementals","floor":106,"gold_loss":0}],"is_beta":false,"boss_relics":[{"not_picked":["Philosopher\u0027s Stone","Runic Pyramid"],"picked":"RhineCircuit"},{"not_picked":["HoveringKite","PatriotShield"],"picked":"Coffee Dripper"},{"not_picked":["HereWithMe","reliquary:WritOfMandamus"],"picked":"Tiny House"},{"not_picked":["Runic Pyramid","SacredBark"],"picked":"Philosopher\u0027s Stone"},{"not_picked":["Empty Cage","HoveringKite"],"picked":"Black Star"},{"not_picked":["xbg","SlaversCollar"],"picked":"RhineSuit"}],"items_purged_floors":[5,22,41],"is_endless":true,"potions_floor_spawned":[4,12,13,18,19,20,23,27,30,31,36,40,50,56,63,67,70,74,77,78,80,81,82,84,86,89,90,91,93,94,95,96,97,98,101,103,105,107],"ascension_level":0}}