{"host":"ve9aztkoyqeblvav","time":1614334543,"event":{"mods":["Act Like it!","Aspiration","BaseMod","Colored Map","Colored Powertips","Highlight Path","Marked Mod","Minty Spire (QoL Compilation)","Pale of the Ancients","Quick Restart","Reorder Act Four","StSLib","The Hierophant","Waifu the Spire","[IsaacMod]ÒÔÈö¼âËþ"],"gold_per_floor":[137,144,155,80,100,100,124,124,124,165,65,81,81,101,101,187,187,220,266,273,319,106,106,134,9,56,56,78,78,105,105,105,154,154],"floor_reached":33,"language":"ZHS","playtime":918,"items_purged":["Strike_G","Strike_G","Strike_G"],"score":626,"play_id":"45f5f269-2390-4a23-a8ec-5c91d5439877","local_time":"20210226181543","is_ascension_mode":true,"campfire_choices":[{"data":"EpicFetus","floor":6.0,"key":"SMITH"},{"data":"Tactician","floor":8.0,"key":"SMITH"},{"data":"Malaise","floor":15.0,"key":"SMITH"},{"floor":23,"key":"REST"},{"data":"Reflex","floor":27,"key":"SMITH"},{"data":"Venomology","floor":29,"key":"SMITH"},{"data":"Corpse Explosion","floor":32,"key":"SMITH"}],"circlet_count":0,"master_deck":["AscendersBane","Strike_G","Defend_G","Defend_G","Defend_G","Defend_G","Defend_G","Survivor","Neutralize","EpicFetus+1","Tactician+1","PiercingWail","Accuracy","Malaise+1","Venomology+1","Reflex+1","Backflip","Corpse Explosion+1"],"relics":["Ring of the Snake","HushsDoor","SalivaCoin","GuppysHead","Nunchaku","Omamori","HoveringKite","Red Mask","TheBean","GnawedLeaf","Pen Nib"],"acts_visited":["Exordium","TheCity"],"potions_floor_usage":[16,16,19,19,30,33,33],"damage_taken":[{"damage":3.0,"enemies":"2 Louse","floor":1.0,"turns":4.0},{"damage":0.0,"enemies":"Cultist","floor":3.0,"turns":3.0},{"damage":4.0,"enemies":"Small Slimes","floor":5.0,"turns":3.0},{"damage":4.0,"enemies":"2 Fungi Beasts","floor":7.0,"turns":2.0},{"damage":10.0,"enemies":"Lagavulin","floor":10.0,"turns":5.0},{"damage":0.0,"enemies":"Looter","floor":12.0,"turns":3.0},{"damage":0.0,"enemies":"Blue Slaver","floor":14.0,"turns":5.0},{"damage":9,"enemies":"The Guardian","floor":16,"turns":10},{"damage":15,"enemies":"Spheric Guardian","floor":18,"turns":5},{"damage":16,"enemies":"Masked Bandits","floor":19,"turns":3},{"damage":0,"enemies":"Book of Stabbing","floor":24,"turns":1},{"damage":5,"enemies":"Shell Parasite","floor":28,"turns":5},{"damage":1,"enemies":"Snecko","floor":30,"turns":5},{"damage":69,"enemies":"Champ","floor":33,"turns":10}],"seed_played":"-4429897291549734687","potions_obtained":[{"floor":5.0,"key":"GamblersBrew"},{"floor":10.0,"key":"Energy Potion"},{"floor":14.0,"key":"PowerPotion"},{"floor":16,"key":"FairyPotion"}],"is_trial":false,"path_per_floor":["M","?","M","$","M","R","M","R","T","E","$","M","?","M","R","B",null,"M","?","?","T","$","R","E","$","T","R","M","R","M","$","R","B"],"character_chosen":"THE_SILENT","items_purchased":["ChaosCard"],"campfire_rested":1,"item_purchase_floors":[22],"current_hp_per_floor":[41,34,34,34,30,30,26,26,26,16,16,16,16,16,16,7,51,36,20,2,2,2,23,23,23,23,23,18,18,17,17,17,0,0],"gold":154,"neow_bonus":"ONE_RARE_RELIC","is_daily":false,"chose_seed":false,"campfire_upgraded":6,"win_rate":0.0,"timestamp":1614334543,"path_taken":["M","?","M","$","?","R","M","R","T","E","$","M","?","M","R","BOSS","M","?","?","?","$","R","E","$","T","R","M","R","M","?","R","BOSS"],"items_purchased_type":["Card"],"build_version":"2020-12-22","purchased_purges":3,"victory":false,"max_hp_per_floor":[66,66,66,66,66,66,66,66,66,66,66,66,66,66,66,66,66,66,66,71,71,71,71,71,71,71,71,71,71,71,71,71,71,71],"card_choices":[{"not_picked":[],"picked":"EpicFetus","floor":0.0},{"not_picked":["Underhanded Strike","Dagger Throw","Sucker Punch"],"picked":"SKIP","floor":1.0},{"not_picked":["Sucker Punch","Noxious Fumes"],"picked":"Tactician","floor":3.0},{"not_picked":["Outmaneuver","Bane","Poisoned Stab"],"picked":"SKIP","floor":5.0},{"not_picked":["Noxious Fumes","Unload"],"picked":"Bomb","floor":7.0},{"not_picked":["Flying Knee","Masterful Stab"],"picked":"PiercingWail","floor":10.0},{"not_picked":["Dagger Spray","Poisoned Stab"],"picked":"Accuracy","floor":12.0},{"not_picked":["Catalyst","Accuracy","Flying Knee"],"picked":"SKIP","floor":14.0},{"not_picked":["A Thousand Cuts","Unload"],"picked":"Venomology","floor":16},{"not_picked":["Underhanded Strike","Dash+1"],"picked":"Reflex","floor":18},{"not_picked":["Outmaneuver","Flying Knee"],"picked":"Backflip","floor":19},{"not_picked":["Skewer","Tactician","Distraction"],"picked":"SKIP","floor":24},{"not_picked":["Blur","Dodge and Roll","Poisoned Stab"],"picked":"SKIP","floor":28},{"not_picked":["Backstab","Bane"],"picked":"Corpse Explosion","floor":30}],"player_experience":1717029,"relics_obtained":[{"floor":9.0,"key":"Nunchaku"},{"floor":10.0,"key":"Omamori"},{"floor":19,"key":"Red Mask"},{"floor":21,"key":"TheBean"},{"floor":24,"key":"GnawedLeaf"},{"floor":26,"key":"Pen Nib"}],"event_choices":[{"cards_removed":["Strike_G"],"damage_healed":0.0,"max_hp_gain":0.0,"max_hp_loss":0.0,"gold_gain":0.0,"event_name":"Golden Wing","player_choice":"Card Removal","floor":2.0,"gold_loss":0.0,"damage_taken":7.0},{"damage_healed":0.0,"max_hp_gain":0.0,"max_hp_loss":0.0,"gold_gain":0.0,"event_name":"Match and Keep!","player_choice":"1 cards matched","floor":13.0,"gold_loss":0.0,"damage_taken":0.0,"cards_obtained":["Malaise"]},{"damage_healed":0,"gold_gain":0,"player_choice":"Fought Bandits","damage_taken":0,"max_hp_gain":0,"max_hp_loss":0,"event_name":"Masked Bandits","floor":19,"gold_loss":0},{"damage_healed":0,"gold_gain":0,"player_choice":"Shed Blood","damage_taken":23,"max_hp_gain":5,"max_hp_loss":0,"event_name":"Forgotten Altar","floor":20,"gold_loss":0}],"is_beta":false,"boss_relics":[{"not_picked":["Ring of the Serpent","Calling Bell"],"picked":"HoveringKite"},{"not_picked":[]}],"items_purged_floors":[4,11,25],"is_endless":false,"potions_floor_spawned":[5,10,14,16,18,28],"killed_by":"Champ","ascension_level":20}}