{"host":"eu6p4n7vldm4bcry","time":1614301650,"event":{"mods":["AchievementEnabler","BaseMod","Highlight Path","Minty Spire (QoL Compilation)","Relic Stats","StSLib","ojb\u0027s Info Mod"],"gold_per_floor":[114,129,144,159,174,204,204,234,284,314,329,344,344,374,374,474,474,489,504,519,534,181,211,216,246,271,286,286,316,316,331,331,431,431,446,461,461,476,476,476,506,506,531,570,594,633,633,672,672,672],"floor_reached":51,"language":"ENG","playtime":2554,"items_purged":["Strike_R"],"score":1284,"play_id":"acee1b20-0baa-46c7-9038-5ca16d4a57f1","local_time":"20210225200730","daily_mods":["Chimera","Time Dilation","Elite Swarm"],"is_ascension_mode":false,"campfire_choices":[{"data":"Eruption","floor":7.0,"key":"SMITH"},{"data":"Leap","floor":15.0,"key":"SMITH"},{"data":"Buffer","floor":32.0,"key":"SMITH"},{"data":"Reinforced Body","floor":40,"key":"SMITH"},{"data":"Amplify","floor":42,"key":"SMITH"},{"data":"Machine Learning","floor":49,"key":"SMITH"}],"circlet_count":0,"master_deck":["Bash+1","Survivor+1","Zap+1","Strike_G+1","Strike_B+1","Defend_R+1","Defend_G+1","Defend_P+1","Skim+1","Ball Lightning+1","Compile Driver+1","Undo+1","Electrodynamics+1","Core Surge+1","Echo Form+1","Sweeping Beam+1","Leap+1","Seek+1","Buffer+1","Heatsinks+1","Conserve Battery+1","Streamline+1","Aggregate+1","Panache+1","Dramatic Entrance+1","Glacier+1","Creative AI+1","FTL+1","Defragment+1","Hyperbeam+1","Tempest+1","Meteor Strike+1","Hello World+1","Chaos+1","Reinforced Body+1","Amplify+1","Biased Cognition","Rebound+1","Machine Learning+1","Rainbow"],"relics":["Cracked Core","Bag of Preparation","Happy Flower","Potion Belt","Bag of Marbles","Gambling Chip","Coffee Dripper","CaptainsWheel","Red Mask","Akabeko","Lantern","Question Card","MutagenicStrength","Nuclear Battery","Mark of the Bloom","Blood Vial","Dream Catcher","CeramicFish","Eternal Feather","Prayer Wheel"],"acts_visited":["TheCity","TheBeyond"],"potions_floor_usage":[41,41,50,50,50],"damage_taken":[{"damage":0.0,"enemies":"2 Louse","floor":1.0,"turns":2.0},{"damage":0.0,"enemies":"Small Slimes","floor":2.0,"turns":2.0},{"damage":6.0,"enemies":"Jaw Worm","floor":3.0,"turns":2.0},{"damage":0.0,"enemies":"3 Louse","floor":4.0,"turns":3.0},{"damage":0.0,"enemies":"Looter","floor":5.0,"turns":3.0},{"damage":0.0,"enemies":"Gremlin Nob","floor":6.0,"turns":2.0},{"damage":9.0,"enemies":"3 Sentries","floor":8.0,"turns":5.0},{"damage":0.0,"enemies":"Gremlin Nob","floor":10.0,"turns":2.0},{"damage":0.0,"enemies":"Blue Slaver","floor":11.0,"turns":2.0},{"damage":0.0,"enemies":"Large Slime","floor":12.0,"turns":2.0},{"damage":18.0,"enemies":"3 Sentries","floor":14.0,"turns":5.0},{"damage":4.0,"enemies":"The Guardian","floor":16.0,"turns":8.0},{"damage":0.0,"enemies":"Spheric Guardian","floor":18.0,"turns":3.0},{"damage":2.0,"enemies":"Shell Parasite","floor":19.0,"turns":5.0},{"damage":0.0,"enemies":"Cultist and Chosen","floor":20.0,"turns":6.0},{"damage":0.0,"enemies":"Snecko","floor":21.0,"turns":4.0},{"damage":0.0,"enemies":"Book of Stabbing","floor":23.0,"turns":4.0},{"damage":0.0,"enemies":"Masked Bandits","floor":24.0,"turns":1.0},{"damage":15.0,"enemies":"Slavers","floor":25.0,"turns":3.0},{"damage":0.0,"enemies":"Shelled Parasite and Fungi","floor":27.0,"turns":3.0},{"damage":0.0,"enemies":"Book of Stabbing","floor":29.0,"turns":4.0},{"damage":0.0,"enemies":"Centurion and Healer","floor":31.0,"turns":1.0},{"damage":0.0,"enemies":"Automaton","floor":33.0,"turns":5.0},{"damage":0.0,"enemies":"3 Darklings","floor":35.0,"turns":1.0},{"damage":0,"enemies":"3 Shapes","floor":36,"turns":1},{"damage":0,"enemies":"Writhing Mass","floor":38,"turns":1},{"damage":0,"enemies":"Reptomancer","floor":41,"turns":3},{"damage":0,"enemies":"Giant Head","floor":44,"turns":1},{"damage":0,"enemies":"Transient","floor":45,"turns":5},{"damage":0,"enemies":"Reptomancer","floor":46,"turns":2},{"damage":0,"enemies":"Giant Head","floor":48,"turns":3},{"damage":10,"enemies":"Donu and Deca","floor":50,"turns":3}],"seed_played":"4728103701414758894","potions_obtained":[{"floor":2.0,"key":"SteroidPotion"},{"floor":3.0,"key":"Swift Potion"},{"floor":5.0,"key":"FocusPotion"},{"floor":10.0,"key":"Fruit Juice"},{"floor":12.0,"key":"CultistPotion"},{"floor":18.0,"key":"ColorlessPotion"},{"floor":20.0,"key":"BlessingOfTheForge"},{"floor":21.0,"key":"DuplicationPotion"},{"floor":29.0,"key":"SkillPotion"},{"floor":33.0,"key":"Weak Potion"},{"floor":38,"key":"PotionOfCapacity"},{"floor":41,"key":"Energy Potion"},{"floor":46,"key":"Strength Potion"}],"is_trial":false,"path_per_floor":["M","M","M","M","M","E","R","E","T","E","M","M","?","E","R","B",null,"M","M","M","M","$","E","?","E","T","M","?","E","?","M","R","B",null,"M","M","?","M","?","R","E","R","T","E","M","E","?","E","R","B",null],"character_chosen":"DEFECT","items_purchased":["Panache","Dramatic Entrance"],"campfire_rested":0,"item_purchase_floors":[22,22],"current_hp_per_floor":[75,75,69,69,69,69,69,60,60,65,65,65,65,47,47,43,80,80,78,78,78,78,78,78,63,63,63,63,63,63,63,63,63,80,80,80,80,80,80,80,80,80,80,80,80,80,80,80,80,70],"gold":672,"neow_bonus":"","is_daily":true,"chose_seed":false,"campfire_upgraded":6,"win_rate":0.0,"timestamp":1614301650,"path_taken":["M","M","M","M","M","E","R","E","T","E","M","M","?","E","R","BOSS","M","M","M","M","$","E","?","E","T","M","?","E","?","M","R","BOSS","M","M","?","M","?","R","E","R","T","E","M","E","?","E","R","BOSS"],"items_purchased_type":["Card","Card"],"build_version":"2020-12-22","purchased_purges":1,"victory":true,"max_hp_per_floor":[75,75,75,75,75,75,75,75,75,80,80,80,80,80,80,80,80,80,80,80,80,80,80,80,80,80,80,80,80,80,80,80,80,80,80,80,80,80,80,80,80,80,80,80,80,80,80,80,80,80],"relic_stats":{"Blood Vial":0,"Mark of the Bloom":34,"Dream Catcher":0,"Happy Flower":[26],"counters":[32,97],"Gambling Chip":[63],"CeramicFish":36,"Eternal Feather":0,"Prayer Wheel":0,"Bag of Preparation":[52],"Question Card":10,"obtain_stats":[{"Potion Belt":9,"Lantern":26,"Mark of the Bloom":37,"Happy Flower":8,"CeramicFish":44,"Eternal Feather":46,"Bag of Preparation":6,"Question Card":29,"Akabeko":25,"Nuclear Battery":34,"Blood Vial":41,"CaptainsWheel":23,"Dream Catcher":43,"Gambling Chip":14,"MutagenicStrength":30,"Prayer Wheel":48,"Bag of Marbles":10,"Coffee Dripper":17,"Red Mask":24,"Cracked Core":0},{"Potion Belt":7,"Lantern":19,"Mark of the Bloom":25,"Happy Flower":7,"CeramicFish":28,"Eternal Feather":30,"Bag of Preparation":6,"Question Card":21,"Akabeko":19,"Nuclear Battery":23,"Blood Vial":27,"CaptainsWheel":17,"Dream Catcher":27,"Gambling Chip":11,"MutagenicStrength":21,"Prayer Wheel":31,"Bag of Marbles":8,"Coffee Dripper":12,"Red Mask":18,"Cracked Core":0},{"Potion Belt":19,"Lantern":64,"Mark of the Bloom":79,"Happy Flower":19,"CeramicFish":84,"Eternal Feather":91,"Bag of Preparation":14,"Question Card":71,"Akabeko":64,"Nuclear Battery":77,"Blood Vial":83,"CaptainsWheel":60,"Dream Catcher":83,"Gambling Chip":30,"MutagenicStrength":71,"Prayer Wheel":94,"Bag of Marbles":21,"Coffee Dripper":38,"Red Mask":61,"Cracked Core":0}]},"card_choices":[{"not_picked":["Go for the Eyes","Hologram"],"picked":"Skim","floor":1.0},{"not_picked":["Redo","Sweeping Beam"],"picked":"Ball Lightning","floor":2.0},{"not_picked":["Scrape","Consume"],"picked":"Compile Driver","floor":3.0},{"not_picked":["Capacitor","Coolheaded"],"picked":"Undo","floor":4.0},{"not_picked":["Hologram","Steam Power","Redo"],"picked":"SKIP","floor":5.0},{"not_picked":["Meteor Strike","Buffer"],"picked":"Electrodynamics","floor":6.0},{"not_picked":["Fission","Multi-Cast"],"picked":"Core Surge","floor":8.0},{"not_picked":["All For One","Buffer"],"picked":"Echo Form","floor":10.0},{"not_picked":["Gash","Steam"],"picked":"Sweeping Beam","floor":11.0},{"not_picked":["Auto Shields","Steam"],"picked":"Leap","floor":12.0},{"not_picked":["All For One","Machine Learning"],"picked":"Seek","floor":14.0},{"not_picked":["Thunder Strike","Core Surge"],"picked":"Buffer","floor":16.0},{"not_picked":["Melter","Cold Snap"],"picked":"Heatsinks","floor":18.0},{"not_picked":["Stack","Redo"],"picked":"Conserve Battery","floor":19.0},{"not_picked":["Coolheaded","Echo Form"],"picked":"Streamline","floor":20.0},{"not_picked":["Barrage","Glacier"],"picked":"Aggregate","floor":21.0},{"not_picked":["Buffer","Core Surge","Seek"],"picked":"SKIP","floor":23.0},{"not_picked":["Buffer","Core Surge","Seek"],"picked":"SKIP","floor":23.0},{"not_picked":["Doom and Gloom","Force Field"],"picked":"Glacier+1","floor":24.0},{"not_picked":["Thunder Strike","Reboot"],"picked":"Creative AI","floor":25.0},{"not_picked":["Reprogram","Darkness+1"],"picked":"FTL+1","floor":27.0},{"not_picked":["Seek","Creative AI"],"picked":"Hyperbeam","floor":29.0},{"not_picked":["Barrage","Gash","Steam"],"picked":"Tempest+1","floor":31.0},{"not_picked":["Multi-Cast","Machine Learning","Reboot"],"picked":"Meteor Strike","floor":33.0},{"not_picked":["Beam Cell+1","Go for the Eyes","Steam+1"],"picked":"Hello World+1","floor":35.0},{"not_picked":["Streamline","Coolheaded","Cold Snap"],"picked":"Chaos","floor":36},{"not_picked":["Heatsinks+1","Turbo","Rip and Tear"],"picked":"Reinforced Body","floor":38},{"not_picked":["Creative AI","Thunder Strike","Hyperbeam"],"picked":"Amplify","floor":41},{"not_picked":["All For One","Core Surge","Amplify"],"picked":"Biased Cognition","floor":44},{"not_picked":["Heatsinks","Sunder","Ball Lightning+1"],"picked":"Rebound+1","floor":45},{"not_picked":["Echo Form","Hyperbeam","Meteor Strike"],"picked":"Machine Learning","floor":46},{"not_picked":["Echo Form","Amplify","All For One"],"picked":"Rainbow","floor":48}],"player_experience":1932085,"relics_obtained":[{"floor":6.0,"key":"Bag of Preparation"},{"floor":8.0,"key":"Happy Flower"},{"floor":9.0,"key":"Potion Belt"},{"floor":10.0,"key":"Bag of Marbles"},{"floor":14.0,"key":"Gambling Chip"},{"floor":23.0,"key":"CaptainsWheel"},{"floor":24.0,"key":"Red Mask"},{"floor":25.0,"key":"Akabeko"},{"floor":26.0,"key":"Lantern"},{"floor":29.0,"key":"Question Card"},{"floor":41,"key":"Blood Vial"},{"floor":43,"key":"Dream Catcher"},{"floor":44,"key":"CeramicFish"},{"floor":46,"key":"Eternal Feather"},{"floor":48,"key":"Prayer Wheel"}],"event_choices":[{"damage_healed":0.0,"max_hp_gain":0.0,"max_hp_loss":0.0,"gold_gain":0.0,"event_name":"Liars Game","player_choice":"Ignored","floor":13.0,"gold_loss":0.0,"damage_taken":0.0},{"damage_healed":0.0,"max_hp_gain":0.0,"max_hp_loss":0.0,"gold_gain":0.0,"event_name":"Masked Bandits","player_choice":"Fought Bandits","floor":24.0,"gold_loss":0.0,"damage_taken":0.0},{"damage_healed":0.0,"max_hp_gain":0.0,"max_hp_loss":0.0,"gold_gain":0.0,"event_name":"The Library","player_choice":"Read","floor":28.0,"gold_loss":0.0,"damage_taken":0.0,"cards_obtained":["Defragment"]},{"damage_healed":0.0,"max_hp_gain":0.0,"max_hp_loss":0.0,"gold_gain":0.0,"event_name":"Drug Dealer","player_choice":"Inject Mutagens","floor":30.0,"gold_loss":0.0,"damage_taken":0.0,"relics_obtained":["MutagenicStrength"]},{"damage_healed":0,"gold_gain":0,"player_choice":"Upgrade","damage_taken":0,"relics_obtained":["Mark of the Bloom"],"max_hp_gain":0,"max_hp_loss":0,"event_name":"MindBloom","floor":37,"gold_loss":0,"cards_upgraded":["Bash","Survivor","Zap","Strike_G","Strike_B","Defend_R","Defend_G","Defend_P","Skim","Ball Lightning","Compile Driver","Undo","Electrodynamics","Core Surge","Echo Form","Sweeping Beam","Seek","Heatsinks","Conserve Battery","Streamline","Aggregate","Panache","Dramatic Entrance","Creative AI","Defragment","Hyperbeam","Meteor Strike","Chaos"]},{"damage_healed":0,"gold_gain":0,"player_choice":"Ignored","damage_taken":0,"max_hp_gain":0,"max_hp_loss":0,"event_name":"Tomb of Lord Red Mask","floor":39,"gold_loss":0},{"cards_removed":["Eruption"],"damage_healed":0,"gold_gain":0,"player_choice":"Removed Attack","damage_taken":0,"max_hp_gain":0,"max_hp_loss":0,"event_name":"Falling","floor":47,"gold_loss":0}],"is_beta":false,"boss_relics":[{"not_picked":["Runic Dome","Calling Bell"],"picked":"Coffee Dripper"},{"not_picked":["SlaversCollar","Runic Pyramid"],"picked":"Nuclear Battery"}],"items_purged_floors":[22],"is_endless":false,"potions_floor_spawned":[2,3,5,10,12,18,20,21,29,33,38,41,46],"ascension_level":0}}