{"host":"rrm13bz831hil9p9","time":1614350404,"event":{"mods":["Act Like it!","BaseMod","Better Vampires","Colored Powertips","Decade(王小明)","Diviner","Downfall","Gensokyo","GungeonMod","Hallownest","Hermit","Highlight Path","Hunter 猎人","KinomotoSakuraMod(木之本樱)","Lobotomy","Luminous","Marked Mod","Minty Spire (QoL Compilation)","Quick Restart","Remilia（蕾米莉亚）","Replay The Spire","Shop Mod","Spicy Shops","StSLib","The Bladedancer","The Bug Knight","The Construct","The Cursed","The Gatherer","The Hierophant","The Poker Player","The Runesmith","The Saiyan","The Senshi","The Servant 0.9.4","TheHeartMod","Warlord Emblem","[GremlinLeader]The Maniac"],"gold_per_floor":[95,95,41,60,71,106,106,106,131,306,341,341,372,388,388,388,388],"floor_reached":16,"language":"ZHS","playtime":1322,"items_purged":[],"score":150,"play_id":"fb3cb53c-bc94-478b-bb21-7c82fd3c6c87","local_time":"20210226224004","is_ascension_mode":true,"campfire_choices":[{"data":"Saiyan:SpiritSword","floor":7,"key":"SMITH"},{"data":"Saiyan:EnergyBlast","floor":12,"key":"SMITH"},{"floor":15,"key":"REST"}],"circlet_count":0,"master_deck":["Saiyan:SAIYA_Strike","Saiyan:SAIYA_Strike","Saiyan:SAIYA_Strike","Saiyan:SAIYA_Strike","Saiyan:SAIYA_Defend","Saiyan:SAIYA_Defend","Saiyan:SAIYA_Defend","Saiyan:SAIYA_Defend","Saiyan:EnergyBlast+1","Saiyan:KaioKen","Saiyan:RuthlessBlow","ReplayTheSpireMod:Trickstab","Saiyan:SpiritSword+1","Saiyan:KiExplosion","Saiyan:KiStrike","Doubt","Saiyan:FingerParry"],"relics":["SaiyanSoul","SaiyanHeart","Boot","Juzu Bracelet","DemoMod:WhiteGuonStone","Omamori","Replay:Mystery Machine"],"acts_visited":["Exordium"],"potions_floor_usage":[6,6,11],"damage_taken":[{"damage":0,"enemies":"Cultist","floor":1,"turns":4},{"damage":10,"enemies":"Small Slimes","floor":4,"turns":2},{"damage":3,"enemies":"Jaw Worm","floor":5,"turns":3},{"damage":6,"enemies":"Replay:BlueRogue","floor":6,"turns":6},{"damage":0,"enemies":"Gremlin Nob","floor":11,"turns":4},{"damage":11,"enemies":"Replay:BlueRogue","floor":13,"turns":5},{"damage":0,"enemies":"Looter","floor":14,"turns":2},{"damage":15,"enemies":"Hexaghost","floor":16,"turns":11}],"seed_played":"8887478874656929391","potions_obtained":[{"floor":4,"key":"FearPotion"},{"floor":5,"key":"Weak Potion"}],"is_trial":false,"path_per_floor":["M","?","$","M","M","E","R","?","T","?","E","R","E","M","R","B"],"character_chosen":"SAIYAJIN","items_purchased":["Saiyan:SpiritSword"],"campfire_rested":1,"item_purchase_floors":[3],"current_hp_per_floor":[60,60,60,50,47,43,43,43,43,43,46,46,39,39,59,47,47],"gold":388,"neow_bonus":"RANDOM_COLORLESS","is_daily":false,"chose_seed":false,"campfire_upgraded":2,"win_rate":0.0,"timestamp":1614350404,"path_taken":["M","?","$","M","M","E","R","?","T","?","E","R","E","M","R","BOSS"],"items_purchased_type":["Card"],"build_version":"2020-12-22","purchased_purges":0,"victory":false,"max_hp_per_floor":[60,60,60,60,60,62,62,62,62,62,65,65,69,69,69,72,72],"card_choices":[{"not_picked":["Forethought","Mind Blast"],"picked":"ReplayTheSpireMod:Trickstab","floor":0},{"not_picked":["Saiyan:DoubleMasenko","Saiyan:DrainingStrike","Saiyan:Afterimage"],"picked":"SKIP","floor":1},{"not_picked":["Saiyan:Scouter","Saiyan:Taunt","Saiyan:FingerParry"],"picked":"SKIP","floor":4},{"not_picked":["Saiyan:LastResort","Saiyan:Twize"],"picked":"Saiyan:KiExplosion","floor":5},{"not_picked":["Saiyan:BigBangAttack","Saiyan:Honing"],"picked":"Saiyan:KiStrike","floor":6},{"not_picked":["Saiyan:RemoveWeights","Saiyan:ReverberatingForce"],"picked":"Saiyan:FingerParry","floor":11},{"not_picked":["Saiyan:BackAttack","Saiyan:Medicine","Saiyan:ThirstForFight"],"picked":"SKIP","floor":13},{"not_picked":["Saiyan:Overexert","Saiyan:Expend","Saiyan:FingerParry"],"picked":"SKIP","floor":14}],"player_experience":326236,"relics_obtained":[{"floor":6,"key":"Juzu Bracelet"},{"floor":9,"key":"DemoMod:WhiteGuonStone"},{"floor":11,"key":"Omamori"},{"floor":13,"key":"Replay:Mystery Machine"}],"event_choices":[{"damage_healed":0,"gold_gain":0,"player_choice":"Box","damage_taken":0,"relics_obtained":["Boot"],"max_hp_gain":0,"max_hp_loss":0,"event_name":"Big Fish","floor":2,"gold_loss":0,"cards_obtained":["Regret"]},{"cards_removed":["Regret"],"damage_healed":0,"gold_gain":0,"player_choice":"Forget","damage_taken":0,"max_hp_gain":0,"max_hp_loss":0,"event_name":"Living Wall","floor":8,"gold_loss":0},{"damage_healed":0,"gold_gain":175,"player_choice":"AGREE","damage_taken":0,"max_hp_gain":0,"max_hp_loss":0,"event_name":"Liars Game","floor":10,"gold_loss":0,"cards_obtained":["Doubt"]}],"is_beta":false,"boss_relics":[],"items_purged_floors":[],"is_endless":false,"potions_floor_spawned":[4,5],"killed_by":"Hexaghost","ascension_level":1}}