{"host":"dwqr8rfkubzfvfti","time":1614366484,"event":{"mods":["BaseMod","Colored Map","Colored Powertips","Minty Spire (QoL Compilation)","Rare Cards Sparkle","Relic Stats"],"gold_per_floor":[14,26,46,59,71,71,103,103,130,141,156,171,95,124,124,223,223,240,240,131,98,112,140,140,170,193,223,223,253,253,178,178,281,281,298,351,371,389,400,400,419,419,419,419,429,429,34,34,34,34],"floor_reached":51,"language":"ENG","playtime":2499,"items_purged":["Decay"],"score":1145,"play_id":"9d3c56a8-b58b-441d-b1c9-4a78230817e0","local_time":"20210226120804","is_ascension_mode":true,"campfire_choices":[{"data":"Genetic Algorithm","floor":6,"key":"SMITH"},{"floor":8,"key":"REST"},{"floor":15,"key":"REST"},{"floor":24,"key":"REST"},{"data":"Zap","floor":30,"key":"SMITH"},{"data":"Biased Cognition","floor":32,"key":"SMITH"},{"data":"Echo Form","floor":40,"key":"SMITH"},{"data":"Aggregate","floor":42,"key":"SMITH"},{"floor":44,"key":"REST"},{"data":"Capacitor","floor":49,"key":"SMITH"}],"circlet_count":0,"master_deck":["Strike_B","Strike_B","Strike_B","Defend_B","Defend_B","Defend_B+1","Defend_B","Zap+1","Dualcast","Biased Cognition+1","FTL","Ball Lightning","Genetic Algorithm+1","Hologram+1","Cold Snap","Electrodynamics","Undo","Self Repair","Echo Form+1","Core Surge","Aggregate+1","Capacitor+1","Compile Driver+1","Ball Lightning","Melter+1","Fission+1","Fission+1","White Noise+1","Coolheaded+1","Chill+1"],"relics":["FrozenCore","Blood Vial","War Paint","Juzu Bracelet","Black Star","Boot","Eternal Feather","Thread and Needle","Mercury Hourglass","Vajra","Tiny Chest","Matryoshka","Anchor","Toxic Egg 2","Du-Vu Doll","MealTicket","Bottled Flame","MawBank","CaptainsWheel","Pear","Frozen Eye"],"acts_visited":["Exordium","TheCity","TheBeyond"],"potions_floor_usage":[7,14,16,21,23,23,23,23,23,23,27,33,41],"damage_taken":[{"damage":0,"enemies":"2 Louse","floor":1,"turns":2},{"damage":5,"enemies":"Small Slimes","floor":2,"turns":2},{"damage":2,"enemies":"Jaw Worm","floor":3,"turns":2},{"damage":19,"enemies":"Gremlin Gang","floor":4,"turns":4},{"damage":0,"enemies":"Large Slime","floor":5,"turns":4},{"damage":14,"enemies":"Lagavulin","floor":7,"turns":5},{"damage":0,"enemies":"2 Fungi Beasts","floor":10,"turns":3},{"damage":0,"enemies":"3 Louse","floor":11,"turns":2},{"damage":7,"enemies":"Exordium Thugs","floor":12,"turns":3},{"damage":16,"enemies":"3 Sentries","floor":14,"turns":4},{"damage":0,"enemies":"Slime Boss","floor":16,"turns":5},{"damage":13,"enemies":"Shell Parasite","floor":18,"turns":6},{"damage":10,"enemies":"2 Thieves","floor":21,"turns":5},{"damage":26,"enemies":"Snake Plant","floor":22,"turns":4},{"damage":44,"enemies":"Slavers","floor":23,"turns":5},{"damage":0,"enemies":"Gremlin Leader","floor":25,"turns":7},{"damage":34,"enemies":"Book of Stabbing","floor":27,"turns":6},{"damage":26,"enemies":"Gremlin Leader","floor":29,"turns":6},{"damage":73,"enemies":"Automaton","floor":33,"turns":9},{"damage":2,"enemies":"3 Darklings","floor":35,"turns":3},{"damage":38,"enemies":"2 Orb Walkers","floor":36,"turns":6},{"damage":10,"enemies":"Orb Walker","floor":37,"turns":4},{"damage":17,"enemies":"4 Shapes","floor":38,"turns":5},{"damage":21,"enemies":"Transient","floor":39,"turns":5},{"damage":27,"enemies":"Jaw Worm Horde","floor":41,"turns":4},{"damage":0,"enemies":"3 Darklings","floor":45,"turns":4},{"damage":40,"enemies":"Donu and Deca","floor":50,"turns":9}],"seed_played":"-2639787637172908237","potions_obtained":[{"floor":1,"key":"EntropicBrew"},{"floor":2,"key":"PotionOfCapacity"},{"floor":4,"key":"Block Potion"},{"floor":7,"key":"Fire Potion"},{"floor":14,"key":"EntropicBrew"},{"floor":18,"key":"BlessingOfTheForge"},{"floor":23,"key":"Fruit Juice"},{"floor":25,"key":"SteroidPotion"},{"floor":37,"key":"SpeedPotion"},{"floor":39,"key":"Explosive Potion"},{"floor":41,"key":"EntropicBrew"}],"is_trial":false,"path_per_floor":["M","M","M","M","M","R","E","R","T","M","M","M","$","E","R","B",null,"M","?","$","M","M","E","R","E","T","E","?","E","R","?","R","B",null,"M","?","M","M","M","R","M","R","T","R","M","T","$","$","R","B",null],"character_chosen":"DEFECT","items_purchased":["Self Repair","Capacitor","Pear","Frozen Eye"],"campfire_rested":4,"item_purchase_floors":[13,20,47,47],"current_hp_per_floor":[68,63,61,42,42,42,28,50,50,52,54,49,49,35,57,59,71,67,67,67,66,49,26,65,74,74,49,75,51,66,66,80,14,64,64,42,48,33,21,36,11,29,29,71,73,73,90,90,90,50],"gold":34,"neow_bonus":"THREE_RARE_CARDS","is_daily":false,"chose_seed":false,"campfire_upgraded":6,"win_rate":0.0,"timestamp":1614366484,"path_taken":["M","M","M","M","M","R","E","R","T","M","M","M","$","E","R","BOSS","M","?","$","M","M","E","R","E","T","E","?","E","R","?","R","BOSS","M","?","M","M","M","R","M","R","T","R","M","?","?","$","R","BOSS"],"items_purchased_type":["Card","Card","Relic","Relic"],"build_version":"2020-12-22","purchased_purges":1,"victory":true,"max_hp_per_floor":[75,75,75,75,75,75,75,75,75,75,75,75,75,75,75,75,75,75,75,75,75,75,80,80,80,80,80,80,80,80,80,80,80,80,80,80,80,80,80,80,80,80,80,80,80,80,90,90,90,90],"relic_stats":{"counters":[27,124],"Eternal Feather":95,"Juzu Bracelet":0,"War Paint":["Hologram","Defend_B"],"Boot":[10],"MawBank":12,"FrozenCore":[23],"Mercury Hourglass":[276],"Blood Vial":38,"Tiny Chest":1,"MealTicket":7,"Black Star":4,"obtain_stats":[{"Pear":47,"Vajra":26,"Eternal Feather":23,"Thread and Needle":25,"Juzu Bracelet":14,"War Paint":9,"Boot":23,"MawBank":46,"Mercury Hourglass":25,"FrozenCore":34,"Blood Vial":7,"Du-Vu Doll":36,"Frozen Eye":47,"Anchor":29,"Bottled Flame":43,"CaptainsWheel":46,"Matryoshka":27,"Tiny Chest":27,"MealTicket":43,"Black Star":17,"Toxic Egg 2":29,"Cracked Core":0},{"Pear":26,"Vajra":16,"Eternal Feather":15,"Thread and Needle":16,"Juzu Bracelet":10,"War Paint":6,"Boot":15,"MawBank":26,"Mercury Hourglass":16,"FrozenCore":19,"Blood Vial":6,"Du-Vu Doll":21,"Frozen Eye":26,"Anchor":18,"Bottled Flame":25,"CaptainsWheel":26,"Matryoshka":17,"Tiny Chest":17,"MealTicket":25,"Black Star":11,"Toxic Egg 2":18,"Cracked Core":0},{"Pear":115,"Vajra":63,"Eternal Feather":56,"Thread and Needle":63,"Juzu Bracelet":31,"War Paint":19,"Boot":56,"MawBank":115,"Mercury Hourglass":63,"FrozenCore":84,"Blood Vial":19,"Du-Vu Doll":93,"Frozen Eye":115,"Anchor":75,"Bottled Flame":111,"CaptainsWheel":115,"Matryoshka":69,"Tiny Chest":69,"MealTicket":111,"Black Star":36,"Toxic Egg 2":75,"Cracked Core":0}]},"card_choices":[{"not_picked":["Hyperbeam","Multi-Cast"],"picked":"Biased Cognition","floor":0},{"not_picked":["Force Field","Beam Cell"],"picked":"FTL","floor":1},{"not_picked":["Double Energy","Darkness"],"picked":"Ball Lightning","floor":2},{"not_picked":["Stack","Consume"],"picked":"Genetic Algorithm","floor":3},{"not_picked":["Scrape","Steam"],"picked":"Hologram","floor":4},{"not_picked":["Compile Driver","Tempest"],"picked":"Cold Snap","floor":5},{"not_picked":["Barrage","Tempest"],"picked":"Electrodynamics","floor":7},{"not_picked":["Beam Cell","Fusion"],"picked":"Undo","floor":10},{"not_picked":["Beam Cell","Hologram","Rebound"],"picked":"SKIP","floor":11},{"not_picked":["Force Field","Sunder","Redo"],"picked":"SKIP","floor":12},{"not_picked":["Heatsinks","Hologram"],"picked":"Echo Form","floor":14},{"not_picked":["Creative AI","Fission"],"picked":"Core Surge","floor":16},{"not_picked":["Barrage","Steam"],"picked":"Aggregate","floor":18},{"not_picked":["Barrage","Conserve Battery"],"picked":"Compile Driver+1","floor":21},{"not_picked":["Steam Power","Undo+1"],"picked":"Ball Lightning","floor":22},{"not_picked":["Rebound","Gash"],"picked":"Melter+1","floor":23},{"not_picked":["Heatsinks+1","Capacitor","Meteor Strike"],"picked":"SKIP","floor":25},{"not_picked":["Gash","Beam Cell","Darkness"],"picked":"SKIP","floor":27},{"not_picked":["Ball Lightning","Steam Power+1","Fusion+1"],"picked":"SKIP","floor":29},{"not_picked":["Amplify+1","Rainbow+1"],"picked":"Fission+1","floor":33},{"not_picked":["Doom and Gloom","Compile Driver","Turbo+1"],"picked":"SKIP","floor":35},{"not_picked":["Compile Driver+1","Reinforced Body+1"],"picked":"Fission+1","floor":37},{"not_picked":["Barrage+1","Stack+1"],"picked":"White Noise+1","floor":38},{"not_picked":["Reinforced Body+1","FTL"],"picked":"Coolheaded+1","floor":39},{"not_picked":["Ball Lightning","Chaos+1"],"picked":"Chill+1","floor":41},{"not_picked":["Rebound","Compile Driver+1","Lockon+1"],"picked":"SKIP","floor":45}],"player_experience":525536,"relics_obtained":[{"floor":7,"key":"Blood Vial"},{"floor":9,"key":"War Paint"},{"floor":14,"key":"Juzu Bracelet"},{"floor":23,"key":"Boot"},{"floor":23,"key":"Eternal Feather"},{"floor":25,"key":"Thread and Needle"},{"floor":25,"key":"Mercury Hourglass"},{"floor":26,"key":"Vajra"},{"floor":27,"key":"Tiny Chest"},{"floor":27,"key":"Matryoshka"},{"floor":29,"key":"Anchor"},{"floor":29,"key":"Toxic Egg 2"},{"floor":36,"key":"Du-Vu Doll"},{"floor":43,"key":"MealTicket"},{"floor":43,"key":"Bottled Flame"},{"floor":46,"key":"MawBank"},{"floor":46,"key":"CaptainsWheel"}],"event_choices":[{"damage_healed":0,"gold_gain":0,"player_choice":"Smashed Altar","damage_taken":0,"max_hp_gain":0,"max_hp_loss":0,"event_name":"Forgotten Altar","floor":19,"gold_loss":0,"cards_obtained":["Decay"]},{"damage_healed":26,"gold_gain":0,"player_choice":"Heal","damage_taken":0,"max_hp_gain":0,"max_hp_loss":0,"event_name":"The Library","floor":28,"gold_loss":0},{"cards_removed":["Strike_B"],"damage_healed":0,"gold_gain":0,"player_choice":"Gave Gold","damage_taken":0,"max_hp_gain":0,"max_hp_loss":0,"event_name":"Beggar","floor":31,"gold_loss":75},{"damage_healed":0,"gold_gain":0,"player_choice":"Fight","damage_taken":0,"max_hp_gain":0,"max_hp_loss":0,"event_name":"Mysterious Sphere","floor":36,"gold_loss":0}],"is_beta":false,"boss_relics":[{"not_picked":["Calling Bell","Astrolabe"],"picked":"Black Star"},{"not_picked":["Coffee Dripper","SacredBark"],"picked":"FrozenCore"}],"items_purged_floors":[20],"is_endless":false,"potions_floor_spawned":[1,2,4,7,10,14,18,23,25,37,39,41,45],"ascension_level":8}}