{"host":"t6r1isv2bex5ovch","time":1614341322,"event":{"mods":["AchievementEnabler","Act Like it!","Aspiration","BaseMod","Better Altar","Better Match","Better Note","Better Sensory Stone","Better Skull","Better Third Choice","Better Vampires","Bossed Relics","Colored Powertips","Displayed Cursed Tome","Evolution","Fox Events","Gremlin Skip","Halation","Hallownest","Highlight Path","Hubris","Infinite Spire","Minty Spire (QoL Compilation)","Reliquary","Ruina","Spire Arcade","StSLib","The Bug Knight"],"gold_per_floor":[214,139,158,158,158,158,158],"floor_reached":6,"language":"ENG","playtime":507,"items_purged":["HollowMod:QuickDashStart"],"score":41,"play_id":"1abd9241-347e-4ee3-9310-e5ee56352b8d","local_time":"20210226230842","is_ascension_mode":true,"campfire_choices":[],"circlet_count":0,"master_deck":["HollowMod:NailStrikeStart","HollowMod:NailStrikeStart","HollowMod:NailStrikeStart","HollowMod:NailStrikeStart","HollowMod:QuickDashStart","HollowMod:QuickDashStart","HollowMod:QuickDashStart","HollowMod:FocusHealStart","HollowMod:PogoStrike"],"relics":["HollowMod:VesselMask","EVO:Axolotl","reliquary:Aerogel","reliquary:TridentHead"],"acts_visited":["Hallownest:Greenpath"],"potions_floor_usage":[6],"damage_taken":[{"damage":5,"enemies":"Hallownest:2_MossCreeps","floor":1,"turns":7},{"damage":7,"enemies":"Hallownest:2_Baldur","floor":3,"turns":3},{"damage":62,"enemies":"Hallownest:BossFalseKnight","floor":6,"turns":6}],"seed_played":"-3624996357799125873","potions_obtained":[{"floor":1,"key":"SkillPotion"}],"is_trial":false,"path_per_floor":["M","$","M","?","?","B"],"character_chosen":"THE_BUGKNIGHT","items_purchased":[],"campfire_rested":0,"item_purchase_floors":[],"current_hp_per_floor":[75,75,74,34,34,0,0],"gold":158,"neow_bonus":"HUNDRED_GOLD","is_daily":false,"chose_seed":false,"campfire_upgraded":0,"win_rate":0.0,"timestamp":1614341322,"path_taken":["M","$","M","?","?","BOSS"],"items_purchased_type":[],"build_version":"2020-12-22","purchased_purges":1,"victory":false,"max_hp_per_floor":[75,75,75,75,75,75,75],"card_choices":[{"not_picked":["HollowMod:InfectedAttack","HollowMod:SharpenedNail","HollowMod:HowlingWraiths"],"picked":"SKIP","floor":1},{"not_picked":["HollowMod:MonomonsArchive","HollowMod:BlackTendrils","HollowMod:GreatSlash"],"picked":"SKIP","floor":3}],"player_experience":583760,"relics_obtained":[],"event_choices":[],"is_beta":false,"boss_relics":[],"items_purged_floors":[2],"is_endless":false,"potions_floor_spawned":[1],"killed_by":"Hallownest:BossFalseKnight","ascension_level":4}}