{"host":"64ub6hloe4gtkym4","time":1614349964,"event":{"mods":["AchievementEnabler","BaseMod","Colored Map","Colored Powertips","Googly Eyes","Hermit","Highlight Path","Hubris","Minty Spire (QoL Compilation)","Reliquary","Shop Mod","StSLib","The Construct","The Runesmith","The Servant 0.9.4"],"gold_per_floor":[114,114,127,127,55,55,74,74,142,152,166,59,59,78,78,183,183,195,155,78,26,30,30,30,41,41,0,0,10,10,26,26,26,26],"floor_reached":33,"language":"ENG","playtime":2313,"items_purged":[],"score":237,"play_id":"981ebc80-7a8d-4062-8de3-903177b9ea91","local_time":"20210226143244","is_ascension_mode":false,"campfire_choices":[{"data":"Bash","floor":6,"key":"SMITH"},{"data":"Shrug It Off","floor":8,"key":"SMITH"},{"floor":13,"key":"REST"},{"data":"Metallicize","floor":15,"key":"SMITH"},{"floor":23,"key":"REST"},{"floor":28,"key":"REST"},{"floor":32,"key":"REST"}],"circlet_count":0,"master_deck":["Strike_R","Strike_R","Strike_R","Defend_R","Defend_R","Defend_R","Defend_R","Bash+1","Clothesline","Thunderclap","Shrug It Off+1","Heavy Blade","Metallicize+1","Clash","Twin Strike","Inflame","hubris:CleavingFinish","Body Slam","Barricade+1","Pommel Strike","Dropkick","Iron Wave"],"relics":["Burning Blood","reliquary:QuartzCube","Empty Cage","Meat on the Bone","reliquary:Sod"],"acts_visited":["Exordium","TheCity"],"potions_floor_usage":[10,16,16,18,25,33],"damage_taken":[{"damage":1,"enemies":"Cultist","floor":1,"turns":3},{"damage":1,"enemies":"2 Louse","floor":3,"turns":2},{"damage":5,"enemies":"Jaw Worm","floor":7,"turns":3},{"damage":16,"enemies":"Gremlin Gang","floor":10,"turns":5},{"damage":4,"enemies":"Blue Slaver","floor":11,"turns":4},{"damage":8,"enemies":"Exordium Wildlife","floor":14,"turns":3},{"damage":62,"enemies":"The Guardian","floor":16,"turns":19},{"damage":5,"enemies":"3 Byrds","floor":18,"turns":8},{"damage":27,"enemies":"2 Thieves","floor":22,"turns":4},{"damage":54,"enemies":"Sentry and Sphere","floor":25,"turns":12},{"damage":16,"enemies":"Snecko","floor":29,"turns":6},{"damage":18,"enemies":"Centurion and Healer","floor":31,"turns":8},{"damage":84,"enemies":"Automaton","floor":33,"turns":10}],"seed_played":"-5035478668349427248","potions_obtained":[{"floor":1,"key":"SteroidPotion"},{"floor":7,"key":"GamblersBrew"},{"floor":11,"key":"SneckoOil"},{"floor":16,"key":"DistilledChaos"},{"floor":22,"key":"BloodPotion"},{"floor":29,"key":"SpeedPotion"},{"floor":31,"key":"DuplicationPotion"}],"is_trial":false,"path_per_floor":["M","?","M","?","$","R","M","R","T","M","M","$","R","M","R","B",null,"M","?","$","$","M","R","$","M","T","?","R","M","T","M","R","B"],"character_chosen":"IRONCLAD","items_purchased":["Shrug It Off","Heavy Blade","Inflame","hubris:CleavingFinish","Dropkick","Iron Wave"],"campfire_rested":4,"item_purchase_floors":[5,5,12,12,20,21],"current_hp_per_floor":[80,85,85,85,85,85,85,85,85,75,77,77,85,83,83,27,85,85,85,85,85,64,85,85,54,54,54,79,69,69,57,82,0,0],"gold":26,"neow_bonus":"TRANSFORM_CARD","is_daily":false,"chose_seed":false,"campfire_upgraded":3,"win_rate":0.0,"timestamp":1614349964,"path_taken":["M","?","M","?","$","R","M","R","T","M","M","$","R","M","R","BOSS","M","?","?","$","?","R","$","M","T","?","R","M","?","M","R","BOSS"],"items_purchased_type":["Card","Card","Card","Card","Card","Card"],"build_version":"2020-12-22","purchased_purges":0,"victory":false,"max_hp_per_floor":[80,85,85,85,85,85,85,85,85,85,85,85,85,85,85,85,85,85,85,85,85,85,85,85,85,85,85,85,85,85,85,85,85,85],"card_choices":[{"not_picked":["Hemokinesis","True Grit"],"picked":"Clothesline","floor":1},{"not_picked":["Dropkick","Shockwave"],"picked":"Thunderclap","floor":3},{"not_picked":["Wild Strike","Rampage"],"picked":"Metallicize","floor":7},{"not_picked":["Clothesline","Fiend Fire"],"picked":"Clash","floor":10},{"not_picked":["Metallicize","Body Slam"],"picked":"Twin Strike","floor":11},{"not_picked":["Warcry","Heavy Blade"],"picked":"Body Slam","floor":14},{"not_picked":["Immolate","Corruption"],"picked":"Barricade","floor":16},{"not_picked":["Anger","Pummel"],"picked":"Pommel Strike","floor":18},{"not_picked":["Sword Boomerang","Power Through+1","Iron Wave"],"picked":"SKIP","floor":22},{"not_picked":["Warcry","Disarm+1","Limit Break"],"picked":"SKIP","floor":25},{"not_picked":["Perfected Strike","Dual Wield","Shockwave"],"picked":"SKIP","floor":29},{"not_picked":["Twin Strike","Reckless Charge","Burning Pact"],"picked":"SKIP","floor":31}],"player_experience":65781,"relics_obtained":[{"floor":9,"key":"reliquary:QuartzCube"},{"floor":26,"key":"Meat on the Bone"},{"floor":30,"key":"reliquary:Sod"}],"event_choices":[{"damage_healed":0,"gold_gain":0,"player_choice":"Donut","damage_taken":0,"max_hp_gain":5,"max_hp_loss":0,"event_name":"Big Fish","floor":2,"gold_loss":0},{"damage_healed":0,"gold_gain":0,"player_choice":"Ignored","damage_taken":0,"max_hp_gain":0,"max_hp_loss":0,"event_name":"Liars Game","floor":4,"gold_loss":0},{"damage_healed":0,"gold_gain":0,"player_choice":"Upgrade","damage_taken":0,"max_hp_gain":0,"max_hp_loss":0,"event_name":"Designer","floor":19,"gold_loss":40,"cards_upgraded":["Barricade"]},{"damage_healed":0,"gold_gain":0,"player_choice":"Paid Fearfully","damage_taken":0,"max_hp_gain":0,"max_hp_loss":0,"event_name":"Masked Bandits","floor":27,"gold_loss":41}],"is_beta":false,"boss_relics":[{"not_picked":["reliquary:Craggleroot","hubris:RunicObelisk"],"picked":"Empty Cage"}],"items_purged_floors":[],"is_endless":false,"potions_floor_spawned":[1,7,11,16,22,29,31],"killed_by":"Automaton","ascension_level":0}}