{"host":"75zu4da7xyji8683","time":1614312431,"event":{"mods":["AchievementEnabler","BaseMod","Colored Map","Colored Powertips","Duelist Mod","Infinite Spire","Minty Spire (QoL Compilation)","Random Character Button","Replay The Spire","StSLib"],"gold_per_floor":[140,157,157,174,126,158,158,170,170,181,215,140,140,180,180,305,305,318,23,36,66,83,83,108,119,119,119,138,237,237,242,242,340,440,468,512,512,318,335,335,364,364,364,378,378,378,397,430,430,430,430],"floor_reached":50,"language":"ENG","playtime":4456,"items_purged":[],"score":581,"play_id":"5a4d44a7-c5d7-434a-95f1-76262dab89d4","local_time":"20210225220711","is_ascension_mode":false,"campfire_choices":[{"data":"theDuelist:PsychicShockwave","floor":13,"key":"SMITH"},{"floor":15,"key":"REST"},{"floor":23,"key":"REST"},{"floor":30,"key":"RECALL"},{"floor":32,"key":"REST"},{"floor":40,"key":"REST"},{"floor":42,"key":"REST"},{"floor":49,"key":"REST"}],"circlet_count":0,"master_deck":["theDuelist:CastleWalls","theDuelist:CastleWalls","theDuelist:FinalFlame","theDuelist:GiantSoldier","theDuelist:ScrapFactory","theDuelist:Sparks","theDuelist:Sparks","theDuelist:GravityAxe","theDuelist:BigFire","theDuelist:WhiteMagicalHat","theDuelist:BigFire","theDuelist:Predaponics","theDuelist:PsychicShockwave+1","theDuelist:RainbowNeos","theDuelist:CombinationAttack","theDuelist:Kuribohrn","theDuelist:ObeliskTormentor","theDuelist:KamionTimelord","theDuelist:MiraculousDescent","theDuelist:YamiForm","theDuelist:Tuningware","theDuelist:PotGreed","infinitespire:DeathsTouch","theDuelist:Downbeat+1","theDuelist:ImperialOrder","theDuelist:SilentDoom+1","The Bomb","theDuelist:GravityLash","theDuelist:Eva","theDuelist:YellowBelliedOni+1","theDuelist:CrystalRaigeki","theDuelist:OnslaughtFireKings","theDuelist:PotDuality+1","theDuelist:PsychicShockwave+1","theDuelist:AncientGearFist+1","theDuelist:HappyLover"],"relics":["theDuelist:MillenniumPuzzle","theDuelist:CardPoolRelic","theDuelist:CardPoolBasicRelic","theDuelist:BoosterPackPoolRelic","theDuelist:CardPoolAddRelic","theDuelist:CardPoolMinusRelic","theDuelist:CardPoolSaveRelic","theDuelist:CardPoolOptionsRelic","NeowsBlessing","Lantern","Pen Nib","theDuelist:KaibaToken","Fusion Hammer","Bag of Marbles","Solar Panel","theDuelist:PointPass","Replay:Wanted Poster","Regal Pillow","theDuelist:BlessingAnubis","infinitespire:Lychee Nut"],"acts_visited":["Exordium","TheCity","TheBeyond"],"potions_floor_usage":[6,16,25,33,35,35,41,48,50],"damage_taken":[{"damage":0,"enemies":"Cultist","floor":1,"turns":1},{"damage":0,"enemies":"Small Slimes","floor":2,"turns":1},{"damage":0,"enemies":"Jaw Worm","floor":4,"turns":1},{"damage":10,"enemies":"Replay:BlueRogue","floor":6,"turns":4},{"damage":0,"enemies":"Gremlin Gang","floor":8,"turns":3},{"damage":2,"enemies":"Large Slime","floor":10,"turns":4},{"damage":24,"enemies":"Lagavulin","floor":11,"turns":6},{"damage":0,"enemies":"Blue Slaver","floor":14,"turns":2},{"damage":8,"enemies":"Slime Boss","floor":16,"turns":6},{"damage":8,"enemies":"2 Thieves","floor":18,"turns":3},{"damage":0,"enemies":"Shell Parasite","floor":20,"turns":3},{"damage":10,"enemies":"Cultist and Chosen","floor":21,"turns":5},{"damage":15,"enemies":"Sentry and Sphere","floor":22,"turns":6},{"damage":16,"enemies":"Nightmare","floor":24,"turns":7},{"damage":4,"enemies":"Chosen and Byrds","floor":25,"turns":4},{"damage":12,"enemies":"3 Cultists","floor":28,"turns":4},{"damage":29,"enemies":"Automaton","floor":33,"turns":13},{"damage":5,"enemies":"Orb Walker","floor":35,"turns":4},{"damage":14,"enemies":"3 Shapes","floor":36,"turns":3},{"damage":23,"enemies":"Sphere and 2 Shapes","floor":39,"turns":7},{"damage":45,"enemies":"Nemesis","floor":41,"turns":8},{"damage":18,"enemies":"Writhing Mass","floor":44,"turns":3},{"damage":0,"enemies":"Maw","floor":47,"turns":6},{"damage":38,"enemies":"Jaw Worm Horde","floor":48,"turns":3},{"damage":58,"enemies":"Donu and Deca","floor":50,"turns":6}],"seed_played":"1022708896314475516","potions_obtained":[{"floor":2,"key":"LifebloodPotion"},{"floor":10,"key":"BlessingOfTheForge"},{"floor":11,"key":"theDuelist:BurningPotion"},{"floor":14,"key":"theDuelist:OrbBottle"},{"floor":20,"key":"theDuelist:SolderPotionB"},{"floor":24,"key":"theDuelist:OrbBottle"},{"floor":33,"key":"theDuelist:SealedPackC"},{"floor":35,"key":"theDuelist:ReducerPotion"},{"floor":39,"key":"Venom Potion"},{"floor":47,"key":"PowerPotion"}],"is_trial":false,"path_per_floor":["M","M","?","M","$","E","?","M","T","M","E","$","R","M","R","B",null,"M","$","M","M","M","R","NM","M","T","?","M","?","R","$","R","B",null,"M","M","?","$","M","R","E","R","T","M","?","?","M","M","R","B"],"character_chosen":"THE_DUELIST","items_purchased":["theDuelist:BigFire","theDuelist:Kuribohrn","theDuelist:YamiForm","Bag of Marbles","theDuelist:PointPass","The Bomb","theDuelist:OnslaughtFireKings","Regal Pillow"],"campfire_rested":6,"item_purchase_floors":[5,12,19,19,31,31,38,38],"current_hp_per_floor":[80,80,80,80,80,70,70,70,70,68,44,44,44,44,68,60,80,72,72,72,62,47,71,55,51,51,51,39,39,39,39,63,34,80,77,63,63,63,40,79,34,73,60,42,42,42,48,15,47,0,0],"gold":430,"neow_bonus":"THREE_ENEMY_KILL","is_daily":false,"chose_seed":false,"campfire_upgraded":1,"win_rate":0.0,"timestamp":1614312431,"path_taken":["M","M","?","M","$","E","?","?","T","M","E","$","R","M","R","BOSS","M","$","M","M","M","R","NM","?","T","?","?","?","R","$","R","BOSS","M","M","?","?","?","R","E","R","T","M","?","?","M","M","R","BOSS"],"items_purchased_type":["Card","Card","Card","Relic","Relic","Card","Card","Relic"],"build_version":"2020-12-22","purchased_purges":0,"victory":false,"max_hp_per_floor":[80,80,80,80,80,80,80,80,80,80,80,80,80,80,80,80,80,80,80,80,80,80,80,80,80,80,80,80,80,80,80,80,80,80,80,80,80,80,80,80,80,80,60,60,60,57,57,57,57,57,57],"card_choices":[{"not_picked":["theDuelist:ImperialOrder","theDuelist:Electrowhip","theDuelist:ElectromagneticShield"],"picked":"theDuelist:GravityAxe","floor":1},{"not_picked":["theDuelist:DoubleTool","theDuelist:PowerKaishin","theDuelist:FluteKuriboh","theDuelist:GiantTrunade"],"picked":"theDuelist:BigFire","floor":2},{"not_picked":["theDuelist:ScrapFactory","theDuelist:Predaponics","theDuelist:Invigoration","theDuelist:DarkBurningAttack"],"picked":"theDuelist:WhiteMagicalHat","floor":4},{"not_picked":["theDuelist:SilverApples","theDuelist:PreventRat","theDuelist:HappyLover","theDuelist:GiantTrunade"],"picked":"theDuelist:Predaponics","floor":6},{"not_picked":["theDuelist:SpellShatteringArrow","theDuelist:DeltaAttacker","theDuelist:SolarWindJammer","theDuelist:WhiteNinja"],"picked":"theDuelist:PsychicShockwave","floor":8},{"not_picked":["theDuelist:CombinationAttack","theDuelist:WormApocalypse","theDuelist:EgoBoost","theDuelist:SolarWindJammer"],"picked":"theDuelist:RainbowNeos","floor":10},{"not_picked":["theDuelist:Hinotama","theDuelist:ScrapFactory","theDuelist:DarkBurningAttack","theDuelist:LegendHeart"],"picked":"theDuelist:CombinationAttack","floor":11},{"not_picked":["theDuelist:WingedKuriboh","theDuelist:GolemSentry","theDuelist:Solidarity","theDuelist:TheCreator"],"picked":"theDuelist:ObeliskTormentor","floor":14},{"not_picked":["theDuelist:SwordsRevealing","theDuelist:SwordsConcealing","theDuelist:LightLaser","theDuelist:GridRod"],"picked":"theDuelist:KamionTimelord","floor":16},{"not_picked":["theDuelist:WhiteHowling","theDuelist:ImperialOrder","theDuelist:ElectromagneticShield"],"picked":"theDuelist:MiraculousDescent","floor":18},{"not_picked":["theDuelist:GraniteLoyalist","theDuelist:GemElephant","theDuelist:BigKoala","theDuelist:Electrowhip","theDuelist:GiantTrapHole+1"],"picked":"SKIP","floor":20},{"not_picked":["theDuelist:FrontierWiseman","theDuelist:BlackPendant+1","theDuelist:PreventRat","theDuelist:BattleOx"],"picked":"theDuelist:Tuningware","floor":21},{"not_picked":["theDuelist:BattleguardKing+1","theDuelist:GolemSentry","theDuelist:DarklordSuperbia","theDuelist:RockSunrise"],"picked":"theDuelist:PotGreed","floor":22},{"not_picked":["ReplayTheSpireMod:Chaos Vortex","infinitespire:UltimateForm"],"picked":"infinitespire:DeathsTouch","floor":24},{"not_picked":["theDuelist:MeteorDestruction+1","theDuelist:Hinotama","theDuelist:AfterTheStorm+1","theDuelist:StarBlast"],"picked":"theDuelist:Downbeat+1","floor":24},{"not_picked":["theDuelist:GravityAxe","theDuelist:Electrowhip","theDuelist:ElectromagneticShield"],"picked":"theDuelist:ImperialOrder","floor":25},{"not_picked":["theDuelist:VenomShot+1","theDuelist:CoreBlaster+1","theDuelist:ChaosSeed+1","theDuelist:AncientGearFist+1"],"picked":"theDuelist:SilentDoom+1","floor":28},{"not_picked":["theDuelist:Wildfire","theDuelist:LightningBlade","theDuelist:FeatherShot","theDuelist:MillenniumShield"],"picked":"theDuelist:GravityLash","floor":33},{"not_picked":["theDuelist:CombinationAttack","theDuelist:ScrapFactory+1","theDuelist:MagnumShield+1","theDuelist:FluteKuriboh"],"picked":"theDuelist:Eva","floor":35},{"not_picked":["theDuelist:MudGolem","theDuelist:Wiseman+1","theDuelist:ObeliskTormentor","theDuelist:PotForbidden"],"picked":"theDuelist:YellowBelliedOni+1","floor":36},{"not_picked":["theDuelist:WhiteHowling","theDuelist:GravityAxe+1","theDuelist:Electrowhip","theDuelist:MiraculousDescent+1"],"picked":"SKIP","floor":39},{"not_picked":["theDuelist:UnderworldCannon","theDuelist:DeltaAttacker+1","theDuelist:BigKoala","theDuelist:FusionFire"],"picked":"theDuelist:PotDuality+1","floor":41},{"not_picked":["theDuelist:Graverobber","theDuelist:SangaEarth","theDuelist:ImperialOrder+1","theDuelist:CrystalRaigeki"],"picked":"theDuelist:PsychicShockwave+1","floor":44},{"not_picked":["theDuelist:UnderworldCannon+1","theDuelist:LegendHeart","theDuelist:WormApocalypse","theDuelist:MythicalBeast"],"picked":"theDuelist:AncientGearFist+1","floor":47},{"not_picked":["theDuelist:Eva+1","theDuelist:GreenGraveOni+1","theDuelist:PurplePainOni+1","theDuelist:RedHeadedOni+1"],"picked":"theDuelist:HappyLover","floor":48}],"player_experience":82115,"relics_obtained":[{"floor":6,"key":"Lantern"},{"floor":9,"key":"Pen Nib"},{"floor":11,"key":"theDuelist:KaibaToken"},{"floor":24,"key":"Solar Panel"},{"floor":41,"key":"theDuelist:BlessingAnubis"},{"floor":43,"key":"infinitespire:Lychee Nut"}],"event_choices":[{"damage_healed":0,"gold_gain":0,"player_choice":"Leave","duelist":true,"damage_taken":0,"max_hp_gain":0,"max_hp_loss":0,"event_name":"Card Trader","floor":3,"gold_loss":0},{"cards_removed":["theDuelist:BeaverWarrior"],"damage_healed":0,"gold_gain":0,"player_choice":"Purged","damage_taken":0,"max_hp_gain":0,"max_hp_loss":0,"event_name":"Purifier","floor":7,"gold_loss":0},{"cards_removed":["theDuelist:BeaverWarrior"],"damage_healed":0,"gold_gain":0,"player_choice":"Offered Basic","damage_taken":0,"max_hp_gain":0,"max_hp_loss":0,"event_name":"Bonfire Elementals","floor":27,"gold_loss":0},{"damage_healed":0,"gold_gain":99,"player_choice":"Stole From Cult","damage_taken":0,"max_hp_gain":0,"max_hp_loss":0,"event_name":"Nest","floor":29,"gold_loss":0},{"damage_healed":0,"gold_gain":0,"player_choice":"1 cards matched","damage_taken":0,"max_hp_gain":0,"max_hp_loss":0,"event_name":"Match and Keep!","floor":37,"gold_loss":0,"cards_obtained":["theDuelist:CrystalRaigeki"]},{"cards_removed":["theDuelist:GiantSoldier"],"damage_healed":0,"gold_gain":0,"player_choice":"Removed Skill","damage_taken":0,"max_hp_gain":0,"max_hp_loss":0,"event_name":"Falling","floor":45,"gold_loss":0},{"damage_healed":0,"gold_gain":0,"player_choice":"Max HP","damage_taken":0,"max_hp_gain":0,"max_hp_loss":3,"event_name":"Winding Halls","floor":46,"gold_loss":0}],"is_beta":false,"boss_relics":[{"not_picked":["theDuelist:MillenniumKey","Black Star"],"picked":"Fusion Hammer"},{"not_picked":["infinitespire:Cupcake","Kintsugi"],"picked":"Replay:Wanted Poster"}],"items_purged_floors":[],"is_endless":true,"potions_floor_spawned":[2,10,11,14,20,24,33,35,39,47],"killed_by":"Donu and Deca","ascension_level":0}}