{"host":"i5ye7l6e2ntxqiu9","time":1614322239,"event":{"mods":["BaseMod","Downfall","Hermit","Marisa£®ÏF”Í°°ƒß¿Ì…≥£©","Minty Spire (QoL Compilation)","Replay The Spire","StSLib","The Bug Knight","The Cursed","The Hierophant","The Servant 0.9.4"],"gold_per_floor":[116,391,402,17,17,92,154,154,154,219,219,219,248,289,289,424,424,415,365,361,361],"floor_reached":20,"language":"ZHS","playtime":740,"items_purged":["Regret"],"score":207,"play_id":"5d32a399-41f5-496a-9a88-ad04dcd778fc","local_time":"20210226145039","is_ascension_mode":false,"campfire_choices":[{"floor":8,"key":"RECALL"},{"data":"Mayhem","floor":12,"key":"SMITH"},{"data":"hierophant:TollTheBells","floor":15,"key":"SMITH"}],"circlet_count":0,"master_deck":["hierophant:Strike_Hierophant","hierophant:Strike_Hierophant","hierophant:Strike_Hierophant","hierophant:Strike_Hierophant","hierophant:Punish","hierophant:Defend_Hierophant","hierophant:Defend_Hierophant","hierophant:Defend_Hierophant","hierophant:Defend_Hierophant","hierophant:ChurchCoffers","hierophant:Empathy","hierophant:ThreeLashes","hierophant:Doubloon","hierophant:RustyCrate+1","hierophant:Doubloon","hierophant:Doubloon","Mayhem+1","hierophant:FieryStrike","hierophant:OrnateBuckler","hierophant:Smite","hierophant:Sermon","hierophant:DeathKnell+1","hierophant:TollTheBells+1","hierophant:WrathOfGod+1","hierophant:Repentance"],"relics":["hierophant:PropheticMaskRelic","NeowsBlessing","ReplayTheSpireMod:Shallot","Golden Egg","Vajra","SlaversCollar"],"acts_visited":["Exordium","TheCity"],"potions_floor_usage":[10],"damage_taken":[{"damage":0,"enemies":"Jaw Worm","floor":1,"turns":1},{"damage":0,"enemies":"Cultist","floor":3,"turns":1},{"damage":0,"enemies":"Gremlin Nob","floor":6,"turns":1},{"damage":0,"enemies":"Small Slimes","floor":7,"turns":4},{"damage":36,"enemies":"Lagavulin","floor":10,"turns":9},{"damage":0,"enemies":"2 Fungi Beasts","floor":13,"turns":2},{"damage":11,"enemies":"Exordium Thugs","floor":14,"turns":5},{"damage":13,"enemies":"Fading Forest","floor":16,"turns":11},{"damage":22,"enemies":"Shell Parasite","floor":18,"turns":2},{"damage":0,"enemies":"2 Thieves","floor":20,"turns":1}],"seed_played":"-8882499309330995969","potions_obtained":[{"floor":1,"key":"Weak Potion"},{"floor":6,"key":"Dexterity Potion"},{"floor":16,"key":"Swift Potion"}],"is_trial":false,"path_per_floor":["M","?","M","$","?","E","M","R","T","E","?","R","M","M","R","B",null,"M","?","M"],"character_chosen":"HIEROPHANT","items_purchased":["hierophant:RecallFunds","hierophant:RustyCrate","Mayhem","hierophant:FieryStrike"],"campfire_rested":0,"item_purchase_floors":[4,4,4,4],"current_hp_per_floor":[75,75,75,75,75,75,75,75,75,39,75,75,75,64,64,51,75,53,53,53,53],"gold":361,"neow_bonus":"THREE_ENEMY_KILL","is_daily":false,"chose_seed":false,"campfire_upgraded":2,"win_rate":0.0,"timestamp":1614322239,"path_taken":["M","?","?","?","?","E","M","R","T","E","?","R","M","M","R","BOSS","M","?","?"],"items_purchased_type":["Card","Card","Card","Card"],"build_version":"2020-12-22","purchased_purges":1,"victory":false,"max_hp_per_floor":[75,75,75,75,75,75,75,75,75,75,75,75,75,75,75,75,75,75,75,75,75],"card_choices":[{"not_picked":["hierophant:Prophecy","hierophant:AuricBeam"],"picked":"hierophant:Empathy","floor":1},{"not_picked":["hierophant:AuricShield","hierophant:Remorse"],"picked":"hierophant:ThreeLashes","floor":3},{"not_picked":["hierophant:PassingBell","hierophant:RustyCrate"],"picked":"hierophant:OrnateBuckler","floor":6},{"not_picked":["hierophant:Rebuild","hierophant:OrnateBuckler"],"picked":"hierophant:Smite","floor":7},{"not_picked":["hierophant:Flagellation","hierophant:LocustPlague"],"picked":"hierophant:Sermon","floor":10},{"not_picked":["hierophant:ArchangelShield","hierophant:SecretStash"],"picked":"hierophant:DeathKnell","floor":13},{"not_picked":["hierophant:RustyCrate","hierophant:AuricBeam"],"picked":"hierophant:TollTheBells","floor":14},{"not_picked":["hierophant:LocustPlague","hierophant:MintersHammer"],"picked":"hierophant:WrathOfGod","floor":16},{"not_picked":["hierophant:DeathKnell","hierophant:RustyCrate"],"picked":"hierophant:Repentance","floor":18}],"player_experience":80084,"relics_obtained":[{"floor":6,"key":"ReplayTheSpireMod:Shallot"},{"floor":9,"key":"Golden Egg"},{"floor":10,"key":"Vajra"}],"event_choices":[{"damage_healed":0,"gold_gain":275,"player_choice":"Desecrate","damage_taken":0,"max_hp_gain":0,"max_hp_loss":0,"event_name":"Golden Shrine","floor":2,"gold_loss":0,"cards_obtained":["Regret"]},{"cards_removed":["hierophant:RecallFunds"],"damage_healed":36,"gold_gain":0,"player_choice":"Offered Uncommon","damage_taken":0,"max_hp_gain":0,"max_hp_loss":0,"event_name":"Bonfire Elementals","floor":11,"gold_loss":0},{"damage_healed":0,"gold_gain":0,"player_choice":"Bet on Murderer","damage_taken":0,"max_hp_gain":0,"max_hp_loss":0,"event_name":"The Joust","floor":19,"gold_loss":50}],"is_beta":false,"boss_relics":[{"not_picked":["Kintsugi","Sozu"],"picked":"SlaversCollar"}],"items_purged_floors":[4],"is_endless":false,"potions_floor_spawned":[1,6,16],"killed_by":"2 Thieves","ascension_level":0}}