{"host":"z439itq93uucuvou","time":1614359250,"event":{"mods":["BaseMod","Downfall","Jorbs\u0027s Wanderer Trilogy","Minty Spire (QoL Compilation)","StSLib"],"gold_per_floor":[99,112,22,38,52,77,130,150,180,210,220,246,246,265,281,281,281,281],"floor_reached":16,"language":"ENG","playtime":784,"items_purged":["Pain"],"score":130,"play_id":"2e2d26d1-8c8d-49b3-8aed-626e5c6356f5","local_time":"20210226090730","is_ascension_mode":true,"campfire_choices":[{"data":"Metamorphosis","floor":1.0,"key":"SMITH"},{"floor":13,"key":"REST"}],"circlet_count":0,"master_deck":["champ:Strike","champ:Strike","champ:Strike","champ:Strike","champ:Defend","champ:Defend","champ:Defend","champ:Defend","champ:Execute","champ:Taunt","Metamorphosis+1","champ:EnGarde","champ:StanceDance","champ:IronFortress","champ:Circumvent","champ:BerserkersShout","champ:ShieldSigil","champ:ViciousMockery","champ:ShieldWall","champ:Lariat"],"relics":["champ:ChampionCrown","Tiny Chest","MealTicket","Pen Nib","Art of War","Dream Catcher"],"acts_visited":["Exordium"],"potions_floor_usage":[12],"damage_taken":[{"damage":5.0,"enemies":"Cultist","floor":2.0,"turns":3.0},{"damage":22.0,"enemies":"downfall:FleeingMerchant","floor":3.0,"turns":4.0},{"damage":0.0,"enemies":"2 Louse","floor":4.0,"turns":3.0},{"damage":13.0,"enemies":"Jaw Worm","floor":5.0,"turns":3.0},{"damage":47.0,"enemies":"3 Sentries","floor":6.0,"turns":6.0},{"damage":10.0,"enemies":"Large Slime","floor":8.0,"turns":3.0},{"damage":45.0,"enemies":"Lagavulin","floor":9.0,"turns":5.0},{"damage":19.0,"enemies":"downfall:LooterAlt","floor":11.0,"turns":4.0},{"damage":28,"enemies":"Gremlin Nob","floor":12,"turns":3},{"damage":14,"enemies":"3 Louse","floor":14,"turns":2},{"damage":20,"enemies":"Red Slaver","floor":15,"turns":4},{"damage":64,"enemies":"DF_ARCHETYPE_STREAMLINE","floor":16,"turns":3}],"seed_played":"4929707658884317604","potions_obtained":[{"floor":2.0,"key":"hexamod:SoulburnPotion"},{"floor":4.0,"key":"SteroidPotion"},{"floor":5.0,"key":"champ:CounterPotion"},{"floor":12,"key":"hexamod:SoulburnPotion"}],"is_trial":false,"path_per_floor":["R","M","$","M","M","E","T","M","E","?","M","E","R","M","M","B"],"character_chosen":"THE_CHAMP","items_purchased":[],"campfire_rested":1,"item_purchase_floors":[],"current_hp_per_floor":[90,85,83,83,75,63,63,63,43,43,34,26,53,49,44,0,0,0],"gold":281,"neow_bonus":"RANDOM_COLORLESS_2","is_daily":false,"chose_seed":false,"campfire_upgraded":1,"win_rate":0.0,"timestamp":1614359250,"path_taken":["R","M","$","?","M","E","T","M","E","?","M","E","R","M","M","BOSS"],"items_purchased_type":[],"build_version":"2020-12-22","purchased_purges":1,"victory":false,"max_hp_per_floor":[90,90,90,90,90,90,90,90,90,90,90,90,90,90,90,90,90,90],"card_choices":[{"not_picked":["Master of Strategy","Sadistic Nature"],"picked":"Metamorphosis","floor":0.0},{"not_picked":["champ:CrownThrow","champ:PerfectedStrike"],"picked":"champ:EnGarde","floor":2.0},{"not_picked":["champ:CrownThrow","champ:TornadoPunch"],"picked":"champ:StanceDance","floor":3.0},{"not_picked":["champ:FocusedBerserking","champ:StanceDance"],"picked":"champ:IronFortress","floor":4.0},{"not_picked":["champ:PreciseThrust","champ:FalseCounter","champ:SetATrap"],"picked":"SKIP","floor":5.0},{"not_picked":["champ:PreemptiveStrike","champ:StanceDance","champ:ShieldThrow"],"picked":"SKIP","floor":6.0},{"not_picked":["champ:Haymaker","champ:PerfectedStrike"],"picked":"champ:Circumvent","floor":8.0},{"not_picked":["champ:Circumvent","champ:ShieldSigil"],"picked":"champ:BerserkersShout","floor":9.0},{"not_picked":["champ:GladiatorStyle","champ:Shatter","champ:ShieldSigil"],"picked":"SKIP","floor":11.0},{"not_picked":["champ:GladiatorStyle","champ:Shatter"],"picked":"champ:ShieldSigil","floor":11.0},{"not_picked":["champ:BerserkersShout","champ:MurderStrike","champ:FalseCounter"],"picked":"SKIP","floor":12},{"not_picked":["champ:FlashCut","champ:PreciseThrust"],"picked":"champ:ViciousMockery","floor":13},{"not_picked":["champ:BerserkerStyle","champ:Backstep"],"picked":"champ:ShieldWall","floor":14},{"not_picked":["champ:ShieldSlam","champ:PreciseThrust"],"picked":"champ:Lariat","floor":15}],"player_experience":1769180,"relics_obtained":[{"floor":6.0,"key":"Tiny Chest"},{"floor":7.0,"key":"MealTicket"},{"floor":9.0,"key":"Pen Nib"},{"floor":12,"key":"Dream Catcher"}],"event_choices":[],"is_beta":false,"boss_relics":[],"items_purged_floors":[3],"is_endless":false,"potions_floor_spawned":[2,4,5,12],"killed_by":"DF_ARCHETYPE_STREAMLINE","ascension_level":1}}