{"host":"xsuxkwaivmtd234a","time":1614297852,"event":{"mods":["BaseMod","Bestiary","Colored Map","Minty Spire (QoL Compilation)","Relic Stats","StSLib"],"gold_per_floor":[112,112,112,132,142,142,175,191,273,273,273,273,299,319,319,319,319],"floor_reached":16,"language":"ENG","playtime":473,"items_purged":[],"score":165,"play_id":"baef0f36-714f-46fa-84b3-bbad07b9e240","local_time":"20210225190412","is_ascension_mode":true,"campfire_choices":[{"data":"Echo Form","floor":6,"key":"SMITH"},{"floor":10,"key":"DIG"},{"floor":12,"key":"REST"},{"floor":15,"key":"REST"}],"circlet_count":0,"master_deck":["AscendersBane","Strike_B","Strike_B","Strike_B","Strike_B","Defend_B","Defend_B","Defend_B","Defend_B","Zap","Dualcast","Echo Form+1","Rip and Tear","Pain","Loop+1","Gash","Chill","Go for the Eyes+1","Turbo"],"relics":["Cracked Core","WarpedTongs","Shovel","Molten Egg 2","Vajra","Darkstone Periapt"],"acts_visited":["Exordium"],"potions_floor_usage":[7,13,13],"damage_taken":[{"damage":8,"enemies":"Small Slimes","floor":1,"turns":2},{"damage":5,"enemies":"Jaw Worm","floor":4,"turns":3},{"damage":3,"enemies":"Cultist","floor":5,"turns":3},{"damage":16,"enemies":"3 Sentries","floor":7,"turns":4},{"damage":14,"enemies":"Blue Slaver","floor":8,"turns":3},{"damage":22,"enemies":"Lagavulin","floor":13,"turns":4},{"damage":24,"enemies":"Red Slaver","floor":14,"turns":4},{"damage":25,"enemies":"Hexaghost","floor":16,"turns":9}],"seed_played":"-3374346768937774706","potions_obtained":[{"floor":1,"key":"FocusPotion"},{"floor":5,"key":"EssenceOfDarkness"},{"floor":7,"key":"FocusPotion"},{"floor":14,"key":"Explosive Potion"}],"is_trial":false,"path_per_floor":["M","?","?","M","M","R","E","M","T","R","?","R","E","M","R","B"],"character_chosen":"DEFECT","items_purchased":[],"campfire_rested":2,"item_purchase_floors":[],"current_hp_per_floor":[60,65,65,60,57,57,41,27,27,27,27,48,26,2,23,0,0],"gold":319,"neow_bonus":"THREE_RARE_CARDS","is_daily":false,"chose_seed":false,"campfire_upgraded":1,"win_rate":0.0,"timestamp":1614297852,"path_taken":["M","?","?","M","M","R","E","?","T","R","?","R","E","M","R","BOSS"],"items_purchased_type":[],"build_version":"2020-12-22","purchased_purges":0,"victory":false,"max_hp_per_floor":[68,73,73,73,73,73,73,73,73,73,73,73,73,73,73,73,73],"relic_stats":{"Darkstone Periapt":0,"Shovel":1,"counters":[8,32],"obtain_stats":[{"Darkstone Periapt":13,"Shovel":7,"Vajra":10,"Molten Egg 2":9,"Cracked Core":0,"WarpedTongs":3},{"Darkstone Periapt":6,"Shovel":4,"Vajra":5,"Molten Egg 2":5,"Cracked Core":0,"WarpedTongs":1},{"Darkstone Periapt":19,"Shovel":12,"Vajra":15,"Molten Egg 2":15,"Cracked Core":0,"WarpedTongs":2}],"WarpedTongs":[29]},"card_choices":[{"not_picked":["Machine Learning","Meteor Strike"],"picked":"Echo Form","floor":0},{"not_picked":["Redo","Blizzard"],"picked":"Rip and Tear","floor":1},{"not_picked":["Barrage","Leap"],"picked":"Loop","floor":4},{"not_picked":["Stack","Turbo"],"picked":"Gash","floor":5},{"not_picked":["Barrage","Auto Shields","Turbo"],"picked":"SKIP","floor":7},{"not_picked":["Reprogram","Go for the Eyes"],"picked":"Chill","floor":8},{"not_picked":["Steam Power","Seek"],"picked":"Go for the Eyes+1","floor":13},{"not_picked":["Redo","Chaos"],"picked":"Turbo","floor":14}],"player_experience":1385780,"relics_obtained":[{"floor":7,"key":"Shovel"},{"floor":9,"key":"Molten Egg 2"},{"floor":10,"key":"Vajra"},{"floor":13,"key":"Darkstone Periapt"}],"event_choices":[{"damage_healed":0,"gold_gain":0,"player_choice":"Donut","damage_taken":0,"max_hp_gain":5,"max_hp_loss":0,"event_name":"Big Fish","floor":2,"gold_loss":0},{"damage_healed":0,"gold_gain":0,"player_choice":"Rummage","damage_taken":0,"relics_obtained":["WarpedTongs"],"max_hp_gain":0,"max_hp_loss":0,"event_name":"Accursed Blacksmith","floor":3,"gold_loss":0,"cards_obtained":["Pain"]},{"damage_healed":0,"gold_gain":0,"player_choice":"Upgraded","damage_taken":0,"max_hp_gain":0,"max_hp_loss":0,"event_name":"Upgrade Shrine","floor":11,"gold_loss":0,"cards_upgraded":["Loop"]}],"is_beta":false,"boss_relics":[],"items_purged_floors":[],"is_endless":false,"potions_floor_spawned":[1,5,7,14],"killed_by":"Hexaghost","ascension_level":10}}