{"host":"7vlopc64487frs6y","time":1614344393,"event":{"mods":["Aspiration","BaseMod","BetterRewards","Colored Map","Decade(Õı–°√˜)","Downfall","Good Game Mod","Highlight Path","Minty Spire (QoL Compilation)","Quick Restart","Reimu£®≤©¿ˆ¡È√Œ£©","Remilia£®¿Ÿ√◊¿Ú—«£©","Replay The Spire","Shop Mod","StSLib","TestMod","Unceasing Turn Reminder","Youmu£®ªÍ∆«—˝√Œ£©"],"gold_per_floor":[115,126,40,40,51,51,66,66,92,92,148,22,22,53,53,130,130,147,147,67,67,67,67,67,67,67,79,79,79,96,131,131,206,206,222,222,240,240,240,268,284,284,284,1,27,45,55,1,1,1,1,1,1,31,31],"floor_reached":56,"language":"ZHS","playtime":3507,"items_purged":["Strike_G","Strike_G","Lust_TH"],"score":2408,"play_id":"70075c33-c393-41b4-af9e-d85b8d3e35fe","local_time":"20210226205953","is_ascension_mode":true,"campfire_choices":[{"data":"Accuracy","floor":6.0,"key":"SMITH"},{"data":"Hidden Blade","floor":8.0,"key":"SMITH"},{"floor":15,"key":"DIG"},{"data":"Prepared","floor":23,"key":"SMITH"},{"data":"Concentrate","floor":25,"key":"SMITH"},{"data":"Footwork","floor":29,"key":"SMITH"},{"floor":32,"key":"RECALL"},{"data":"Calculated Gamble","floor":42,"key":"SMITH"},{"data":"Madness","floor":49,"key":"SMITH"},{"data":"Madness","floor":52,"key":"SMITH"}],"circlet_count":0,"master_deck":["AscendersBane","Strike_G","Strike_G","Defend_G","Defend_G","Defend_G","Defend_G","Survivor","Neutralize+1","expansioncontent:StudyTheSpire","Cloak And Dagger+1","Hidden Blade+1","Accuracy+1","Backflip","Tactician+1","Tools of the Trade+1","Grand Finale+1","Underhanded Strike","Prepared+1","Concentrate+1","Footwork+1","Hidden Blade+1","Madness+1","Madness+1","Calculated Gamble+1","Fluid Movement","Acrobatics","Accuracy"],"relics":["testmod-TestBox","REME:ComplimentaryCards","testmod-RainbowHikingShoes","NeowsBlessing","Smiling Mask","Sizzling Blood","Replay:Wax Seal","TungstenRod","aspiration:DSix","Runic Pyramid","testmod-Brilliant","Replay:Accelerometer","testmod-TimeTraveler","ReplayTheSpireMod:Ninjato","aspiration:Lifesprig","Whetstone","testmod-CrystalShield"],"acts_visited":["Exordium","TheCity","TheBeyond","TheEnding"],"potions_floor_usage":[16,18,50,55,55],"damage_taken":[{"damage":0.0,"enemies":"Small Slimes","floor":1.0,"turns":1.0},{"damage":0.0,"enemies":"2 Louse","floor":2.0,"turns":1.0},{"damage":0.0,"enemies":"Jaw Worm","floor":5.0,"turns":1.0},{"damage":4.0,"enemies":"3 Louse","floor":7.0,"turns":4.0},{"damage":27,"enemies":"Gremlin Nob","floor":11,"turns":4},{"damage":0,"enemies":"Lagavulin","floor":14,"turns":5},{"damage":32,"enemies":"The Guardian","floor":16,"turns":9},{"damage":14,"enemies":"2 Thieves","floor":18,"turns":3},{"damage":0,"enemies":"Chosen","floor":27,"turns":3},{"damage":0,"enemies":"Snecko","floor":30,"turns":2},{"damage":0,"enemies":"Book of Stabbing","floor":31,"turns":2},{"damage":0,"enemies":"Automaton","floor":33,"turns":3},{"damage":0,"enemies":"3 Darklings","floor":35,"turns":1},{"damage":1,"enemies":"3 Shapes","floor":37,"turns":2},{"damage":0,"enemies":"Reptomancer","floor":40,"turns":2},{"damage":0,"enemies":"Writhing Mass","floor":41,"turns":2},{"damage":0,"enemies":"R_Hoarder","floor":45,"turns":3},{"damage":0,"enemies":"Spire Growth","floor":46,"turns":2},{"damage":0,"enemies":"3 Darklings","floor":47,"turns":1},{"damage":23,"enemies":"Time Eater","floor":50,"turns":11},{"damage":0,"enemies":"Shield and Spear","floor":54,"turns":1},{"damage":9,"enemies":"The Heart","floor":55,"turns":4}],"seed_played":"790036454377702193","potions_obtained":[{"floor":2.0,"key":"Languid Potion"},{"floor":7.0,"key":"Languid Potion"},{"floor":11,"key":"BlessingOfTheForge"},{"floor":16,"key":"Weak Potion"},{"floor":18,"key":"DistilledChaos"},{"floor":54,"key":"Strength Potion"}],"is_trial":false,"path_per_floor":["M","M","$","?","M","R","M","R","T","?","?","$","?","E","R_BF","B",null,"M","?","$","?","?","R","?","R","T","M","?","R","M","E","R","B",null,"M","?","M","?","?","E","M","R","T","$","E","M","M","$","R","B",null,"R","$","E","B",null],"character_chosen":"THE_SILENT","items_purchased":["Accuracy","Tactician","Prepared","aspiration:Lifesprig","Fluid Movement","Acrobatics"],"campfire_rested":0,"item_purchase_floors":[3,12,20,44,44,48],"current_hp_per_floor":[59,59,59,59,59,59,55,55,55,59,36,36,36,40,40,12,56,46,46,46,46,46,46,46,46,46,50,50,50,54,58,58,62,68,70,61,64,52,49,53,57,57,57,57,61,65,69,69,69,50,65,65,65,69,64],"gold":31,"neow_bonus":"THREE_ENEMY_KILL","is_daily":false,"chose_seed":false,"campfire_upgraded":8,"win_rate":0.0,"timestamp":1614344393,"path_taken":["M","M","$","?","M","R","M","R","T","?","?","$","?","E","R_BF","BOSS","M","?","$","?","?","R","?","R","T","M","?","R","M","E","R","BOSS","M","?","M","?","?","E","?","R","T","?","E","M","M","$","R","BOSS","R","$","E","BOSS"],"items_purchased_type":["Card","Card","Card","Relic","Card","Card"],"build_version":"2020-12-22","purchased_purges":3,"victory":true,"max_hp_per_floor":[66,66,66,66,66,66,66,66,66,70,70,70,70,70,70,70,70,70,70,70,70,70,70,70,70,70,70,70,70,70,70,70,70,70,70,70,70,70,70,70,70,70,70,70,70,70,70,70,70,70,70,70,70,70,70],"card_choices":[{"not_picked":["Dagger Spray","Backflip"],"picked":"Cloak And Dagger","floor":1.0},{"not_picked":["Flying Knee","Predator"],"picked":"Hidden Blade","floor":2.0},{"not_picked":["Dash","Dodge and Roll","PiercingWail"],"picked":"SKIP","floor":5.0},{"not_picked":["Malaise","Quick Slash"],"picked":"Backflip","floor":7.0},{"not_picked":["Fluid Movement","Dagger Throw"],"picked":"Tools of the Trade","floor":14},{"not_picked":["Poison Darts","ReplayTheSpireMod:From All Sides"],"picked":"Grand Finale","floor":16},{"not_picked":["Backflip","All Out Attack+1"],"picked":"Underhanded Strike","floor":18},{"not_picked":["Underhanded Strike","Adrenaline"],"picked":"Footwork","floor":27},{"not_picked":["Quick Slash","Dagger Throw","Flying Knee"],"picked":"SKIP","floor":30},{"not_picked":["Well Laid Plans","Draining Mist","Leg Sweep"],"picked":"SKIP","floor":31},{"not_picked":["Finisher","Flying Knee"],"picked":"Hidden Blade+1","floor":35},{"not_picked":["PiercingWail+1","Dagger Throw","Dagger Spray"],"picked":"SKIP","floor":37},{"not_picked":["Hidden Blade+1","ReplayTheSpireMod:Tripwire+1"],"picked":"Calculated Gamble","floor":40},{"not_picked":["Deflect","Poisoned Stab","Dodge and Roll"],"picked":"SKIP","floor":41},{"not_picked":["Dagger Throw","Flying Knee+1","Catalyst"],"picked":"SKIP","floor":45},{"not_picked":["ReplayTheSpireMod:Scrap Shanks","Hidden Blade","Finisher+1"],"picked":"SKIP","floor":46},{"not_picked":["Blade Dance","Riddle With Holes","Sneak Up"],"picked":"SKIP","floor":47},{"not_picked":["Footwork","Poisoned Stab"],"picked":"Accuracy","floor":54}],"player_experience":791622,"relics_obtained":[{"floor":9.0,"key":"Smiling Mask"},{"floor":11,"key":"Replay:Wax Seal"},{"floor":14,"key":"TungstenRod"},{"floor":15,"key":"aspiration:DSix"},{"floor":26,"key":"testmod-Brilliant"},{"floor":31,"key":"Replay:Accelerometer"},{"floor":40,"key":"ReplayTheSpireMod:Ninjato"},{"floor":45,"key":"Whetstone"},{"floor":54,"key":"testmod-CrystalShield"}],"event_choices":[{"damage_healed":0.0,"max_hp_gain":0.0,"max_hp_loss":0.0,"gold_gain":0.0,"event_name":"Living Wall","player_choice":"Grow","floor":4.0,"gold_loss":0.0,"damage_taken":0.0,"cards_upgraded":["Cloak And Dagger"]},{"damage_healed":0,"gold_gain":0,"player_choice":"Searched \u00271\u0027 times","damage_taken":0,"max_hp_gain":0,"max_hp_loss":0,"event_name":"Dead Adventurer","floor":11,"gold_loss":0},{"cards_removed":["Strike_G"],"damage_healed":0,"gold_gain":0,"player_choice":"Elegance","damage_taken":0,"max_hp_gain":0,"max_hp_loss":0,"event_name":"Back to Basics","floor":19,"gold_loss":0},{"damage_healed":0,"gold_gain":0,"player_choice":"Read","damage_taken":0,"max_hp_gain":0,"max_hp_loss":0,"event_name":"The Library","floor":24,"gold_loss":0,"cards_obtained":["Concentrate"]},{"damage_healed":0,"gold_gain":0,"player_choice":"Memory 3","damage_taken":10,"max_hp_gain":0,"max_hp_loss":0,"event_name":"SensoryStone","floor":36,"gold_loss":0},{"damage_healed":0,"gold_gain":0,"player_choice":"Embrace Madness","damage_taken":13,"max_hp_gain":0,"max_hp_loss":0,"event_name":"Winding Halls","floor":38,"gold_loss":0,"cards_obtained":["Madness","Madness"]},{"damage_healed":0,"gold_gain":0,"player_choice":"Bought 0 Potions","damage_taken":0,"max_hp_gain":0,"max_hp_loss":0,"event_name":"The Woman in Blue","floor":39,"gold_loss":0}],"is_beta":false,"boss_relics":[{"not_picked":["Sozu","testmod-IncinerationGenerator"],"picked":"Runic Pyramid"},{"not_picked":["aspiration:PoetsPen_weak","Replay:Ancient Bell"],"picked":"testmod-TimeTraveler"}],"items_purged_floors":[12,20,44],"is_endless":false,"potions_floor_spawned":[2,7,11,16,18,27,37,45,54],"ascension_level":19}}