{"host":"ee5exjejqz6r5zx9","time":1614355439,"event":{"mods":["ATMod(阿瑾Mod)","Act Like it!","BaseMod","Card Forge","Colored Powertips","Custom Start","Gensokyo","HololiveMod","Library of Ruina","Library of Ruina Extra","Minty Spire (QoL Compilation)","MostiFishMod","Quick Restart","Rare Cards Sparkle","Relic Filter Mod","Remove Card Discount Mod","Replay The Spire","RumiaBox-露米娅的神秘盒子","Shop Mod","StSLib","TestMod","【功能Mod】混沌之环修复补丁","【遗物卡牌】REMEMod"],"gold_per_floor":[1259,1272,1272,1672,1408,1434,1434,1444,1444,1146,1174,1174,1174,1188,1188,1285,1285,1300,1399,1253,1263,1277,1277,1277,721,766,780,780,806,554,572,572,673,673,685,702,702,702,713,778,778,797,849,882,696,712,793,812,812,812,812,812,812,247,279,304],"floor_reached":57,"language":"ZHS","playtime":3136,"items_purged":["DegradedFairy","DegradedFairy","AT_EmpoweredMortalDraw","SharpenedBlade+1","QuickSuppression","Parry","SerpentineBarrier","RulesOfTheBackstreets+1","SilentMist"],"score":1940,"play_id":"e857d497-7f76-48c5-9eb7-9e24bb44ba08","local_time":"20210227000359","is_ascension_mode":false,"campfire_choices":[{"data":"DegradedPillar","floor":7.0,"key":"SMITH"},{"data":"DegradedShockwave","floor":12.0,"key":"SMITH"},{"data":"DegradedLock","floor":15,"key":"SMITH"},{"data":"TheWillOfTheCity","floor":23,"key":"SMITH"},{"floor":32,"key":"REST"},{"data":"DegradedChain","floor":41,"key":"SMITH"},{"floor":49,"key":"RECALL"},{"data":"Leap_lor","floor":53,"key":"SMITH"}],"circlet_count":0,"master_deck":["DegradedFairy+1","DegradedChain+1","DegradedChain+1","DegradedLock+1","DegradedPillar+1","DegradedPillar+1","DegradedShockwave+1","TheWillOfTheCity+1","FleetEdge+1","CoordinatedAssault+1","Parry2+1","CrackOfDawn+1","RhinoRam+1","QuickSuppression+1","Leap_lor+1","Unlock1+1","FrontalAssault+1","Leap_lor+1","GrazeTheGrass+1","BiAn+1"],"relics":["PageOfLibrarian","testmod-TestBox","AT_ATBox","testmod-AscensionHeart","SynthV:MejaisSoulstealer","NeowsBlessing","SynthV:TestCard","Nunchaku","Civilization","AT_BellDemon","testmod-FatalChain","Anchor","DaveBox","AT_EbonyIvory","AT_MortalBlade","Lantern","Technique","ReplayTheSpireMod:Lightbulb","MutagenicStrength","Omamori","PageOfQueenBee","testmod-Register","testmod-IndustrialRevolution","StoneCalendar","AT_SilvercatRing","Orrery","Gremlin Food","Unceasing Top","SlaversCollar","Blood Vial","PageOfUniverseFragment","GodSword5","Toy Ornithopter","PageOfBigBird","SSSystem","PageOfPorccubus","PageOfMercenary","Garlic","AT_ChloranthyRing","InkBottle","Whetstone","Vajra","Shuriken","Guide Book","AT_MibuBalloonWealth","Quantum Egg"],"acts_visited":["Exordium","TheCity","TheBeyond","TheEnding"],"potions_floor_usage":[40,56,56,56],"damage_taken":[{"damage":0.0,"enemies":"Cultist","floor":1.0,"turns":1.0},{"damage":0.0,"enemies":"2 Louse","floor":2.0,"turns":1.0},{"damage":0.0,"enemies":"3 Sentries","floor":6.0,"turns":1.0},{"damage":0.0,"enemies":"Small Slimes","floor":8.0,"turns":1.0},{"damage":0.0,"enemies":"Replay:BlueRogue","floor":11.0,"turns":1.0},{"damage":0.0,"enemies":"3 Louse","floor":14.0,"turns":1.0},{"damage":0,"enemies":"The Guardian","floor":16,"turns":2},{"damage":0,"enemies":"Shell Parasite","floor":18,"turns":1},{"damage":0,"enemies":"Chosen","floor":21,"turns":1},{"damage":0,"enemies":"Snecko","floor":22,"turns":1},{"damage":0,"enemies":"Centurion and Healer","floor":27,"turns":1},{"damage":0,"enemies":"Replay:Snechameleon","floor":29,"turns":1},{"damage":0,"enemies":"3 Cultists","floor":31,"turns":1},{"damage":0,"enemies":"Automaton","floor":33,"turns":2},{"damage":0,"enemies":"3 Darklings","floor":35,"turns":1},{"damage":0,"enemies":"Orb Walker","floor":36,"turns":1},{"damage":0,"enemies":"Transient","floor":39,"turns":4},{"damage":0,"enemies":"Reptomancer","floor":40,"turns":2},{"damage":0,"enemies":"Writhing Mass","floor":42,"turns":1},{"damage":0,"enemies":"R_Hoarder","floor":44,"turns":2},{"damage":0,"enemies":"Spire Growth","floor":46,"turns":1},{"damage":0,"enemies":"4 Shapes","floor":48,"turns":1},{"damage":0,"enemies":"Donu and Deca","floor":50,"turns":1},{"damage":0,"enemies":"Donu and Deca","floor":51,"turns":2},{"damage":0,"enemies":"Shield and Spear","floor":55,"turns":1},{"damage":0,"enemies":"The Heart","floor":56,"turns":3}],"seed_played":"7546703616289175137","potions_obtained":[{"floor":2.0,"key":"Explosive Potion"},{"floor":8.0,"key":"Dexterity Potion"},{"floor":14,"key":"REME_GoldPotion"},{"floor":18,"key":"Elixir"},{"floor":42,"key":"Dexterity Potion"}],"is_trial":false,"path_per_floor":["M","M","?","?","$","E","R","M","T","$","E","R","?","M","R","B",null,"M","?","$","M","M","R","?","$","T","M","?","E","$","M","R","B",null,"M","M","?","?","M","E","R","M","T","E","$","M","?","M","R","B",null,null,"R","$","E","B",null],"character_chosen":"Librarian","items_purchased":["Nunchaku","CoordinatedAssault","Parry2","Civilization","AT_BellDemon","Technique","Omamori","PageOfQueenBee","testmod-Register","Orrery","GrazeTheGrass","SerpentineBarrier","AT_ChloranthyRing","SilentMist","Vajra","Shuriken","Guide Book"],"campfire_rested":1,"item_purchase_floors":[5,5,5,10,10,20,25,25,25,30,30,30,45,45,54,54,54],"current_hp_per_floor":[60,60,90,90,90,90,90,90,90,90,91,91,91,95,95,100,160,165,165,165,170,175,175,175,175,175,180,180,185,185,190,190,195,195,200,205,205,205,210,215,215,220,220,225,225,230,230,235,235,240,245,245,245,245,250,255],"gold":304,"neow_bonus":"THREE_ENEMY_KILL","is_daily":false,"chose_seed":false,"campfire_upgraded":6,"win_rate":0.0,"timestamp":1614355439,"path_taken":["M","M","?","?","$","E","R","M","T","$","E","R","?","M","R","BOSS","M","?","$","M","M","R","?","$","T","M","?","E","$","M","R","BOSS","M","M","?","?","M","E","R","M","T","E","$","M","?","M","R","BOSS","R","$","E","BOSS"],"items_purchased_type":["Relic","Card","Card","Relic","Relic","Relic","Relic","Relic","Relic","Relic","Card","Card","Relic","Card","Relic","Relic","Relic"],"build_version":"2020-12-22","purchased_purges":9,"victory":true,"max_hp_per_floor":[90,90,90,120,120,120,120,120,120,120,121,121,151,155,155,160,160,165,165,165,170,175,175,175,175,175,180,180,185,185,190,190,195,195,200,205,205,205,210,215,215,220,220,225,225,230,230,235,235,240,245,245,245,245,250,255],"card_choices":[{"not_picked":["EnergyConversion","SetFire","SmokingPipe","StrongStrike","FierceOnslaught","DarkCloud","Outburst","SunsetBlade"],"picked":"TheWillOfTheCity","floor":1.0},{"not_picked":["Retaliate","SuanNi","SinglePointStab","MultiHit","DestructiveImpact","Diversion","Reload","SunsetBlade","ProselytesBlade","SnakesPrey"],"picked":"FleetEdge","floor":2.0},{"not_picked":["ForcefulGesture","GuardingStance","VenomousFangs","ReadyUp","Concentration","AssaultOrder","CircusKnives","Juggling","Eradication","DefenseOrder"],"picked":"QuickSuppression","floor":6.0},{"not_picked":["Faith","Zzzzzap","Parry","Standoff","FierceOnslaught","StrikeDown","GuardingStance","SwordOfVolition","WildCard","GreatSerpentsImpact","SerpentSwordTechnique"],"picked":"SKIP","floor":8.0},{"not_picked":["SturdyDefense","Eradication","Diversion","EndlessBattle","IngredientHunt","FrontalAssault","IdentifyWeakpoint","UpbeatPerformance","CoordinatedAssault","Parry"],"picked":"RulesOfTheBackstreets","floor":11.0},{"not_picked":["GuardingStance","HardRehearsal","RatsGuideToSurvival","Feast","SpearedSweep","PinpointShot","CutIn","FaintMemories","Unlock1","FlowOfTheSword","QuickSuppression"],"picked":"SKIP","floor":14},{"not_picked":["GutHarvesting","SavageMode","Observe","Lock"],"picked":"CrackOfDawn","floor":16},{"not_picked":["NightInTheBackstreets","Rewind","ClassAndRespect","Riposte","Parry2","BayonetCombat+1","SpearedSweep","HighKick+1","FaintMemories+1","SavageMode"],"picked":"SharpenedBlade+1","floor":18},{"not_picked":["InnerArdor","TendonChords+1","Pound+1","VenomousFangs","FlashOfSunup+1","ElectricShock","BiAn+1","BackAttack","FeelinGood","SunsetBlade"],"picked":"RhinoRam+1","floor":21},{"not_picked":["SunsetBlade+1","BackAttack","EnergyShield","MultiHit+1","TheArtOfRapidSteps+1","Thrust+1","SuppressingShot","TrashDisposal","TendonChords","Parry2","SnakesPrey"],"picked":"SKIP","floor":22},{"not_picked":["MindWhip","Mutilate","CookingPrep","SharpSwipe+1","QuickAttack+1","HiddenBlade","Reload","EnergyStrike","SerpentSwordTechnique","TrimTheIngredients+1","NightInTheBackstreets"],"picked":"SKIP","floor":27},{"not_picked":["SenseQuarry","ViolentFlame","FleetFootsteps","AutonomousRush","Castigation","GuidanceOfTheGears","UnavoidableGaze","HiddenBlade+1","SinglePointStab","ConcentratedFire"],"picked":"QuickSuppression+1","floor":29},{"not_picked":["QuickSuppression","Execute_lor","Struggle","SetFire","RatsGuideToSurvival","SunsetBlade","SilentMist","StrikeDown","Quickness+1","DestructiveImpact"],"picked":"Leap_lor","floor":30},{"not_picked":["Rewind","SmokingPipe","SpearedSweep","PinpointShot","PuppetBlockade","MultiHit","WrathOfTorment","RhinoRam+1","Zzzzzap","StrikeDown"],"picked":"Unlock1+1","floor":30},{"not_picked":["QuickSuppression","Feast","Execute_lor","SnakesPrey","EnergyConversion","RhinoRam","QuickAttack","BoundaryOfDeath","SweepTheBackstreets","FlyingSword"],"picked":"FrontalAssault","floor":30},{"not_picked":["Outburst+1","Deflect_lor","QuickAttack","RulesOfTheBackstreets","UnavoidableGaze","TasteMyFlamingBat","FervidEmotions","Transpierce","Thirst","CoordinatedAssault+1"],"picked":"Leap_lor","floor":30},{"not_picked":["DarkCloud","HighSpeedStabbing","Gigigig","RepressedFlesh","SharpSwipe+1","UnavoidableGaze","FleetFootsteps","HandleRequest","TendonChords","StructuralAnalysis"],"picked":"Parry","floor":30},{"not_picked":["Standoff","HighKick","IngredientHunt","Multislash","Wallop_lor","EnergyCycle","NightInTheBackstreets","GuidanceOfTheGears","BiAn","Suppress","Duel_lor"],"picked":"SKIP","floor":31},{"not_picked":["Crush","EnergyStrike+1","SinglePointStab","BlowItUp","IngredientHunt+1","HandleRequest","DarkCloud","ExtremeEdge+1","Thrust","AlloutWar","FlowOfTheSword"],"picked":"SKIP","floor":35},{"not_picked":["BlowItUp+1","StructuralAnalysis","Standoff","StayCalm+1","ShrineToMusic","AssaultOrder","BiXi","FleetEdge+1","HiddenBlade+1","QuickSuppression","Rampage_lor+1"],"picked":"SKIP","floor":36},{"not_picked":["Rewind","AutonomousRush+1","LeRegole","FierceCharge","TraceOfFumes+1","PinpointShot","GuidanceOfTheGears","Struggle","Juggling+1","RhinoRam+1","Preparation"],"picked":"SKIP","floor":39},{"not_picked":["BladeWhirl","Parry2","MultiHit+1","Outburst+1","TimeForALittleTest+1","BlazingStrike","Quickness","CoordinatedAssault+1","Execute_lor+1","Wallop_lor","RapidGashes+1"],"picked":"SKIP","floor":40},{"not_picked":["Juggling","FlyingSword","VenomousFangs+1","SerpentSwordTechnique+1","QuickSuppression+1","TheWillOfTheCity+1","Diversion+1","GreatSerpentsImpact","ExtremeEdge+1","GuidanceOfTheGears+1"],"picked":"BiAn","floor":42},{"not_picked":["RepressedFlesh","Parry","StartinOutLightly","HandleRequest+1","Tailoring","DesperateStruggle+1","MultiBlock+1","ChopItOff","SuppressingShot+1","Juggling","Pound"],"picked":"SKIP","floor":44},{"not_picked":["MultiHit+1","SuppressingShot+1","CumulusWall","PreparedMind+1","EnergyConversion+1","Parry2","Multislash","HighKick","FleshFillet","GuardingStance+1","StrongStrike"],"picked":"SKIP","floor":46},{"not_picked":["Parry","BladeWhirl","GrazeTheGrass+1","DestructiveImpact+1","MindCrush","Wallop_lor","BackAttack","RatsGuideToSurvival+1","AlloutWar+1","SomberProcuration","ToWhereThePrescriptPoints+1"],"picked":"SKIP","floor":48},{"not_picked":["SmokingPipe","BurningFlash+1","UndertakePrescript","FierceCharge","SnakesPrey","SwordOfVolition","EnergyStrike","FlyingSword","VenomousFangs","Transpierce","Wallop_lor"],"picked":"SKIP","floor":55}],"player_experience":467426,"relics_obtained":[{"floor":1.0,"key":"SynthV:TestCard"},{"floor":11.0,"key":"testmod-FatalChain"},{"floor":11.0,"key":"Anchor"},{"floor":14,"key":"AT_EbonyIvory"},{"floor":18,"key":"Lantern"},{"floor":22,"key":"ReplayTheSpireMod:Lightbulb"},{"floor":26,"key":"testmod-IndustrialRevolution"},{"floor":29,"key":"StoneCalendar"},{"floor":29,"key":"AT_SilvercatRing"},{"floor":31,"key":"Gremlin Food"},{"floor":33,"key":"Unceasing Top"},{"floor":35,"key":"Blood Vial"},{"floor":36,"key":"PageOfUniverseFragment"},{"floor":39,"key":"GodSword5"},{"floor":40,"key":"Toy Ornithopter"},{"floor":40,"key":"PageOfBigBird"},{"floor":42,"key":"SSSystem"},{"floor":43,"key":"PageOfPorccubus"},{"floor":44,"key":"PageOfMercenary"},{"floor":44,"key":"Garlic"},{"floor":46,"key":"InkBottle"},{"floor":47,"key":"Whetstone"},{"floor":55,"key":"AT_MibuBalloonWealth"},{"floor":55,"key":"Quantum Egg"}],"event_choices":[{"damage_healed":30.0,"max_hp_gain":0.0,"max_hp_loss":0.0,"gold_gain":0.0,"event_name":"Big Fish","player_choice":"Banana","floor":3.0,"gold_loss":0.0,"damage_taken":0.0},{"damage_healed":0.0,"max_hp_gain":0.0,"max_hp_loss":0.0,"gold_gain":400.0,"event_name":"恩洛斯的盘子","player_choice":"Sell","floor":4.0,"relics_lost":["REME_ComplimentaryCards"],"gold_loss":0.0,"damage_taken":0.0},{"damage_healed":0.0,"max_hp_gain":0.0,"max_hp_loss":0.0,"gold_gain":0.0,"event_name":"给自己的盒子","player_choice":"Swap Relic","floor":13.0,"relics_lost":["DaveBox"],"gold_loss":0.0,"damage_taken":0.0,"relics_obtained":["DaveBox"]},{"damage_healed":0,"gold_gain":99,"player_choice":"Stole From Cult","damage_taken":0,"max_hp_gain":0,"max_hp_loss":0,"event_name":"Nest","floor":19,"gold_loss":0},{"damage_healed":0,"gold_gain":0,"player_choice":"Inject Mutagens","damage_taken":0,"relics_obtained":["MutagenicStrength"],"max_hp_gain":0,"max_hp_loss":0,"event_name":"Drug Dealer","floor":24,"gold_loss":0},{"damage_healed":0,"gold_gain":0,"player_choice":"Smashed Altar","damage_taken":0,"max_hp_gain":0,"max_hp_loss":0,"event_name":"Forgotten Altar","floor":28,"gold_loss":0,"cards_obtained":["Decay"]},{"damage_healed":0,"gold_gain":0,"player_choice":"Ignored","damage_taken":0,"max_hp_gain":0,"max_hp_loss":0,"event_name":"Tomb of Lord Red Mask","floor":38,"gold_loss":0}],"is_beta":false,"boss_relics":[{"not_picked":["testmod-DeterminationOfClimber","Painkiller Herb"],"picked":"AT_MortalBlade"},{"not_picked":["NightmareShop","Calling Bell"],"picked":"SlaversCollar"}],"items_purged_floors":[5,10,20,25,30,30,30,45,45],"is_endless":false,"potions_floor_spawned":[2,8,14,18,21,33,35,42,48],"ascension_level":0}}