{"host":"bux1pdxjwq4dkad9","time":1614306287,"event":{"mods":["Aya Shameimaru","BaseMod","Colored Map","Minty Spire (QoL Compilation)","Quick Restart","Spicy Shops","StSLib","SuperFastMode","°æ“≈ŒÔMod°øºÚµ•”Œœ∑"],"gold_per_floor":[114,134,59,73,90,118,18,38,38,67,67,85,85,85,85,204,204,227,60,60,60,80,118,118,158,182,182,196,196,237,287,287,415,415,436,436,436,456,331,331,331,331,331,127,167,167,92,92,92,92,92,92,19,60,60],"floor_reached":56,"language":"ENG","playtime":2571,"items_purged":["shameimaru:Strike","shameimaru:Strike","shameimaru:Strike","shameimaru:RapidFirePhotography"],"score":1687,"play_id":"c7456023-e029-4ce9-9076-fe0ce64828ca","local_time":"20210226102447","is_ascension_mode":false,"campfire_choices":[{"data":"shameimaru:Duality","floor":15.0,"key":"SMITH"},{"data":"Apotheosis","floor":24.0,"key":"SMITH"},{"floor":27,"key":"RECALL"},{"data":"shameimaru:WindsOfChange","floor":29,"key":"SMITH"},{"data":"shameimaru:SkywardSonnet","floor":32,"key":"SMITH"},{"data":"shameimaru:FranticSearch","floor":40,"key":"SMITH"},{"data":"shameimaru:Defend","floor":42,"key":"SMITH"},{"data":"Finesse","floor":46,"key":"SMITH"},{"data":"shameimaru:DeadlineDay","floor":49,"key":"SMITH"},{"data":"shameimaru:Defend","floor":52,"key":"PURGE"}],"circlet_count":0,"master_deck":["shameimaru:Defend","shameimaru:Defend","shameimaru:Defend+1","shameimaru:PlayfulTaunt","shameimaru:SnapshotStrike","shameimaru:Foresight","shameimaru:Duality+1","shameimaru:DeadlineDay+1","shameimaru:IllusoryDominance","shameimaru:SkywardSonnet+1","shameimaru:AutumnalFallWind","Apotheosis+1","shameimaru:OutburstingGust","shameimaru:WindsOfChange+1","shameimaru:FranticSearch+1","shameimaru:PhotographicDisposal+1","Flash of Steel","Trip","Blind","shameimaru:DashingDomination+1","Finesse+1","shameimaru:OpeningWindAdvent"],"relics":["shameimaru:blackbirdfeather","AT_LudenTempest","Juzu Bracelet","Sundial","Golden Idol","SlaversCollar","Lantern","Blood Vial","Happy Flower","Coffee Dripper","Mummified Hand","Membership Card","Peace Pipe","Toolbox","Kunai"],"acts_visited":["Exordium","TheCity","TheBeyond","TheEnding"],"potions_floor_usage":[55,55],"damage_taken":[{"damage":0.0,"enemies":"Cultist","floor":1.0,"turns":2.0},{"damage":0.0,"enemies":"Small Slimes","floor":2.0,"turns":2.0},{"damage":0.0,"enemies":"2 Louse","floor":4.0,"turns":2.0},{"damage":8.0,"enemies":"Exordium Thugs","floor":5.0,"turns":4.0},{"damage":31.0,"enemies":"Lagavulin","floor":6.0,"turns":5.0},{"damage":18.0,"enemies":"Lots of Slimes","floor":8.0,"turns":3.0},{"damage":6.0,"enemies":"3 Sentries","floor":10.0,"turns":5.0},{"damage":0.0,"enemies":"3 Louse","floor":12.0,"turns":3.0},{"damage":4.0,"enemies":"Slime Boss","floor":16.0,"turns":6.0},{"damage":5.0,"enemies":"3 Byrds","floor":18.0,"turns":1.0},{"damage":0.0,"enemies":"Shell Parasite","floor":22.0,"turns":4.0},{"damage":0.0,"enemies":"Book of Stabbing","floor":23.0,"turns":2.0},{"damage":0.0,"enemies":"Slavers","floor":25.0,"turns":2.0},{"damage":0,"enemies":"Shelled Parasite and Fungi","floor":28,"turns":2},{"damage":0,"enemies":"Gremlin Leader","floor":30,"turns":3},{"damage":0,"enemies":"Champ","floor":33,"turns":2},{"damage":0,"enemies":"3 Darklings","floor":35,"turns":1},{"damage":0,"enemies":"Orb Walker","floor":38,"turns":2},{"damage":0,"enemies":"Giant Head","floor":45,"turns":1},{"damage":0,"enemies":"Awakened One","floor":50,"turns":2},{"damage":0,"enemies":"Shield and Spear","floor":54,"turns":1},{"damage":0,"enemies":"The Heart","floor":55,"turns":3}],"seed_played":"7075454922513526713","potions_obtained":[{"floor":6.0,"key":"LiquidMemories"},{"floor":10.0,"key":"DuplicationPotion"},{"floor":16.0,"key":"Regen Potion"},{"floor":18.0,"key":"Fire Potion"},{"floor":20.0,"key":"CultistPotion"},{"floor":20.0,"key":"Regen Potion"},{"floor":30,"key":"SmokeBomb"},{"floor":33,"key":"GamblersBrew"},{"floor":35,"key":"LiquidMemories"},{"floor":38,"key":"DistilledChaos"}],"is_trial":false,"path_per_floor":["M","M","$","M","M","E","$","M","T","E","?","M","?","?","R","B",null,"M","$","?","$","M","E","R","E","T","R","M","R","E","?","R","B",null,"M","?","?","M","$","R","?","R","T","$","E","R","$","?","R","B",null,"R","$","E","B",null],"character_chosen":"AYA","items_purchased":["Apotheosis","Membership Card","Finesse","Toolbox"],"campfire_rested":0,"item_purchase_floors":[19,44,44,53],"current_hp_per_floor":[88,88,88,88,80,49,49,31,31,25,25,25,3,8,8,4,93,88,88,88,88,88,88,88,88,88,88,90,90,92,92,92,93,93,93,83,83,85,85,85,85,85,85,85,87,87,87,87,87,89,93,93,93,93,93],"gold":60,"neow_bonus":"TEN_PERCENT_HP_BONUS","is_daily":false,"chose_seed":false,"campfire_upgraded":8,"win_rate":0.0,"timestamp":1614306287,"path_taken":["M","?","$","M","M","E","$","M","T","E","?","M","?","?","R","BOSS","M","$","?","$","M","E","R","E","T","R","M","R","E","?","R","BOSS","M","?","?","M","$","R","?","R","T","$","E","R","$","?","R","BOSS","R","$","E","BOSS"],"items_purchased_type":["Card","Relic","Card","Relic"],"build_version":"2020-12-22","purchased_purges":4,"victory":true,"max_hp_per_floor":[88,88,88,88,88,88,88,88,88,88,88,88,88,93,93,93,93,93,93,93,93,93,93,93,93,93,93,93,93,93,93,93,93,93,93,93,93,93,93,93,93,93,93,93,93,93,93,93,93,93,93,93,93,93,93],"card_choices":[{"not_picked":["shameimaru:GaleBullet","shameimaru:SuddenOutburst","shameimaru:Telescoping"],"picked":"SKIP","floor":1.0},{"not_picked":["shameimaru:Opportunity","shameimaru:FreezeFrame"],"picked":"shameimaru:RapidFirePhotography","floor":2.0},{"not_picked":["shameimaru:ForseenReaction","shameimaru:HurricaneOfFreedom"],"picked":"shameimaru:Foresight","floor":4.0},{"not_picked":["shameimaru:CherishingBreeze","shameimaru:Foresight"],"picked":"shameimaru:Duality","floor":5.0},{"not_picked":["shameimaru:BreezeOfReminiscence","shameimaru:ReporterInstinct"],"picked":"shameimaru:DeadlineDay","floor":6.0},{"not_picked":["shameimaru:ExclusiveScoop","shameimaru:LoadedStatement","shameimaru:GustFan"],"picked":"SKIP","floor":8.0},{"not_picked":["shameimaru:GuidingBreeze","shameimaru:CandidShot"],"picked":"shameimaru:IllusoryDominance","floor":10.0},{"not_picked":["shameimaru:SuddenOutburst","shameimaru:IntertwinedWinds"],"picked":"shameimaru:SkywardSonnet","floor":12.0},{"not_picked":["shameimaru:DeadlineDay","shameimaru:RapidEnhancement"],"picked":"shameimaru:AutumnalFallWind","floor":16.0},{"not_picked":["shameimaru:Tailwind","shameimaru:GuidingBreeze","shameimaru:AdverseWind+1"],"picked":"SKIP","floor":18.0},{"not_picked":["shameimaru:WhispersOfTheWind","shameimaru:DashingGrace+1","shameimaru:SuddenOutburst"],"picked":"SKIP","floor":22.0},{"not_picked":["shameimaru:PressRelease","shameimaru:Photoshoot"],"picked":"shameimaru:OutburstingGust","floor":23.0},{"not_picked":["shameimaru:BreezeOfReminiscence","shameimaru:GuidingBreeze","shameimaru:PeerlessWind"],"picked":"SKIP","floor":25},{"not_picked":["shameimaru:GuidingBreeze+1","shameimaru:AirSlash"],"picked":"shameimaru:WindsOfChange","floor":28},{"not_picked":["shameimaru:ShootTheBullet+1","shameimaru:LoadedStatement"],"picked":"shameimaru:FranticSearch","floor":30},{"not_picked":["shameimaru:WindSickleVeiling","shameimaru:Plagiarism"],"picked":"shameimaru:PhotographicDisposal","floor":33},{"not_picked":["shameimaru:MassDeletion+1","shameimaru:DashingGrace","shameimaru:Foresight"],"picked":"SKIP","floor":35},{"not_picked":["Trip","Good Instincts"],"picked":"Flash of Steel","floor":36},{"not_picked":["Blind","Jack Of All Trades"],"picked":"Trip","floor":36},{"not_picked":["Dark Shackles","Mind Blast"],"picked":"Blind","floor":36},{"not_picked":["shameimaru:Photocopier+1","shameimaru:SuddenOutburst"],"picked":"shameimaru:DashingDomination+1","floor":38},{"not_picked":["shameimaru:ReporterInstinct+1","shameimaru:Photocopier","shameimaru:RapidFirePhotography"],"picked":"SKIP","floor":45},{"not_picked":["shameimaru:Preparation","shameimaru:GuidingBreeze"],"picked":"shameimaru:OpeningWindAdvent","floor":54}],"player_experience":2351676,"relics_obtained":[{"floor":6.0,"key":"Juzu Bracelet"},{"floor":10.0,"key":"Sundial"},{"floor":23.0,"key":"Lantern"},{"floor":26,"key":"Blood Vial"},{"floor":30,"key":"Happy Flower"},{"floor":43,"key":"Mummified Hand"},{"floor":45,"key":"Peace Pipe"},{"floor":54,"key":"Kunai"}],"event_choices":[{"cards_removed":["shameimaru:Strike"],"damage_healed":0.0,"max_hp_gain":0.0,"max_hp_loss":0.0,"gold_gain":0.0,"event_name":"Purifier","player_choice":"Purged","floor":11.0,"gold_loss":0.0,"damage_taken":0.0},{"damage_healed":0.0,"max_hp_gain":0.0,"max_hp_loss":0.0,"gold_gain":0.0,"event_name":"Golden Idol","player_choice":"Take Damage","floor":13.0,"gold_loss":0.0,"damage_taken":22.0,"relics_obtained":["Golden Idol"]},{"damage_healed":0.0,"max_hp_gain":5.0,"max_hp_loss":0.0,"gold_gain":0.0,"event_name":"Big Fish","player_choice":"Donut","floor":14.0,"gold_loss":0.0,"damage_taken":0.0},{"damage_healed":0.0,"max_hp_gain":0.0,"max_hp_loss":0.0,"gold_gain":0.0,"event_name":"Lab","player_choice":"Got Potions","floor":20.0,"gold_loss":0.0,"damage_taken":0.0},{"damage_healed":0,"gold_gain":100,"player_choice":"Bet on Murderer","damage_taken":0,"max_hp_gain":0,"max_hp_loss":0,"event_name":"The Joust","floor":31,"gold_loss":50},{"damage_healed":0,"gold_gain":0,"player_choice":"Memory 3","damage_taken":10,"max_hp_gain":0,"max_hp_loss":0,"event_name":"SensoryStone","floor":36,"gold_loss":0},{"damage_healed":0,"gold_gain":0,"player_choice":"Forge","damage_taken":0,"max_hp_gain":0,"max_hp_loss":0,"event_name":"Accursed Blacksmith","floor":37,"gold_loss":0,"cards_upgraded":["shameimaru:PhotographicDisposal"]},{"damage_healed":0,"gold_gain":0,"player_choice":"Ignored","damage_taken":0,"max_hp_gain":0,"max_hp_loss":0,"event_name":"Tomb of Lord Red Mask","floor":41,"gold_loss":0},{"damage_healed":0,"gold_gain":0,"player_choice":"Ignored","damage_taken":0,"max_hp_gain":0,"max_hp_loss":0,"event_name":"NoteForYourself","floor":48,"gold_loss":0}],"is_beta":false,"boss_relics":[{"not_picked":["Empty Cage","Velvet Choker"],"picked":"SlaversCollar"},{"not_picked":["Astrolabe","Sozu"],"picked":"Coffee Dripper"}],"items_purged_floors":[3,7,39,47],"is_endless":false,"potions_floor_spawned":[6,10,16,18,30,33,35,38],"ascension_level":0}}