{"host":"dowi7cgbhepuzvpj","time":1614319054,"event":{"mods":["AchievementEnabler","BaseMod","Colored Map","Keyboard Shortcuts","Minty Spire (QoL Compilation)","Permanent Neow","Quick Restart","StSLib","SuperFastMode"],"gold_per_floor":[11,11,22,34,51,62,62,62,135,135,145,145,159,188,188,264,264,277,308,223,15,15,44,44,44,44,44,9,21,50,74,86,176,188,213,240,252,283,345,390,415,427,464,489,501,513,576,598,623,635,647,659],"floor_reached":53,"language":"KOR","playtime":2967,"items_purged":[],"score":2108,"play_id":"f78d182c-76d5-4891-bc0e-eb3c51af7164","local_time":"20210226145734","is_ascension_mode":true,"campfire_choices":[{"data":"Strike_G","floor":7,"key":"PURGE"},{"data":"Defend_G","floor":10,"key":"PURGE"},{"data":"Strike_G","floor":15,"key":"PURGE"},{"data":"1","floor":25,"key":"LIFT"},{"data":"2","floor":27,"key":"LIFT"},{"data":"3","floor":32,"key":"LIFT"},{"data":"Riddle With Holes","floor":42,"key":"PURGE"},{"data":"Bandage Up","floor":46,"key":"PURGE"},{"data":"Cloak And Dagger","floor":50,"key":"PURGE"}],"circlet_count":0,"master_deck":["AscendersBane","Survivor","Neutralize","Apotheosis+1","Cloak And Dagger","Corpse Explosion","Backflip","Blade Dance","PiercingWail","Adrenaline","Blade Dance+1","A Thousand Cuts","Acrobatics","Malaise","Quick Slash","Noxious Fumes","Adrenaline","Glass Knife","Acrobatics","Cloak And Dagger","PiercingWail","Panache","Blur+1","Tactician","Blur","Envenom"],"relics":["Ring of the Snake","Bottled Lightning","Fusion Hammer","Peace Pipe","White Beast Statue","Mango","Potion Belt","Fusion Hammer","Red Mask","Ornamental Fan","Girya","Calipers","Torii","InkBottle","Sling","MawBank","Pandora\u0027s Box","Smiling Mask","Toy Ornithopter","Gambling Chip"],"acts_visited":["Exordium","TheCity","TheBeyond"],"potions_floor_usage":[11,11,14,19,30,38,47,51,52,52,52],"damage_taken":[{"damage":0,"enemies":"Small Slimes","floor":1,"turns":4},{"damage":0,"enemies":"Cultist","floor":3,"turns":3},{"damage":0,"enemies":"2 Louse","floor":4,"turns":1},{"damage":0,"enemies":"Blue Slaver","floor":5,"turns":3},{"damage":0,"enemies":"Large Slime","floor":6,"turns":6},{"damage":0,"enemies":"Exordium Wildlife","floor":11,"turns":2},{"damage":0,"enemies":"Blue Slaver","floor":13,"turns":3},{"damage":2,"enemies":"Gremlin Nob","floor":14,"turns":3},{"damage":30,"enemies":"Slime Boss","floor":16,"turns":12},{"damage":2,"enemies":"Shell Parasite","floor":18,"turns":6},{"damage":4,"enemies":"Masked Bandits","floor":19,"turns":3},{"damage":0,"enemies":"Slavers","floor":23,"turns":4},{"damage":0,"enemies":"Chosen","floor":29,"turns":4},{"damage":1,"enemies":"Gremlin Leader","floor":30,"turns":3},{"damage":0,"enemies":"3 Cultists","floor":31,"turns":2},{"damage":0,"enemies":"Automaton","floor":33,"turns":6},{"damage":0,"enemies":"3 Darklings","floor":35,"turns":1},{"damage":0,"enemies":"Orb Walker","floor":36,"turns":2},{"damage":0,"enemies":"Spire Growth","floor":38,"turns":2},{"damage":0,"enemies":"Giant Head","floor":40,"turns":4},{"damage":0,"enemies":"Writhing Mass","floor":41,"turns":3},{"damage":0,"enemies":"Jaw Worm Horde","floor":44,"turns":1},{"damage":0,"enemies":"2 Orb Walkers","floor":47,"turns":2},{"damage":0,"enemies":"4 Shapes","floor":48,"turns":1},{"damage":0,"enemies":"Writhing Mass","floor":49,"turns":5},{"damage":44,"enemies":"Time Eater","floor":51,"turns":9},{"damage":0,"enemies":"Awakened One","floor":52,"turns":7}],"seed_played":"2178444667845486330","potions_obtained":[{"floor":1,"key":"BlessingOfTheForge"},{"floor":3,"key":"GhostInAJar"},{"floor":11,"key":"LiquidBronze"},{"floor":13,"key":"LiquidMemories"},{"floor":14,"key":"CultistPotion"},{"floor":16,"key":"Energy Potion"},{"floor":18,"key":"Block Potion"},{"floor":19,"key":"Explosive Potion"},{"floor":30,"key":"LiquidMemories"},{"floor":33,"key":"Dexterity Potion"},{"floor":38,"key":"SkillPotion"},{"floor":47,"key":"Fire Potion"},{"floor":48,"key":"EssenceOfSteel"},{"floor":49,"key":"LiquidMemories"}],"is_trial":false,"path_per_floor":["M","?","M","M","M","M","R","?","T","R","M","?","M","E","R","B",null,"M","?","?","$","T","E","?","R","T","R","$","M","E","M","R","B",null,"M","M","?","M","?","E","M","R","T","M","M","R","?","M","M","R","B","B",null],"character_chosen":"THE_SILENT","items_purchased":["Girya","Sling"],"campfire_rested":0,"item_purchase_floors":[21,28],"current_hp_per_floor":[59,59,59,59,59,59,59,59,59,59,59,68,68,66,66,36,69,67,63,63,63,63,63,63,63,63,63,63,63,62,62,62,62,76,76,76,66,72,72,78,80,80,80,80,80,80,80,80,80,80,41,56],"gold":671,"neow_bonus":"RANDOM_COLORLESS_2","is_daily":false,"chose_seed":false,"campfire_upgraded":0,"win_rate":0.0,"timestamp":1614319054,"path_taken":["M","?","M","M","?","?","R","?","T","R","M","?","M","E","R","BOSS","M","?","?","$","?","E","?","R","T","R","$","M","E","M","R","BOSS","M","M","?","M","?","E","?","R","T","M","M","R","?","M","M","R","BOSS","BOSS"],"items_purchased_type":["Relic","Relic"],"build_version":"2020-12-22","purchased_purges":0,"victory":true,"max_hp_per_floor":[66,66,66,66,66,66,66,66,66,66,66,80,80,80,80,80,80,80,80,80,80,80,80,80,80,80,80,80,80,80,80,80,80,80,80,80,80,80,80,80,80,80,80,80,80,80,80,80,80,80,80,80],"card_choices":[{"not_picked":["Deflect","Outmaneuver"],"picked":"Cloak And Dagger","floor":1},{"not_picked":["Poisoned Stab","Slice"],"picked":"Backflip","floor":3},{"not_picked":["Underhanded Strike","Eviscerate","Concentrate"],"picked":"SKIP","floor":4},{"not_picked":["Poisoned Stab","Slice","Calculated Gamble"],"picked":"SKIP","floor":5},{"not_picked":["Acrobatics","Dagger Throw","Sucker Punch"],"picked":"SKIP","floor":6},{"not_picked":["Flying Knee","Slice"],"picked":"Blade Dance","floor":11},{"not_picked":["Doppelganger","Bane","Flying Knee"],"picked":"SKIP","floor":13},{"not_picked":["Poisoned Stab","Dagger Throw"],"picked":"PiercingWail","floor":14},{"not_picked":["Night Terror","Doppelganger"],"picked":"Adrenaline","floor":16},{"not_picked":["Slice","Sucker Punch"],"picked":"Blade Dance+1","floor":18},{"not_picked":["Tactician","Dagger Spray"],"picked":"A Thousand Cuts","floor":23},{"not_picked":["Prepared","Outmaneuver","Noxious Fumes"],"picked":"SKIP","floor":29},{"not_picked":["Deflect","Flying Knee","Phantasmal Killer"],"picked":"SKIP","floor":30},{"not_picked":["Underhanded Strike","Deadly Poison"],"picked":"Acrobatics","floor":31},{"not_picked":["Grand Finale","Die Die Die"],"picked":"Malaise","floor":33},{"not_picked":["Dagger Spray+1","Bane"],"picked":"Cloak And Dagger","floor":35},{"not_picked":["Eviscerate+1","Flying Knee"],"picked":"PiercingWail","floor":36},{"not_picked":["Good Instincts","Forethought"],"picked":"Panache","floor":37},{"not_picked":["Mind Blast","Jack Of All Trades"],"picked":"Bandage Up","floor":37},{"not_picked":["Dagger Throw","Eviscerate","Bane"],"picked":"SKIP","floor":38},{"not_picked":["PiercingWail","Blade Dance"],"picked":"Cloak And Dagger","floor":40},{"not_picked":["Skewer","Setup","Expertise+1"],"picked":"SKIP","floor":41},{"not_picked":["PiercingWail","Flying Knee+1"],"picked":"Blur+1","floor":44},{"not_picked":["Sucker Punch","Backflip"],"picked":"Tactician","floor":47},{"not_picked":["Slice+1","Dagger Spray"],"picked":"Blur","floor":48},{"not_picked":["Caltrops","PiercingWail"],"picked":"Envenom","floor":49}],"player_experience":914096,"relics_obtained":[{"floor":9,"key":"White Beast Statue"},{"floor":14,"key":"Potion Belt"},{"floor":19,"key":"Red Mask"},{"floor":22,"key":"Calipers"},{"floor":23,"key":"Torii"},{"floor":26,"key":"InkBottle"},{"floor":30,"key":"MawBank"},{"floor":40,"key":"Smiling Mask"},{"floor":43,"key":"Toy Ornithopter"},{"floor":47,"key":"Gambling Chip"}],"event_choices":[{"damage_healed":0,"gold_gain":0,"cards_transformed":["Strike_G"],"player_choice":"Transformed","damage_taken":0,"max_hp_gain":0,"max_hp_loss":0,"event_name":"Transmorgrifier","floor":2,"gold_loss":0,"cards_obtained":["Corpse Explosion"]},{"damage_healed":0,"gold_gain":0,"player_choice":"Ignored","damage_taken":0,"max_hp_gain":0,"max_hp_loss":0,"event_name":"Liars Game","floor":8,"gold_loss":0},{"damage_healed":0,"gold_gain":0,"player_choice":"Success","damage_taken":5,"relics_obtained":["Mango"],"max_hp_gain":0,"max_hp_loss":0,"event_name":"Scrap Ooze","floor":12,"gold_loss":0},{"damage_healed":0,"gold_gain":0,"player_choice":"Fought Bandits","damage_taken":0,"max_hp_gain":0,"max_hp_loss":0,"event_name":"Masked Bandits","floor":19,"gold_loss":0},{"damage_healed":0,"gold_gain":0,"player_choice":"Obtained Relic","damage_taken":0,"relics_obtained":["Ornamental Fan"],"max_hp_gain":0,"max_hp_loss":0,"event_name":"Addict","floor":20,"gold_loss":85},{"damage_healed":0,"gold_gain":0,"player_choice":"Ignored","damage_taken":0,"max_hp_gain":0,"max_hp_loss":0,"event_name":"Cursed Tome","floor":24,"gold_loss":0},{"damage_healed":0,"gold_gain":0,"player_choice":"Memory 3","damage_taken":10,"max_hp_gain":0,"max_hp_loss":0,"event_name":"SensoryStone","floor":37,"gold_loss":0},{"damage_healed":0,"gold_gain":50,"player_choice":"Pray","damage_taken":0,"max_hp_gain":0,"max_hp_loss":0,"event_name":"Golden Shrine","floor":39,"gold_loss":0},{"damage_healed":0,"gold_gain":0,"player_choice":"Fight","damage_taken":0,"max_hp_gain":0,"max_hp_loss":0,"event_name":"Mysterious Sphere","floor":47,"gold_loss":0}],"is_beta":false,"boss_relics":[{"not_picked":["Cursed Key","Busted Crown"],"picked":"Fusion Hammer"},{"not_picked":["Velvet Choker","Empty Cage"],"picked":"Pandora\u0027s Box"}],"items_purged_floors":[],"is_endless":false,"potions_floor_spawned":[1,3,5,6,11,13,14,16,18,19,23,29,30,31,33,35,36,38,40,41,44,47,48,49],"ascension_level":20}}