{"host":"08ib58efwyqa9h2x","time":1614356089,"event":{"mods":["BaseMod","Minty Spire (QoL Compilation)","Relic Stats"],"gold_per_floor":[359,39,39,39,51,51,84,100,127,127,127,127,141,171,171,246,246,263,283,297,315,315,315,315],"floor_reached":23,"language":"ENG","playtime":1446,"items_purged":["Injury"],"score":452,"play_id":"af35d737-fa37-40ec-92b5-02738634f022","local_time":"20210226171449","is_ascension_mode":true,"campfire_choices":[{"data":"Bouncing Flask","floor":6.0,"key":"SMITH"},{"data":"Predator","floor":10.0,"key":"SMITH"},{"data":"Neutralize","floor":12.0,"key":"SMITH"},{"data":"Noxious Fumes","floor":15.0,"key":"SMITH"}],"circlet_count":0,"master_deck":["AscendersBane","Strike_G","Strike_G","Strike_G","Defend_G","Defend_G","Defend_G","Defend_G","Defend_G","Survivor","Neutralize+1","PiercingWail","Dash","Bouncing Flask+1","Predator+1","Blade Dance","Deflect","Noxious Fumes+1","Wraith Form v2","Decay"],"relics":["Ring of the Snake","PreservedInsect","Nunchaku","Toy Ornithopter","Bag of Preparation","Empty Cage"],"acts_visited":["Exordium","TheCity"],"potions_floor_usage":[19,19,23],"damage_taken":[{"damage":0.0,"enemies":"Jaw Worm","floor":1.0,"turns":5.0},{"damage":0.0,"enemies":"2 Louse","floor":5.0,"turns":3.0},{"damage":6.0,"enemies":"Lagavulin","floor":7.0,"turns":5.0},{"damage":3.0,"enemies":"Small Slimes","floor":8.0,"turns":3.0},{"damage":8.0,"enemies":"Exordium Thugs","floor":13.0,"turns":6.0},{"damage":0.0,"enemies":"Gremlin Nob","floor":14.0,"turns":2.0},{"damage":1.0,"enemies":"Hexaghost","floor":16.0,"turns":7.0},{"damage":25.0,"enemies":"Shell Parasite","floor":18.0,"turns":6.0},{"damage":1,"enemies":"2 Thieves","floor":19,"turns":5},{"damage":2,"enemies":"Centurion and Healer","floor":20,"turns":11},{"damage":34,"enemies":"Cultist and Chosen","floor":21,"turns":8},{"damage":53,"enemies":"Book of Stabbing","floor":23,"turns":6}],"seed_played":"5725195045125774920","potions_obtained":[{"floor":7.0,"key":"Strength Potion"},{"floor":13.0,"key":"LiquidMemories"},{"floor":18.0,"key":"Energy Potion"},{"floor":20,"key":"Regen Potion"}],"is_trial":false,"path_per_floor":["M","$","?","?","M","R","E","M","T","R","?","R","M","E","R","B",null,"M","M","M","M","?","E"],"character_chosen":"THE_SILENT","items_purchased":["PreservedInsect","Dash"],"campfire_rested":0,"item_purchase_floors":[2,2],"current_hp_per_floor":[59,59,59,59,59,59,53,50,50,50,55,55,47,52,52,51,66,41,50,48,14,14,0,0],"gold":315,"neow_bonus":"TWO_FIFTY_GOLD","is_daily":false,"chose_seed":false,"campfire_upgraded":4,"win_rate":0.0,"timestamp":1614356089,"path_taken":["M","$","?","?","M","R","E","M","T","R","?","R","M","E","R","BOSS","M","M","M","M","?","E"],"items_purchased_type":["Relic","Card"],"build_version":"2020-12-22","purchased_purges":1,"victory":false,"max_hp_per_floor":[66,66,66,66,66,66,66,66,66,66,71,71,71,71,71,71,71,71,71,71,71,71,71,71],"relic_stats":{"Nunchaku":[10],"counters":[12,67],"PreservedInsect":95,"Bag of Preparation":[12],"obtain_stats":[{"Nunchaku":7,"PreservedInsect":2,"Bag of Preparation":14,"Empty Cage":17,"Toy Ornithopter":9,"Ring of the Snake":0},{"Nunchaku":3,"PreservedInsect":1,"Bag of Preparation":6,"Empty Cage":7,"Toy Ornithopter":4,"Ring of the Snake":0},{"Nunchaku":13,"PreservedInsect":5,"Bag of Preparation":24,"Empty Cage":31,"Toy Ornithopter":16,"Ring of the Snake":0}],"Toy Ornithopter":20,"Ring of the Snake":[24]},"card_choices":[{"not_picked":["Acrobatics","Prepared"],"picked":"PiercingWail","floor":1.0},{"not_picked":["Sucker Punch","Acrobatics"],"picked":"Bouncing Flask","floor":5.0},{"not_picked":["Dagger Throw","Masterful Stab"],"picked":"Predator","floor":7.0},{"not_picked":["Dodge and Roll","Footwork"],"picked":"Blade Dance","floor":8.0},{"not_picked":["Glass Knife","Poisoned Stab"],"picked":"Deflect","floor":13.0},{"not_picked":["Terror","Blade Dance"],"picked":"Noxious Fumes","floor":14.0},{"not_picked":["Venomology","Night Terror"],"picked":"Wraith Form v2","floor":16.0},{"not_picked":["Caltrops","Sucker Punch","Finisher"],"picked":"SKIP","floor":18.0},{"not_picked":["Sucker Punch","Deadly Poison","Slice"],"picked":"SKIP","floor":19},{"not_picked":["Backflip","Poisoned Stab","Deadly Poison+1"],"picked":"SKIP","floor":20},{"not_picked":["Night Terror","Flying Knee","Eviscerate"],"picked":"SKIP","floor":21}],"player_experience":634751,"relics_obtained":[{"floor":7.0,"key":"Nunchaku"},{"floor":9.0,"key":"Toy Ornithopter"},{"floor":14.0,"key":"Bag of Preparation"}],"event_choices":[{"damage_healed":0.0,"max_hp_gain":0.0,"max_hp_loss":0.0,"gold_gain":0.0,"event_name":"Liars Game","player_choice":"Ignored","floor":3.0,"gold_loss":0.0,"damage_taken":0.0},{"damage_healed":0.0,"max_hp_gain":0.0,"max_hp_loss":0.0,"gold_gain":0.0,"event_name":"Shining Light","player_choice":"Ignored","floor":4.0,"gold_loss":0.0,"damage_taken":0.0},{"damage_healed":0.0,"max_hp_gain":5.0,"max_hp_loss":0.0,"gold_gain":0.0,"event_name":"Big Fish","player_choice":"Donut","floor":11.0,"gold_loss":0.0,"damage_taken":0.0},{"damage_healed":0,"gold_gain":0,"player_choice":"Smashed Altar","damage_taken":0,"max_hp_gain":0,"max_hp_loss":0,"event_name":"Forgotten Altar","floor":22,"gold_loss":0,"cards_obtained":["Decay"]}],"is_beta":false,"boss_relics":[{"not_picked":["Calling Bell","Philosopher\u0027s Stone"],"picked":"Empty Cage"}],"items_purged_floors":[2],"is_endless":false,"potions_floor_spawned":[7,13,18,20],"killed_by":"Book of Stabbing","ascension_level":20}}