{"host":"30jsp143e4v19aze","time":1614323171,"event":{"mods":["BaseMod","Colored Map","Colored Powertips","Curses Come First","DeckTracker","Highlight Path","Minty Spire (QoL Compilation)","Quick Restart","Relic Stats","StSLib","everything is the same but u backflip on backflip","slay the spire mod where everything is the same but ironclad has a cowboy hat"],"gold_per_floor":[16,29,45,45,45,45,73,83,129,162,162,172,203,50,50,123,123,140,140,83,94,66,101,101,101,101],"floor_reached":25,"language":"ENG","playtime":684,"items_purged":["Pain"],"score":478,"play_id":"497f5e2a-4899-47e5-ba25-447b582deb6a","local_time":"20210226080611","is_ascension_mode":true,"campfire_choices":[{"data":"Immolate","floor":6,"key":"SMITH"},{"data":"Hemokinesis","floor":11,"key":"SMITH"},{"data":"Bludgeon","floor":15,"key":"SMITH"}],"circlet_count":0,"master_deck":["AscendersBane","Defend_R","Defend_R","Defend_R","Defend_R","Bash","Evolve","Wild Strike","Immolate+1","Ghostly Armor","Hemokinesis+1","Corruption","Disarm","Bludgeon+1","Impervious","Shockwave+1","Whirlwind+1","Double Tap+1","Shrug It Off","True Grit"],"relics":["Burning Blood","WarpedTongs","Blue Candle","Happy Flower","Anchor","Ginger","Astrolabe","CultistMask","Du-Vu Doll","Enchiridion"],"acts_visited":["Exordium","TheCity"],"potions_floor_usage":[],"damage_taken":[{"damage":2,"enemies":"2 Louse","floor":1,"turns":3},{"damage":3,"enemies":"Cultist","floor":2,"turns":5},{"damage":4,"enemies":"Small Slimes","floor":3,"turns":3},{"damage":5,"enemies":"Gremlin Nob","floor":7,"turns":3},{"damage":15,"enemies":"Blue Slaver","floor":8,"turns":3},{"damage":11,"enemies":"3 Sentries","floor":10,"turns":5},{"damage":3,"enemies":"Exordium Wildlife","floor":12,"turns":1},{"damage":12,"enemies":"Gremlin Nob","floor":13,"turns":3},{"damage":35,"enemies":"Hexaghost","floor":16,"turns":9},{"damage":4,"enemies":"3 Byrds","floor":18,"turns":3},{"damage":8,"enemies":"Chosen","floor":21,"turns":4},{"damage":31,"enemies":"Gremlin Leader","floor":23,"turns":6},{"damage":19,"enemies":"Book of Stabbing","floor":25,"turns":3}],"seed_played":"-5124445117132914972","potions_obtained":[{"floor":1,"key":"ColorlessPotion"},{"floor":7,"key":"Ancient Potion"},{"floor":8,"key":"SkillPotion"},{"floor":12,"key":"Fire Potion"}],"is_trial":false,"path_per_floor":["M","M","M","?","$","R","E","M","T","E","R","M","E","$","R","B",null,"M","?","$","M","$","E","?","E"],"character_chosen":"IRONCLAD","items_purchased":["Bludgeon","Shrug It Off","True Grit"],"campfire_rested":0,"item_purchase_floors":[14,20,22],"current_hp_per_floor":[72,75,75,75,75,75,75,66,66,61,61,64,58,58,58,29,64,66,66,66,64,64,39,18,0,0],"gold":101,"neow_bonus":"REMOVE_TWO","is_daily":false,"chose_seed":false,"campfire_upgraded":3,"win_rate":0.0,"timestamp":1614323171,"path_taken":["M","M","M","?","?","R","E","M","T","E","R","M","E","$","R","BOSS","M","?","$","M","?","E","?","E"],"items_purchased_type":["Card","Card","Card"],"build_version":"2020-12-22","purchased_purges":1,"victory":false,"max_hp_per_floor":[75,75,75,75,75,75,75,75,75,75,75,75,75,75,75,75,75,75,75,75,75,75,75,75,75,75],"relic_stats":{"Happy Flower":[11],"counters":[13,51],"Blue Candle":[3],"Astrolabe":["Shockwave","Whirlwind","Double Tap"],"Ginger":[3],"obtain_stats":[{"Du-Vu Doll":23,"Anchor":10,"Happy Flower":9,"Blue Candle":7,"Astrolabe":17,"Enchiridion":24,"CultistMask":19,"Ginger":13,"Burning Blood":0,"WarpedTongs":4},{"Du-Vu Doll":12,"Anchor":6,"Happy Flower":5,"Blue Candle":4,"Astrolabe":9,"Enchiridion":12,"CultistMask":10,"Ginger":8,"Burning Blood":0,"WarpedTongs":3},{"Du-Vu Doll":48,"Anchor":22,"Happy Flower":17,"Blue Candle":14,"Astrolabe":35,"Enchiridion":48,"CultistMask":38,"Ginger":26,"Burning Blood":0,"WarpedTongs":11}],"Burning Blood":69,"WarpedTongs":[40]},"card_choices":[{"not_picked":["Armaments","Havoc"],"picked":"Evolve","floor":1},{"not_picked":["Headbutt","Heavy Blade"],"picked":"Wild Strike","floor":2},{"not_picked":["Cleave","Pommel Strike"],"picked":"Immolate","floor":3},{"not_picked":["Heavy Blade","Wild Strike"],"picked":"Ghostly Armor","floor":7},{"not_picked":["Body Slam","Wild Strike"],"picked":"Hemokinesis","floor":8},{"not_picked":["Uppercut","Headbutt"],"picked":"Corruption","floor":10},{"not_picked":["Sword Boomerang","Iron Wave","Heavy Blade"],"picked":"SKIP","floor":12},{"not_picked":["Warcry","Pommel Strike"],"picked":"Disarm","floor":13},{"not_picked":["Immolate","Double Tap"],"picked":"Impervious","floor":16},{"not_picked":["Twin Strike","Wild Strike","Rampage"],"picked":"SKIP","floor":18},{"not_picked":["Headbutt+1","Ghostly Armor","Rupture"],"picked":"SKIP","floor":21},{"not_picked":["Flex","Wild Strike","Headbutt"],"picked":"SKIP","floor":23}],"player_experience":3304399,"relics_obtained":[{"floor":7,"key":"Blue Candle"},{"floor":9,"key":"Happy Flower"},{"floor":10,"key":"Anchor"},{"floor":13,"key":"Ginger"},{"floor":23,"key":"Du-Vu Doll"},{"floor":24,"key":"Enchiridion"}],"event_choices":[{"damage_healed":0,"gold_gain":0,"player_choice":"Rummage","damage_taken":0,"relics_obtained":["WarpedTongs"],"max_hp_gain":0,"max_hp_loss":0,"event_name":"Accursed Blacksmith","floor":4,"gold_loss":0,"cards_obtained":["Pain"]},{"damage_healed":0,"gold_gain":0,"player_choice":"Trade","damage_taken":0,"relics_obtained":["CultistMask"],"max_hp_gain":0,"max_hp_loss":0,"event_name":"FaceTrader","floor":19,"gold_loss":0},{"damage_healed":0,"gold_gain":0,"player_choice":"Obtained Book","damage_taken":21,"max_hp_gain":0,"max_hp_loss":0,"event_name":"Cursed Tome","floor":24,"gold_loss":0}],"is_beta":false,"boss_relics":[{"not_picked":["SlaversCollar","Velvet Choker"],"picked":"Astrolabe"}],"items_purged_floors":[14],"is_endless":false,"potions_floor_spawned":[1,7,8,12,21],"killed_by":"Book of Stabbing","ascension_level":20}}