{"host":"742iv5syyyu8a2dy","time":1614312364,"event":{"mods":["BaseMod","Bestiary","Block Reminder","Colored Powertips","Downfall","Minty Spire (QoL Compilation)","Practice Mode","Quick Restart","Relic Stats","StSLib"],"gold_per_floor":[119,119,139,214,389,433,433,454,454,454,454,454,488,501,501,626,626,640,640,640,655,1,1,41,41,89,133,133,133,154,195,195,324,324,337,337,247,266,266,266,297,312,312,331,355,399,414,432,432,432,432,432,39,83,83],"floor_reached":56,"language":"ENG","playtime":3518,"items_purged":["Strike_P","WreathOfFlame"],"score":1303,"play_id":"68d32059-7a06-4dcb-b171-84be2a219dea","local_time":"20210225230604","is_ascension_mode":true,"campfire_choices":[{"data":"TalkToTheHand","floor":7.0,"key":"SMITH"},{"data":"Eruption","floor":11.0,"key":"SMITH"},{"data":"Devotion","floor":15.0,"key":"SMITH"},{"floor":23,"key":"RECALL"},{"floor":28,"key":"REST"},{"floor":32,"key":"REST"},{"floor":40,"key":"REST"},{"floor":49,"key":"REST"},{"floor":52,"key":"REST"}],"circlet_count":0,"master_deck":["Eruption+1","Vigilance","FlyingSleeves","Consecrate","TalkToTheHand+1","Devotion+1","EmptyBody","FlyingSleeves","Vault","ThirdEye+1","Protect","Devotion","JustLucky","Consecrate+1","TalkToTheHand+1","Weave+1","DevaForm","MentalFortress","FollowUp","FlyingSleeves","Collect","CarveReality","Wireheading","Madness","Madness","Meditate+1","BattleHymn","BattleHymn+1","Evaluate+1","Parasite","Nirvana+1","Fasting2+1","Secret Technique","Vault"],"relics":["PureWater","NeowsBlessing","Golden Idol","Meat on the Bone","Bag of Marbles","Centennial Puzzle","Fusion Hammer","Mercury Hourglass","Mummified Hand","Ornamental Fan","Pantograph","Toy Ornithopter","Red Mask","Matryoshka","Pandora\u0027s Box","Juzu Bracelet","Dream Catcher","GoldenEye","Singing Bowl","Kunai"],"acts_visited":["Exordium","TheCity","TheBeyond","TheEnding"],"potions_floor_usage":[16,18,29,41,44,46,48,50,55,55],"damage_taken":[{"damage":0.0,"enemies":"2 Louse","floor":1.0,"turns":1.0},{"damage":0.0,"enemies":"Small Slimes","floor":3.0,"turns":2.0},{"damage":0.0,"enemies":"3 Sentries","floor":6.0,"turns":1.0},{"damage":0.0,"enemies":"Jaw Worm","floor":8.0,"turns":4.0},{"damage":25.0,"enemies":"Lagavulin","floor":13.0,"turns":7.0},{"damage":0.0,"enemies":"Exordium Wildlife","floor":14.0,"turns":2.0},{"damage":13,"enemies":"The Guardian","floor":16,"turns":8},{"damage":17,"enemies":"Spheric Guardian","floor":18,"turns":5},{"damage":0,"enemies":"Chosen","floor":21,"turns":5},{"damage":19,"enemies":"Gremlin Leader","floor":24,"turns":7},{"damage":30,"enemies":"Masked Bandits","floor":27,"turns":6},{"damage":0,"enemies":"3 Cultists","floor":29,"turns":1},{"damage":0,"enemies":"Snake Plant","floor":30,"turns":5},{"damage":1,"enemies":"Slavers","floor":31,"turns":6},{"damage":34,"enemies":"Automaton","floor":33,"turns":9},{"damage":0,"enemies":"3 Shapes","floor":35,"turns":3},{"damage":14,"enemies":"3 Darklings","floor":38,"turns":6},{"damage":3,"enemies":"Giant Head","floor":41,"turns":8},{"damage":12,"enemies":"Spire Growth","floor":42,"turns":4},{"damage":9,"enemies":"Transient","floor":44,"turns":6},{"damage":34,"enemies":"4 Shapes","floor":45,"turns":5},{"damage":18,"enemies":"Nemesis","floor":46,"turns":10},{"damage":0,"enemies":"Writhing Mass","floor":47,"turns":6},{"damage":0,"enemies":"Transient","floor":48,"turns":5},{"damage":83,"enemies":"Awakened One","floor":50,"turns":11},{"damage":4,"enemies":"Shield and Spear","floor":54,"turns":5},{"damage":47,"enemies":"The Heart","floor":55,"turns":8}],"seed_played":"4917337808650930463","potions_obtained":[{"floor":13.0,"key":"LiquidMemories"},{"floor":14.0,"key":"SmokeBomb"},{"floor":18,"key":"Fruit Juice"},{"floor":33,"key":"StancePotion"},{"floor":39,"key":"DuplicationPotion"},{"floor":39,"key":"Slimebound:ThreeZeroPotion"},{"floor":41,"key":"Block Potion"},{"floor":45,"key":"Slimebound:ThreeZeroPotion"},{"floor":46,"key":"champ:CounterPotion"},{"floor":47,"key":"PowerPotion"}],"is_trial":false,"path_per_floor":["M","?","M","?","?","E","R","M","T","?","R","?","E","M","R","B",null,"M","?","T","M","$","R","E","$","T","?","R","M","M","E","R","B",null,"M","?","?","M","?","R","E","M","T","M","M","E","M","M","R","B",null,"R","$","E","B",null],"character_chosen":"WATCHER","items_purchased":["Mummified Hand","Ornamental Fan","Devotion","Secret Technique","Energy Potion","StancePotion"],"campfire_rested":5,"item_purchase_floors":[22,22,22,53,53,53],"current_hp_per_floor":[72,54,54,43,43,43,43,43,43,43,43,36,23,35,35,34,72,60,60,60,60,60,60,41,41,41,23,46,51,51,50,73,43,77,77,67,67,53,53,76,74,62,62,58,36,35,49,54,79,15,81,81,81,77,48],"gold":83,"neow_bonus":"THREE_ENEMY_KILL","is_daily":false,"chose_seed":false,"campfire_upgraded":3,"win_rate":0.0,"timestamp":1614312364,"path_taken":["M","?","M","?","?","E","R","M","T","?","R","?","E","M","R","BOSS","M","?","?","M","$","R","E","?","T","?","R","?","M","E","R","BOSS","M","?","?","?","?","R","E","M","T","M","M","E","M","M","R","BOSS","R","$","E","BOSS"],"items_purchased_type":["Relic","Relic","Card","Card","Potion","Potion"],"build_version":"2020-12-22","purchased_purges":2,"victory":true,"max_hp_per_floor":[72,72,72,72,72,72,72,72,72,72,72,72,72,72,72,72,72,77,77,77,77,77,77,77,77,77,77,77,77,77,77,77,77,77,77,77,77,77,77,77,77,77,77,77,77,77,79,79,81,81,81,81,81,81,81],"relic_stats":{"Singing Bowl":4,"counters":[27,146],"Golden Idol":218,"Juzu Bracelet":0,"GoldenEye":[97],"Mercury Hourglass":[483],"Centennial Puzzle":[45],"Dream Catcher":2,"Mummified Hand":[99],"Ornamental Fan":[276],"Pantograph":10,"Pandora\u0027s Box":["Vengeance","MentalFortress","FollowUp","FlyingSleeves","Collect","CarveReality","WreathOfFlame"],"Kunai":[7],"obtain_stats":[{"NeowsBlessing":0,"Singing Bowl":46,"Golden Idol":2,"Juzu Bracelet":41,"GoldenEye":43,"Mercury Hourglass":20,"Centennial Puzzle":13,"Dream Catcher":43,"Matryoshka":31,"Mummified Hand":22,"Ornamental Fan":22,"Pantograph":24,"Pandora\u0027s Box":34,"Fusion Hammer":17,"Bag of Marbles":12,"Red Mask":27,"Kunai":54,"PureWater":0,"Toy Ornithopter":26,"Meat on the Bone":6},{"NeowsBlessing":0,"Singing Bowl":22,"Golden Idol":1,"Juzu Bracelet":18,"GoldenEye":19,"Mercury Hourglass":8,"Centennial Puzzle":5,"Dream Catcher":19,"Matryoshka":14,"Mummified Hand":9,"Ornamental Fan":9,"Pantograph":10,"Pandora\u0027s Box":15,"Fusion Hammer":7,"Bag of Marbles":4,"Red Mask":11,"Kunai":26,"PureWater":0,"Toy Ornithopter":10,"Meat on the Bone":3},{"NeowsBlessing":0,"Singing Bowl":111,"Golden Idol":1,"Juzu Bracelet":86,"GoldenEye":90,"Mercury Hourglass":30,"Centennial Puzzle":15,"Dream Catcher":90,"Matryoshka":60,"Mummified Hand":35,"Ornamental Fan":35,"Pantograph":42,"Pandora\u0027s Box":69,"Fusion Hammer":25,"Bag of Marbles":8,"Red Mask":48,"Kunai":138,"PureWater":0,"Toy Ornithopter":42,"Meat on the Bone":4}],"Toy Ornithopter":28,"Meat on the Bone":108},"card_choices":[{"not_picked":["FollowUp","Wallop"],"picked":"FlyingSleeves","floor":1.0},{"not_picked":["Crescendo","SashWhip"],"picked":"Consecrate","floor":3.0},{"not_picked":["Pray","Consecrate"],"picked":"TalkToTheHand","floor":6.0},{"not_picked":["JustLucky","EmptyFist"],"picked":"Devotion","floor":8.0},{"not_picked":["Indignation","SashWhip"],"picked":"EmptyBody","floor":13.0},{"not_picked":["Study","SashWhip"],"picked":"FlyingSleeves","floor":14.0},{"not_picked":["Devotion","MasterReality"],"picked":"Vault","floor":16},{"not_picked":["ClearTheMind","FlyingSleeves+1"],"picked":"ThirdEye+1","floor":18},{"not_picked":["Halt","ClearTheMind","Adaptation"],"picked":"SKIP","floor":21},{"not_picked":["Crescendo","Prostrate"],"picked":"JustLucky","floor":24},{"not_picked":["Study","Tantrum"],"picked":"Consecrate+1","floor":27},{"not_picked":["Judgement","Crescendo"],"picked":"TalkToTheHand","floor":30},{"not_picked":["ForeignInfluence+1","ThirdEye"],"picked":"Weave+1","floor":31},{"not_picked":["Scrawl","Judgement"],"picked":"DevaForm","floor":33},{"not_picked":["Halt+1","Vengeance"],"picked":"Wireheading","floor":35},{"not_picked":["FearNoEvil+1","Sanctity"],"picked":"Meditate+1","floor":38},{"not_picked":["PathToVictory","ForeignInfluence+1"],"picked":"BattleHymn","floor":41},{"not_picked":["WheelKick+1","FollowUp+1","FlurryOfBlows"],"picked":"SKIP","floor":42},{"not_picked":["Worship+1","Prostrate","SignatureMove+1"],"picked":"SKIP","floor":44},{"not_picked":["FearNoEvil+1","LikeWater"],"picked":"BattleHymn+1","floor":45},{"not_picked":["MentalFortress+1","Consecrate"],"picked":"Evaluate+1","floor":46},{"not_picked":["JustLucky+1","WheelKick","EmptyFist+1"],"picked":"Singing Bowl","floor":47},{"not_picked":["WindmillStrike","FollowUp"],"picked":"Nirvana+1","floor":48},{"not_picked":["EmptyBody","BowlingBash","EmptyMind"],"picked":"Singing Bowl","floor":49},{"not_picked":["EmptyBody+1","FlyingSleeves"],"picked":"Fasting2+1","floor":52},{"not_picked":["EmptyMind+1","JustLucky+1"],"picked":"Vault","floor":54}],"player_experience":263751,"relics_obtained":[{"floor":6.0,"key":"Meat on the Bone"},{"floor":13.0,"key":"Centennial Puzzle"},{"floor":20,"key":"Mercury Hourglass"},{"floor":24,"key":"Pantograph"},{"floor":26,"key":"Toy Ornithopter"},{"floor":27,"key":"Red Mask"},{"floor":31,"key":"Matryoshka"},{"floor":41,"key":"Juzu Bracelet"},{"floor":43,"key":"Dream Catcher"},{"floor":43,"key":"GoldenEye"},{"floor":46,"key":"Singing Bowl"},{"floor":54,"key":"Kunai"}],"event_choices":[{"damage_healed":0.0,"max_hp_gain":0.0,"max_hp_loss":0.0,"gold_gain":0.0,"event_name":"Golden Idol","player_choice":"Take Damage","floor":2.0,"gold_loss":0.0,"damage_taken":18.0,"relics_obtained":["Golden Idol"]},{"damage_healed":0.0,"max_hp_gain":0.0,"max_hp_loss":0.0,"gold_gain":75.0,"event_name":"World of Goop","player_choice":"Gather Gold","floor":4.0,"gold_loss":0.0,"damage_taken":11.0},{"damage_healed":0.0,"max_hp_gain":0.0,"max_hp_loss":0.0,"gold_gain":175.0,"event_name":"Liars Game","player_choice":"AGREE","floor":5.0,"gold_loss":0.0,"damage_taken":0.0,"cards_obtained":["Doubt"]},{"cards_removed":["Doubt"],"damage_healed":0.0,"max_hp_gain":0.0,"max_hp_loss":0.0,"gold_gain":0.0,"event_name":"Living Wall","player_choice":"Forget","floor":10.0,"gold_loss":0.0,"damage_taken":0.0},{"damage_healed":0.0,"max_hp_gain":0.0,"max_hp_loss":0.0,"gold_gain":0.0,"event_name":"Scrap Ooze","player_choice":"Success","floor":12.0,"gold_loss":0.0,"damage_taken":7.0,"relics_obtained":["Bag of Marbles"]},{"damage_healed":0,"gold_gain":0,"player_choice":"Read","damage_taken":0,"max_hp_gain":0,"max_hp_loss":0,"event_name":"The Library","floor":19,"gold_loss":0,"cards_obtained":["Protect"]},{"damage_healed":0,"gold_gain":0,"player_choice":"Fought Bandits","damage_taken":0,"max_hp_gain":0,"max_hp_loss":0,"event_name":"Masked Bandits","floor":27,"gold_loss":0},{"damage_healed":0,"gold_gain":0,"player_choice":"Embrace Madness","damage_taken":10,"max_hp_gain":0,"max_hp_loss":0,"event_name":"Winding Halls","floor":36,"gold_loss":0,"cards_obtained":["Madness","Madness"]},{"cards_removed":["Vengeance"],"damage_healed":0,"gold_gain":0,"player_choice":"Upgrade and Remove","damage_taken":0,"max_hp_gain":0,"max_hp_loss":0,"event_name":"Designer","floor":37,"gold_loss":90,"cards_upgraded":["TalkToTheHand"]},{"damage_healed":0,"gold_gain":0,"player_choice":"Got Potions","damage_taken":0,"max_hp_gain":0,"max_hp_loss":0,"event_name":"Lab","floor":39,"gold_loss":0}],"is_beta":false,"boss_relics":[{"not_picked":["Sozu","Philosopher\u0027s Stone"],"picked":"Fusion Hammer"},{"not_picked":["SacredBark","Velvet Choker"],"picked":"Pandora\u0027s Box"}],"items_purged_floors":[22,53],"is_endless":false,"potions_floor_spawned":[13,14,18,29,33,41,45,46,47,54],"ascension_level":1}}