{"host":"p9fmk1zxjhqthrxg","time":1614310705,"event":{"mods":["BaseMod","Bestiary","Colored Map","Colored Powertips","Highlight Path","Minty Spire (QoL Compilation)","Random Character Button","Rare Cards Sparkle","StSLib"],"gold_per_floor":[18,18,193,193,203,236,236,246,298,314,314,314,329,357,357,455,455,473,572,19,36,36,36,36,46,71,89,108,108,108,19,19,19,19],"floor_reached":33,"language":"ENG","playtime":1534,"items_purged":[],"score":305,"play_id":"7eb66c4b-86c3-4f75-967c-07b6ecc6943b","local_time":"20210225213825","is_ascension_mode":false,"campfire_choices":[{"floor":11,"key":"REST"},{"floor":15,"key":"REST"},{"data":"Night Terror","floor":24,"key":"SMITH"},{"floor":30,"key":"REST"},{"floor":32,"key":"REST"}],"circlet_count":0,"master_deck":["Defend_G","Defend_G","Defend_G","Defend_G","Defend_G","Survivor","Neutralize","Outmaneuver","Dagger Spray","Night Terror+1","Skewer","Dodge and Roll","Outmaneuver","Dagger Spray","Choke","Blade Dance","Night Terror","Escape Plan","Sucker Punch","Bite","Bite","Bite","Bite","Bite","Flying Knee","Deadly Poison","Accuracy","Deflect+1","Accuracy","Dagger Spray","Dagger Spray"],"relics":["Ring of the Snake","Peace Pipe","Vajra","Dream Catcher","Meat on the Bone","Sozu","Strange Spoon","Orichalcum","InkBottle","Oddly Smooth Stone","Nloth\u0027s Gift"],"acts_visited":["Exordium","TheCity"],"potions_floor_usage":[8,10,14,16],"damage_taken":[{"damage":1,"enemies":"2 Louse","floor":1,"turns":3},{"damage":0,"enemies":"Small Slimes","floor":5,"turns":7},{"damage":54,"enemies":"3 Sentries","floor":6,"turns":11},{"damage":1,"enemies":"Cultist","floor":8,"turns":3},{"damage":0,"enemies":"Large Slime","floor":10,"turns":3},{"damage":22,"enemies":"Exordium Thugs","floor":13,"turns":6},{"damage":26,"enemies":"Lagavulin","floor":14,"turns":9},{"damage":23,"enemies":"Hexaghost","floor":16,"turns":7},{"damage":7,"enemies":"Chosen","floor":18,"turns":4},{"damage":18,"enemies":"Spheric Guardian","floor":21,"turns":5},{"damage":9,"enemies":"Chosen and Byrds","floor":25,"turns":6},{"damage":21,"enemies":"Centurion and Healer","floor":27,"turns":5},{"damage":39,"enemies":"Cultist and Chosen","floor":28,"turns":9},{"damage":60,"enemies":"Automaton","floor":33,"turns":6}],"seed_played":"2474149377923560826","potions_obtained":[{"floor":1,"key":"Strength Potion"},{"floor":8,"key":"EssenceOfSteel"},{"floor":13,"key":"LiquidMemories"},{"floor":14,"key":"FearPotion"}],"is_trial":false,"path_per_floor":["M","?","?","?","M","E","?","M","T","M","R","?","M","E","R","B",null,"M","?","$","M","?","?","R","M","T","M","M","?","R","$","R","B"],"character_chosen":"THE_SILENT","items_purchased":["Strange Spoon","Orichalcum","InkBottle","Accuracy","Dagger Spray"],"campfire_rested":4,"item_purchase_floors":[20,20,20,31,31],"current_hp_per_floor":[69,69,69,62,62,8,8,7,7,7,28,51,29,3,24,13,70,63,63,63,45,45,45,45,38,38,33,14,14,28,28,42,0,0],"gold":19,"neow_bonus":"ONE_RARE_RELIC","is_daily":false,"chose_seed":false,"campfire_upgraded":1,"win_rate":0.0,"timestamp":1614310705,"path_taken":["M","?","?","?","M","E","?","M","T","M","R","?","M","E","R","BOSS","M","?","$","M","?","?","R","M","T","?","M","?","R","?","R","BOSS"],"items_purchased_type":["Relic","Relic","Relic","Card","Card"],"build_version":"2020-12-22","purchased_purges":0,"victory":false,"max_hp_per_floor":[70,70,70,70,70,70,70,70,70,70,70,70,70,70,70,70,70,70,70,70,70,49,49,49,49,49,49,49,49,49,49,49,49,49],"card_choices":[{"not_picked":["Skewer","Cloak And Dagger"],"picked":"Outmaneuver","floor":1},{"not_picked":["Deflect","Crippling Poison"],"picked":"Dagger Spray","floor":5},{"not_picked":["Tactician","Prepared"],"picked":"Night Terror","floor":6},{"not_picked":["Prepared","Escape Plan"],"picked":"Skewer","floor":8},{"not_picked":["Prepared","Footwork"],"picked":"Dodge and Roll","floor":10},{"not_picked":["Backflip","Flying Knee"],"picked":"Outmaneuver","floor":11},{"not_picked":["Catalyst","Doppelganger"],"picked":"Dagger Spray","floor":13},{"not_picked":["Acrobatics","Backflip"],"picked":"Choke","floor":14},{"not_picked":["Quick Slash","Bane"],"picked":"Blade Dance","floor":15},{"not_picked":["Bullet Time","Die Die Die"],"picked":"Night Terror","floor":16},{"not_picked":["Poisoned Stab","Sucker Punch"],"picked":"Escape Plan","floor":18},{"not_picked":["Catalyst","Bane"],"picked":"Sucker Punch","floor":21},{"not_picked":["Slice","Crippling Poison+1"],"picked":"Flying Knee","floor":25},{"not_picked":["Catalyst","Underhanded Strike"],"picked":"Deadly Poison","floor":27},{"not_picked":["Quick Slash+1","Masterful Stab"],"picked":"Accuracy","floor":28},{"not_picked":["PiercingWail","Prepared"],"picked":"Deflect+1","floor":30},{"not_picked":["Distraction","Sucker Punch"],"picked":"Dagger Spray","floor":32}],"player_experience":164622,"relics_obtained":[{"floor":6,"key":"Vajra"},{"floor":9,"key":"Dream Catcher"},{"floor":14,"key":"Meat on the Bone"},{"floor":26,"key":"Oddly Smooth Stone"}],"event_choices":[{"damage_healed":0,"gold_gain":0,"cards_transformed":["Strike_G"],"player_choice":"Change","damage_taken":0,"max_hp_gain":0,"max_hp_loss":0,"event_name":"Living Wall","floor":2,"gold_loss":0,"cards_obtained":["Accuracy"]},{"damage_healed":0,"gold_gain":175,"player_choice":"AGREE","damage_taken":0,"max_hp_gain":0,"max_hp_loss":0,"event_name":"Liars Game","floor":3,"gold_loss":0,"cards_obtained":["Doubt"]},{"cards_removed":["Doubt"],"damage_healed":0,"gold_gain":0,"player_choice":"Card Removal","damage_taken":7,"max_hp_gain":0,"max_hp_loss":0,"event_name":"Golden Wing","floor":4,"gold_loss":0},{"damage_healed":0,"gold_gain":0,"player_choice":"Fled","damage_taken":0,"max_hp_gain":0,"max_hp_loss":0,"event_name":"Scrap Ooze","floor":7,"gold_loss":0},{"damage_healed":23,"gold_gain":0,"player_choice":"Banana","damage_taken":0,"max_hp_gain":0,"max_hp_loss":0,"event_name":"Big Fish","floor":12,"gold_loss":0},{"damage_healed":0,"gold_gain":99,"player_choice":"Stole From Cult","damage_taken":0,"max_hp_gain":0,"max_hp_loss":0,"event_name":"Nest","floor":19,"gold_loss":0},{"damage_healed":0,"gold_gain":0,"player_choice":"Became a vampire","damage_taken":0,"max_hp_gain":0,"max_hp_loss":21,"event_name":"Vampires","floor":22,"gold_loss":0,"cards_obtained":["Bite","Bite","Bite","Bite","Bite"]},{"cards_removed":["Accuracy"],"damage_healed":0,"gold_gain":0,"player_choice":"Gave Card","damage_taken":0,"relics_obtained":["Thread and Needle"],"max_hp_gain":0,"max_hp_loss":0,"event_name":"WeMeetAgain","floor":23,"gold_loss":0},{"damage_healed":0,"gold_gain":0,"player_choice":"Traded Relic","damage_taken":0,"relics_obtained":["Nloth\u0027s Gift"],"max_hp_gain":0,"max_hp_loss":0,"event_name":"N\u0027loth","floor":29,"relics_lost":["Thread and Needle"],"gold_loss":0}],"is_beta":false,"boss_relics":[{"not_picked":["Tiny House","Calling Bell"],"picked":"Sozu"}],"items_purged_floors":[],"is_endless":false,"potions_floor_spawned":[1,8,13,14,25,27],"killed_by":"Automaton","ascension_level":0}}