{"host":"en4narc5947t7k9n","time":1614317469,"event":{"mods":["AchievementEnabler","BaseMod","Colored Map","Minty Spire (QoL Compilation)","SuperFastMode"],"gold_per_floor":[112,126,76,76,94,122,122,122,122,122,47,72,82,101,101,197,197,208,219,219,134,151,151,151,151,201,201,44,44,62,12,12,12,12],"floor_reached":33,"language":"KOR","playtime":918,"items_purged":["Strike_R","Strike_R"],"score":253,"play_id":"23174812-6677-47cf-937c-63824aab34c4","local_time":"20210226143109","is_ascension_mode":false,"campfire_choices":[{"data":"Searing Blow","floor":7,"key":"SMITH"},{"data":"Searing Blow+1","floor":10,"key":"SMITH"},{"data":"Searing Blow+2","floor":15,"key":"SMITH"},{"data":"Corruption","floor":23,"key":"SMITH"},{"data":"Seeing Red","floor":27,"key":"SMITH"},{"data":"Searing Blow+3","floor":29,"key":"SMITH"},{"floor":32,"key":"RECALL"}],"circlet_count":0,"master_deck":["Strike_R+1","Strike_R","Defend_R","Defend_R+1","Defend_R","Defend_R","Bash","Searing Blow+4","Cleave","True Grit+1","Shockwave+1","Rampage","Anger","Corruption+1","Clash+1","Feel No Pain+1","Inflame","Seeing Red+1"],"relics":["Black Blood","Thread and Needle","Matryoshka","Blood Vial","War Paint","Enchiridion","Smiling Mask","ClockworkSouvenir"],"acts_visited":["Exordium","TheCity"],"potions_floor_usage":[12,16,16,33,33],"damage_taken":[{"damage":5,"enemies":"Small Slimes","floor":1,"turns":4},{"damage":1,"enemies":"Jaw Worm","floor":2,"turns":4},{"damage":1,"enemies":"Cultist","floor":5,"turns":3},{"damage":30,"enemies":"3 Sentries","floor":6,"turns":9},{"damage":14,"enemies":"Gremlin Nob","floor":12,"turns":5},{"damage":0,"enemies":"3 Louse","floor":13,"turns":2},{"damage":0,"enemies":"Blue Slaver","floor":14,"turns":3},{"damage":4,"enemies":"Hexaghost","floor":16,"turns":8},{"damage":17,"enemies":"Spheric Guardian","floor":18,"turns":5},{"damage":0,"enemies":"Chosen","floor":19,"turns":3},{"damage":6,"enemies":"Centurion and Healer","floor":22,"turns":5},{"damage":5,"enemies":"3 Cultists","floor":30,"turns":5},{"damage":124,"enemies":"Automaton","floor":33,"turns":8}],"seed_played":"-4882079325902555259","potions_obtained":[{"floor":1,"key":"Block Potion"},{"floor":2,"key":"HeartOfIron"},{"floor":6,"key":"Swift Potion"},{"floor":14,"key":"Strength Potion"},{"floor":16,"key":"FairyPotion"},{"floor":18,"key":"Strength Potion"},{"floor":19,"key":"Explosive Potion"}],"is_trial":false,"path_per_floor":["M","M","?","?","M","E","R","?","T","R","$","E","M","M","R","B",null,"M","M","?","?","M","R","?","?","T","R","$","R","M","$","R","B"],"character_chosen":"IRONCLAD","items_purchased":["ClockworkSouvenir"],"campfire_rested":0,"item_purchase_floors":[28],"current_hp_per_floor":[88,88,88,70,75,51,51,51,51,51,51,43,51,59,59,63,88,83,88,88,88,88,88,88,72,72,72,72,72,81,81,81,0,0],"gold":12,"neow_bonus":"TEN_PERCENT_HP_BONUS","is_daily":false,"chose_seed":false,"campfire_upgraded":6,"win_rate":0.0,"timestamp":1614317469,"path_taken":["M","M","?","?","M","E","R","?","T","R","$","E","?","M","R","BOSS","M","M","?","?","M","R","?","?","T","R","$","R","M","?","R","BOSS"],"items_purchased_type":["Relic"],"build_version":"2020-12-22","purchased_purges":2,"victory":false,"max_hp_per_floor":[88,88,88,88,88,88,88,88,88,88,88,88,88,88,88,88,88,88,88,88,88,88,88,88,88,88,88,88,88,88,88,88,88,88],"card_choices":[{"not_picked":["Hemokinesis","Twin Strike"],"picked":"Searing Blow","floor":1},{"not_picked":["Heavy Blade","Reckless Charge"],"picked":"Cleave","floor":2},{"not_picked":["Searing Blow","Cleave"],"picked":"True Grit","floor":5},{"not_picked":["Juggernaut","Dark Embrace"],"picked":"Shockwave","floor":6},{"not_picked":["Sentinel","True Grit"],"picked":"Rampage","floor":12},{"not_picked":["Sentinel","Havoc"],"picked":"Anger","floor":13},{"not_picked":["Wild Strike","Cleave","Sword Boomerang"],"picked":"SKIP","floor":14},{"not_picked":["Fiend Fire","Impervious"],"picked":"Corruption","floor":16},{"not_picked":["Twin Strike+1","Rage"],"picked":"Clash+1","floor":18},{"not_picked":["Havoc","Inflame"],"picked":"Feel No Pain+1","floor":19},{"not_picked":["Clash","Shrug It Off"],"picked":"Inflame","floor":22},{"not_picked":["Pommel Strike","Uppercut","Sentinel"],"picked":"SKIP","floor":30}],"player_experience":225379,"relics_obtained":[{"floor":6,"key":"Thread and Needle"},{"floor":9,"key":"Matryoshka"},{"floor":12,"key":"Blood Vial"},{"floor":25,"key":"Enchiridion"},{"floor":26,"key":"Smiling Mask"}],"event_choices":[{"cards_removed":["Strike_R"],"damage_healed":0,"gold_gain":0,"player_choice":"Card Removal","damage_taken":0,"max_hp_gain":0,"max_hp_loss":0,"event_name":"The Cleric","floor":3,"gold_loss":50},{"damage_healed":0,"gold_gain":0,"player_choice":"Entered Light","damage_taken":18,"max_hp_gain":0,"max_hp_loss":0,"event_name":"Shining Light","floor":4,"gold_loss":0,"cards_upgraded":["Defend_R","Strike_R"]},{"damage_healed":0,"gold_gain":0,"player_choice":"Bought 0 Potions","damage_taken":0,"max_hp_gain":0,"max_hp_loss":0,"event_name":"The Woman in Blue","floor":8,"gold_loss":0},{"damage_healed":0,"gold_gain":0,"player_choice":"Ignored","damage_taken":0,"max_hp_gain":0,"max_hp_loss":0,"event_name":"The Mausoleum","floor":20,"gold_loss":0},{"damage_healed":0,"gold_gain":0,"player_choice":"Obtained Relic","damage_taken":0,"relics_obtained":["War Paint"],"max_hp_gain":0,"max_hp_loss":0,"event_name":"Addict","floor":21,"gold_loss":85},{"damage_healed":0,"gold_gain":0,"player_choice":"Read","damage_taken":0,"max_hp_gain":0,"max_hp_loss":0,"event_name":"The Library","floor":24,"gold_loss":0,"cards_obtained":["Seeing Red"]},{"damage_healed":0,"gold_gain":0,"player_choice":"Obtained Book","damage_taken":16,"max_hp_gain":0,"max_hp_loss":0,"event_name":"Cursed Tome","floor":25,"gold_loss":0}],"is_beta":false,"boss_relics":[{"not_picked":["Fusion Hammer","Tiny House"],"picked":"Black Blood"}],"items_purged_floors":[11,31],"is_endless":false,"potions_floor_spawned":[1,2,6,14,16,18,19],"killed_by":"Automaton","ascension_level":0}}