{"host":"30jsp143e4v19aze","time":1614354043,"event":{"mods":["BaseMod","Colored Map","Colored Powertips","Curses Come First","DeckTracker","Highlight Path","Minty Spire (QoL Compilation)","Quick Restart","Relic Stats","StSLib","everything is the same but u backflip on backflip","slay the spire mod where everything is the same but ironclad has a cowboy hat"],"gold_per_floor":[115,115,127,138,138,174,174,198,198,241,241,264,299,309,309,309,309],"floor_reached":16,"language":"ENG","playtime":1073,"items_purged":[],"score":244,"play_id":"d4e2db1e-7aaf-420d-8f42-d413389c954f","local_time":"20210226164043","is_ascension_mode":true,"campfire_choices":[{"data":"Disarm","floor":7,"key":"SMITH"},{"data":"Bash","floor":11,"key":"SMITH"},{"data":"Rampage","floor":15,"key":"SMITH"}],"circlet_count":0,"master_deck":["AscendersBane","Strike_R","Strike_R","Strike_R","Strike_R","Strike_R","Defend_R","Defend_R","Defend_R","Defend_R","Bash+1","Disarm+1","Pommel Strike","Dual Wield","Shrug It Off","Shrug It Off","Rampage+1","Whirlwind","Shrug It Off"],"relics":["Burning Blood","NeowsBlessing","WarpedTongs","CeramicFish","Kunai","Incense Burner","Mummified Hand"],"acts_visited":["Exordium"],"potions_floor_usage":[6,8,13,16],"damage_taken":[{"damage":0,"enemies":"Small Slimes","floor":1,"turns":1},{"damage":0,"enemies":"Cultist","floor":3,"turns":1},{"damage":0,"enemies":"Jaw Worm","floor":4,"turns":1},{"damage":26,"enemies":"Lagavulin","floor":6,"turns":7},{"damage":4,"enemies":"Lots of Slimes","floor":8,"turns":5},{"damage":58,"enemies":"Gremlin Nob","floor":10,"turns":6},{"damage":7,"enemies":"Exordium Thugs","floor":12,"turns":5},{"damage":19,"enemies":"3 Sentries","floor":13,"turns":8},{"damage":11,"enemies":"Red Slaver","floor":14,"turns":4},{"damage":10,"enemies":"Hexaghost","floor":16,"turns":9}],"seed_played":"925279531543327452","potions_obtained":[{"floor":1,"key":"AttackPotion"},{"floor":3,"key":"BloodPotion"},{"floor":6,"key":"Energy Potion"},{"floor":12,"key":"Regen Potion"},{"floor":13,"key":"ColorlessPotion"}],"is_trial":false,"path_per_floor":["M","?","M","M","?","E","R","M","T","E","R","M","E","M","R","B"],"character_chosen":"IRONCLAD","items_purchased":[],"campfire_rested":0,"item_purchase_floors":[],"current_hp_per_floor":[74,74,75,75,75,70,70,72,72,20,20,19,15,10,10,0,0],"gold":309,"neow_bonus":"THREE_ENEMY_KILL","is_daily":false,"chose_seed":false,"campfire_upgraded":3,"win_rate":0.0,"timestamp":1614354043,"path_taken":["M","?","?","M","?","E","R","M","T","E","R","M","E","?","R","BOSS"],"items_purchased_type":[],"build_version":"2020-12-22","purchased_purges":0,"victory":false,"max_hp_per_floor":[75,75,75,75,75,75,75,75,75,75,75,75,75,75,75,75,75],"relic_stats":{"counters":[10,47],"Mummified Hand":[0],"CeramicFish":45,"Kunai":[5],"obtain_stats":[{"NeowsBlessing":0,"Mummified Hand":13,"CeramicFish":6,"Incense Burner":10,"Kunai":9,"Burning Blood":0,"WarpedTongs":2},{"NeowsBlessing":0,"Mummified Hand":8,"CeramicFish":4,"Incense Burner":6,"Kunai":5,"Burning Blood":0,"WarpedTongs":1},{"NeowsBlessing":0,"Mummified Hand":34,"CeramicFish":10,"Incense Burner":21,"Kunai":15,"Burning Blood":0,"WarpedTongs":1}],"Burning Blood":43,"WarpedTongs":[46]},"card_choices":[{"not_picked":["Intimidate","Dropkick"],"picked":"Disarm","floor":1},{"not_picked":["Dropkick","Anger"],"picked":"Pommel Strike","floor":3},{"not_picked":["Perfected Strike","Warcry"],"picked":"Dual Wield","floor":4},{"not_picked":["Heavy Blade","Rupture"],"picked":"Shrug It Off","floor":6},{"not_picked":["Perfected Strike","Pommel Strike"],"picked":"Shrug It Off","floor":8},{"not_picked":["Sentinel","Dropkick"],"picked":"Rampage","floor":10},{"not_picked":["Twin Strike","Wild Strike"],"picked":"Whirlwind","floor":12},{"not_picked":["Anger","Infernal Blade"],"picked":"Shrug It Off","floor":13},{"not_picked":["Dropkick","Pommel Strike","Flex"],"picked":"SKIP","floor":14}],"player_experience":3306633,"relics_obtained":[{"floor":6,"key":"CeramicFish"},{"floor":9,"key":"Kunai"},{"floor":10,"key":"Incense Burner"},{"floor":13,"key":"Mummified Hand"}],"event_choices":[{"damage_healed":0,"gold_gain":0,"player_choice":"Rummage","damage_taken":0,"relics_obtained":["WarpedTongs"],"max_hp_gain":0,"max_hp_loss":0,"event_name":"Accursed Blacksmith","floor":2,"gold_loss":0,"cards_obtained":["Pain"]},{"cards_removed":["Pain"],"damage_healed":0,"gold_gain":0,"player_choice":"Card Removal","damage_taken":0,"max_hp_gain":0,"max_hp_loss":0,"event_name":"Wheel of Change","floor":5,"gold_loss":0}],"is_beta":false,"boss_relics":[],"items_purged_floors":[],"is_endless":false,"potions_floor_spawned":[1,3,6,12,13],"killed_by":"Hexaghost","ascension_level":20}}