{"host":"wqwfknj40rilnol1","time":1614339767,"event":{"mods":["AchievementEnabler","Aspiration","BaseMod","BetterRewards","Block Reminder","Colored Map","Conspire","Highlight Path","Hubris","Minty Spire (QoL Compilation)","Permanent Neow","Quick Restart","Relic Stats","Replay The Spire","Shop Mod","StSLib","The Cursed"],"gold_per_floor":[368,368,181,181,181,215,215,215,215],"floor_reached":8,"language":"ENG","playtime":188,"items_purged":[],"score":96,"play_id":"4aebc47b-511d-4dec-b016-29fbfed741a4","local_time":"20210226124247","is_ascension_mode":true,"campfire_choices":[{"floor":7,"key":"REST"}],"circlet_count":0,"master_deck":["AscendersBane","Strike_R","Strike_R","Strike_R","Strike_R","Strike_R","Defend_R","Defend_R","Defend_R","Defend_R","Bash","Run Through","Midas Touch"],"relics":["Burning Blood","hubris:FunFungus","hubris:DeckOfHolding","ReplayTheSpireMod:Spearhead"],"acts_visited":["Exordium"],"potions_floor_usage":[],"damage_taken":[{"damage":6,"enemies":"2 Louse","floor":1,"turns":4},{"damage":39,"enemies":"Lagavulin","floor":6,"turns":6},{"damage":30,"enemies":"3 Sentries","floor":8,"turns":5}],"seed_played":"-1718901546339938446","potions_obtained":[{"floor":1,"key":"DistilledChaos"}],"is_trial":false,"path_per_floor":["M","?","$","?","?","E","R","E"],"character_chosen":"IRONCLAD","items_purchased":["Midas Touch"],"campfire_rested":1,"item_purchase_floors":[3],"current_hp_per_floor":[68,68,68,63,63,33,55,25,25],"gold":215,"neow_bonus":"TWO_FIFTY_GOLD","is_daily":false,"chose_seed":false,"campfire_upgraded":0,"win_rate":0.0,"timestamp":1614339767,"path_taken":["M","?","?","?","?","E","R","E"],"items_purchased_type":["Card"],"build_version":"2020-12-22","purchased_purges":0,"victory":false,"max_hp_per_floor":[75,75,75,75,75,75,75,75,75],"relic_stats":{"counters":[3,15],"obtain_stats":[{"ReplayTheSpireMod:Spearhead":6,"hubris:DeckOfHolding":5,"hubris:FunFungus":4,"Burning Blood":0},{"ReplayTheSpireMod:Spearhead":2,"hubris:DeckOfHolding":1,"hubris:FunFungus":1,"Burning Blood":0},{"ReplayTheSpireMod:Spearhead":10,"hubris:DeckOfHolding":4,"hubris:FunFungus":4,"Burning Blood":0}],"Burning Blood":12},"card_choices":[{"not_picked":["Sword Boomerang","Replay:Undeath\u0027s Touch"],"picked":"Run Through","floor":1},{"not_picked":["Replay:Undeath\u0027s Touch","Combust","hubris:ReadiedAction"],"picked":"SKIP","floor":6}],"player_experience":328477,"relics_obtained":[{"floor":6,"key":"ReplayTheSpireMod:Spearhead"}],"event_choices":[{"cards_removed":["Clumsy"],"damage_healed":0,"gold_gain":0,"player_choice":"Removed Curses","damage_taken":0,"max_hp_gain":0,"max_hp_loss":0,"event_name":"Fountain of Cleansing","floor":2,"gold_loss":0},{"damage_healed":0,"gold_gain":0,"player_choice":"Success","damage_taken":5,"relics_obtained":["hubris:FunFungus"],"max_hp_gain":0,"max_hp_loss":0,"event_name":"Scrap Ooze","floor":4,"gold_loss":0},{"damage_healed":0,"gold_gain":0,"player_choice":"Gave Potion","damage_taken":0,"relics_obtained":["hubris:DeckOfHolding"],"max_hp_gain":0,"max_hp_loss":0,"event_name":"WeMeetAgain","floor":5,"gold_loss":0}],"is_beta":false,"boss_relics":[],"items_purged_floors":[],"is_endless":false,"potions_floor_spawned":[1],"killed_by":"3 Sentries","ascension_level":17}}