{"host":"wbn3xdfsa5pc2kse","time":1614341488,"event":{"mods":["AchievementEnabler","BaseMod","Bestiary","Colored Map","Colored Powertips","Curses Come First","Highlight Path","Minty Spire (QoL Compilation)","Permanent Neow","Rare Cards Sparkle","Relic Stats","StSLib"],"gold_per_floor":[111,111,122,141,159,159,191,116,140,57,57,90,90,90,90,167,167,183,18,35,35,53,79,79,111,138,157,157,172,202,213,213,290,290,303,328,340,7,19,60,60,85,109,109,28,28,58,77,77,77,77],"floor_reached":50,"language":"ZHT","playtime":1976,"items_purged":["Strike_R","Defend_R"],"score":1161,"play_id":"8f23bfae-857b-43bb-b928-114352903cb0","local_time":"20210226201128","is_ascension_mode":true,"campfire_choices":[{"data":"Uppercut","floor":6.0,"key":"SMITH"},{"data":"Carnage","floor":11.0,"key":"SMITH"},{"data":"Wild Strike","floor":13.0,"key":"SMITH"},{"data":"Twin Strike","floor":15.0,"key":"SMITH"},{"data":"True Grit","floor":28.0,"key":"SMITH"},{"data":"Inflame","floor":32.0,"key":"SMITH"},{"floor":41.0,"key":"DIG"},{"floor":44.0,"key":"DIG"},{"floor":46.0,"key":"RECALL"},{"data":"Entrench","floor":49.0,"key":"SMITH"}],"circlet_count":0,"master_deck":["AscendersBane","Defend_R","Defend_R","Bash+1","Headbutt+1","Battle Trance","Twin Strike+1","Uppercut+1","Wild Strike+1","Carnage+1","Impervious","Inflame+1","Body Slam+1","RitualDagger","True Grit+1","Feel No Pain+1","Shrug It Off","Pommel Strike","Barricade","Second Wind","Sword Boomerang+1","Disarm","Body Slam+1","Exhume","Dark Embrace","Entrench+1","Warcry+1"],"relics":["Burning Blood","Regal Pillow","Oddly Smooth Stone","Blood Vial","Pantograph","Velvet Choker","PreservedInsect","Dream Catcher","Pen Nib","Whetstone","Anchor","Empty Cage","Lizard Tail","Shovel","CeramicFish","Mango","Smiling Mask","Red Skull"],"acts_visited":["Exordium","TheCity","TheBeyond"],"potions_floor_usage":[50,50],"damage_taken":[{"damage":13.0,"enemies":"Jaw Worm","floor":1.0,"turns":5.0},{"damage":9.0,"enemies":"2 Louse","floor":3.0,"turns":4.0},{"damage":1.0,"enemies":"Small Slimes","floor":4.0,"turns":4.0},{"damage":16.0,"enemies":"Exordium Wildlife","floor":5.0,"turns":7.0},{"damage":15.0,"enemies":"Lagavulin","floor":7.0,"turns":6.0},{"damage":12.0,"enemies":"Gremlin Nob","floor":12.0,"turns":3.0},{"damage":18.0,"enemies":"Slime Boss","floor":16.0,"turns":6.0},{"damage":0.0,"enemies":"2 Thieves","floor":18.0,"turns":3.0},{"damage":13.0,"enemies":"Shell Parasite","floor":20.0,"turns":4.0},{"damage":12.0,"enemies":"3 Cultists","floor":22.0,"turns":5.0},{"damage":20.0,"enemies":"Slavers","floor":23.0,"turns":5.0},{"damage":7.0,"enemies":"Book of Stabbing","floor":25.0,"turns":4.0},{"damage":5.0,"enemies":"Centurion and Healer","floor":27.0,"turns":4.0},{"damage":0.0,"enemies":"Snake Plant","floor":29.0,"turns":2.0},{"damage":0.0,"enemies":"Gremlin Leader","floor":30.0,"turns":3.0},{"damage":18.0,"enemies":"Snecko","floor":31.0,"turns":4.0},{"damage":54.0,"enemies":"Collector","floor":33.0,"turns":8.0},{"damage":0.0,"enemies":"Orb Walker","floor":35.0,"turns":2.0},{"damage":10.0,"enemies":"Mind Bloom Boss Battle","floor":36.0,"turns":8.0},{"damage":0.0,"enemies":"3 Shapes","floor":37.0,"turns":2.0},{"damage":3.0,"enemies":"Maw","floor":39.0,"turns":7.0},{"damage":0.0,"enemies":"Giant Head","floor":40.0,"turns":5.0},{"damage":0.0,"enemies":"4 Shapes","floor":42.0,"turns":5.0},{"damage":43.0,"enemies":"Nemesis","floor":47.0,"turns":5.0},{"damage":30.0,"enemies":"Spire Growth","floor":48.0,"turns":5.0},{"damage":105,"enemies":"Time Eater","floor":50,"turns":11}],"seed_played":"699855592105254331","potions_obtained":[{"floor":3.0,"key":"Regen Potion"},{"floor":4.0,"key":"Explosive Potion"},{"floor":5.0,"key":"Strength Potion"},{"floor":18.0,"key":"Swift Potion"},{"floor":20.0,"key":"DistilledChaos"},{"floor":22.0,"key":"BloodPotion"},{"floor":30.0,"key":"Dexterity Potion"},{"floor":35.0,"key":"Strength Potion"},{"floor":39.0,"key":"SpeedPotion"}],"is_trial":false,"path_per_floor":["M","?","M","M","M","R","E","$","T","$","R","E","R","?","R","B",null,"M","$","M","?","M","E","?","E","T","M","R","M","E","M","R","B",null,"M","?","M","$","M","E","R","M","T","R","$","R","E","M","R","B"],"character_chosen":"IRONCLAD","items_purchased":["Carnage","PreservedInsect","Shovel","Entrench"],"campfire_rested":0,"item_purchase_floors":[10,19,38,45],"current_hp_per_floor":[61,43,40,45,49,49,40,40,40,40,40,36,36,36,36,51,64,68,68,61,55,51,39,39,40,40,43,43,51,68,56,56,20,56,64,64,68,68,68,68,82,82,82,82,82,82,45,23,23,22,22],"gold":77,"neow_bonus":"REMOVE_TWO","is_daily":false,"chose_seed":false,"campfire_upgraded":7,"win_rate":0.0,"timestamp":1614341488,"path_taken":["M","?","M","M","M","R","E","$","T","$","R","E","R","?","R","BOSS","M","$","M","?","M","E","?","E","T","M","R","M","E","M","R","BOSS","M","?","M","$","M","E","R","M","T","R","$","R","E","M","R","BOSS"],"items_purchased_type":["Card","Relic","Relic","Card"],"build_version":"2020-12-22","purchased_purges":2,"victory":false,"max_hp_per_floor":[68,68,68,68,68,68,68,68,68,68,68,68,68,68,68,68,68,68,68,68,68,68,68,68,68,68,68,68,68,68,68,68,68,68,68,68,68,68,68,68,82,82,82,82,82,82,82,82,82,82,82],"relic_stats":{"Regal Pillow":0,"counters":[26,127],"CeramicFish":36,"PreservedInsect":313,"Pen Nib":[12],"Whetstone":["Headbutt","Bash"],"Smiling Mask":50,"Burning Blood":127,"Blood Vial":26,"Dream Catcher":0,"Lizard Tail":41,"Shovel":2,"Pantograph":66,"obtain_stats":[{"Regal Pillow":2,"CeramicFish":40,"Oddly Smooth Stone":7,"Velvet Choker":17,"Mango":41,"PreservedInsect":19,"Pen Nib":25,"Whetstone":26,"Empty Cage":34,"Smiling Mask":44,"Burning Blood":0,"Blood Vial":9,"Dream Catcher":23,"Anchor":30,"Lizard Tail":36,"Shovel":38,"Pantograph":12,"Red Skull":47},{"Regal Pillow":1,"CeramicFish":22,"Oddly Smooth Stone":5,"Velvet Choker":7,"Mango":22,"PreservedInsect":8,"Pen Nib":12,"Whetstone":12,"Empty Cage":17,"Smiling Mask":23,"Burning Blood":0,"Blood Vial":5,"Dream Catcher":11,"Anchor":15,"Lizard Tail":19,"Shovel":20,"Pantograph":6,"Red Skull":24},{"Regal Pillow":5,"CeramicFish":101,"Oddly Smooth Stone":26,"Velvet Choker":35,"Mango":101,"PreservedInsect":38,"Pen Nib":56,"Whetstone":56,"Empty Cage":77,"Smiling Mask":106,"Burning Blood":0,"Blood Vial":26,"Dream Catcher":52,"Anchor":65,"Lizard Tail":87,"Shovel":89,"Pantograph":29,"Red Skull":111}]},"card_choices":[{"not_picked":["Shrug It Off","Inflame"],"picked":"Headbutt","floor":1.0},{"not_picked":["Evolve","Cleave"],"picked":"Battle Trance","floor":3.0},{"not_picked":["Pummel","Perfected Strike"],"picked":"Twin Strike","floor":4.0},{"not_picked":["Infernal Blade","Evolve"],"picked":"Uppercut","floor":5.0},{"not_picked":["Entrench","Sword Boomerang"],"picked":"Wild Strike","floor":7.0},{"not_picked":["Havoc","Body Slam","Clash"],"picked":"SKIP","floor":12.0},{"not_picked":["Limit Break","Bludgeon"],"picked":"Impervious","floor":16.0},{"not_picked":["Clothesline","Clash"],"picked":"Inflame","floor":18.0},{"not_picked":["Dual Wield","Headbutt"],"picked":"Body Slam+1","floor":20.0},{"not_picked":["Reckless Charge","Headbutt","Dark Embrace"],"picked":"SKIP","floor":22.0},{"not_picked":["Dropkick","Rupture"],"picked":"True Grit","floor":23.0},{"not_picked":["Thunderclap","Havoc"],"picked":"Feel No Pain+1","floor":25.0},{"not_picked":["Headbutt","Anger"],"picked":"Shrug It Off","floor":27.0},{"not_picked":["Perfected Strike","Havoc","Demon Form"],"picked":"SKIP","floor":29.0},{"not_picked":["Corruption","Rupture"],"picked":"Pommel Strike","floor":30.0},{"not_picked":["Anger","Flex","Bloodletting"],"picked":"SKIP","floor":31.0},{"not_picked":["Fiend Fire","Berserk"],"picked":"Barricade","floor":33.0},{"not_picked":["Headbutt","Havoc"],"picked":"Second Wind","floor":35.0},{"not_picked":["Uppercut","Shrug It Off"],"picked":"Sword Boomerang+1","floor":36.0},{"not_picked":["Twin Strike+1","Sever Soul"],"picked":"Disarm","floor":37.0},{"not_picked":["Armaments+1","Havoc"],"picked":"Body Slam+1","floor":39.0},{"not_picked":["Cleave+1","True Grit"],"picked":"Exhume","floor":40.0},{"not_picked":["Heavy Blade","Iron Wave+1"],"picked":"Dark Embrace","floor":42.0},{"not_picked":["Immolate","Metallicize","Infernal Blade"],"picked":"SKIP","floor":47.0},{"not_picked":["Rampage","Rupture"],"picked":"Warcry+1","floor":48.0}],"player_experience":898776,"relics_obtained":[{"floor":7.0,"key":"Oddly Smooth Stone"},{"floor":9.0,"key":"Blood Vial"},{"floor":12.0,"key":"Pantograph"},{"floor":23.0,"key":"Dream Catcher"},{"floor":25.0,"key":"Pen Nib"},{"floor":26.0,"key":"Whetstone"},{"floor":30.0,"key":"Anchor"},{"floor":36.0,"key":"Lizard Tail"},{"floor":40.0,"key":"CeramicFish"},{"floor":41.0,"key":"Mango"},{"floor":44.0,"key":"Smiling Mask"},{"floor":47.0,"key":"Red Skull"}],"event_choices":[{"damage_healed":0.0,"max_hp_gain":0.0,"max_hp_loss":0.0,"gold_gain":0.0,"event_name":"Scrap Ooze","player_choice":"Success","floor":2.0,"gold_loss":0.0,"damage_taken":18.0,"relics_obtained":["Regal Pillow"]},{"cards_removed":["Strike_R"],"damage_healed":0.0,"max_hp_gain":0.0,"max_hp_loss":0.0,"gold_gain":0.0,"event_name":"Living Wall","player_choice":"Forget","floor":14.0,"gold_loss":0.0,"damage_taken":0.0},{"damage_healed":0.0,"max_hp_gain":0.0,"max_hp_loss":0.0,"gold_gain":0.0,"event_name":"Nest","player_choice":"Joined the Cult","floor":21.0,"gold_loss":0.0,"damage_taken":6.0,"cards_obtained":["RitualDagger"]},{"damage_healed":0.0,"max_hp_gain":0.0,"max_hp_loss":0.0,"gold_gain":0.0,"event_name":"The Mausoleum","player_choice":"Ignored","floor":24.0,"gold_loss":0.0,"damage_taken":0.0},{"damage_healed":0.0,"max_hp_gain":0.0,"max_hp_loss":0.0,"gold_gain":0.0,"event_name":"MindBloom","player_choice":"Fight","floor":36.0,"gold_loss":0.0,"damage_taken":0.0}],"is_beta":false,"boss_relics":[{"not_picked":["Coffee Dripper","Sozu"],"picked":"Velvet Choker"},{"not_picked":["Runic Dome","Black Blood"],"picked":"Empty Cage"}],"items_purged_floors":[8,45],"is_endless":false,"potions_floor_spawned":[3,4,5,18,20,22,30,35,39,42,48],"killed_by":"Time Eater","ascension_level":16}}