{"host":"f1ushweh0apu4zea","time":1614334811,"event":{"mods":["AchievementEnabler","Act Like it!","BaseMod","Colored Map","DeckTracker","Hallownest","Hermit","KOR Keyword Fix","Minty Spire (QoL Compilation)","Ruina","StSLib","everything is the same but u backflip on backflip"],"gold_per_floor":[110,121,137,150,150,150,185,185,208,208,222,222,258,258,258,258,258],"floor_reached":16,"language":"KOR","playtime":504,"items_purged":[],"score":220,"play_id":"8478b1d4-120c-45a9-9ff3-1b0d83df2b1f","local_time":"20210226192011","is_ascension_mode":true,"campfire_choices":[{"data":"Die Die Die","floor":6,"key":"SMITH"},{"data":"Deadly Poison","floor":8,"key":"SMITH"},{"data":"Neutralize","floor":10,"key":"SMITH"},{"data":"Cloak And Dagger","floor":15,"key":"SMITH"}],"circlet_count":0,"master_deck":["AscendersBane","Strike_G","Strike_G","Strike_G","Strike_G","Strike_G","Defend_G","Defend_G","Defend_G","Defend_G","Defend_G","Survivor","Neutralize+1","Die Die Die+1","Poisoned Stab","Bane","Cloak And Dagger+1","Deadly Poison+1","Flying Knee"],"relics":["Ring of the Snake","Potion Belt","Golden Idol","Pen Nib","Pear"],"acts_visited":["Exordium"],"potions_floor_usage":[7,13],"damage_taken":[{"damage":0.0,"enemies":"2 Louse","floor":1.0,"turns":1.0},{"damage":1.0,"enemies":"Jaw Worm","floor":2.0,"turns":3.0},{"damage":1.0,"enemies":"Cultist","floor":3.0,"turns":4.0},{"damage":0.0,"enemies":"Blue Slaver","floor":4.0,"turns":2.0},{"damage":41,"enemies":"Lagavulin","floor":7,"turns":7},{"damage":3,"enemies":"3 Louse","floor":11,"turns":3},{"damage":10,"enemies":"3 Sentries","floor":13,"turns":4},{"damage":22,"enemies":"Slime Boss","floor":16,"turns":5}],"seed_played":"-148789693002470868","potions_obtained":[{"floor":2.0,"key":"Weak Potion"},{"floor":3.0,"key":"ColorlessPotion"},{"floor":11,"key":"Strength Potion"}],"is_trial":false,"path_per_floor":["M","M","M","M","?","R","E","R","T","R","M","?","E","T","R","B"],"character_chosen":"THE_SILENT","items_purchased":[],"campfire_rested":0,"item_purchase_floors":[],"current_hp_per_floor":[59,58,57,57,57,57,16,16,16,16,13,13,3,13,13,0,0],"gold":258,"neow_bonus":"ONE_RANDOM_RARE_CARD","is_daily":false,"chose_seed":false,"campfire_upgraded":4,"win_rate":0.0,"timestamp":1614334811,"path_taken":["M","M","M","M","?","R","E","R","T","R","M","?","E","?","R","BOSS"],"items_purchased_type":[],"build_version":"2020-12-22","purchased_purges":0,"victory":false,"max_hp_per_floor":[66,66,66,66,66,66,66,66,66,66,66,60,60,70,70,70,70],"card_choices":[{"not_picked":["Flying Knee","Skewer"],"picked":"Poisoned Stab","floor":1.0},{"not_picked":["Prepared","Deflect","Slice"],"picked":"SKIP","floor":2.0},{"not_picked":["Prepared","Deflect","Slice"],"picked":"SKIP","floor":2.0},{"not_picked":["Caltrops","Dagger Spray"],"picked":"Bane","floor":3.0},{"not_picked":["Calculated Gamble","Blade Dance"],"picked":"Cloak And Dagger","floor":4.0},{"not_picked":["Backflip","Unload"],"picked":"Deadly Poison","floor":7},{"not_picked":["Outmaneuver","Deflect","Bane"],"picked":"SKIP","floor":11},{"not_picked":["Dodge and Roll","Eviscerate"],"picked":"Flying Knee","floor":13}],"player_experience":1372805,"relics_obtained":[{"floor":7,"key":"Potion Belt"},{"floor":13,"key":"Pen Nib"},{"floor":14,"key":"Pear"}],"event_choices":[{"damage_healed":0,"gold_gain":0,"player_choice":"Fled","damage_taken":0,"max_hp_gain":0,"max_hp_loss":0,"event_name":"Scrap Ooze","floor":5,"gold_loss":0},{"damage_healed":0,"gold_gain":0,"player_choice":"Lose Max HP","damage_taken":0,"relics_obtained":["Golden Idol"],"max_hp_gain":0,"max_hp_loss":6,"event_name":"Golden Idol","floor":12,"gold_loss":0}],"is_beta":false,"boss_relics":[],"items_purged_floors":[],"is_endless":false,"potions_floor_spawned":[2,3,11],"killed_by":"Slime Boss","ascension_level":20}}