{"host":"eu6p4n7vldm4bcry","time":1614297753,"event":{"mods":["AchievementEnabler","BaseMod","Highlight Path","Minty Spire (QoL Compilation)","Relic Stats","StSLib","ojb\u0027s Info Mod"],"gold_per_floor":[99,99,99,99,99,99,99,99,99,99,99,99,99,99,99,99,99,99,99,99,79,79,79,79,79,79,79,79,79,79,79,79,79,79,79,79,0,0,0,0,0,0,0,0,0,0],"floor_reached":45,"language":"ENG","playtime":2067,"items_purged":[],"score":1054,"play_id":"cc03011a-ba32-4c64-81c0-a432e962ee59","local_time":"20210225190233","is_ascension_mode":true,"campfire_choices":[{"floor":11.0,"key":"REST"},{"data":"Halt","floor":15.0,"key":"SMITH"},{"floor":23.0,"key":"REST"},{"floor":27.0,"key":"REST"},{"floor":32,"key":"REST"},{"data":"Omniscience","floor":40,"key":"SMITH"},{"floor":44,"key":"REST"}],"circlet_count":0,"master_deck":["AscendersBane","Strike_P+1","Strike_P","Strike_P+1","Strike_P+1","Defend_P+1","Defend_P","Defend_P","Defend_P+1","Eruption+1","Vigilance+1","Crescendo+1","FollowUp","Halt+1","BowlingBash+1","CutThroughFate","LessonLearned","ThirdEye+1","Consecrate+1","Omniscience+1","Adaptation","BowlingBash","Halt","Blasphemy+1","EmptyMind+1","DeceiveReality","FollowUp","Vault","FearNoEvil+1","CarveReality","Sanctity","Indignation+1","CarveReality","InnerPeace+1"],"relics":["Ectoplasm","Meat on the Bone","Vajra","Bronze Scales","Sozu","Bag of Marbles","Whetstone","Sundial","SlaversCollar","Toxic Egg 2","StrikeDummy"],"acts_visited":["Exordium","TheCity","TheBeyond"],"potions_floor_usage":[],"damage_taken":[{"damage":0.0,"enemies":"Jaw Worm","floor":1.0,"turns":5.0},{"damage":9.0,"enemies":"2 Louse","floor":2.0,"turns":3.0},{"damage":2.0,"enemies":"Small Slimes","floor":3.0,"turns":3.0},{"damage":0.0,"enemies":"2 Fungi Beasts","floor":5.0,"turns":3.0},{"damage":3.0,"enemies":"3 Sentries","floor":6.0,"turns":5.0},{"damage":20.0,"enemies":"Gremlin Nob","floor":10.0,"turns":4.0},{"damage":0.0,"enemies":"Looter","floor":12.0,"turns":1.0},{"damage":3.0,"enemies":"3 Sentries","floor":13.0,"turns":3.0},{"damage":0.0,"enemies":"Slime Boss","floor":16.0,"turns":6.0},{"damage":15.0,"enemies":"Shell Parasite","floor":18.0,"turns":3.0},{"damage":0.0,"enemies":"2 Thieves","floor":21.0,"turns":2.0},{"damage":23.0,"enemies":"Snake Plant","floor":22.0,"turns":3.0},{"damage":21.0,"enemies":"Slavers","floor":24.0,"turns":2.0},{"damage":48.0,"enemies":"Gremlin Leader","floor":28.0,"turns":3.0},{"damage":13.0,"enemies":"Cultist and Chosen","floor":29.0,"turns":5.0},{"damage":1,"enemies":"Snecko","floor":30,"turns":4},{"damage":18,"enemies":"Snake Plant","floor":31,"turns":4},{"damage":35,"enemies":"Automaton","floor":33,"turns":6},{"damage":0,"enemies":"Orb Walker","floor":35,"turns":2},{"damage":2,"enemies":"3 Shapes","floor":36,"turns":3},{"damage":9,"enemies":"Transient","floor":39,"turns":7},{"damage":0,"enemies":"Spire Growth","floor":41,"turns":3},{"damage":0,"enemies":"3 Darklings","floor":42,"turns":2},{"damage":66,"enemies":"Giant Head","floor":45,"turns":6}],"seed_played":"-3101208381760893848","potions_obtained":[{"floor":2.0,"key":"Block Potion"},{"floor":5.0,"key":"Energy Potion"},{"floor":6.0,"key":"EssenceOfSteel"},{"floor":12.0,"key":"Block Potion"},{"floor":13.0,"key":"Dexterity Potion"}],"is_trial":false,"path_per_floor":["M","M","M","?","M","E","$","?","T","E","R","M","E","?","R","B",null,"M","?","?","M","M","R","E","$","T","R","E","M","M","M","R","B",null,"M","M","$","T","M","R","M","M","T","R","E"],"character_chosen":"WATCHER","items_purchased":["Sanctity"],"campfire_rested":5,"item_purchase_floors":[37],"current_hp_per_floor":[61,52,50,50,50,47,47,47,47,39,59,59,56,56,56,56,65,50,50,50,50,39,59,38,38,38,58,22,21,32,26,46,23,57,57,55,55,55,46,46,46,46,46,66,0,0],"gold":0,"neow_bonus":"BOSS_RELIC","is_daily":false,"chose_seed":false,"campfire_upgraded":2,"win_rate":0.0,"timestamp":1614297753,"path_taken":["M","M","M","?","M","E","$","?","T","E","R","M","E","?","R","BOSS","M","?","?","M","?","R","E","$","T","R","E","M","M","M","R","BOSS","M","M","?","?","M","R","?","M","T","R","E"],"items_purchased_type":["Card"],"build_version":"2020-12-22","purchased_purges":0,"victory":false,"max_hp_per_floor":[68,68,68,68,68,68,68,68,68,68,68,68,68,68,68,68,68,68,68,68,68,68,68,68,68,68,68,68,68,68,68,68,68,68,68,68,68,68,68,68,68,68,68,68,68,68],"relic_stats":{"Sozu":5,"counters":[24,88],"Sundial":[4],"Bronze Scales":[142],"Ectoplasm":578,"Whetstone":["Strike_P","Strike_P"],"obtain_stats":[{"Sozu":17,"SlaversCollar":34,"Sundial":28,"Bronze Scales":13,"Vajra":10,"Ectoplasm":0,"Bag of Marbles":24,"Whetstone":26,"PureWater":0,"Toxic Egg 2":38,"StrikeDummy":43,"Meat on the Bone":6},{"Sozu":9,"SlaversCollar":18,"Sundial":14,"Bronze Scales":8,"Vajra":6,"Ectoplasm":0,"Bag of Marbles":13,"Whetstone":13,"PureWater":0,"Toxic Egg 2":20,"StrikeDummy":23,"Meat on the Bone":5},{"Sozu":33,"SlaversCollar":65,"Sundial":46,"Bronze Scales":27,"Vajra":23,"Ectoplasm":0,"Bag of Marbles":43,"Whetstone":43,"PureWater":0,"Toxic Egg 2":70,"StrikeDummy":82,"Meat on the Bone":19}],"Meat on the Bone":84},"card_choices":[{"not_picked":["ForeignInfluence","PathToVictory"],"picked":"Crescendo","floor":1.0},{"not_picked":["EmptyBody","Nirvana"],"picked":"FollowUp","floor":2.0},{"not_picked":["JustLucky","Crescendo"],"picked":"Halt","floor":3.0},{"not_picked":["CrushJoints","Prostrate"],"picked":"BowlingBash","floor":5.0},{"not_picked":["PathToVictory","Prostrate"],"picked":"CutThroughFate","floor":6.0},{"not_picked":["Study","Collect"],"picked":"LessonLearned","floor":10.0},{"not_picked":["Halt","Crescendo"],"picked":"ThirdEye","floor":12.0},{"not_picked":["Halt","EmptyBody"],"picked":"Consecrate","floor":13.0},{"not_picked":["LessonLearned","Brilliance"],"picked":"Omniscience","floor":16.0},{"not_picked":["JustLucky+1","Collect"],"picked":"Adaptation","floor":18.0},{"not_picked":["Halt","DeceiveReality"],"picked":"BowlingBash","floor":21.0},{"not_picked":["SashWhip","MentalFortress"],"picked":"Halt","floor":22.0},{"not_picked":["Vengeance+1","FollowUp+1"],"picked":"Blasphemy","floor":24.0},{"not_picked":["BowlingBash","Consecrate","Prostrate"],"picked":"SKIP","floor":28.0},{"not_picked":["Perseverance","FollowUp"],"picked":"EmptyMind+1","floor":29.0},{"not_picked":["SashWhip","EmptyMind"],"picked":"DeceiveReality","floor":30},{"not_picked":["WaveOfTheHand","Swivel+1"],"picked":"FollowUp","floor":31},{"not_picked":["Scrawl","Establishment"],"picked":"Vault","floor":33},{"not_picked":["WreathOfFlame","Halt+1"],"picked":"FearNoEvil+1","floor":35},{"not_picked":["Crescendo+1","FollowUp"],"picked":"CarveReality","floor":36},{"not_picked":["EmptyFist","FollowUp"],"picked":"Indignation+1","floor":39},{"not_picked":["DeceiveReality+1","JustLucky"],"picked":"CarveReality","floor":41},{"not_picked":["Evaluate+1","JustLucky"],"picked":"InnerPeace+1","floor":42}],"player_experience":1930018,"relics_obtained":[{"floor":6.0,"key":"Meat on the Bone"},{"floor":10.0,"key":"Vajra"},{"floor":13.0,"key":"Bronze Scales"},{"floor":24.0,"key":"Bag of Marbles"},{"floor":26.0,"key":"Whetstone"},{"floor":28.0,"key":"Sundial"},{"floor":38,"key":"Toxic Egg 2"},{"floor":43,"key":"StrikeDummy"}],"event_choices":[{"damage_healed":0.0,"max_hp_gain":0.0,"max_hp_loss":0.0,"gold_gain":0.0,"event_name":"Living Wall","player_choice":"Grow","floor":4.0,"gold_loss":0.0,"damage_taken":0.0,"cards_upgraded":["Eruption"]},{"damage_healed":0.0,"max_hp_gain":0.0,"max_hp_loss":0.0,"gold_gain":0.0,"event_name":"Scrap Ooze","player_choice":"Fled","floor":8.0,"gold_loss":0.0,"damage_taken":0.0},{"damage_healed":0.0,"max_hp_gain":0.0,"max_hp_loss":0.0,"gold_gain":0.0,"event_name":"Liars Game","player_choice":"Ignored","floor":14.0,"gold_loss":0.0,"damage_taken":0.0},{"damage_healed":0.0,"max_hp_gain":0.0,"max_hp_loss":0.0,"gold_gain":0.0,"event_name":"Lab","player_choice":"Got Potions","floor":20.0,"gold_loss":0.0,"damage_taken":0.0}],"is_beta":false,"boss_relics":[{"not_picked":["Empty Cage","Busted Crown"],"picked":"Sozu"},{"not_picked":["Philosopher\u0027s Stone","Cursed Key"],"picked":"SlaversCollar"}],"items_purged_floors":[],"is_endless":false,"potions_floor_spawned":[2,5,6,12,13,18,22,28,31,35,41],"killed_by":"Giant Head","ascension_level":20}}