{"host":"g11d3x3m0pyxfasu","time":1614336016,"event":{"mods":["BaseMod","Block Reminder","Hubris","Infinite Spire","Minty Spire (QoL Compilation)","Quick Restart","Reliquary","Replay The Spire","StSLib","SuperFastMode"],"gold_per_floor":[363,207,207,282,61,61,86,86,86,103,203,218,228,228,228,325,325,340,351,105,155,184,184,134,148,148],"floor_reached":25,"language":"ENG","playtime":1689,"items_purged":["Regret","Clumsy"],"score":199,"play_id":"f9b73f79-b4dd-4c73-af3d-d6d6a82a3f95","local_time":"20210226114016","is_ascension_mode":false,"campfire_choices":[{"data":"Draining Mist","floor":6.0,"key":"SMITH"},{"data":"Survivor","floor":8.0,"key":"SMITH"},{"data":"Iron Wave","floor":15.0,"key":"SMITH"},{"floor":23,"key":"REST"}],"circlet_count":0,"master_deck":["Strike_G","Strike_G","Strike_G","Strike_G","Strike_G","Defend_G","Defend_G","Defend_G","Defend_G","Defend_G","Survivor+1","Neutralize","Draining Mist+1","ReplayTheSpireMod:Speed Training","Escape Plan","Iron Wave+1","Burst","Clumsy","Clumsy","Voices","Injury","Hidden Blade"],"relics":["Ring of the Snake","infinitespire:PuzzleCube","reliquary:BallBearing","Lantern","reliquary:Stiletto","Pantograph","Replay:Ancient Bell","ReplayTheSpireMod:TigerMarble","Onion Ring","Lizard Tail","Strange Spoon","Ring of Greed","Membership Card","infinitespire:Midas Blood","ReplayTheSpireMod:Ring of Challenge"],"acts_visited":["Exordium","TheCity"],"potions_floor_usage":[22,22,22],"damage_taken":[{"damage":6.0,"enemies":"Jaw Worm","floor":1.0,"turns":4.0},{"damage":17.0,"enemies":"Gremlin Nob","floor":7.0,"turns":5.0},{"damage":0.0,"enemies":"2 Louse","floor":10.0,"turns":2.0},{"damage":0.0,"enemies":"infinitespire:Voidling","floor":12.0,"turns":4.0},{"damage":0.0,"enemies":"Exordium Wildlife","floor":13.0,"turns":6.0},{"damage":45.0,"enemies":"Fading Forest","floor":16.0,"turns":11.0},{"damage":6.0,"enemies":"Shell Parasite","floor":18.0,"turns":7.0},{"damage":10.0,"enemies":"Chosen","floor":19.0,"turns":8.0},{"damage":31,"enemies":"Snecko","floor":22,"turns":11},{"damage":41,"enemies":"Cultist and Chosen","floor":25,"turns":10}],"seed_played":"-3880235024426148044","potions_obtained":[{"floor":1.0,"key":"SpeedPotion"},{"floor":12.0,"key":"FearPotion"},{"floor":13.0,"key":"Weak Potion"}],"is_trial":false,"path_per_floor":["M","$","?","?","$","R","E","R","T","M","?","M","M","?","R","B",null,"M","M","$","?","M","R","?","M"],"character_chosen":"THE_SILENT","items_purchased":["infinitespire:PuzzleCube","Lantern","Strange Spoon"],"campfire_rested":1,"item_purchase_floors":[2,5,20],"current_hp_per_floor":[64,64,64,53,53,53,36,36,36,36,36,36,36,36,36,30,70,64,54,54,54,23,44,44,3,3],"gold":148,"neow_bonus":"TWO_FIFTY_GOLD","is_daily":false,"chose_seed":false,"campfire_upgraded":3,"win_rate":0.0,"timestamp":1614336016,"path_taken":["M","$","?","?","$","R","E","R","T","M","?","M","?","?","R","BOSS","M","?","$","?","M","R","?","M"],"items_purchased_type":["Relic","Relic","Relic"],"build_version":"2020-12-22","purchased_purges":2,"victory":false,"max_hp_per_floor":[70,70,70,70,70,70,70,70,70,70,70,70,70,70,70,70,70,70,70,70,70,70,70,70,70,70],"card_choices":[{"not_picked":["Bane","Bouncing Flask"],"picked":"Draining Mist","floor":1.0},{"not_picked":["hubris:Counter","Acrobatics","Outmaneuver"],"picked":"SKIP","floor":7.0},{"not_picked":["Deadly Poison","Backflip"],"picked":"ReplayTheSpireMod:Speed Training","floor":10.0},{"not_picked":["Prepared","Riddle With Holes"],"picked":"Escape Plan","floor":12.0},{"not_picked":["Acrobatics","Dagger Throw","Tactician"],"picked":"SKIP","floor":13.0},{"not_picked":["Doppelganger","Poison Darts"],"picked":"Burst","floor":16.0},{"not_picked":["Delirium","Shame"],"picked":"Clumsy","floor":17.0},{"not_picked":["Writhe","hubris:Greed"],"picked":"Clumsy","floor":17.0},{"not_picked":["hubris:Sloth","Doubt"],"picked":"Clumsy","floor":17.0},{"not_picked":["Outmaneuver","Backflip","Slice"],"picked":"SKIP","floor":18.0},{"not_picked":["Sneak Up","Underhanded Strike","Eviscerate"],"picked":"SKIP","floor":19.0},{"not_picked":["Bullet Time","ReplayTheSpireMod:Exploit Weakness"],"picked":"Hidden Blade","floor":22}],"player_experience":10892,"relics_obtained":[{"floor":7.0,"key":"reliquary:Stiletto"},{"floor":9.0,"key":"Pantograph"},{"floor":21.0,"key":"Ring of Greed"},{"floor":21.0,"key":"Membership Card"},{"floor":21.0,"key":"infinitespire:Midas Blood"},{"floor":21.0,"key":"ReplayTheSpireMod:Ring of Challenge"}],"event_choices":[{"damage_healed":0.0,"max_hp_gain":0.0,"max_hp_loss":0.0,"gold_gain":0.0,"event_name":"Big Fish","player_choice":"Box","floor":3.0,"gold_loss":0.0,"damage_taken":0.0,"relics_obtained":["reliquary:BallBearing"],"cards_obtained":["Regret"]},{"damage_healed":0.0,"max_hp_gain":0.0,"max_hp_loss":0.0,"gold_gain":75.0,"event_name":"World of Goop","player_choice":"Gather Gold","floor":4.0,"gold_loss":0.0,"damage_taken":11.0},{"damage_healed":0.0,"max_hp_gain":0.0,"max_hp_loss":0.0,"gold_gain":100.0,"event_name":"Golden Shrine","player_choice":"Pray","floor":11.0,"gold_loss":0.0,"damage_taken":0.0},{"cards_removed":["Replay:Hysterical Blindness"],"damage_healed":0.0,"max_hp_gain":0.0,"max_hp_loss":0.0,"gold_gain":0.0,"event_name":"NoteForYourself","player_choice":"Took Card","floor":14.0,"gold_loss":0.0,"damage_taken":0.0,"cards_obtained":["Iron Wave"]},{"damage_healed":0,"gold_gain":0,"player_choice":"Bet on Owner","damage_taken":0,"max_hp_gain":0,"max_hp_loss":0,"event_name":"The Joust","floor":24,"gold_loss":50}],"is_beta":false,"boss_relics":[{"not_picked":["reliquary:KinkedSpring","hubris:GrandSneckoEye"],"picked":"Replay:Ancient Bell"},{"not_picked":["MealTicket","reliquary:Knoch"],"picked":"ReplayTheSpireMod:TigerMarble"},{"not_picked":["hubris:DisguiseKit","Replay:Bottled Snecko"],"picked":"Onion Ring"},{"not_picked":["infinitespire:Magic Flask","Peace Pipe"],"picked":"Lizard Tail"}],"items_purged_floors":[5,20],"is_endless":false,"potions_floor_spawned":[1,12,13,16],"killed_by":"Cultist and Chosen","ascension_level":0}}