{"host":"dzs26xzxvr8oc34c","time":1614349912,"event":{"mods":["100% Spire Juice","Act Like it!","Arknights","BaseMod","Colored Map","Downfall","Minty Spire (QoL Compilation)","StSLib","SuperFastMode","Waifu the Spire"],"gold_per_floor":[117,69,169,344,344,370,370,382,407,407,420,420,80,112,112,215,215,234,234,58,58,58,87,87,114,114,127,161,161,161],"floor_reached":29,"language":"ZHS","playtime":1028,"items_purged":["downfall:Bewildered","Doubt"],"score":514,"play_id":"1fe0d9fc-afff-4eb2-b8ab-ee8545666a41","local_time":"20210226223152","is_ascension_mode":true,"campfire_choices":[{"data":"ats:LN2 Cannon","floor":7.0,"key":"SMITH"},{"data":"ats:Chain Hook","floor":10.0,"key":"SMITH"},{"data":"ats:Emotion Absorption","floor":12.0,"key":"SMITH"},{"data":"ats:Part Time Job","floor":15.0,"key":"SMITH"},{"data":"ats:Nebulous Foxfire","floor":24,"key":"SMITH"}],"circlet_count":0,"master_deck":["ats:Armor Crushing Shot","ats:Emotion Absorption+1","ats:Defend Order","ats:Part Time Job+1","ats:Poison Spread","ats:Very Hot Blade","ats:LN2 Cannon+1","ats:Spore Proliferation","ats:Literary Storm","ats:Red Shift","ats:Support Order","ats:Closed Bolt Burst Fire","Shame","ats:Fractured Body","Injury","Decay","ats:Chain Hook+1","ats:Charging Defense","downfall:Haunted","ats:Revitalization","ats:Demon Strength","ats:Shadow Assault","ats:Shell Defense","ats:Nebulous Foxfire+1","ats:Durian","Pain","Doubt","ats:Song Of Battle"],"relics":["Pandora\u0027s Box","downfall:ExtraCursedKey","ats:Originium","Art of War","Membership Card","ats:Ability Aura","MealTicket","Regal Pillow","Coffee Dripper","Mummified Hand","MutagenicStrength","Nloth\u0027s Gift","Bottled Lightning","sneckomod:BlankCard","Pantograph","Bottled Flame"],"acts_visited":["Exordium","TheCity"],"potions_floor_usage":[],"damage_taken":[{"damage":9.0,"enemies":"Jaw Worm","floor":1.0,"turns":2.0},{"damage":50.0,"enemies":"3 Sentries","floor":6.0,"turns":7.0},{"damage":12.0,"enemies":"Small Slimes","floor":8.0,"turns":2.0},{"damage":2.0,"enemies":"2 Louse","floor":11.0,"turns":2.0},{"damage":21.0,"enemies":"Lagavulin","floor":14.0,"turns":5.0},{"damage":9.0,"enemies":"Slime Boss","floor":16.0,"turns":6.0},{"damage":12.0,"enemies":"Chosen","floor":18.0,"turns":3.0},{"damage":31,"enemies":"Slavers","floor":23,"turns":3},{"damage":0,"enemies":"Gremlin Leader","floor":25,"turns":4},{"damage":25,"enemies":"2 Thieves","floor":27,"turns":2},{"damage":7,"enemies":"Slavers","floor":28,"turns":2},{"damage":47,"enemies":"Shelled Parasite and Fungi","floor":29,"turns":4}],"seed_played":"-832614111428120132","potions_obtained":[{"floor":1.0,"key":"Block Potion"},{"floor":5.0,"key":"Fire Potion"},{"floor":5.0,"key":"ats:Flame Arts Potion"},{"floor":5.0,"key":"ats:Emergency Sanity Potion"}],"is_trial":false,"path_per_floor":["M","$","?","?","?","E","R","M","T","R","M","R","$","E","R","B",null,"M","?","$","?","?","E","R","E","T","M","E","M"],"character_chosen":"DOCTOR_CLASS","items_purchased":["ats:Closed Bolt Burst Fire","Membership Card","ats:Ability Aura","MealTicket","Mummified Hand"],"campfire_rested":0,"item_purchase_floors":[2,13,13,13,20],"current_hp_per_floor":[63,63,68,68,68,24,24,12,12,12,13,13,13,4,4,4,77,69,69,77,77,77,51,51,64,64,39,34,0,0],"gold":161,"neow_bonus":"BOSS_RELIC","is_daily":false,"chose_seed":false,"campfire_upgraded":5,"win_rate":0.0,"timestamp":1614349912,"path_taken":["M","$","?","?","?","E","R","?","T","R","M","R","$","E","R","BOSS","M","?","$","?","?","E","R","E","T","?","E","M"],"items_purchased_type":["Card","Relic","Relic","Relic","Relic"],"build_version":"2020-12-22","purchased_purges":2,"victory":false,"max_hp_per_floor":[72,72,77,77,77,77,77,77,77,77,77,77,77,77,77,77,77,77,77,77,77,77,77,77,77,77,77,77,77,77],"card_choices":[{"not_picked":["ats:Spore Proliferation","ats:Thorns"],"picked":"ats:Support Order","floor":1.0},{"not_picked":["ats:Steam Pump","ats:Red Shift"],"picked":"ats:Chain Hook","floor":6.0},{"not_picked":["ats:Spore Proliferation","ats:Burning Ground"],"picked":"ats:Charging Defense","floor":8.0},{"not_picked":["ats:Very Hot Blade","ats:Demon Strength"],"picked":"ats:Revitalization","floor":11.0},{"not_picked":["ats:Shadow Assault","ats:Flame Of Heaven"],"picked":"ats:Demon Strength","floor":14.0},{"not_picked":["ats:Ambush","ats:True Silver Slash"],"picked":"ats:Shadow Assault","floor":16.0},{"not_picked":["ats:Closed Bolt Burst Fire","ats:Automatic Cover+1"],"picked":"ats:Shell Defense","floor":18.0},{"not_picked":["ats:Overload","ats:Cat Scratch+1"],"picked":"ats:Nebulous Foxfire","floor":23},{"not_picked":["ats:LN2 Cannon","ats:Fractured Body"],"picked":"ats:Durian","floor":25},{"not_picked":["ats:Guardian Obelisk","ats:Closed Bolt Burst Fire","ats:Consecutive Shot Auto"],"picked":"SKIP","floor":27},{"not_picked":["ats:Roar Of Ursus","ats:Hook Shot"],"picked":"ats:Song Of Battle","floor":28}],"player_experience":1223570,"relics_obtained":[{"floor":6.0,"key":"ats:Originium"},{"floor":6.0,"key":"Art of War"},{"floor":9.0,"key":"ats:Rhine Circuitry"},{"floor":14.0,"key":"ats:Originium"},{"floor":14.0,"key":"Regal Pillow"},{"floor":23,"key":"ats:Originium"},{"floor":23,"key":"Bottled Lightning"},{"floor":25,"key":"ats:Originium"},{"floor":25,"key":"sneckomod:BlankCard"},{"floor":26,"key":"Pantograph"},{"floor":28,"key":"Bottled Flame"}],"event_choices":[{"damage_healed":0.0,"max_hp_gain":0.0,"max_hp_loss":0.0,"gold_gain":175.0,"event_name":"Liars Game","player_choice":"AGREE","floor":4.0,"gold_loss":0.0,"damage_taken":0.0,"cards_obtained":["Doubt"]},{"damage_healed":0.0,"max_hp_gain":0.0,"max_hp_loss":0.0,"gold_gain":0.0,"event_name":"Lab","player_choice":"Got Potions","floor":5.0,"gold_loss":0.0,"damage_taken":0.0},{"damage_healed":0.0,"max_hp_gain":0.0,"max_hp_loss":0.0,"gold_gain":0.0,"event_name":"Ghosts","player_choice":"Ignored","floor":19.0,"gold_loss":0.0,"damage_taken":0.0},{"damage_healed":0,"gold_gain":0,"player_choice":"Inject Mutagens","damage_taken":0,"relics_obtained":["MutagenicStrength"],"max_hp_gain":0,"max_hp_loss":0,"event_name":"Drug Dealer","floor":21,"gold_loss":0},{"damage_healed":0,"gold_gain":0,"player_choice":"Traded Relic","damage_taken":0,"relics_obtained":["Nloth\u0027s Gift"],"max_hp_gain":0,"max_hp_loss":0,"event_name":"N\u0027loth","floor":22,"relics_lost":["ats:Rhine Circuitry"],"gold_loss":0}],"is_beta":false,"boss_relics":[{"not_picked":["Ectoplasm","Sozu"],"picked":"Coffee Dripper"}],"items_purged_floors":[13,20],"is_endless":false,"potions_floor_spawned":[1,8,11,14,23,25,28],"killed_by":"Shelled Parasite and Fungi","ascension_level":3}}