{"host":"3l94tha3a4jgu0q4","time":1614323272,"event":{"mods":["2.2 Compatiblity","AchievementEnabler","Aspiration","BaseMod","Better Altar","Better Match","Better Note","Better Sensory Stone","Better Skull","Better Third Choice","Colored Map","Colored Powertips","Fox Events","Hermit","Highlight Path","Hubris","Humility","Minty Spire (QoL Compilation)","Monster B Gone","Permanent Neow","Relic Stats","Replay The Spire","StSLib","SuperFastMode","The IronCluck","Wandering Minibosses","slay the spire mod where everything is the same but ironclad has a cowboy hat"],"gold_per_floor":[114,125,138,138,88,88,108,71,147,166,166,166,166],"floor_reached":12,"language":"ENG","playtime":214,"items_purged":[],"score":70,"play_id":"c3a41576-7566-4e2f-8b3b-8bc6723a5938","local_time":"20210225230752","is_ascension_mode":false,"campfire_choices":[{"data":"Neutralize","floor":6,"key":"SMITH"},{"data":"Predator","floor":11,"key":"SMITH"}],"circlet_count":0,"master_deck":["Strike_G","Strike_G","Strike_G","Strike_G","Defend_G","Defend_G","Defend_G","Defend_G+1","Defend_G","Survivor+1","Neutralize+1","Acrobatics","Dash","Dagger Throw","Predator+1","Sucker Punch+1","Quick Slash"],"relics":["Ring of the Snake","aspiration:Nostalgia","hermit:Momento","hubris:TinFlute"],"acts_visited":["Exordium"],"potions_floor_usage":[12],"damage_taken":[{"damage":4,"enemies":"2 Louse","floor":1,"turns":5},{"damage":19,"enemies":"Jaw Worm","floor":2,"turns":8},{"damage":3,"enemies":"Small Slimes","floor":3,"turns":5},{"damage":0,"enemies":"2 Fungi Beasts","floor":7,"turns":4},{"damage":2,"enemies":"Looter","floor":10,"turns":3},{"damage":28,"enemies":"3 Sentries","floor":12,"turns":3}],"seed_played":"407218759470787514","potions_obtained":[{"floor":2,"key":"Block Potion"}],"is_trial":false,"path_per_floor":["M","M","M","?","?","R","M","$","T","M","R","E"],"character_chosen":"THE_SILENT","items_purchased":["Sucker Punch+1"],"campfire_rested":0,"item_purchase_floors":[8],"current_hp_per_floor":[66,47,44,30,30,30,30,30,30,28,28,0,0],"gold":166,"neow_bonus":"NOSTALGIA","is_daily":false,"chose_seed":false,"campfire_upgraded":2,"win_rate":0.0,"timestamp":1614323272,"path_taken":["M","M","M","?","?","R","M","$","T","M","R","E"],"items_purchased_type":["Card"],"build_version":"2020-12-22","purchased_purges":0,"victory":false,"max_hp_per_floor":[70,70,70,70,70,70,70,70,70,70,70,70,70],"relic_stats":{"counters":[6,28],"obtain_stats":[{"aspiration:Nostalgia":0,"hermit:Momento":0,"hubris:TinFlute":9,"Ring of the Snake":0},{"aspiration:Nostalgia":0,"hermit:Momento":0,"hubris:TinFlute":4,"Ring of the Snake":0},{"aspiration:Nostalgia":0,"hermit:Momento":0,"hubris:TinFlute":22,"Ring of the Snake":0}],"Ring of the Snake":[12]},"card_choices":[{"not_picked":["Setup","Dagger Spray"],"picked":"Acrobatics","floor":1},{"not_picked":["Sneak Up","Finisher"],"picked":"Dash","floor":2},{"not_picked":["Tactician","Escape Plan"],"picked":"Dagger Throw","floor":3},{"not_picked":["Fluid Movement","Hidden Blade"],"picked":"Predator","floor":7},{"not_picked":["Deadly Poison","Outmaneuver"],"picked":"Quick Slash","floor":10}],"player_experience":1994686,"relics_obtained":[{"floor":9,"key":"hubris:TinFlute"}],"event_choices":[{"damage_healed":44,"gold_gain":0,"player_choice":"Upgrade","damage_taken":14,"max_hp_gain":0,"max_hp_loss":70,"event_name":"betterThird:BetterShining","floor":4,"gold_loss":0,"cards_upgraded":["Defend_G","Survivor"]},{"cards_removed":["Strike_G"],"damage_healed":0,"gold_gain":0,"player_choice":"Card Removal","damage_taken":0,"max_hp_gain":0,"max_hp_loss":0,"event_name":"The Cleric","floor":5,"gold_loss":50}],"is_beta":false,"boss_relics":[],"items_purged_floors":[],"is_endless":false,"potions_floor_spawned":[2],"killed_by":"3 Sentries","ascension_level":0,"is_humility":true}}