{"host":"88sw61cmk1203zgj","time":1614307300,"event":{"mods":["BaseMod","Minty Spire (QoL Compilation)"],"gold_per_floor":[109,34,45,45,55,55,90,90,171,198,117,149,103,134,134,213,213,230,240,240,259,22,22,54,72,72,88,88,88,118,118,118,192,192,202,202,202,227,247,247,276,295,295,315,89,89,118,131,131,131,131,131,43,77,77,77],"floor_reached":55,"language":"ENG","playtime":3025,"items_purged":["Clothesline"],"score":1362,"play_id":"fc4d9781-35f6-4bd1-ae11-f9737f20614f","local_time":"20210225214140","is_ascension_mode":true,"campfire_choices":[{"data":"Armaments","floor":6.0,"key":"SMITH"},{"data":"Fire Breathing","floor":15.0,"key":"SMITH"},{"data":"Double Tap","floor":23.0,"key":"SMITH"},{"floor":29.0,"key":"REST"},{"data":"Shockwave","floor":32.0,"key":"SMITH"},{"data":"Limit Break","floor":40.0,"key":"SMITH"},{"data":"True Grit","floor":46,"key":"SMITH"},{"floor":49,"key":"RECALL"},{"data":"Bloodletting","floor":52,"key":"SMITH"}],"circlet_count":0,"master_deck":["AscendersBane","Strike_R","Strike_R","Strike_R","Strike_R","Defend_R","Defend_R","Defend_R","Defend_R","Bash+1","Fire Breathing+1","Armaments+1","Cleave","Whirlwind","Anger","Double Tap+1","Flex+1","Fire Breathing+1","Shockwave+1","Anger","Feed","Limit Break+1","Bloodletting+1","Shrug It Off+1","Flex+1","Metallicize+1","True Grit+1","True Grit+1","Pummel","Reaper"],"relics":["Burning Blood","StrikeDummy","Singing Bowl","Shuriken","Magic Flower","Art of War","Pocketwatch","Runic Pyramid","Chemical X","MealTicket","Self Forming Clay","Ancient Tea Set","SlaversCollar","Lizard Tail","Meat on the Bone","ClockworkSouvenir","Toy Ornithopter","Bird Faced Urn"],"acts_visited":["Exordium","TheCity","TheBeyond","TheEnding"],"potions_floor_usage":[50,55],"damage_taken":[{"damage":9.0,"enemies":"Jaw Worm","floor":1.0,"turns":5.0},{"damage":1.0,"enemies":"Cultist","floor":3.0,"turns":4.0},{"damage":5.0,"enemies":"2 Louse","floor":5.0,"turns":2.0},{"damage":27.0,"enemies":"Lagavulin","floor":7.0,"turns":8.0},{"damage":28.0,"enemies":"Gremlin Nob","floor":10.0,"turns":4.0},{"damage":32.0,"enemies":"Lagavulin","floor":12.0,"turns":8.0},{"damage":8.0,"enemies":"Gremlin Nob","floor":14.0,"turns":3.0},{"damage":25.0,"enemies":"Slime Boss","floor":16.0,"turns":5.0},{"damage":19.0,"enemies":"2 Thieves","floor":18.0,"turns":4.0},{"damage":12.0,"enemies":"Chosen","floor":19.0,"turns":3.0},{"damage":13.0,"enemies":"Centurion and Healer","floor":21.0,"turns":5.0},{"damage":21.0,"enemies":"Slavers","floor":24.0,"turns":2.0},{"damage":20.0,"enemies":"Shelled Parasite and Fungi","floor":25.0,"turns":4.0},{"damage":10.0,"enemies":"Snecko","floor":27.0,"turns":3.0},{"damage":0.0,"enemies":"Snake Plant","floor":28.0,"turns":2.0},{"damage":19.0,"enemies":"Gremlin Leader","floor":30.0,"turns":4.0},{"damage":51.0,"enemies":"Champ","floor":33.0,"turns":8.0},{"damage":30.0,"enemies":"3 Darklings","floor":35.0,"turns":4.0},{"damage":11.0,"enemies":"Mind Bloom Boss Battle","floor":38.0,"turns":7.0},{"damage":15.0,"enemies":"Orb Walker","floor":39.0,"turns":4.0},{"damage":2.0,"enemies":"Reptomancer","floor":41.0,"turns":5.0},{"damage":40,"enemies":"Spire Growth","floor":42,"turns":4},{"damage":3,"enemies":"Sphere and 2 Shapes","floor":44,"turns":2},{"damage":28,"enemies":"Nemesis","floor":47,"turns":3},{"damage":23,"enemies":"Transient","floor":48,"turns":5},{"damage":44,"enemies":"Donu and Deca","floor":50,"turns":6},{"damage":102,"enemies":"Shield and Spear","floor":54,"turns":5},{"damage":199,"enemies":"The Heart","floor":55,"turns":9}],"seed_played":"-5786900722890486086","potions_obtained":[{"floor":5.0,"key":"EntropicBrew"},{"floor":12.0,"key":"Block Potion"},{"floor":18.0,"key":"SteroidPotion"},{"floor":25.0,"key":"BlessingOfTheForge"},{"floor":27.0,"key":"SmokeBomb"},{"floor":30.0,"key":"DistilledChaos"},{"floor":39.0,"key":"SpeedPotion"},{"floor":41.0,"key":"DuplicationPotion"},{"floor":42,"key":"Fire Potion"}],"is_trial":false,"path_per_floor":["M","?","M","T","M","R","E","?","T","E","$","E","?","E","R","B",null,"M","M","?","M","$","R","E","M","T","M","M","R","E","?","R","B",null,"M","?","?","?","M","R","E","M","T","M","$","R","E","M","R","B",null,"R","$","E","B"],"character_chosen":"IRONCLAD","items_purchased":["Whirlwind","Chemical X","ClockworkSouvenir","True Grit","Pummel"],"campfire_rested":1,"item_purchase_floors":[11,22,45,45,53],"current_hp_per_floor":[65,65,70,70,71,71,50,75,75,55,55,32,32,35,35,19,64,54,51,51,49,49,49,39,28,28,27,36,60,50,67,67,25,69,48,48,50,48,49,49,62,57,57,63,78,78,66,70,70,66,98,98,108,33,0,0],"gold":77,"neow_bonus":"UPGRADE_CARD","is_daily":false,"chose_seed":false,"campfire_upgraded":7,"win_rate":0.0,"timestamp":1614307300,"path_taken":["M","?","M","?","?","R","E","?","T","E","?","E","?","E","R","BOSS","M","M","?","?","$","R","E","M","T","M","M","R","E","?","R","BOSS","M","?","?","?","M","R","E","M","T","M","$","R","E","M","R","BOSS","R","$","E","BOSS"],"items_purchased_type":["Card","Relic","Relic","Card","Card"],"build_version":"2020-12-22","purchased_purges":1,"victory":false,"max_hp_per_floor":[75,75,75,75,75,75,75,75,75,77,77,77,77,79,79,79,79,79,79,79,81,81,81,83,83,83,83,83,83,83,83,83,83,83,83,83,85,85,90,90,94,100,100,100,100,100,105,105,105,108,108,108,108,108,108,108],"card_choices":[{"not_picked":["Pommel Strike","Havoc"],"picked":"Fire Breathing","floor":1.0},{"not_picked":["Clash","Warcry"],"picked":"Clothesline","floor":3.0},{"not_picked":["Clash","Flex"],"picked":"Armaments","floor":5.0},{"not_picked":["Carnage","Iron Wave"],"picked":"Cleave","floor":7.0},{"not_picked":["Body Slam","Seeing Red","Clash"],"picked":"Singing Bowl","floor":10.0},{"not_picked":["Limit Break","Flame Barrier"],"picked":"Anger","floor":12.0},{"not_picked":["Cleave","Perfected Strike","Carnage"],"picked":"Singing Bowl","floor":14.0},{"not_picked":["Feed","Offering"],"picked":"Double Tap","floor":16.0},{"not_picked":["Searing Blow","Anger"],"picked":"Flex+1","floor":18.0},{"not_picked":["Pummel","Dropkick"],"picked":"Fire Breathing+1","floor":19.0},{"not_picked":["Searing Blow","Sentinel","Armaments"],"picked":"Singing Bowl","floor":21.0},{"not_picked":["Pummel","Evolve","Perfected Strike"],"picked":"Singing Bowl","floor":24.0},{"not_picked":["Hemokinesis+1","Armaments"],"picked":"Shockwave","floor":25.0},{"not_picked":["Flex","Sentinel"],"picked":"Anger","floor":27.0},{"not_picked":["Shrug It Off","Hemokinesis"],"picked":"Feed","floor":30.0},{"not_picked":["Demon Form","Double Tap"],"picked":"Limit Break","floor":33.0},{"not_picked":["Clothesline","Thunderclap"],"picked":"Bloodletting","floor":35.0},{"not_picked":["Forethought","Enlightenment","Magnetism"],"picked":"Singing Bowl","floor":37.0},{"not_picked":["Battle Trance","Clothesline+1"],"picked":"Shrug It Off+1","floor":38.0},{"not_picked":["Pommel Strike","Cleave","Thunderclap+1"],"picked":"Singing Bowl","floor":39.0},{"not_picked":["Headbutt","Clash"],"picked":"Flex+1","floor":41.0},{"not_picked":["Body Slam+1","Twin Strike","Thunderclap"],"picked":"Singing Bowl","floor":42},{"not_picked":["Cleave","Dark Embrace+1"],"picked":"Metallicize+1","floor":44},{"not_picked":["Burning Pact","Blood for Blood","Whirlwind"],"picked":"Singing Bowl","floor":47},{"not_picked":["Cleave","Inflame+1"],"picked":"True Grit+1","floor":48},{"not_picked":["Body Slam+1","Pummel"],"picked":"Reaper","floor":54}],"player_experience":1620769,"relics_obtained":[{"floor":4.0,"key":"StrikeDummy"},{"floor":7.0,"key":"Singing Bowl"},{"floor":9.0,"key":"Shuriken"},{"floor":10.0,"key":"Magic Flower"},{"floor":12.0,"key":"Art of War"},{"floor":14.0,"key":"Pocketwatch"},{"floor":24.0,"key":"MealTicket"},{"floor":26.0,"key":"Self Forming Clay"},{"floor":30.0,"key":"Ancient Tea Set"},{"floor":38.0,"key":"Lizard Tail"},{"floor":41.0,"key":"Meat on the Bone"},{"floor":47,"key":"Toy Ornithopter"},{"floor":54,"key":"Bird Faced Urn"}],"event_choices":[{"cards_removed":["Strike_R"],"damage_healed":0.0,"max_hp_gain":0.0,"max_hp_loss":0.0,"gold_gain":0.0,"event_name":"The Cleric","player_choice":"Card Removal","floor":2.0,"gold_loss":75.0,"damage_taken":0.0},{"damage_healed":25.0,"max_hp_gain":0.0,"max_hp_loss":0.0,"gold_gain":0.0,"event_name":"Big Fish","player_choice":"Banana","floor":8.0,"gold_loss":0.0,"damage_taken":0.0},{"damage_healed":0.0,"max_hp_gain":0.0,"max_hp_loss":0.0,"gold_gain":0.0,"event_name":"World of Goop","player_choice":"Left Gold","floor":13.0,"gold_loss":46.0,"damage_taken":0.0},{"damage_healed":0.0,"max_hp_gain":0.0,"max_hp_loss":0.0,"gold_gain":0.0,"event_name":"N\u0027loth","player_choice":"Ignored","floor":20.0,"gold_loss":0.0,"damage_taken":0.0},{"damage_healed":17.0,"max_hp_gain":0.0,"max_hp_loss":0.0,"gold_gain":0.0,"event_name":"The Library","player_choice":"Heal","floor":31.0,"gold_loss":0.0,"damage_taken":0.0},{"damage_healed":0.0,"max_hp_gain":0.0,"max_hp_loss":0.0,"gold_gain":0.0,"event_name":"Tomb of Lord Red Mask","player_choice":"Ignored","floor":36.0,"gold_loss":0.0,"damage_taken":0.0},{"damage_healed":0.0,"max_hp_gain":0.0,"max_hp_loss":0.0,"gold_gain":0.0,"event_name":"SensoryStone","player_choice":"Memory 1","floor":37.0,"gold_loss":0.0,"damage_taken":0.0},{"damage_healed":0.0,"max_hp_gain":0.0,"max_hp_loss":0.0,"gold_gain":0.0,"event_name":"MindBloom","player_choice":"Fight","floor":38.0,"gold_loss":0.0,"damage_taken":0.0}],"is_beta":false,"boss_relics":[{"not_picked":["Busted Crown","Fusion Hammer"],"picked":"Runic Pyramid"},{"not_picked":["Runic Dome","SacredBark"],"picked":"SlaversCollar"}],"items_purged_floors":[22],"is_endless":false,"potions_floor_spawned":[5,12,16,18,25,27,30,39,41,42],"killed_by":"The Heart","ascension_level":16}}