{"host":"1t0llcfp0lo7rmr4","time":1614325923,"event":{"mods":["AchievementEnabler","Aspiration","BaseMod","Beaked The Cultist","Better Note","Block Reminder","Colored Powertips","GifTheSpireLib","Hermit","Hubris","Jorbs\u0027s Wanderer Trilogy","Minty Spire (QoL Compilation)","Permanent Neow","Potionbrewer","Quick Restart","Relic Filter","Replay The Spire","StSLib","SuperFastMode","The Bladedancer","The Bug Knight","The Cursed","The Death Knight","The Druid","The Elementalist","The Exalted","The Forsaken","The Judge","The Poker Player","The Runesmith"],"gold_per_floor":[116,116,126,144,164,194,213,213,213,213,241,259,275,287,287,383,383,399,399,399,399,379,379,390,390,416,435,435,466,477,477,477],"floor_reached":31,"language":"ENG","playtime":1578,"items_purged":[],"score":285,"play_id":"b3e9577a-347f-4c80-a4b2-5a0e7d2bc322","local_time":"20210226185203","is_ascension_mode":true,"campfire_choices":[{"floor":8.0,"key":"REST"},{"floor":10.0,"key":"REST"},{"floor":15.0,"key":"REST"},{"floor":23.0,"key":"REST"},{"floor":25.0,"key":"REST"},{"floor":28.0,"key":"RECALL"}],"circlet_count":0,"master_deck":["hermit:Strike_Hermit","hermit:Strike_Hermit","hermit:Strike_Hermit","hermit:Defend_Hermit","hermit:Defend_Hermit","hermit:Snapshot","hermit:Covet","Languid","hermit:HighNoon","Underhanded Strike","Venomology","ReplayTheSpireMod:Speed Training","hermit:TakeAim","hermit:Determination","hermit:Gambit","hermit:Gestalt","hermit:FlashPowder","hermit:CursedWeapon","hermit:Combo","hermit:FromBeyond","hermit:Reprieve","hermit:ItchyTrigger+1","hermit:FlashPowder","hermit:FlashPowder","hermit:EyeOfTheStorm","hermit:Dive+1","hermit:Quickdraw"],"relics":["hermit:Momento","ReplayTheSpireMod:Ninjato","DeathKnight:PutricidesVial","aspiration:MobileForge","MealTicket","Pet Ghost"],"acts_visited":["Exordium","TheCity"],"potions_floor_usage":[29,30,30,31],"damage_taken":[{"damage":1.0,"enemies":"Jaw Worm","floor":1.0,"turns":4.0},{"damage":0.0,"enemies":"Cultist","floor":3.0,"turns":4.0},{"damage":3.0,"enemies":"2 Louse","floor":4.0,"turns":4.0},{"damage":20.0,"enemies":"Blue Slaver","floor":5.0,"turns":5.0},{"damage":29.0,"enemies":"Lagavulin","floor":6.0,"turns":7.0},{"damage":7.0,"enemies":"3 Louse","floor":7.0,"turns":2.0},{"damage":2.0,"enemies":"Gremlin Nob","floor":11.0,"turns":4.0},{"damage":1.0,"enemies":"Red Slaver","floor":12.0,"turns":3.0},{"damage":18.0,"enemies":"Exordium Thugs","floor":13.0,"turns":7.0},{"damage":4.0,"enemies":"2 Fungi Beasts","floor":14.0,"turns":6.0},{"damage":49.0,"enemies":"The Guardian","floor":16.0,"turns":9.0},{"damage":37.0,"enemies":"3 Byrds","floor":18.0,"turns":7.0},{"damage":42.0,"enemies":"2 Thieves","floor":22.0,"turns":4.0},{"damage":23.0,"enemies":"Snake Plant","floor":24.0,"turns":3.0},{"damage":13.0,"enemies":"Chosen and Byrds","floor":27.0,"turns":8.0},{"damage":47,"enemies":"Replay:Snechameleon","floor":29,"turns":8},{"damage":4,"enemies":"Snecko","floor":30,"turns":8},{"damage":11,"enemies":"Centurion and Healer","floor":31,"turns":2}],"seed_played":"-3437096917835557434","potions_obtained":[{"floor":1.0,"key":"ColorlessPotion"},{"floor":3.0,"key":"potionbrewer:EndurancePotion"},{"floor":4.0,"key":"DeathKnight:RimePotion"},{"floor":7.0,"key":"Elixir"},{"floor":16.0,"key":"Dexterity Potion"},{"floor":24.0,"key":"ColorlessPotion"},{"floor":27.0,"key":"Explosive Potion"},{"floor":29,"key":"GamblersBrew"}],"is_trial":false,"path_per_floor":["M","?","M","M","M","E","M","R","T","R","E","M","M","M","R","B",null,"M","?","?","?","M","R","M","R","T","M","R","E","M","M"],"character_chosen":"HERMIT","items_purchased":[],"campfire_rested":5,"item_purchase_floors":[],"current_hp_per_floor":[74,74,74,71,51,22,15,37,37,59,57,56,53,49,71,22,75,38,38,38,75,33,55,40,62,62,57,57,14,10,0,0],"gold":477,"neow_bonus":"THREE_RARE_CARDS","is_daily":false,"chose_seed":false,"campfire_upgraded":0,"win_rate":0.0,"timestamp":1614325923,"path_taken":["M","?","M","?","M","E","M","R","T","R","E","?","M","M","R","BOSS","M","?","?","?","M","R","M","R","T","M","R","E","M","M"],"items_purchased_type":[],"build_version":"2020-12-22","purchased_purges":0,"victory":false,"max_hp_per_floor":[75,75,75,75,75,75,75,75,75,75,75,75,75,75,75,75,75,75,75,75,75,75,75,75,75,75,75,75,75,75,75,75],"card_choices":[{"not_picked":["hermit:Gambit","hermit:Purgatory"],"picked":"hermit:HighNoon","floor":0.0},{"not_picked":["hermit:Snipe","hermit:Misfire","hermit:Dive"],"picked":"SKIP","floor":1.0},{"not_picked":["hermit:SprayPray","hermit:ShadowCloak"],"picked":"hermit:TakeAim","floor":3.0},{"not_picked":["hermit:Headshot","hermit:Snipe"],"picked":"hermit:Determination","floor":4.0},{"not_picked":["hermit:Snipe","hermit:BodyArmor"],"picked":"hermit:Gambit","floor":5.0},{"not_picked":["hermit:Feint","hermit:Desperado","hermit:Ricochet"],"picked":"SKIP","floor":6.0},{"not_picked":["hermit:CalledShot","hermit:Midnight"],"picked":"hermit:Gestalt","floor":7.0},{"not_picked":["hermit:Vantage","hermit:Manifest"],"picked":"hermit:FlashPowder","floor":11.0},{"not_picked":["hermit:Misfire","hermit:LuckOfTheDraw"],"picked":"hermit:CursedWeapon","floor":12.0},{"not_picked":["hermit:Roulette","hermit:LowProfile"],"picked":"hermit:Combo","floor":13.0},{"not_picked":["hermit:Desperado","hermit:SprayPray"],"picked":"hermit:FromBeyond","floor":14.0},{"not_picked":["hermit:Roughhouse","hermit:HeroicBravado"],"picked":"hermit:Reprieve","floor":16.0},{"not_picked":["hermit:Malice+1","hermit:HighCaliber"],"picked":"hermit:ItchyTrigger+1","floor":18.0},{"not_picked":["hermit:Quickdraw","hermit:LuckOfTheDraw"],"picked":"hermit:FlashPowder","floor":22.0},{"not_picked":["hermit:HoleUp","hermit:Desperado"],"picked":"hermit:FlashPowder","floor":24.0},{"not_picked":["hermit:Headshot","hermit:Purgatory"],"picked":"hermit:EyeOfTheStorm","floor":27.0},{"not_picked":["hermit:Feint","hermit:Ricochet"],"picked":"hermit:Dive+1","floor":29},{"not_picked":["hermit:SprayPray","hermit:BodyArmor+1"],"picked":"hermit:Quickdraw","floor":30}],"player_experience":891172,"relics_obtained":[{"floor":6.0,"key":"ReplayTheSpireMod:Ninjato"},{"floor":11.0,"key":"DeathKnight:PutricidesVial"},{"floor":26.0,"key":"MealTicket"},{"floor":29,"key":"Pet Ghost"}],"event_choices":[{"damage_healed":0.0,"max_hp_gain":0.0,"max_hp_loss":0.0,"gold_gain":0.0,"event_name":"Ghosts","player_choice":"Ignored","floor":20.0,"gold_loss":0.0,"damage_taken":0.0},{"damage_healed":37.0,"max_hp_gain":0.0,"max_hp_loss":0.0,"gold_gain":0.0,"event_name":"Wheel of Change","player_choice":"Full Heal","floor":21.0,"gold_loss":0.0,"damage_taken":0.0}],"is_beta":false,"boss_relics":[{"not_picked":["aspiration:RunicSpoon","Runic Dome"],"picked":"aspiration:MobileForge"}],"items_purged_floors":[],"is_endless":false,"potions_floor_spawned":[1,3,4,7,16,24,27,29],"killed_by":"Centurion and Healer","ascension_level":1}}