{"host":"y7wrf01yacd588jx","time":1614303571,"event":{"mods":["AchievementEnabler","Act Like it!","Aspiration","BaseMod","Better Sensory Stone","Better Skull","Colored Map","Colored Powertips","Conspire","Displayed Cursed Tome","Downfall","Energized Spire","Friendly Minions","Gensokyo","GifTheSpireLib","Googly Eyes","Hermit","Hubris","Infinite Spire","Minty Spire (QoL Compilation)","Permanent Neow","Relic Sorter","Reliquary","Replay The Spire","Ruina","Shade Mod","StSLib","Stuff the Spire","The Cursed","The Death Knight","The Hierophant","The Mystic","The Necromancer","The Sage"],"gold_per_floor":[116,136,136,136,211,237,202,215,264,55,55,68,96,109,109,109,109],"floor_reached":16,"language":"ENG","playtime":1457,"items_purged":[],"score":135,"play_id":"d5d0341d-02ff-47a6-b812-288fcfbfb69b","local_time":"20210225203931","is_ascension_mode":false,"campfire_choices":[{"data":"mysticmod:SpontaneousCaster","floor":11.0,"key":"SMITH"},{"data":"Barricade","floor":15,"key":"SMITH"}],"circlet_count":0,"master_deck":["mysticmod:Strike_Mystic","mysticmod:Strike_Mystic","mysticmod:Strike_Mystic","mysticmod:Strike_Mystic","mysticmod:Defend_Mystic","mysticmod:Defend_Mystic","mysticmod:Defend_Mystic","mysticmod:Defend_Mystic","mysticmod:ArcaneDodge","mysticmod:ShockingGrasp+1","mysticmod:Sideswipe","mysticmod:LightningBolt","mysticmod:SuddenClarity","ReplayTheSpireMod:Muscle Training","mysticmod:BladedDash+1","mysticmod:SpontaneousCaster+1","Barricade+1"],"relics":["StuffTheSpire:OccultApparatus","aspiration:Nostalgia","Iron Core","Replay:Bottled Eggs","Anchor","Replay:PocketPolymizer"],"acts_visited":["Exordium"],"potions_floor_usage":[13,13,16],"damage_taken":[{"damage":6.0,"enemies":"conspire:RoseBush","floor":1.0,"turns":3.0},{"damage":0.0,"enemies":"Small Slimes","floor":2.0,"turns":3.0},{"damage":13.0,"enemies":"Replay:BlueRogue","floor":6.0,"turns":9.0},{"damage":0.0,"enemies":"2 Louse","floor":8.0,"turns":3.0},{"damage":1.0,"enemies":"Looter","floor":12.0,"turns":3.0},{"damage":2,"enemies":"3 Sentries","floor":13,"turns":8},{"damage":5,"enemies":"conspire:2 RoseBushes","floor":14,"turns":6},{"damage":60,"enemies":"Hexaghost","floor":16,"turns":17}],"seed_played":"-3199247034612818117","potions_obtained":[{"floor":2.0,"key":"SteroidPotion"},{"floor":6.0,"key":"Dexterity Potion"},{"floor":8.0,"key":"mysticmod:EssenceOfMagic"},{"floor":14,"key":"Elixir"}],"is_trial":false,"path_per_floor":["M","M","?","?","?","E","?","M","T","$","R","M","E","M","R","B"],"character_chosen":"MYSTIC_CLASS","items_purchased":["mysticmod:BladedDash+1","mysticmod:SpontaneousCaster"],"campfire_rested":0,"item_purchase_floors":[10,10],"current_hp_per_floor":[71,71,71,71,60,47,66,66,66,66,66,65,63,58,58,0,0],"gold":109,"neow_bonus":"NOSTALGIA","is_daily":false,"chose_seed":false,"campfire_upgraded":2,"win_rate":0.0,"timestamp":1614303571,"path_taken":["M","M","?","?","?","E","?","M","T","$","R","?","E","M","R","BOSS"],"items_purchased_type":["Card","Card"],"build_version":"2020-12-22","purchased_purges":0,"victory":false,"max_hp_per_floor":[77,77,77,77,77,77,77,77,77,77,77,77,77,77,77,77,77],"card_choices":[{"not_picked":["mysticmod:Alacrity","mysticmod:Daze"],"picked":"mysticmod:Sideswipe","floor":1.0},{"not_picked":["ReplayTheSpireMod:GoodbyeWorld","Clash"],"picked":"mysticmod:LightningBolt","floor":2.0},{"not_picked":["FTL","mysticmod:Daze"],"picked":"mysticmod:SuddenClarity","floor":6.0},{"not_picked":["Flex","mysticmod:Shield"],"picked":"ReplayTheSpireMod:Muscle Training","floor":8.0},{"not_picked":["Gash","Capacitor","mysticmod:Sideswipe"],"picked":"SKIP","floor":12.0},{"not_picked":["Warcry","Turbo"],"picked":"Barricade","floor":13},{"not_picked":["Evolve","Warcry","Hologram"],"picked":"SKIP","floor":14}],"player_experience":181582,"relics_obtained":[{"floor":6.0,"key":"Replay:Bottled Eggs"},{"floor":9.0,"key":"Anchor"},{"floor":13,"key":"Replay:PocketPolymizer"}],"event_choices":[{"damage_healed":0.0,"max_hp_gain":0.0,"max_hp_loss":0.0,"gold_gain":0.0,"event_name":"Golden Wing","player_choice":"Ignored","floor":3.0,"gold_loss":0.0,"damage_taken":0.0},{"damage_healed":0.0,"max_hp_gain":0.0,"max_hp_loss":0.0,"gold_gain":75.0,"event_name":"World of Goop","player_choice":"Gather Gold","floor":5.0,"gold_loss":0.0,"damage_taken":11.0},{"damage_healed":19.0,"max_hp_gain":0.0,"max_hp_loss":0.0,"gold_gain":0.0,"event_name":"The Cleric","player_choice":"Healed","floor":7.0,"gold_loss":35.0,"damage_taken":0.0}],"is_beta":false,"boss_relics":[],"items_purged_floors":[],"is_endless":false,"potions_floor_spawned":[2,6,8,14],"killed_by":"Hexaghost","ascension_level":0}}