{"host":"j5j96s76v36ug78u","time":1614335469,"event":{"mods":["Astrologer","BaseMod","Better Third Choice","Downfall","Hermit","Highlight Path","Minty Spire (QoL Compilation)","Reliquary","StSLib","The Animator","The Hayseed","The Servant 0.9.4"],"gold_per_floor":[99,116,116,139,158,158,182,632,656,656,687,23,23,55,72,72,72],"floor_reached":16,"language":"ENG","playtime":863,"items_purged":[],"score":122,"play_id":"224a914e-f20b-4f71-a774-314effafbfcb","local_time":"20210226073109","is_ascension_mode":true,"campfire_choices":[{"floor":1,"key":"DIG"},{"floor":6,"key":"DIG"},{"floor":10,"key":"DIG"}],"circlet_count":0,"master_deck":["animator:Defend_AccelWorld","animator:Strike+1","animator:Strike","animator:Strike+1","animator:Defend","animator:Defend","animator:Defend","animator:Kuroyukihime","animator:LimeBell","CurseOfTheBell","animator:ShinjiMatou+1","animator:NagisaMomoe+1","animator:Illya+1","downfall:Icky","animator:Megumin+2","animator:ShinjiMatou+1","animator:Kyubey+1","animator:LizardPriest+1","animator:Rider+1"],"relics":["animator:TheMissingPiece","animator:PurgingStone","Calling Bell","reliquary:PartyBalloon","Toxic Egg 2","Shovel","reliquary:Stiletto","Singing Bowl","Omamori","Whetstone","reliquary:Boomerang","animator:BattleDrones","reliquary:IridiumChain","ClockworkSouvenir","reliquary:Firecrackers"],"acts_visited":["Exordium"],"potions_floor_usage":[11],"damage_taken":[{"damage":0,"enemies":"Small Slimes","floor":2,"turns":4},{"damage":0,"enemies":"2 Louse","floor":4,"turns":3},{"damage":0,"enemies":"Jaw Worm","floor":5,"turns":5},{"damage":9,"enemies":"Red Slaver","floor":9,"turns":4},{"damage":29,"enemies":"3 Sentries","floor":11,"turns":8},{"damage":0,"enemies":"downfall:FleeingMerchant","floor":12,"turns":4},{"damage":5,"enemies":"Exordium Wildlife","floor":14,"turns":4},{"damage":0,"enemies":"downfall:LooterAlt","floor":15,"turns":4},{"damage":33,"enemies":"DF_ARCHETYPE_STREAMLINE","floor":16,"turns":6}],"seed_played":"-2854998705757137907","potions_obtained":[{"floor":9,"key":"AttackPotion"},{"floor":11,"key":"Swift Potion"}],"is_trial":false,"path_per_floor":["R","M","?","M","M","R","T","?","M","R","E","$","T","M","M","B"],"character_chosen":"THE_ANIMATOR","items_purchased":["animator:BattleDrones","reliquary:IridiumChain","ClockworkSouvenir"],"campfire_rested":0,"item_purchase_floors":[12,12,12],"current_hp_per_floor":[66,66,66,66,66,66,66,66,57,57,28,29,29,24,24,0,0],"gold":72,"neow_bonus":"BOSS_RELIC","is_daily":false,"chose_seed":false,"campfire_upgraded":0,"win_rate":0.0,"timestamp":1614335469,"path_taken":["R","M","?","M","M","R","T","?","M","R","E","$","?","M","M","BOSS"],"items_purchased_type":["Relic","Relic","Relic"],"build_version":"2020-12-22","purchased_purges":0,"victory":false,"max_hp_per_floor":[66,66,66,66,66,66,66,66,66,66,66,67,67,67,67,67,67],"card_choices":[{"not_picked":["animator:Alexander","animator:Kazuma+1"],"picked":"animator:ShinjiMatou+1","floor":2},{"not_picked":["animator:LizardPriest+1","animator:IrohaTamaki"],"picked":"animator:NagisaMomoe+1","floor":4},{"not_picked":["animator:Mitsurugi","animator:HighElfArcher"],"picked":"animator:Illya+1","floor":5},{"not_picked":["animator:Mitsurugi","animator:Chris"],"picked":"animator:Megumin","floor":9},{"not_picked":["animator:Witch+1","animator:YunYun"],"picked":"animator:ShinjiMatou+1","floor":11},{"not_picked":["animator:Aqua+1","animator:SakuraMatou+1"],"picked":"animator:Kyubey+1","floor":12},{"not_picked":["animator:Tet+1","animator:SakuraMatou+1"],"picked":"animator:LizardPriest+1","floor":14},{"not_picked":["animator:Illya+1","animator:Berserker"],"picked":"animator:Rider+1","floor":15}],"player_experience":352723,"relics_obtained":[{"floor":0,"key":"reliquary:PartyBalloon"},{"floor":0,"key":"Toxic Egg 2"},{"floor":0,"key":"Shovel"},{"floor":1,"key":"reliquary:Stiletto"},{"floor":6,"key":"Singing Bowl"},{"floor":7,"key":"Omamori"},{"floor":10,"key":"Whetstone"},{"floor":11,"key":"reliquary:Boomerang"},{"floor":13,"key":"reliquary:Firecrackers"}],"event_choices":[],"is_beta":false,"boss_relics":[],"items_purged_floors":[],"is_endless":false,"potions_floor_spawned":[9,11],"killed_by":"DF_ARCHETYPE_STREAMLINE","ascension_level":4}}