{"host":"f7915vm1ahl7kex1","time":1614382110,"event":{"mods":["BaseMod","Colored Map","Downfall","Minty Spire (QoL Compilation)","Quick Restart","Spire Arcade","StSLib"],"gold_per_floor":[99,99,99,99,99,131,131,192,292,312,343,24,54,39,49,150,150,150,150,300,310,329,129,129,155,170,197,215,227,35,65,79,182,182,182,20,36,336,419,192,243,254,267,295,195,195,215,250,260,260,260,260],"floor_reached":50,"language":"ENG","playtime":2909,"items_purged":["Slimebound:Strike_Slimebound","Slimebound:Tackle","Slimebound:LivingWall","Slimebound:CorrosiveSpit"],"score":764,"play_id":"c5888f38-32fd-4f7f-84c1-aa6d6d7cdd00","local_time":"20210226172830","is_ascension_mode":true,"campfire_choices":[{"data":"Slimebound:Split","floor":1.0,"key":"SMITH"},{"floor":18,"key":"RECALL"},{"floor":23,"key":"REST"},{"floor":35,"key":"REST"},{"floor":45,"key":"REST"}],"circlet_count":0,"master_deck":["Slimebound:Split+1","Slimebound:SplitAcid","Slimebound:SlimeBarrage","Slimebound:SlimeSpikes","Slimebound:DisruptingSlam","Slimebound:LeadByExample","Slimebound:MassFeed","Slimebound:LivingWall","Slimebound:SlimeSpikes","Slimebound:RallyTheTroops","Slimebound:LivingWall+1","Slimebound:PressTheAttack","Slimebound:Teamwork","Slimebound:LevelUp","Slimebound:Schlurp","Slimebound:WasteNot","Slimebound:OneTwoCombo","Slimebound:Prepare","Slimebound:SlimeBrawl+1","Slimebound:Repurpose","Slimebound:Repurpose","Slimebound:SplitLeeching+1"],"relics":["Slimebound:AbsorbEndCombat","downfall:HeartsMalice","Lizard Tail","Ornamental Fan","Calipers","Strawberry","Art of War","Fusion Hammer","downfall:HeartBlessingRed","downfall:HeartBlessingGreen","Gremlin Horn","HornCleat","Shuriken","Red Mask","Pandora\u0027s Box","Slimebound:AggressiveSlimeRelic","Old Coin","Bag of Preparation","Membership Card","Pear","downfall:HeartBlessingBlue","InkBottle"],"acts_visited":["Exordium","TheCity","TheBeyond"],"potions_floor_usage":[12,13,15,26,27,31,32,33,48,50,50],"damage_taken":[{"damage":0.0,"enemies":"Small Slimes","floor":2.0,"turns":1.0},{"damage":0.0,"enemies":"2 Louse","floor":3.0,"turns":1.0},{"damage":0.0,"enemies":"Jaw Worm","floor":4.0,"turns":1.0},{"damage":46.0,"enemies":"Gremlin Nob","floor":6.0,"turns":5.0},{"damage":29,"enemies":"Lagavulin Event","floor":8,"turns":6},{"damage":8,"enemies":"Exordium Wildlife","floor":10,"turns":4},{"damage":6,"enemies":"Lagavulin","floor":11,"turns":7},{"damage":0,"enemies":"downfall:FleeingMerchant","floor":12,"turns":4},{"damage":22,"enemies":"Gremlin Nob","floor":13,"turns":5},{"damage":10,"enemies":"downfall:FleeingMerchant","floor":14,"turns":4},{"damage":1,"enemies":"Lots of Slimes","floor":15,"turns":2},{"damage":0,"enemies":"SI_SHIV_ARCHETYPE","floor":16,"turns":8},{"damage":0,"enemies":"Chosen","floor":19,"turns":1},{"damage":0,"enemies":"Shell Parasite","floor":21,"turns":6},{"damage":26,"enemies":"3 Cultists","floor":22,"turns":4},{"damage":24,"enemies":"Slavers","floor":25,"turns":4},{"damage":11,"enemies":"Snake Plant","floor":26,"turns":5},{"damage":0,"enemies":"Gremlin Leader","floor":27,"turns":5},{"damage":1,"enemies":"Centurion and Healer","floor":28,"turns":7},{"damage":27,"enemies":"Cultist and Chosen","floor":29,"turns":5},{"damage":0,"enemies":"downfall:FleeingMerchant","floor":30,"turns":4},{"damage":0,"enemies":"Masked Bandits","floor":31,"turns":3},{"damage":1,"enemies":"Shelled Parasite and Fungi","floor":32,"turns":6},{"damage":46,"enemies":"IC_MUSHROOM_ARCHETYPE","floor":33,"turns":9},{"damage":0,"enemies":"downfall:FleeingMerchant","floor":36,"turns":4},{"damage":0,"enemies":"3 Shapes","floor":37,"turns":3},{"damage":0,"enemies":"downfall:FleeingMerchant","floor":39,"turns":1},{"damage":0,"enemies":"3 Darklings","floor":42,"turns":3},{"damage":6,"enemies":"Spire Growth","floor":43,"turns":4},{"damage":3,"enemies":"Nemesis","floor":44,"turns":7},{"damage":0,"enemies":"Maw","floor":47,"turns":5},{"damage":0,"enemies":"Reptomancer","floor":48,"turns":5},{"damage":0,"enemies":"3 Darklings","floor":49,"turns":5},{"damage":137,"enemies":"DF_ARCHETYPE_ORBS","floor":50,"turns":8}],"seed_played":"8579989269552004718","potions_obtained":[{"floor":6.0,"key":"Slimebound:SlimedPotion"},{"floor":8,"key":"SteroidPotion"},{"floor":11,"key":"Slimebound:SpawnSlimePotion"},{"floor":15,"key":"EssenceOfSteel"},{"floor":21,"key":"Slimebound:SlimyTonguePotion"},{"floor":25,"key":"Guardian:BlockOnCardUsePotion"},{"floor":26,"key":"AttackPotion"},{"floor":27,"key":"Guardian:BlockOnCardUsePotion"},{"floor":31,"key":"Weak Potion"},{"floor":37,"key":"DistilledChaos"},{"floor":42,"key":"SneckoOil"},{"floor":49,"key":"PowerPotion"}],"is_trial":false,"path_per_floor":["R","M","M","M","?","E","T","?","?","M","E","$","E","$","M","B",null,"R","M","?","M","M","R","T","E","M","E","M","M","$","?","M","B",null,"R","?","M","?","$","$","T","M","M","E","R","?","M","E","M","B"],"character_chosen":"SLIMEBOUND","items_purchased":["Slimebound:LeadByExample","Strawberry","GamblersBrew","Slimebound:AggressiveSlimeRelic","Bag of Preparation","Membership Card"],"campfire_rested":3,"item_purchase_floors":[12,12,30,36,39,40],"current_hp_per_floor":[65,65,65,65,65,21,21,28,28,20,16,31,11,5,16,25,87,87,87,87,87,71,93,93,78,67,73,81,58,60,65,72,34,102,102,102,102,102,102,102,102,105,104,113,128,128,128,128,128,0,0,0],"gold":260,"neow_bonus":"THREE_ENEMY_KILL","is_daily":false,"chose_seed":false,"campfire_upgraded":1,"win_rate":0.0,"timestamp":1614382110,"path_taken":["R","M","M","M","?","E","T","?","?","M","E","$","E","?","M","BOSS","R","M","?","M","?","R","T","E","M","E","M","M","$","?","M","BOSS","R","?","M","?","?","$","T","M","M","E","R","?","M","E","M","BOSS"],"items_purchased_type":["Card","Relic","Potion","Relic","Relic","Relic"],"build_version":"2020-12-22","purchased_purges":4,"victory":false,"max_hp_per_floor":[65,65,65,65,65,65,65,65,65,65,65,72,72,72,84,87,87,87,87,87,87,93,93,93,96,96,96,99,99,99,102,102,102,102,102,102,102,102,102,102,102,105,108,118,128,128,128,128,128,128,128,128],"card_choices":[{"not_picked":["Slimebound:BestDefense","Slimebound:HauntingLick"],"picked":"Slimebound:SplitAcid","floor":2.0},{"not_picked":["Slimebound:LeechEnergy","Slimebound:ItLooksTasty","Slimebound:FlameTackle"],"picked":"SKIP","floor":3.0},{"not_picked":["Slimebound:RainOfGoop","Slimebound:SplitLeeching"],"picked":"Slimebound:SlimeBarrage","floor":4.0},{"not_picked":["Slimebound:DouseInSlime","Slimebound:Grow"],"picked":"Slimebound:SlimeSpikes","floor":6.0},{"not_picked":["Slimebound:LeechEnergy","Slimebound:SplitMire"],"picked":"Slimebound:DisruptingSlam","floor":8},{"not_picked":["Slimebound:Schlurp","Slimebound:GoopTackle","Slimebound:HauntingLick"],"picked":"SKIP","floor":10},{"not_picked":["Slimebound:ComboTackle","Slimebound:RainOfGoop","Slimebound:SplitMire"],"picked":"SKIP","floor":11},{"not_picked":["Slimebound:Chomp","Slimebound:Nibble","Slimebound:GoopTackle"],"picked":"SKIP","floor":12},{"not_picked":["Slimebound:Gluttony","Slimebound:Schlurp"],"picked":"Slimebound:MassFeed","floor":13},{"not_picked":["Slimebound:SplitBruiser","Slimebound:Chomp"],"picked":"Slimebound:LivingWall","floor":14},{"not_picked":["Slimebound:SplitMire","Slimebound:LeechEnergy"],"picked":"Slimebound:SlimeSpikes","floor":15},{"not_picked":["Slimebound:DouseInSlime","Slimebound:MassFeed"],"picked":"Slimebound:RallyTheTroops","floor":16},{"not_picked":["Slimebound:ItLooksTasty","Slimebound:Schlurp","Slimebound:ViciousTackle"],"picked":"SKIP","floor":19},{"not_picked":["Slimebound:LeechEnergy","Slimebound:TongueLash","Slimebound:SlimeSpikes"],"picked":"SKIP","floor":21},{"not_picked":["Slimebound:FinishingTackle","Slimebound:SplitMire+1","Slimebound:ComboTackle"],"picked":"SKIP","floor":22},{"not_picked":["Slimebound:RainOfGoop","Slimebound:SplitAcid","Slimebound:DisruptingSlam"],"picked":"SKIP","floor":25},{"not_picked":["Slimebound:GoopTackle","Slimebound:FinishingTackle+1"],"picked":"Slimebound:LivingWall+1","floor":26},{"not_picked":["Slimebound:Dissolve","Slimebound:ServeAndProtect","Slimebound:ItLooksTasty+1"],"picked":"SKIP","floor":27},{"not_picked":["Slimebound:OozeBath","Slimebound:SamplingLick","Slimebound:LeechEnergy"],"picked":"SKIP","floor":28},{"not_picked":["Slimebound:ItLooksTasty","Slimebound:Chomp","Slimebound:GoopTackle"],"picked":"SKIP","floor":29},{"not_picked":["Slimebound:LeechEnergy","Slimebound:GoopTackle","Slimebound:MegaLick"],"picked":"SKIP","floor":30},{"not_picked":["Slimebound:Dissolve","Slimebound:RainOfGoop"],"picked":"Slimebound:PressTheAttack","floor":32},{"not_picked":["Slimebound:OozeBath","Slimebound:SlimeSlap"],"picked":"Slimebound:Teamwork","floor":33},{"not_picked":["Slimebound:LeechEnergy+1","Slimebound:SplitLeeching+1"],"picked":"Slimebound:SlimeBrawl+1","floor":36},{"not_picked":["Slimebound:SplitLeeching","Slimebound:DisruptingSlam"],"picked":"Slimebound:Repurpose","floor":37},{"not_picked":["Slimebound:Replication","Slimebound:CheckThePlaybook"],"picked":"Slimebound:Repurpose","floor":39},{"not_picked":["Slimebound:FinishingTackle+1","Slimebound:Replication","Slimebound:SplitAcid"],"picked":"SKIP","floor":42},{"not_picked":["Slimebound:GoopTackle","Slimebound:MegaLick","Slimebound:Schlurp"],"picked":"SKIP","floor":43},{"not_picked":["Slimebound:LeechingTouch+1","Slimebound:Prepare","Slimebound:LivingWall"],"picked":"SKIP","floor":44},{"not_picked":["Slimebound:RollThrough","Slimebound:LivingWall+1","Slimebound:ComboTackle"],"picked":"SKIP","floor":47},{"not_picked":["Slimebound:ComboTackle+1","Slimebound:SamplingLick"],"picked":"Slimebound:SplitLeeching+1","floor":48},{"not_picked":["Slimebound:ComboTackle","Slimebound:GoopTackle","Slimebound:ServeAndProtect+1"],"picked":"SKIP","floor":49}],"player_experience":1254461,"relics_obtained":[{"floor":6.0,"key":"Boot"},{"floor":7,"key":"Lizard Tail"},{"floor":8,"key":"Ornamental Fan"},{"floor":11,"key":"Calipers"},{"floor":13,"key":"Art of War"},{"floor":24,"key":"Gremlin Horn"},{"floor":25,"key":"HornCleat"},{"floor":27,"key":"Shuriken"},{"floor":31,"key":"Red Mask"},{"floor":44,"key":"Pear"},{"floor":48,"key":"InkBottle"}],"event_choices":[{"damage_healed":0,"gold_gain":0,"player_choice":"Fought Bandits","damage_taken":0,"max_hp_gain":0,"max_hp_loss":0,"event_name":"Masked Bandits","floor":31,"gold_loss":0}],"is_beta":false,"boss_relics":[{"not_picked":["Sozu","SacredBark"],"picked":"Fusion Hammer"},{"not_picked":["Runic Dome","Calling Bell"],"picked":"Pandora\u0027s Box"}],"items_purged_floors":[12,30,39,40],"is_endless":false,"potions_floor_spawned":[6,8,11,15,21,25,26,27,31,37,42,43,44,49],"killed_by":"DF_ARCHETYPE_ORBS","ascension_level":1}}