{"host":"mtqc4a62lmlvqbqj","time":1614373204,"event":{"mods":["AchievementEnabler","BaseMod","Better Match","Better Third Choice","BetterRewards","Minty Spire (QoL Compilation)","StSLib"],"gold_per_floor":[111,124,134,147,72,72,92,92,144,144,44,63,79,109,109,211,211,230,230,33,52,52,77,77,87,87,155,165,185,185,35,35,137,137,147,147,147,162,179,179,196,224,224,242,261,261,86,86,86,86],"floor_reached":51,"language":"ENG","playtime":2684,"items_purged":["Strike_R","Strike_R","Strike_R","Strike_R","Defend_R"],"score":951,"play_id":"a05b751f-2b19-406e-b38d-3e99942e9dec","local_time":"20210226220004","is_ascension_mode":false,"campfire_choices":[{"data":"Heavy Blade","floor":6,"key":"SMITH"},{"data":"Sword Boomerang","floor":8,"key":"SMITH"},{"floor":10,"key":"REST"},{"data":"Whirlwind","floor":15,"key":"SMITH"},{"data":"Limit Break","floor":24,"key":"SMITH"},{"data":"Armaments","floor":30,"key":"SMITH"},{"floor":32,"key":"REST"},{"data":"Double Tap","floor":40,"key":"SMITH"},{"floor":46,"key":"REST"},{"data":"Flex","floor":49,"key":"SMITH"}],"circlet_count":0,"master_deck":["Defend_R","Defend_R","Defend_R","Bash","Heavy Blade+1","Battle Trance","Flex+1","Whirlwind+1","Sword Boomerang+1","Headbutt","Sword Boomerang","Flex","Inflame","Double Tap+1","Necronomicurse","Limit Break+1","Armaments+1","Thunderclap+1"],"relics":["Burning Blood","Brimstone","Dream Catcher","Frozen Egg 2","Mark of Pain","Necronomicon","Oddly Smooth Stone","Orichalcum","Pear","Cursed Key","Ancient Tea Set"],"acts_visited":["Exordium","TheCity","TheBeyond"],"potions_floor_usage":[13,13,16,23,33,41,41,41,50],"damage_taken":[{"damage":7,"enemies":"Jaw Worm","floor":1,"turns":2},{"damage":2,"enemies":"2 Louse","floor":2,"turns":2},{"damage":0,"enemies":"Small Slimes","floor":3,"turns":2},{"damage":9,"enemies":"Red Slaver","floor":4,"turns":2},{"damage":0,"enemies":"2 Fungi Beasts","floor":7,"turns":2},{"damage":2,"enemies":"Large Slime","floor":12,"turns":2},{"damage":8,"enemies":"Exordium Thugs","floor":13,"turns":2},{"damage":0,"enemies":"Gremlin Nob","floor":14,"turns":2},{"damage":45,"enemies":"The Guardian","floor":16,"turns":4},{"damage":7,"enemies":"Chosen","floor":18,"turns":2},{"damage":2,"enemies":"Spheric Guardian","floor":21,"turns":3},{"damage":18,"enemies":"Book of Stabbing","floor":23,"turns":3},{"damage":12,"enemies":"Cultist and Chosen","floor":25,"turns":2},{"damage":12,"enemies":"Snake Plant","floor":28,"turns":2},{"damage":4,"enemies":"Snecko","floor":29,"turns":3},{"damage":12,"enemies":"Automaton","floor":33,"turns":3},{"damage":14,"enemies":"3 Darklings","floor":35,"turns":2},{"damage":0,"enemies":"Orb Walker","floor":38,"turns":2},{"damage":0,"enemies":"Transient","floor":39,"turns":4},{"damage":6,"enemies":"3 Darklings","floor":41,"turns":2},{"damage":18,"enemies":"Nemesis","floor":42,"turns":3},{"damage":26,"enemies":"4 Shapes","floor":44,"turns":3},{"damage":0,"enemies":"Spire Growth","floor":45,"turns":2},{"damage":20,"enemies":"Time Eater","floor":50,"turns":4}],"seed_played":"8356547808609610994","potions_obtained":[{"floor":1,"key":"Block Potion"},{"floor":7,"key":"AttackPotion"},{"floor":13,"key":"Block Potion"},{"floor":14,"key":"SpeedPotion"},{"floor":23,"key":"Fire Potion"},{"floor":25,"key":"Fire Potion"},{"floor":29,"key":"Ancient Potion"},{"floor":39,"key":"SkillPotion"},{"floor":44,"key":"EssenceOfSteel"}],"is_trial":false,"path_per_floor":["M","M","M","M","$","R","M","R","T","R","$","M","M","E","R","B",null,"M","?","$","M","?","E","R","M","T","T","M","M","R","$","R","B",null,"M","$","?","M","M","R","M","E","T","M","M","R","$","T","R","B",null],"character_chosen":"IRONCLAD","items_purchased":["Brimstone","Heavy Blade","Battle Trance","Flex","Whirlwind","Limit Break"],"campfire_rested":3,"item_purchase_floors":[0,0,0,0,0,20],"current_hp_per_floor":[51,55,61,58,58,58,64,64,64,80,80,80,78,80,80,41,80,79,63,63,67,67,55,55,49,49,59,53,55,55,55,82,76,90,82,82,82,88,90,90,90,78,78,58,64,90,90,90,90,76],"gold":86,"neow_bonus":"","is_daily":false,"chose_seed":false,"campfire_upgraded":7,"win_rate":0.0,"timestamp":1614373204,"path_taken":["M","M","M","M","$","R","M","R","T","R","$","M","M","E","R","BOSS","M","?","$","M","?","E","R","M","T","?","M","M","R","$","R","BOSS","M","$","?","M","M","R","M","E","T","?","M","R","$","?","R","BOSS"],"items_purchased_type":["Relic","Card","Card","Card","Card","Card"],"build_version":"2020-12-22","purchased_purges":5,"victory":true,"max_hp_per_floor":[80,80,80,80,80,80,80,80,80,80,80,80,80,80,80,80,80,80,80,80,80,80,80,80,80,80,90,90,90,90,90,90,90,90,90,90,90,90,90,90,90,90,90,90,90,90,90,90,90,90],"card_choices":[{"not_picked":["Twin Strike","Reckless Charge"],"picked":"Sword Boomerang","floor":1},{"not_picked":["Pommel Strike","Searing Blow","Disarm"],"picked":"SKIP","floor":2},{"not_picked":["Anger","Power Through","Armaments"],"picked":"SKIP","floor":3},{"not_picked":["True Grit","Rupture"],"picked":"Headbutt","floor":4},{"not_picked":["Metallicize","Wild Strike"],"picked":"Sword Boomerang","floor":7},{"not_picked":["Twin Strike","Fire Breathing"],"picked":"Flex","floor":10},{"not_picked":["Whirlwind","Rage"],"picked":"Inflame","floor":12},{"not_picked":["Sever Soul","Iron Wave","Combust"],"picked":"SKIP","floor":13},{"not_picked":["Evolve+1","Blood for Blood","Iron Wave"],"picked":"SKIP","floor":14},{"not_picked":["Barricade+1","Fiend Fire"],"picked":"Double Tap","floor":16},{"not_picked":["Evolve+1","Metallicize+1","Burning Pact+1"],"picked":"SKIP","floor":18},{"not_picked":["Pommel Strike","Body Slam","Anger"],"picked":"SKIP","floor":21},{"not_picked":["Seeing Red","Pummel","Clothesline"],"picked":"SKIP","floor":23},{"not_picked":["Second Wind","Iron Wave+1","Wild Strike"],"picked":"SKIP","floor":25},{"not_picked":["Cleave+1","Pommel Strike+1","Inflame+1"],"picked":"SKIP","floor":28},{"not_picked":["Hemokinesis+1","Warcry+1"],"picked":"Armaments","floor":29},{"not_picked":["Pommel Strike","Entrench"],"picked":"Thunderclap+1","floor":32},{"not_picked":["Shrug It Off","Warcry+1","Wild Strike"],"picked":"SKIP","floor":35},{"not_picked":["Headbutt","Rupture+1","Cleave"],"picked":"SKIP","floor":38},{"not_picked":["Dark Embrace+1","Thunderclap","Bludgeon"],"picked":"SKIP","floor":39},{"not_picked":["Combust+1","Sword Boomerang","Infernal Blade+1"],"picked":"SKIP","floor":41},{"not_picked":["Entrench+1","Power Through+1","Combust+1"],"picked":"SKIP","floor":42},{"not_picked":["True Grit","Sword Boomerang+1","Anger+1"],"picked":"SKIP","floor":44},{"not_picked":["Twin Strike","Anger+1","Clothesline+1"],"picked":"SKIP","floor":45}],"player_experience":46805,"relics_obtained":[{"floor":9,"key":"Dream Catcher"},{"floor":14,"key":"Frozen Egg 2"},{"floor":19,"key":"Necronomicon"},{"floor":23,"key":"Oddly Smooth Stone"},{"floor":26,"key":"Orichalcum"},{"floor":27,"key":"Pear"},{"floor":42,"key":"Ancient Tea Set"}],"event_choices":[{"damage_healed":0,"gold_gain":0,"player_choice":"Obtained Book","damage_taken":16,"max_hp_gain":0,"max_hp_loss":0,"event_name":"Cursed Tome","floor":19,"gold_loss":0},{"damage_healed":0,"gold_gain":0,"player_choice":"Ignored","damage_taken":0,"max_hp_gain":0,"max_hp_loss":0,"event_name":"The Mausoleum","floor":22,"gold_loss":0},{"cards_removed":["Strike_R"],"damage_healed":0,"gold_gain":0,"player_choice":"Offered Basic","damage_taken":0,"max_hp_gain":0,"max_hp_loss":0,"event_name":"Bonfire Elementals","floor":37,"gold_loss":0}],"is_beta":false,"boss_relics":[{"not_picked":["Coffee Dripper","Ectoplasm"],"picked":"Mark of Pain"},{"not_picked":["Runic Cube","SlaversCollar"],"picked":"Cursed Key"}],"items_purged_floors":[5,11,20,31,47],"is_endless":false,"potions_floor_spawned":[1,7,13,14,23,25,29,39,44],"ascension_level":0}}