{"host":"98tf0o44tbkozlsr","time":1614341864,"event":{"mods":["BaseMod","Bestiary","Minty Spire (QoL Compilation)","Relic Stats","ojb\u0027s Info Mod"],"gold_per_floor":[217,9,26,43,43,43,71,82,82,82,97,128,128,128,128],"floor_reached":14,"language":"ENG","playtime":711,"items_purged":[],"score":200,"play_id":"44c60536-9ac5-4052-b847-538ec0f73461","local_time":"20210226041744","is_ascension_mode":true,"campfire_choices":[{"data":"Loop","floor":6.0,"key":"SMITH"},{"floor":10.0,"key":"REST"}],"circlet_count":0,"master_deck":["AscendersBane","Strike_B","Strike_B","Strike_B","Strike_B","Defend_B","Defend_B","Defend_B","Defend_B","Zap","Dualcast","Loop+1","Barrage","Loop","Defragment","Static Discharge","Glacier"],"relics":["Cracked Core","OrangePellets","Pear","StrikeDummy","InkBottle"],"acts_visited":["Exordium"],"potions_floor_usage":[14],"damage_taken":[{"damage":0.0,"enemies":"2 Louse","floor":1.0,"turns":2.0},{"damage":2.0,"enemies":"Jaw Worm","floor":3.0,"turns":3.0},{"damage":4.0,"enemies":"Small Slimes","floor":4.0,"turns":3.0},{"damage":56.0,"enemies":"Gremlin Nob","floor":7.0,"turns":5.0},{"damage":23.0,"enemies":"3 Louse","floor":8.0,"turns":3.0},{"damage":6.0,"enemies":"2 Fungi Beasts","floor":11.0,"turns":3.0},{"damage":25.0,"enemies":"Lagavulin","floor":12.0,"turns":5.0},{"damage":32,"enemies":"Gremlin Nob","floor":14,"turns":3}],"seed_played":"6101001803205988315","potions_obtained":[{"floor":4.0,"key":"FairyPotion"},{"floor":7.0,"key":"Strength Potion"},{"floor":12.0,"key":"CultistPotion"}],"is_trial":false,"path_per_floor":["M","$","M","M","?","R","E","M","T","R","M","E","?","E"],"character_chosen":"DEFECT","items_purchased":["OrangePellets","Loop"],"campfire_rested":1,"item_purchase_floors":[2,2],"current_hp_per_floor":[64,64,62,58,58,58,12,17,17,41,35,10,10,0,0],"gold":128,"neow_bonus":"HUNDRED_GOLD","is_daily":false,"chose_seed":false,"campfire_upgraded":1,"win_rate":0.0,"timestamp":1614341864,"path_taken":["M","$","M","M","?","R","E","M","T","R","M","E","?","E"],"items_purchased_type":["Relic","Card"],"build_version":"2020-12-22","purchased_purges":0,"victory":false,"max_hp_per_floor":[71,71,71,71,71,71,81,81,81,81,81,81,81,81,81],"relic_stats":{"OrangePellets":[2],"counters":[8,26],"obtain_stats":[{"OrangePellets":2,"Pear":7,"Cracked Core":0,"StrikeDummy":9,"InkBottle":12},{"OrangePellets":1,"Pear":4,"Cracked Core":0,"StrikeDummy":5,"InkBottle":7},{"OrangePellets":2,"Pear":12,"Cracked Core":0,"StrikeDummy":15,"InkBottle":23}],"InkBottle":[0]},"card_choices":[{"not_picked":["Steam","Conserve Battery","Turbo"],"picked":"SKIP","floor":1.0},{"not_picked":["White Noise","Beam Cell"],"picked":"Barrage","floor":3.0},{"not_picked":["Conserve Battery","Coolheaded"],"picked":"Loop","floor":4.0},{"not_picked":["Rebound","Aggregate"],"picked":"Defragment","floor":7.0},{"not_picked":["Go for the Eyes","Double Energy","BootSequence"],"picked":"SKIP","floor":8.0},{"not_picked":["Rebound","Gash"],"picked":"Static Discharge","floor":11.0},{"not_picked":["Gash","Loop"],"picked":"Glacier","floor":12.0}],"player_experience":988322,"relics_obtained":[{"floor":7.0,"key":"Pear"},{"floor":9.0,"key":"StrikeDummy"},{"floor":12.0,"key":"InkBottle"}],"event_choices":[{"damage_healed":0.0,"max_hp_gain":0.0,"max_hp_loss":0.0,"gold_gain":0.0,"event_name":"Liars Game","player_choice":"Ignored","floor":5.0,"gold_loss":0.0,"damage_taken":0.0},{"damage_healed":0.0,"max_hp_gain":0.0,"max_hp_loss":0.0,"gold_gain":0.0,"event_name":"Golden Wing","player_choice":"Ignored","floor":13.0,"gold_loss":0.0,"damage_taken":0.0}],"is_beta":false,"boss_relics":[],"items_purged_floors":[],"is_endless":false,"potions_floor_spawned":[4,7,12],"killed_by":"Gremlin Nob","ascension_level":20}}