{"host":"hg2vyukq38ky973l","time":1614349717,"event":{"mods":["AchievementEnabler","BaseMod","Minty Spire (QoL Compilation)"],"gold_per_floor":[113,124,124,0,0,0,16,31,31,43,73,73,87,99,99,198,198,211,191,191,206,222,222,247,259,349,380,403,430,3,3,3,108,108,126,140,140,150,169,197,197,212,212,228,245,278,278,288,288,288,288],"floor_reached":50,"language":"ENG","playtime":3987,"items_purged":["Strike_P","Defend_P"],"score":659,"play_id":"54972a35-2e82-4206-ad8d-9155f2bae8ca","local_time":"20210227002837","is_ascension_mode":false,"campfire_choices":[{"floor":6.0,"key":"REST"},{"data":"PathToVictory","floor":12.0,"key":"SMITH"},{"data":"Perseverance","floor":15.0,"key":"SMITH"},{"data":"CutThroughFate","floor":23.0,"key":"SMITH"},{"floor":25.0,"key":"REST"},{"data":"CutThroughFate","floor":32.0,"key":"SMITH"},{"floor":41.0,"key":"RECALL"},{"floor":49.0,"key":"REST"}],"circlet_count":0,"master_deck":["Strike_P+1","Strike_P+1","Strike_P+1","Defend_P+1","Eruption+1","Vigilance+1","PathToVictory+1","Perseverance+1","CutThroughFate+1","EmptyBody+1","Perseverance+1","Protect+1","Protect+1","Establishment+1","FollowUp+1","EmptyBody+1","FollowUp+1","CutThroughFate+1","Weave+1","Protect+1","The Bomb+1","Vault+1","EmptyBody+1","EmptyBody+1","Nirvana","EmptyFist+1","Nirvana","PathToVictory+1"],"relics":["Velvet Choker","Singing Bowl","Toxic Egg 2","FossilizedHelix","Empty Cage","MawBank","Bottled Lightning","TheAbacus","MutagenicStrength","Black Star","Mark of the Bloom","Pen Nib","Vajra","TungstenRod","War Paint"],"acts_visited":["Exordium","TheCity","TheBeyond"],"potions_floor_usage":[50,50],"damage_taken":[{"damage":0.0,"enemies":"Small Slimes","floor":1.0,"turns":5.0},{"damage":1.0,"enemies":"Jaw Worm","floor":2.0,"turns":3.0},{"damage":0.0,"enemies":"Cultist","floor":7.0,"turns":3.0},{"damage":0.0,"enemies":"Looter","floor":8.0,"turns":3.0},{"damage":0.0,"enemies":"Red Slaver","floor":10.0,"turns":4.0},{"damage":12.0,"enemies":"Lagavulin","floor":11.0,"turns":11.0},{"damage":0.0,"enemies":"Exordium Thugs","floor":13.0,"turns":3.0},{"damage":0.0,"enemies":"Looter","floor":14.0,"turns":4.0},{"damage":0.0,"enemies":"The Guardian","floor":16.0,"turns":15.0},{"damage":0.0,"enemies":"Chosen","floor":18.0,"turns":5.0},{"damage":0.0,"enemies":"2 Thieves","floor":19.0,"turns":5.0},{"damage":7.0,"enemies":"Snake Plant","floor":21.0,"turns":7.0},{"damage":0.0,"enemies":"Cultist and Chosen","floor":22.0,"turns":10.0},{"damage":33.0,"enemies":"Gremlin Leader","floor":24.0,"turns":8.0},{"damage":0.0,"enemies":"Chosen and Byrds","floor":27.0,"turns":9.0},{"damage":0.0,"enemies":"Sentry and Sphere","floor":28.0,"turns":10.0},{"damage":0.0,"enemies":"Snecko","floor":29.0,"turns":6.0},{"damage":0.0,"enemies":"Champ","floor":33.0,"turns":13.0},{"damage":0.0,"enemies":"3 Shapes","floor":35.0,"turns":6.0},{"damage":0.0,"enemies":"Orb Walker","floor":36.0,"turns":6.0},{"damage":0.0,"enemies":"Jaw Worm Horde","floor":38.0,"turns":8.0},{"damage":0.0,"enemies":"Spire Growth","floor":39.0,"turns":6.0},{"damage":40.0,"enemies":"Reptomancer","floor":40.0,"turns":8.0},{"damage":0.0,"enemies":"Sphere and 2 Shapes","floor":42.0,"turns":9.0},{"damage":8.0,"enemies":"3 Darklings","floor":44.0,"turns":8.0},{"damage":0.0,"enemies":"Spire Growth","floor":45.0,"turns":7.0},{"damage":24.0,"enemies":"Nemesis","floor":46.0,"turns":12.0},{"damage":0.0,"enemies":"Jaw Worm Horde","floor":48.0,"turns":7.0},{"damage":17,"enemies":"Donu and Deca","floor":50,"turns":6}],"seed_played":"223340876949950683","potions_obtained":[{"floor":1.0,"key":"SteroidPotion"},{"floor":7.0,"key":"SpeedPotion"},{"floor":8.0,"key":"GamblersBrew"},{"floor":13.0,"key":"LiquidMemories"},{"floor":16.0,"key":"GamblersBrew"},{"floor":19.0,"key":"Regen Potion"},{"floor":24.0,"key":"Explosive Potion"},{"floor":27.0,"key":"BlessingOfTheForge"},{"floor":33.0,"key":"Energy Potion"},{"floor":36.0,"key":"Ambrosia"},{"floor":40.0,"key":"Fire Potion"},{"floor":42.0,"key":"StancePotion"},{"floor":48.0,"key":"ColorlessPotion"}],"is_trial":false,"path_per_floor":["M","M","?","$","?","R","M","M","T","M","E","R","M","M","R","B",null,"M","M","?","M","M","R","E","R","T","M","M","M","$","?","R","B",null,"M","M","?","M","M","E","R","M","T","M","M","E","?","M","R","B"],"character_chosen":"WATCHER","items_purchased":["CutThroughFate","TheAbacus","Protect+1","The Bomb+1"],"campfire_rested":3,"item_purchase_floors":[4,30,30,30],"current_hp_per_floor":[72,71,59,59,59,72,74,74,74,74,62,62,62,64,64,64,76,76,76,76,69,71,71,45,69,69,69,69,71,71,71,71,71,82,84,84,84,84,84,44,44,44,44,36,36,12,12,12,12,0,0],"gold":288,"neow_bonus":"BOSS_RELIC","is_daily":false,"chose_seed":false,"campfire_upgraded":4,"win_rate":0.0,"timestamp":1614349717,"path_taken":["M","M","?","$","?","R","M","?","T","M","E","R","M","M","R","BOSS","M","M","?","M","M","R","E","R","T","M","M","?","$","?","R","BOSS","M","M","?","M","M","E","R","M","T","M","M","E","?","M","R","BOSS"],"items_purchased_type":["Card","Relic","Card","Card"],"build_version":"2020-12-22","purchased_purges":2,"victory":false,"max_hp_per_floor":[72,72,72,72,72,72,74,74,74,74,74,74,74,76,76,76,76,76,76,76,76,78,78,80,80,80,80,80,82,82,82,82,82,82,84,84,84,84,84,86,86,86,86,88,88,90,85,85,85,85,85],"card_choices":[{"not_picked":["WaveOfTheHand","FlurryOfBlows"],"picked":"PathToVictory","floor":1.0},{"not_picked":["LikeWater","BattleHymn"],"picked":"Perseverance","floor":2.0},{"not_picked":["Protect","SashWhip","FollowUp"],"picked":"Singing Bowl","floor":7.0},{"not_picked":["WreathOfFlame","Brilliance"],"picked":"EmptyBody","floor":8.0},{"not_picked":["CrushJoints","Evaluate+1"],"picked":"Perseverance+1","floor":10.0},{"not_picked":["JustLucky","Wireheading"],"picked":"Protect+1","floor":11.0},{"not_picked":["Wallop","Halt+1"],"picked":"Protect+1","floor":13.0},{"not_picked":["CarveReality","FearNoEvil","JustLucky"],"picked":"Singing Bowl","floor":14.0},{"not_picked":["Devotion","Vault+1"],"picked":"Establishment","floor":16.0},{"not_picked":["Conclude","InnerPeace+1"],"picked":"FollowUp","floor":18.0},{"not_picked":["Adaptation","BowlingBash"],"picked":"EmptyBody+1","floor":19.0},{"not_picked":["WindmillStrike","Consecrate"],"picked":"FollowUp+1","floor":21.0},{"not_picked":["BowlingBash+1","JustLucky","Indignation+1"],"picked":"Singing Bowl","floor":22.0},{"not_picked":["Ragnarok","Vengeance+1","CrushJoints+1"],"picked":"Singing Bowl","floor":24.0},{"not_picked":["Consecrate","FlyingSleeves"],"picked":"CutThroughFate","floor":27.0},{"not_picked":["FlyingSleeves+1","ThirdEye+1"],"picked":"Weave","floor":28.0},{"not_picked":["BattleHymn+1","EmptyFist+1","Scrawl+1"],"picked":"Singing Bowl","floor":29.0},{"not_picked":["Establishment","Devotion"],"picked":"Vault+1","floor":33.0},{"not_picked":["WreathOfFlame+1","LikeWater+1","Evaluate+1"],"picked":"Singing Bowl","floor":35.0},{"not_picked":["JustLucky","CarveReality+1"],"picked":"EmptyBody+1","floor":36.0},{"not_picked":["SignatureMove","CrushJoints+1"],"picked":"EmptyBody+1","floor":38.0},{"not_picked":["Indignation+1","Swivel+1"],"picked":"Nirvana","floor":39.0},{"not_picked":["Prostrate+1","EmptyFist","WheelKick+1"],"picked":"Singing Bowl","floor":40.0},{"not_picked":["WaveOfTheHand+1","DeusExMachina+1"],"picked":"EmptyFist+1","floor":42.0},{"not_picked":["EmptyBody+1","FollowUp+1","FlyingSleeves"],"picked":"Singing Bowl","floor":44.0},{"not_picked":["FlyingSleeves","ThirdEye+1"],"picked":"Nirvana","floor":45.0},{"not_picked":["Omniscience+1","InnerPeace+1","SashWhip"],"picked":"Singing Bowl","floor":46.0},{"not_picked":["ThirdEye+1","FlyingSleeves"],"picked":"PathToVictory+1","floor":48.0}],"player_experience":334252,"relics_obtained":[{"floor":9.0,"key":"Toxic Egg 2"},{"floor":11.0,"key":"FossilizedHelix"},{"floor":24.0,"key":"MawBank"},{"floor":26.0,"key":"Bottled Lightning"},{"floor":40.0,"key":"Pen Nib"},{"floor":40.0,"key":"Vajra"},{"floor":46.0,"key":"TungstenRod"},{"floor":46.0,"key":"War Paint"}],"event_choices":[{"damage_healed":0.0,"max_hp_gain":0.0,"max_hp_loss":0.0,"gold_gain":0.0,"event_name":"Scrap Ooze","player_choice":"Success","floor":3.0,"gold_loss":0.0,"damage_taken":12.0,"relics_obtained":["Singing Bowl"]},{"damage_healed":0.0,"max_hp_gain":0.0,"max_hp_loss":0.0,"gold_gain":0.0,"event_name":"Upgrade Shrine","player_choice":"Upgraded","floor":5.0,"gold_loss":0.0,"damage_taken":0.0,"cards_upgraded":["Eruption"]},{"damage_healed":0.0,"max_hp_gain":0.0,"max_hp_loss":0.0,"gold_gain":0.0,"event_name":"Accursed Blacksmith","player_choice":"Forge","floor":20.0,"gold_loss":0.0,"damage_taken":0.0,"cards_upgraded":["Establishment"]},{"damage_healed":0.0,"max_hp_gain":0.0,"max_hp_loss":0.0,"gold_gain":0.0,"event_name":"Drug Dealer","player_choice":"Inject Mutagens","floor":31.0,"gold_loss":0.0,"damage_taken":0.0,"relics_obtained":["MutagenicStrength"]},{"damage_healed":0.0,"max_hp_gain":0.0,"max_hp_loss":0.0,"gold_gain":0.0,"event_name":"MindBloom","player_choice":"Upgrade","floor":37.0,"gold_loss":0.0,"damage_taken":0.0,"cards_upgraded":["Strike_P","Strike_P","Strike_P","Defend_P","Vigilance","EmptyBody","FollowUp","Weave"],"relics_obtained":["Mark of the Bloom"]},{"damage_healed":0.0,"max_hp_gain":0.0,"max_hp_loss":5.0,"gold_gain":0.0,"event_name":"Winding Halls","player_choice":"Max HP","floor":47.0,"gold_loss":0.0,"damage_taken":0.0}],"is_beta":false,"boss_relics":[{"not_picked":["Fusion Hammer","Coffee Dripper"],"picked":"Empty Cage"},{"not_picked":["Pandora\u0027s Box","SacredBark"],"picked":"Black Star"}],"items_purged_floors":[4,30],"is_endless":false,"potions_floor_spawned":[1,7,8,13,16,19,24,27,33,36,40,42,46,48],"killed_by":"Donu and Deca","ascension_level":0}}