{"host":"zmr8u29ebzxwermy","time":1614314352,"event":{"mods":["BaseMod","BetterRewards","Colored Map","DeckTracker","Minty Spire (QoL Compilation)","Quick Restart","Replay The Spire","Shop Mod","StSLib","SuperFastMode","everything is the same but u backflip on backflip"],"gold_per_floor":[110,130,142,194,212,245,184,259,259,259,270,270,285,310,310,411,411,424,440,450,450,467,499,514,539,565,565,577,577,517,517,517,614,664,680,697,711,711,725,759,772,772,772,822,38,58,77,102,102,102,102,102,0,29,29],"floor_reached":56,"language":"KOR","playtime":1430,"items_purged":[],"score":1288,"play_id":"773800ba-8320-4cda-8bb8-f3857e5f6250","local_time":"20210226133912","is_ascension_mode":false,"campfire_choices":[{"floor":10.0,"key":"REST"},{"data":"Perfected Strike","floor":15.0,"key":"SMITH"},{"data":"Perfected Strike","floor":29.0,"key":"SMITH"},{"data":"Perfected Strike","floor":32.0,"key":"SMITH"},{"floor":42.0,"key":"DIG"},{"data":"Twin Strike","floor":49.0,"key":"SMITH"},{"data":"Twin Strike","floor":49.0,"key":"SMITH"},{"data":"Twin Strike","floor":52.0,"key":"SMITH"},{"data":"Flex","floor":52.0,"key":"SMITH"}],"circlet_count":0,"master_deck":["Strike_R+1","Strike_R+1","Strike_R+1","Strike_R+1","Strike_R+1","Defend_R","Defend_R","Defend_R","Defend_R","Flex+1","Inflame+1","Twin Strike+1","Spot Weakness+1","Twin Strike+1","Perfected Strike+1","Double Tap+1","Warcry+1","Perfected Strike+1","Perfected Strike+1","ReplayTheSpireMod:Stacked","True Grit","Twin Strike+1","Perfected Strike+1","Shrug It Off+1","Pommel Strike","Perfected Strike+1"],"relics":["Burning Blood","Another Sword","Prayer Wheel","Membership Card","Shovel","Pet Ghost","FossilizedHelix","MerchantsRug","Self Forming Clay","Replay:Bottled Eggs","Replay:Bronze Core","Akabeko","ReplayTheSpireMod:Spearhead","Replay:Baseball","Tiny House","Chameleon Ring","Incense Burner","The Courier","Replay:Multitool","Bag of Marbles","Happy Flower","Omamori","Anchor","Boot","Bird Faced Urn","Pocketwatch","Replay:Arrowhead","Gremlin Food","Frozen Eye","Gambling Chip","Guide Book","Replay:Ringing Soul"],"acts_visited":["Exordium","TheCity","TheBeyond","TheEnding"],"potions_floor_usage":[55,55],"damage_taken":[{"damage":6.0,"enemies":"2 Louse","floor":1.0,"turns":3.0},{"damage":2.0,"enemies":"Small Slimes","floor":2.0,"turns":3.0},{"damage":1.0,"enemies":"Jaw Worm","floor":3.0,"turns":3.0},{"damage":4.0,"enemies":"Gremlin Gang","floor":5.0,"turns":3.0},{"damage":36.0,"enemies":"Lagavulin","floor":6.0,"turns":4.0},{"damage":10.0,"enemies":"Exordium Wildlife","floor":11.0,"turns":3.0},{"damage":0.0,"enemies":"Large Slime","floor":13.0,"turns":2.0},{"damage":0.0,"enemies":"Gremlin Nob","floor":14.0,"turns":3.0},{"damage":0.0,"enemies":"Slime Boss","floor":16.0,"turns":6.0},{"damage":0.0,"enemies":"Spheric Guardian","floor":18.0,"turns":2.0},{"damage":6.0,"enemies":"Shell Parasite","floor":19.0,"turns":2.0},{"damage":0.0,"enemies":"Snecko","floor":20.0,"turns":2.0},{"damage":0.0,"enemies":"Centurion and Healer","floor":22.0,"turns":2.0},{"damage":11.0,"enemies":"Slavers","floor":23.0,"turns":3.0},{"damage":0.0,"enemies":"Snake Plant","floor":24.0,"turns":1.0},{"damage":18.0,"enemies":"Gremlin Leader","floor":25.0,"turns":4.0},{"damage":0.0,"enemies":"Cultist and Chosen","floor":28.0,"turns":3.0},{"damage":52.0,"enemies":"Champ","floor":33.0,"turns":5.0},{"damage":0.0,"enemies":"Orb Walker","floor":35.0,"turns":1.0},{"damage":0.0,"enemies":"3 Shapes","floor":36.0,"turns":3.0},{"damage":0.0,"enemies":"Maw","floor":37.0,"turns":5.0},{"damage":0.0,"enemies":"3 Darklings","floor":39.0,"turns":3.0},{"damage":0.0,"enemies":"Nemesis","floor":40.0,"turns":3.0},{"damage":0.0,"enemies":"Transient","floor":41.0,"turns":5.0},{"damage":0.0,"enemies":"Mind Bloom Boss Battle","floor":44.0,"turns":2.0},{"damage":0.0,"enemies":"Sphere and 2 Shapes","floor":46.0,"turns":2.0},{"damage":0.0,"enemies":"Jaw Worm Horde","floor":47.0,"turns":2.0},{"damage":0.0,"enemies":"Giant Head","floor":48.0,"turns":2.0},{"damage":15.0,"enemies":"Donu and Deca","floor":50.0,"turns":5.0},{"damage":0.0,"enemies":"Shield and Spear","floor":54.0,"turns":3.0},{"damage":88,"enemies":"The Heart","floor":55,"turns":7}],"seed_played":"7544104014540753830","potions_obtained":[{"floor":4.0,"key":"AttackPotion"},{"floor":6.0,"key":"SteroidPotion"},{"floor":13.0,"key":"BlessingOfTheForge"},{"floor":14.0,"key":"Strength Potion"},{"floor":16.0,"key":"Milkshake"},{"floor":18.0,"key":"Adrenaline Potion"},{"floor":34.0,"key":"BloodPotion"},{"floor":47.0,"key":"EssenceOfSteel"}],"is_trial":false,"path_per_floor":["M","M","M","?","M","E","$","?","T","R","M","?","M","E","R","B",null,"M","M","M","?","M","E","M","E","T","?","M","R","?","?","R","B",null,"M","M","M","?","M","E","M","R","T","?","$","M","M","E","R","B",null,"R","$","E","B",null],"character_chosen":"IRONCLAD","items_purchased":["Membership Card","Another Sword","Prayer Wheel","Shovel","MerchantsRug","Bag of Marbles","Happy Flower","Omamori","Anchor","Boot","Bird Faced Urn","Pocketwatch","Replay:Arrowhead","Gremlin Food","Frozen Eye","Guide Book","FairyPotion"],"campfire_rested":1,"item_purchase_floors":[0,0,0,0,7,45,45,45,45,45,45,45,45,45,45,53,53],"current_hp_per_floor":[44,48,53,53,55,25,25,14,14,38,34,34,40,46,46,52,80,80,80,80,80,80,75,80,68,68,68,74,74,74,74,74,28,85,85,85,85,85,85,85,85,85,85,85,85,85,85,85,85,76,85,85,85,85,28],"gold":29,"neow_bonus":"","is_daily":false,"chose_seed":false,"campfire_upgraded":7,"win_rate":0.0,"timestamp":1614314352,"path_taken":["M","M","M","?","M","E","$","?","T","R","M","?","M","E","R","BOSS","M","M","M","?","M","E","?","E","T","?","M","R","?","?","R","BOSS","M","?","?","?","M","E","M","R","T","?","$","M","M","E","R","BOSS","R","$","E","BOSS"],"items_purchased_type":["Relic","Relic","Relic","Relic","Relic","Relic","Relic","Relic","Relic","Relic","Relic","Relic","Relic","Relic","Relic","Relic","Potion"],"build_version":"2020-12-22","purchased_purges":0,"victory":true,"max_hp_per_floor":[80,80,80,80,80,80,80,80,80,80,80,80,80,80,80,80,80,80,80,80,80,80,80,80,80,80,80,80,80,80,80,80,80,85,85,85,85,85,85,85,85,85,85,85,85,85,85,85,85,85,85,85,85,85,85],"card_choices":[{"not_picked":["Clash","Shrug It Off"],"picked":"Flex","floor":1.0},{"not_picked":["Twin Strike","Warcry"],"picked":"Inflame","floor":2.0},{"not_picked":["Cleave","Thunderclap","Pommel Strike"],"picked":"SKIP","floor":2.0},{"not_picked":["Dual Wield","ReplayTheSpireMod:Strike From Hell"],"picked":"Twin Strike","floor":3.0},{"not_picked":["Sword Boomerang","Seeing Red","Anger"],"picked":"SKIP","floor":3.0},{"not_picked":["ReplayTheSpireMod:Muscle Training","Wild Strike"],"picked":"Spot Weakness","floor":4.0},{"not_picked":["Entrench","ReplayTheSpireMod:Strike From Hell","Body Slam"],"picked":"SKIP","floor":5.0},{"not_picked":["Burning Pact","Infernal Blade","Carnage"],"picked":"SKIP","floor":5.0},{"not_picked":["ReplayTheSpireMod:Strike From Hell","Dark Embrace"],"picked":"Twin Strike","floor":13.0},{"not_picked":["Pommel Strike","Thunderclap"],"picked":"Perfected Strike","floor":14.0},{"not_picked":["Replay:Many Hands","Bludgeon"],"picked":"Double Tap","floor":16.0},{"not_picked":["Armaments","Havoc+1"],"picked":"Warcry+1","floor":18.0},{"not_picked":["Heavy Blade","Massacre+1"],"picked":"Perfected Strike","floor":20.0},{"not_picked":["Heavy Blade","Warcry","Carnage+1"],"picked":"SKIP","floor":20.0},{"not_picked":["Flame Barrier","Pommel Strike"],"picked":"ReplayTheSpireMod:Stacked","floor":24.0},{"not_picked":["Dark Embrace","Second Wind"],"picked":"True Grit","floor":25.0},{"not_picked":["Hemogenesis","Warcry"],"picked":"Perfected Strike","floor":28.0},{"not_picked":["True Grit","Combust+1"],"picked":"Shrug It Off+1","floor":28.0},{"not_picked":["Flex+1","Headbutt+1"],"picked":"Pommel Strike","floor":34.0},{"not_picked":["True Grit","Headbutt+1"],"picked":"Perfected Strike+1","floor":37.0}],"player_experience":410520,"relics_obtained":[{"floor":4.0,"key":"Pet Ghost"},{"floor":6.0,"key":"FossilizedHelix"},{"floor":9.0,"key":"Self Forming Clay"},{"floor":14.0,"key":"Replay:Bottled Eggs"},{"floor":23.0,"key":"Akabeko"},{"floor":25.0,"key":"ReplayTheSpireMod:Spearhead"},{"floor":26.0,"key":"Replay:Baseball"},{"floor":40.0,"key":"Chameleon Ring"},{"floor":42.0,"key":"Incense Burner"},{"floor":43.0,"key":"The Courier"},{"floor":44.0,"key":"Replay:Multitool"},{"floor":48.0,"key":"Gambling Chip"},{"floor":54.0,"key":"Replay:Ringing Soul"}],"event_choices":[{"damage_healed":0.0,"max_hp_gain":0.0,"max_hp_loss":0.0,"gold_gain":75.0,"event_name":"World of Goop","player_choice":"Gather Gold","floor":8.0,"gold_loss":0.0,"damage_taken":11.0},{"damage_healed":0.0,"max_hp_gain":0.0,"max_hp_loss":0.0,"gold_gain":0.0,"event_name":"Duplicator","player_choice":"Copied","floor":21.0,"gold_loss":0.0,"damage_taken":0.0,"cards_obtained":["Perfected Strike"]},{"damage_healed":0.0,"max_hp_gain":0.0,"max_hp_loss":0.0,"gold_gain":0.0,"event_name":"The Library","player_choice":"Read","floor":27.0,"gold_loss":0.0,"damage_taken":0.0,"cards_obtained":["Twin Strike"]},{"cards_removed":["Bash"],"damage_healed":0.0,"max_hp_gain":0.0,"max_hp_loss":0.0,"gold_gain":0.0,"event_name":"Purifier","player_choice":"Purged","floor":31.0,"gold_loss":0.0,"damage_taken":0.0},{"damage_healed":0.0,"max_hp_gain":0.0,"max_hp_loss":0.0,"gold_gain":0.0,"event_name":"MindBloom","player_choice":"Fight","floor":44.0,"gold_loss":0.0,"damage_taken":0.0}],"is_beta":false,"boss_relics":[{"not_picked":["ChewingGum","Ring of Chaos"],"picked":"Replay:Bronze Core"},{"not_picked":["Cursed Key","Replay:Ancient Bell"],"picked":"Tiny House"}],"items_purged_floors":[],"is_endless":false,"potions_floor_spawned":[6,13,14,16,18,19,23,24,35,36,39,41,47,48],"ascension_level":0}}