{"host":"v0dnu0zs4qo0v13s","time":1614383734,"event":{"mods":["BaseMod","Colored Map","Colored Powertips","Minty Spire (QoL Compilation)","Relic Stats","StSLib","SuperFastMode","everything is the same but u backflip on backflip"],"gold_per_floor":[114,78,153,171,171,171,204,223,249,268,302,318,318,47,47,119,119,129,129,140,158,158,193,193,193,268,268,296,296,325,343,343,343,343],"floor_reached":33,"language":"ENG","playtime":1243,"items_purged":["Strike_P"],"score":617,"play_id":"a13c8c49-ecbf-4e38-a720-f16576e18715","local_time":"20210226185534","is_ascension_mode":true,"campfire_choices":[{"floor":6.0,"key":"REST"},{"floor":13.0,"key":"REST"},{"floor":15.0,"key":"REST"},{"floor":25,"key":"REST"},{"floor":27,"key":"DIG"},{"floor":29,"key":"DIG"},{"floor":32,"key":"DIG"}],"circlet_count":0,"master_deck":["AscendersBane","Eruption","Vigilance","FollowUp","EmptyMind","ForeignInfluence","ReachHeaven","EmptyBody","Tantrum","FlurryOfBlows","SignatureMove","Prostrate","FlurryOfBlows","Devotion","FlurryOfBlows","Weave","SashWhip","WaveOfTheHand","PathToVictory+1","FollowUp","Wireheading","Adaptation","ClearTheMind","Alpha","SpiritShield+1","WheelKick","FlyingSleeves"],"relics":["Runic Dome","Omamori","Pen Nib","Du-Vu Doll","Toy Ornithopter","Pandora\u0027s Box","Pear","Shovel","Letter Opener","Akabeko","War Paint","Blood Vial","Vajra","Orichalcum"],"acts_visited":["Exordium","TheCity"],"potions_floor_usage":[31],"damage_taken":[{"damage":2.0,"enemies":"Cultist","floor":1.0,"turns":3.0},{"damage":4.0,"enemies":"Small Slimes","floor":4.0,"turns":3.0},{"damage":27.0,"enemies":"3 Sentries","floor":7.0,"turns":6.0},{"damage":4.0,"enemies":"Jaw Worm","floor":8.0,"turns":2.0},{"damage":5.0,"enemies":"Gremlin Gang","floor":10.0,"turns":2.0},{"damage":18.0,"enemies":"Gremlin Nob","floor":11.0,"turns":3.0},{"damage":8.0,"enemies":"Exordium Thugs","floor":12.0,"turns":2.0},{"damage":42.0,"enemies":"The Guardian","floor":16.0,"turns":7.0},{"damage":14.0,"enemies":"Chosen","floor":18.0,"turns":2.0},{"damage":0.0,"enemies":"Spheric Guardian","floor":20.0,"turns":2.0},{"damage":29.0,"enemies":"Chosen and Byrds","floor":21.0,"turns":4.0},{"damage":0.0,"enemies":"Gremlin Leader","floor":23.0,"turns":2.0},{"damage":25,"enemies":"Slavers","floor":28,"turns":3},{"damage":11,"enemies":"Gremlin Leader","floor":30,"turns":3},{"damage":0,"enemies":"3 Cultists","floor":31,"turns":2},{"damage":66,"enemies":"Automaton","floor":33,"turns":6}],"seed_played":"1922893269943105519","potions_obtained":[{"floor":8.0,"key":"Weak Potion"},{"floor":11.0,"key":"FairyPotion"},{"floor":28,"key":"AttackPotion"},{"floor":30,"key":"LiquidMemories"}],"is_trial":false,"path_per_floor":["M","$","?","M","?","R","E","M","T","M","E","M","R","$","R","B",null,"M","?","M","M","?","E","?","R","T","R","E","R","E","M","R","B"],"character_chosen":"WATCHER","items_purchased":["EmptyMind","Toy Ornithopter","FlurryOfBlows"],"campfire_rested":4,"item_purchase_floors":[2,14,14],"current_hp_per_floor":[59,59,53,49,49,68,41,37,37,32,14,6,26,26,46,9,53,39,27,27,21,31,31,58,82,82,82,57,57,48,55,55,0,0],"gold":343,"neow_bonus":"BOSS_RELIC","is_daily":false,"chose_seed":false,"campfire_upgraded":0,"win_rate":0.0,"timestamp":1614383734,"path_taken":["M","?","?","?","?","R","E","M","T","M","E","?","R","$","R","BOSS","M","?","M","M","?","E","?","R","T","R","E","R","E","?","R","BOSS"],"items_purchased_type":["Card","Relic","Card"],"build_version":"2020-12-22","purchased_purges":1,"victory":false,"max_hp_per_floor":[68,68,68,68,68,68,68,68,68,68,68,68,68,68,68,68,68,68,73,73,73,83,83,83,83,83,83,83,83,83,83,83,83,83],"relic_stats":{"Blood Vial":6,"Shovel":3,"counters":[16,52],"Pandora\u0027s Box":["FlurryOfBlows","Weave","SashWhip","WaveOfTheHand","PathToVictory","FollowUp"],"Pen Nib":[13],"Letter Opener":[15],"War Paint":["PathToVictory","SpiritShield"],"Orichalcum":[12],"obtain_stats":[{"Pear":22,"Vajra":30,"Pen Nib":9,"Omamori":7,"Letter Opener":26,"War Paint":28,"Orichalcum":32,"Akabeko":27,"Du-Vu Doll":11,"Blood Vial":29,"Runic Dome":0,"Shovel":23,"Pandora\u0027s Box":17,"PureWater":0,"Toy Ornithopter":14},{"Pear":11,"Vajra":14,"Pen Nib":4,"Omamori":3,"Letter Opener":12,"War Paint":13,"Orichalcum":15,"Akabeko":12,"Du-Vu Doll":6,"Blood Vial":13,"Runic Dome":0,"Shovel":12,"Pandora\u0027s Box":8,"PureWater":0,"Toy Ornithopter":7},{"Pear":36,"Vajra":44,"Pen Nib":14,"Omamori":12,"Letter Opener":38,"War Paint":41,"Orichalcum":46,"Akabeko":38,"Du-Vu Doll":19,"Blood Vial":41,"Runic Dome":0,"Shovel":38,"Pandora\u0027s Box":28,"PureWater":0,"Toy Ornithopter":21}],"Toy Ornithopter":10},"card_choices":[{"not_picked":["Evaluate","LikeWater"],"picked":"FollowUp","floor":1.0},{"not_picked":["Crescendo","WreathOfFlame"],"picked":"ForeignInfluence","floor":4.0},{"not_picked":["Indignation","Wish"],"picked":"EmptyBody","floor":7.0},{"not_picked":["Indignation","Study"],"picked":"Tantrum","floor":8.0},{"not_picked":["Evaluate","Study"],"picked":"FlurryOfBlows","floor":10.0},{"not_picked":["LessonLearned","FlyingSleeves"],"picked":"SignatureMove","floor":11.0},{"not_picked":["Tantrum","PathToVictory"],"picked":"Prostrate","floor":12.0},{"not_picked":["LessonLearned","Vault"],"picked":"Devotion","floor":16.0},{"not_picked":["FollowUp+1","Consecrate"],"picked":"Wireheading","floor":18.0},{"not_picked":["Indignation","CrushJoints"],"picked":"Adaptation","floor":20.0},{"not_picked":["BowlingBash+1","FlyingSleeves+1"],"picked":"ClearTheMind","floor":21.0},{"not_picked":["FlyingSleeves","FlurryOfBlows"],"picked":"Alpha","floor":23.0},{"not_picked":["CutThroughFate","Halt+1"],"picked":"SpiritShield","floor":28},{"not_picked":["DevaForm","JustLucky"],"picked":"WheelKick","floor":30},{"not_picked":["Halt","Conclude"],"picked":"FlyingSleeves","floor":31}],"player_experience":787673,"relics_obtained":[{"floor":7.0,"key":"Omamori"},{"floor":9.0,"key":"Pen Nib"},{"floor":11.0,"key":"Du-Vu Doll"},{"floor":23.0,"key":"Shovel"},{"floor":26,"key":"Letter Opener"},{"floor":27,"key":"Akabeko"},{"floor":28,"key":"War Paint"},{"floor":29,"key":"Blood Vial"},{"floor":30,"key":"Vajra"},{"floor":32,"key":"Orichalcum"}],"event_choices":[{"damage_healed":0.0,"max_hp_gain":0.0,"max_hp_loss":0.0,"gold_gain":75.0,"event_name":"FaceTrader","player_choice":"Touch","floor":3.0,"gold_loss":0.0,"damage_taken":6.0},{"damage_healed":0.0,"max_hp_gain":0.0,"max_hp_loss":0.0,"gold_gain":0.0,"cards_transformed":["Defend_P"],"event_name":"Transmorgrifier","player_choice":"Transformed","floor":5.0,"gold_loss":0.0,"damage_taken":0.0,"cards_obtained":["ReachHeaven"]},{"damage_healed":0.0,"max_hp_gain":5.0,"max_hp_loss":0.0,"gold_gain":0.0,"event_name":"Forgotten Altar","player_choice":"Shed Blood","floor":19.0,"gold_loss":0.0,"damage_taken":17.0},{"damage_healed":0.0,"max_hp_gain":0.0,"max_hp_loss":0.0,"gold_gain":0.0,"event_name":"The Mausoleum","player_choice":"Opened","floor":22.0,"gold_loss":0.0,"damage_taken":0.0,"relics_obtained":["Pear"],"cards_obtained":["Writhe"]},{"damage_healed":27.0,"max_hp_gain":0.0,"max_hp_loss":0.0,"gold_gain":0.0,"event_name":"The Library","player_choice":"Heal","floor":24.0,"gold_loss":0.0,"damage_taken":0.0}],"is_beta":false,"boss_relics":[{"not_picked":["Runic Pyramid","Sozu"],"picked":"Pandora\u0027s Box"}],"items_purged_floors":[14],"is_endless":false,"potions_floor_spawned":[8,11,28,30],"killed_by":"Automaton","ascension_level":14}}