{"host":"94b9qghhxjd69c4t","time":1614372787,"event":{"mods":["BaseMod","Colored Powertips","Minty Spire (QoL Compilation)","StSLib"],"gold_per_floor":[111,61,72,91,91,91,91,106,106,106,117,130,130,53,53,178,178,192,42,67,92,20,20,33,33,85,85,10,10,35,75,75,75,75],"floor_reached":33,"language":"ENG","playtime":909,"items_purged":[],"score":367,"play_id":"f55095be-f122-4d26-a2d5-f615c2770a26","local_time":"20210226215307","is_ascension_mode":true,"campfire_choices":[{"data":"Combust","floor":6,"key":"SMITH"},{"data":"Hemokinesis","floor":10,"key":"SMITH"},{"data":"Rampage","floor":15,"key":"SMITH"},{"data":"Rage","floor":23,"key":"SMITH"},{"data":"Battle Trance","floor":27,"key":"SMITH"},{"data":"Blood for Blood","floor":32,"key":"SMITH"}],"circlet_count":0,"master_deck":["Strike_R","Defend_R","Defend_R","Bash","Combust+1","Thunderclap","Battle Trance+1","Hemokinesis+1","Uppercut","Rampage+1","Brutality","Blood for Blood+1","Hemokinesis","Seeing Red+1","Rage+1"],"relics":["Burning Blood","Shuriken","Golden Idol","Coffee Dripper","MutagenicStrength","Happy Flower","Molten Egg 2"],"acts_visited":["Exordium","TheCity"],"potions_floor_usage":[33],"damage_taken":[{"damage":14,"enemies":"Jaw Worm","floor":1,"turns":5},{"damage":5,"enemies":"2 Louse","floor":3,"turns":3},{"damage":3,"enemies":"Cultist","floor":4,"turns":4},{"damage":5,"enemies":"3 Louse","floor":8,"turns":2},{"damage":11,"enemies":"Blue Slaver","floor":11,"turns":2},{"damage":5,"enemies":"2 Fungi Beasts","floor":12,"turns":2},{"damage":16,"enemies":"Slime Boss","floor":16,"turns":5},{"damage":24,"enemies":"Shell Parasite","floor":18,"turns":3},{"damage":18,"enemies":"2 Thieves","floor":20,"turns":2},{"damage":16,"enemies":"Snake Plant","floor":21,"turns":2},{"damage":6,"enemies":"Centurion and Healer","floor":24,"turns":2},{"damage":5,"enemies":"Snecko","floor":30,"turns":2},{"damage":8,"enemies":"Gremlin Leader","floor":31,"turns":3},{"damage":23,"enemies":"Collector","floor":33,"turns":5}],"seed_played":"2976946038873434899","potions_obtained":[{"floor":4,"key":"Ancient Potion"},{"floor":11,"key":"FearPotion"},{"floor":16,"key":"ElixirPotion"},{"floor":20,"key":"Dexterity Potion"},{"floor":24,"key":"SteroidPotion"}],"is_trial":false,"path_per_floor":["M","?","M","M","?","R","?","M","T","R","M","M","?","$","R","B",null,"M","$","M","M","$","R","M","?","T","R","?","?","M","E","R","B"],"character_chosen":"IRONCLAD","items_purchased":["Rampage","Blood for Blood","Hemokinesis","Rage"],"campfire_rested":0,"item_purchase_floors":[14,19,19,22],"current_hp_per_floor":[43,43,44,47,47,47,47,48,48,48,43,44,24,24,24,14,64,46,46,34,24,24,24,24,24,24,24,24,24,25,23,23,0,0],"gold":75,"neow_bonus":"REMOVE_TWO","is_daily":false,"chose_seed":false,"campfire_upgraded":6,"win_rate":0.0,"timestamp":1614372787,"path_taken":["M","?","M","M","?","R","?","?","T","R","M","M","?","$","R","BOSS","M","$","M","M","$","R","M","?","T","R","?","?","M","E","R","BOSS"],"items_purchased_type":["Card","Card","Card","Card"],"build_version":"2020-12-22","purchased_purges":0,"victory":false,"max_hp_per_floor":[80,80,80,80,80,80,80,80,80,80,80,80,80,80,80,80,80,80,80,80,80,80,80,80,80,80,80,80,80,80,80,80,80,80],"card_choices":[{"not_picked":["Iron Wave","Headbutt"],"picked":"Combust","floor":1},{"not_picked":["True Grit","Clothesline","Shockwave"],"picked":"SKIP","floor":3},{"not_picked":["Sentinel","Fire Breathing"],"picked":"Thunderclap","floor":4},{"not_picked":["Cleave","Clothesline"],"picked":"Hemokinesis","floor":8},{"not_picked":["Second Wind","Intimidate","Uppercut"],"picked":"SKIP","floor":11},{"not_picked":["Intimidate","Sever Soul"],"picked":"Uppercut","floor":12},{"not_picked":["Corruption","Fiend Fire"],"picked":"Brutality","floor":16},{"not_picked":["Cleave+1","Sword Boomerang","Dual Wield"],"picked":"SKIP","floor":18},{"not_picked":["Hemokinesis+1","Fire Breathing","Pommel Strike"],"picked":"SKIP","floor":20},{"not_picked":["Thunderclap","Sword Boomerang+1"],"picked":"Seeing Red+1","floor":21},{"not_picked":["Heavy Blade","Clash+1","Perfected Strike"],"picked":"SKIP","floor":24},{"not_picked":["Bludgeon","Pommel Strike","Sword Boomerang+1"],"picked":"SKIP","floor":30},{"not_picked":["Feel No Pain","Disarm","Whirlwind+1"],"picked":"SKIP","floor":31}],"player_experience":561645,"relics_obtained":[{"floor":9,"key":"Shuriken"},{"floor":26,"key":"Happy Flower"},{"floor":31,"key":"Molten Egg 2"}],"event_choices":[{"cards_removed":["Strike_R"],"damage_healed":0,"gold_gain":0,"player_choice":"Card Removal","damage_taken":0,"max_hp_gain":0,"max_hp_loss":0,"event_name":"The Cleric","floor":2,"gold_loss":50},{"cards_removed":["Strike_R"],"damage_healed":0,"gold_gain":0,"player_choice":"Forget","damage_taken":0,"max_hp_gain":0,"max_hp_loss":0,"event_name":"Living Wall","floor":5,"gold_loss":0},{"damage_healed":0,"gold_gain":0,"cards_transformed":["Defend_R"],"player_choice":"Transformed","damage_taken":0,"max_hp_gain":0,"max_hp_loss":0,"event_name":"Transmorgrifier","floor":7,"gold_loss":0,"cards_obtained":["Battle Trance"]},{"damage_healed":0,"gold_gain":0,"player_choice":"Take Damage","damage_taken":20,"relics_obtained":["Golden Idol"],"max_hp_gain":0,"max_hp_loss":0,"event_name":"Golden Idol","floor":13,"gold_loss":0},{"damage_healed":0,"gold_gain":0,"player_choice":"Inject Mutagens","damage_taken":0,"relics_obtained":["MutagenicStrength"],"max_hp_gain":0,"max_hp_loss":0,"event_name":"Drug Dealer","floor":25,"gold_loss":0},{"cards_removed":["Strike_R"],"damage_healed":0,"gold_gain":0,"player_choice":"Gave Gold","damage_taken":0,"max_hp_gain":0,"max_hp_loss":0,"event_name":"Beggar","floor":28,"gold_loss":75},{"damage_healed":0,"gold_gain":0,"player_choice":"Ignored","damage_taken":0,"max_hp_gain":0,"max_hp_loss":0,"event_name":"Vampires","floor":29,"gold_loss":0}],"is_beta":false,"boss_relics":[{"not_picked":["Empty Cage","SacredBark"],"picked":"Coffee Dripper"}],"items_purged_floors":[],"is_endless":false,"potions_floor_spawned":[4,11,16,20,24,30],"killed_by":"Collector","ascension_level":6}}