{"host":"1vxemzms76200xsp","time":1614373059,"event":{"mods":["AchievementEnabler","BaseMod","Better Synergies","Highlight Path","Minty Spire (QoL Compilation)","StSLib","The Bug Knight"],"gold_per_floor":[112,287,113,127,140,140,172,190,190,240,260,276,339,262,262,359,359,379,253,253,268,285,285,285,285,285,285,303,303,303],"floor_reached":29,"language":"ENG","playtime":1234,"items_purged":["Doubt","Strike_G","Strike_G"],"score":250,"play_id":"29ba210c-4bd6-4769-b5a5-c3555041d8c1","local_time":"20210226225739","is_ascension_mode":false,"campfire_choices":[{"data":"Noxious Fumes","floor":6.0,"key":"SMITH"},{"floor":15.0,"key":"REST"},{"data":"Envenom","floor":23,"key":"SMITH"},{"floor":24,"key":"REST"},{"floor":27,"key":"REST"}],"circlet_count":1,"master_deck":["Strike_G","Strike_G","Strike_G","Defend_G","Defend_G","Defend_G","Defend_G","Survivor","Neutralize","Deadly Poison","Noxious Fumes+1","Deflect","Noxious Fumes","Catalyst","Deadly Poison","Deadly Poison","Poisoned Stab","Envenom+1","Catalyst","Noxious Fumes+1","Deadly Poison+1","Deadly Poison","Distraction","A Thousand Cuts"],"relics":["Ring of the Snake","Circlet","Smiling Mask","Question Card","CaptainsWheel","Snake Skull","WingedGreaves","Philosopher\u0027s Stone","Ancient Tea Set"],"acts_visited":["Exordium","TheCity"],"potions_floor_usage":[],"damage_taken":[{"damage":0.0,"enemies":"Small Slimes","floor":1.0,"turns":4.0},{"damage":7.0,"enemies":"Jaw Worm","floor":4.0,"turns":4.0},{"damage":2.0,"enemies":"2 Louse","floor":5.0,"turns":4.0},{"damage":29.0,"enemies":"Lagavulin","floor":7.0,"turns":7.0},{"damage":0.0,"enemies":"Blue Slaver","floor":8.0,"turns":4.0},{"damage":5.0,"enemies":"Looter","floor":11.0,"turns":4.0},{"damage":8.0,"enemies":"Exordium Thugs","floor":12.0,"turns":5.0},{"damage":5.0,"enemies":"Gremlin Nob","floor":13.0,"turns":4.0},{"damage":6.0,"enemies":"Hexaghost","floor":16.0,"turns":7.0},{"damage":30.0,"enemies":"2 Thieves","floor":18.0,"turns":4.0},{"damage":27.0,"enemies":"3 Byrds","floor":21.0,"turns":4.0},{"damage":3.0,"enemies":"Cultist and Chosen","floor":22.0,"turns":4.0},{"damage":14,"enemies":"3 Cultists","floor":28,"turns":4},{"damage":38,"enemies":"Colosseum Slavers","floor":29,"turns":2}],"seed_played":"8761813915528423879","potions_obtained":[{"floor":4.0,"key":"ColorlessPotion"},{"floor":5.0,"key":"DistilledChaos"},{"floor":8.0,"key":"GhostInAJar"},{"floor":11.0,"key":"Block Potion"},{"floor":13.0,"key":"EssenceOfSteel"}],"is_trial":false,"path_per_floor":["M","?","$","M","M","R","E","M","T","T","M","M","?","$","R","B",null,"M","$","?","M","M","R","R","?","T","R","M","?"],"character_chosen":"THE_SILENT","items_purchased":["Noxious Fumes","Deflect","Poisoned Stab","Catalyst"],"campfire_rested":3,"item_purchase_floors":[3,3,14,19],"current_hp_per_floor":[70,70,70,63,61,61,32,32,32,32,27,19,14,14,35,29,70,40,40,40,13,10,10,31,31,31,52,38,0,0],"gold":303,"neow_bonus":"RANDOM_COMMON_RELIC","is_daily":false,"chose_seed":false,"campfire_upgraded":2,"win_rate":0.0,"timestamp":1614373059,"path_taken":["M","?","$","M","M","R","E","M","T","?","M","M","?","?","R","BOSS","M","$","?","M","M","R","R","?","T","R","?","?"],"items_purchased_type":["Card","Card","Card","Card"],"build_version":"2020-12-22","purchased_purges":3,"victory":false,"max_hp_per_floor":[70,70,70,70,70,70,70,70,70,70,70,70,70,70,70,70,70,70,70,70,70,70,70,70,70,70,70,70,70,70],"card_choices":[{"not_picked":["Blade Dance","Backstab"],"picked":"Deadly Poison","floor":1.0},{"not_picked":["Flying Knee","Eviscerate","Calculated Gamble"],"picked":"SKIP","floor":4.0},{"not_picked":["Underhanded Strike","Masterful Stab","Slice"],"picked":"SKIP","floor":5.0},{"not_picked":["Dodge and Roll","Underhanded Strike"],"picked":"Noxious Fumes","floor":7.0},{"not_picked":["Flechettes","Prepared","Blur","Unload"],"picked":"SKIP","floor":8.0},{"not_picked":["Endless Agony","All Out Attack","Slice"],"picked":"Catalyst","floor":11.0},{"not_picked":["PiercingWail","Deflect","Dagger Spray"],"picked":"Deadly Poison","floor":12.0},{"not_picked":["Envenom","Backflip","Dagger Spray"],"picked":"Deadly Poison","floor":13.0},{"not_picked":["Malaise","Unload","Die Die Die"],"picked":"Envenom","floor":16.0},{"not_picked":["Cloak And Dagger","Infinite Blades","Underhanded Strike","PiercingWail"],"picked":"SKIP","floor":18.0},{"not_picked":["Quick Slash","Flying Knee","Slice+1"],"picked":"Deadly Poison+1","floor":21.0},{"not_picked":["Blade Dance","Outmaneuver","Predator"],"picked":"Deadly Poison","floor":22},{"not_picked":["Choke","Prepared","Backstab"],"picked":"A Thousand Cuts","floor":28}],"player_experience":37532,"relics_obtained":[{"floor":7.0,"key":"Question Card"},{"floor":9.0,"key":"CaptainsWheel"},{"floor":10.0,"key":"Snake Skull"},{"floor":13.0,"key":"WingedGreaves"},{"floor":26,"key":"Ancient Tea Set"}],"event_choices":[{"damage_healed":0.0,"max_hp_gain":0.0,"max_hp_loss":0.0,"gold_gain":175.0,"event_name":"Liars Game","player_choice":"AGREE","floor":2.0,"gold_loss":0.0,"damage_taken":0.0,"cards_obtained":["Doubt"]},{"damage_healed":0.0,"max_hp_gain":0.0,"max_hp_loss":0.0,"gold_gain":0.0,"event_name":"Dead Adventurer","player_choice":"Searched \u00272\u0027 times","floor":13.0,"gold_loss":0.0,"damage_taken":0.0},{"damage_healed":0.0,"max_hp_gain":0.0,"max_hp_loss":0.0,"gold_gain":0.0,"event_name":"Duplicator","player_choice":"Copied","floor":20.0,"gold_loss":0.0,"damage_taken":0.0,"cards_obtained":["Noxious Fumes"]},{"damage_healed":0,"gold_gain":0,"cards_transformed":["Defend_G"],"player_choice":"Transformed","damage_taken":0,"max_hp_gain":0,"max_hp_loss":0,"event_name":"Transmorgrifier","floor":25,"gold_loss":0,"cards_obtained":["Distraction"]},{"damage_healed":0,"gold_gain":0,"player_choice":"Fight","damage_taken":0,"max_hp_gain":0,"max_hp_loss":0,"event_name":"Colosseum","floor":29,"gold_loss":0}],"is_beta":false,"boss_relics":[{"not_picked":["Fusion Hammer","WristBlade"],"picked":"Philosopher\u0027s Stone"}],"items_purged_floors":[3,14,19],"is_endless":false,"potions_floor_spawned":[4,5,8,11,13,18,22],"killed_by":"Colosseum Slavers","ascension_level":0}}