{"host":"3azvxbhvx7nk2p5g","time":1614327351,"event":{"mods":["10 clothes from DAL","100% Spire Juice","ATMod(∞¢Ë™Mod)","BaseMod","Colored Powertips","Minty Spire (QoL Compilation)","MostiFishMod","Reimu£®≤©¿ˆ¡È√Œ£©","Remilia£®¿Ÿ√◊¿Ú—«£©","Robot Space Explorer","StSLib","The Administrix","The Alterego","The Bug Knight","The Servant 0.9.4","Waifu the Spire","WarShipGirlsR/’ΩΩ¢…Ÿ≈ÆR mod","Warlord Emblem","Youmu£®ªÍ∆«—˝√Œ£©","Yuri Mod","°æ“≈ŒÔø®≈∆°øREMEMod"],"gold_per_floor":[116,136,136,152,152,184,184,184,209,239,252,252,124,74,74,169,169,184,184,194,214,228,254,274,103,127,226,256,256,282,7,7,112,112,132,182,182,195,45,57,57,86,86,98,98,117,117,248,248,348,348,348,-1371,-1112,-1112,-1112],"floor_reached":55,"language":"ZHS","playtime":3619,"items_purged":["RobotSpaceExplorer:Defend","RobotSpaceExplorer:Defend","RobotSpaceExplorer:Strike","RobotSpaceExplorer:SurgingShield","RobotSpaceExplorer:StarLightning"],"score":983,"play_id":"aec0efcd-782c-44d3-8587-c044d820223a","local_time":"20210226161551","is_ascension_mode":false,"campfire_choices":[{"data":"RobotSpaceExplorer:Blaster","floor":8.0,"key":"SMITH"},{"data":"AT_FamilyPortrait","floor":12.0,"key":"SMITH"},{"data":"RobotSpaceExplorer:StarLightning","floor":15.0,"key":"SMITH"},{"data":"RobotSpaceExplorer:Multitool","floor":32,"key":"SMITH"},{"data":"RobotSpaceExplorer:Strike+1","floor":41,"key":"PURGE"},{"data":"RobotSpaceExplorer:Scan","floor":45,"key":"PURGE"},{"data":"RobotSpaceExplorer:MiniLasers","floor":47,"key":"PURGE"},{"floor":49,"key":"RECALL"},{"data":"RobotSpaceExplorer:MiniBoosters","floor":52,"key":"SMITH"}],"circlet_count":0,"master_deck":["AT_FamilyPortrait+1","alterego_mod:Rake","RobotSpaceExplorer:Blaster+1","RobotSpaceExplorer:SelfCleaning+1","RobotSpaceExplorer:ScrapShield","RobotSpaceExplorer:Blaster","RobotSpaceExplorer:StarLightning+1","RobotSpaceExplorer:ScrapMissile","RobotSpaceExplorer:Multitool+1","RobotSpaceExplorer:MiniDrones+1","RobotSpaceExplorer:LuckyStrike","RobotSpaceExplorer:ScrapShield+1","RobotSpaceExplorer:FreezeRay+1","RobotSpaceExplorer:DualCore+1","RobotSpaceExplorer:MiniBoosters+1","RobotSpaceExplorer:Probe","RobotSpaceExplorer:GlueShot","RobotSpaceExplorer:TrailblazerForm","RobotSpaceExplorer:JunkDive","RobotSpaceExplorer:DoubleFind+1","RobotSpaceExplorer:Scanner","RobotSpaceExplorer:FrostMissile+1","RobotSpaceExplorer:ShockMissile"],"relics":["RobotSpaceExplorer:RoboCore","AT_ATBox","DaveBox","REME_ComplimentaryCards","GreenFoldingFan","SynthV:TestCard","Eternal Feather","Turnip","AT_SeraphEmbrace","Nunchaku","RobotSpaceExplorer:SearchSpecs","Toy Ornithopter","WingedGreaves","Darkstone Periapt","Transparent","Peace Pipe","AT_GoldPhoenixTree","AT_TheCollector","RobotSpaceExplorer:RingOfTheNewt","SynthV:MejaisSoulstealer","AT_SpeedBoots"],"acts_visited":["Exordium","TheCity","TheBeyond","TheEnding"],"potions_floor_usage":[48,54,55],"damage_taken":[{"damage":6.0,"enemies":"Small Slimes","floor":1.0,"turns":3.0},{"damage":4.0,"enemies":"Jaw Worm","floor":2.0,"turns":2.0},{"damage":8.0,"enemies":"Cultist","floor":4.0,"turns":4.0},{"damage":6.0,"enemies":"Gremlin Nob","floor":6.0,"turns":3.0},{"damage":6.0,"enemies":"Looter","floor":11.0,"turns":2.0},{"damage":12.0,"enemies":"The Guardian","floor":16.0,"turns":6.0},{"damage":4.0,"enemies":"Shell Parasite","floor":18.0,"turns":2.0},{"damage":19.0,"enemies":"2 Thieves","floor":20.0,"turns":3.0},{"damage":8.0,"enemies":"Centurion and Healer","floor":21.0,"turns":4.0},{"damage":8.0,"enemies":"Chosen and Byrds","floor":22.0,"turns":4.0},{"damage":8,"enemies":"HollowMod:Nosk","floor":23,"turns":4},{"damage":7,"enemies":"Snecko","floor":24,"turns":3},{"damage":23,"enemies":"Gremlin Leader","floor":28,"turns":5},{"damage":8,"enemies":"REME_1_Revenger","floor":30,"turns":4},{"damage":20,"enemies":"Champ","floor":33,"turns":7},{"damage":32,"enemies":"3 Shapes","floor":35,"turns":2},{"damage":48,"enemies":"Mind Bloom Boss Battle","floor":36,"turns":3},{"damage":45,"enemies":"3 Darklings","floor":38,"turns":3},{"damage":30,"enemies":"4 Shapes","floor":40,"turns":2},{"damage":45,"enemies":"Nemesis","floor":42,"turns":3},{"damage":38,"enemies":"Sphere and 2 Shapes","floor":44,"turns":2},{"damage":57,"enemies":"Maw","floor":46,"turns":3},{"damage":38,"enemies":"Reptomancer","floor":48,"turns":2},{"damage":105,"enemies":"Time Eater","floor":50,"turns":5},{"damage":40,"enemies":"Shield and Spear","floor":54,"turns":2},{"damage":92,"enemies":"The Heart","floor":55,"turns":4}],"seed_played":"-6509300137711765499","potions_obtained":[{"floor":1.0,"key":"SpeedPotion"},{"floor":4.0,"key":"ColorlessPotion"},{"floor":16.0,"key":"SteroidPotion"},{"floor":30,"key":"FairyPotion"},{"floor":46,"key":"RobotSpaceExplorer:LiquidFusion"},{"floor":48,"key":"Fruit Juice"}],"is_trial":false,"path_per_floor":["M","M","?","M","?","E","T","R","T","?","M","R","$","?","R","B",null,"M","?","M","M","M","E","M","$","T","?","E","?","E","$","R","B",null,"M","?","?","M","$","M","R","E","T","M","R","M","R","E","R","B",null,"R","$","E","B"],"character_chosen":"RobotSpaceExplorer","items_purchased":["RobotSpaceExplorer:ScrapMissile","RobotSpaceExplorer:StarLightning","RobotSpaceExplorer:MiniBoosters","RobotSpaceExplorer:Probe","RobotSpaceExplorer:GlueShot","RobotSpaceExplorer:ShockMissile","SynthV:MejaisSoulstealer"],"campfire_rested":0,"item_purchase_floors":[13,25,31,31,31,53,53],"current_hp_per_floor":[68,68,73,73,58,62,62,71,71,71,73,73,73,73,73,71,73,73,73,64,66,68,70,73,73,73,73,60,60,62,62,73,63,73,73,73,69,69,69,69,69,69,69,69,69,63,69,74,74,56,74,74,74,74,0,0],"gold":-1112,"neow_bonus":"TRANSFORM_TWO_CARDS","is_daily":false,"chose_seed":false,"campfire_upgraded":5,"win_rate":0.0,"timestamp":1614327351,"path_taken":["M","M","?","M","?","E","?","R","T","?","?","R","$","?","R","BOSS","M","?","M","M","M","E","M","$","T","?","E","?","E","$","R","BOSS","M","?","?","M","$","M","R","E","T","M","R","M","R","E","R","BOSS","R","$","E","BOSS"],"items_purchased_type":["Card","Card","Card","Card","Card","Card","Relic"],"build_version":"2020-12-22","purchased_purges":5,"victory":false,"max_hp_per_floor":[68,68,73,73,73,73,73,73,73,73,73,73,73,73,73,73,73,73,73,73,73,73,73,73,73,73,73,73,73,73,73,73,73,73,73,73,69,69,69,69,69,69,69,69,69,69,69,74,74,74,74,74,74,74,74,74],"card_choices":[{"not_picked":["RobotSpaceExplorer:MiniDrones","RobotSpaceExplorer:ExhaustFan"],"picked":"RobotSpaceExplorer:SelfCleaning","floor":1.0},{"not_picked":["RobotSpaceExplorer:Counterblock","RobotSpaceExplorer:GlueShot","RobotSpaceExplorer:Probe","RobotSpaceExplorer:Pulsar"],"picked":"RobotSpaceExplorer:ScrapShield","floor":2.0},{"not_picked":["RobotSpaceExplorer:MakeshiftVolley","RobotSpaceExplorer:SurgingStrike","RobotSpaceExplorer:ShockKick","RobotSpaceExplorer:TurboDodge","RobotSpaceExplorer:Electroshield"],"picked":"SKIP","floor":4.0},{"not_picked":["RobotSpaceExplorer:SurgingStrike","RobotSpaceExplorer:MetalStrike","RobotSpaceExplorer:JunkDive","RobotSpaceExplorer:LaserBurst"],"picked":"RobotSpaceExplorer:Blaster","floor":6.0},{"not_picked":["RobotSpaceExplorer:Pulsar","RobotSpaceExplorer:PlasmaMissile","RobotSpaceExplorer:FranticSearch","RobotSpaceExplorer:ShockKick"],"picked":"RobotSpaceExplorer:StarLightning","floor":11.0},{"not_picked":["RobotSpaceExplorer:Explosion","RobotSpaceExplorer:Accelerator","RobotSpaceExplorer:HighVoltage","RobotSpaceExplorer:Exploration"],"picked":"RobotSpaceExplorer:Multitool","floor":16.0},{"not_picked":["RobotSpaceExplorer:Counterblock","RobotSpaceExplorer:StunGrenade","RobotSpaceExplorer:JunkDive","RobotSpaceExplorer:SurgingShield"],"picked":"RobotSpaceExplorer:MiniDrones+1","floor":18.0},{"not_picked":["RobotSpaceExplorer:Blitz","RobotSpaceExplorer:Pulsar","RobotSpaceExplorer:ImprovisedAttack","RobotSpaceExplorer:SurgingStrike"],"picked":"RobotSpaceExplorer:LuckyStrike","floor":20.0},{"not_picked":["RobotSpaceExplorer:DoubleFind","RobotSpaceExplorer:Counterblock","RobotSpaceExplorer:MiniDrones","RobotSpaceExplorer:GlueShot","RobotSpaceExplorer:SwiftStep"],"picked":"SKIP","floor":21.0},{"not_picked":["RobotSpaceExplorer:BigMissile","RobotSpaceExplorer:Counterblock","RobotSpaceExplorer:GlueShot","RobotSpaceExplorer:PowerGlove"],"picked":"RobotSpaceExplorer:Wormhole","floor":22},{"not_picked":["RobotSpaceExplorer:SurgingStrike","RobotSpaceExplorer:ShovelStrike","RobotSpaceExplorer:Autoloader","RobotSpaceExplorer:Comet"],"picked":"RobotSpaceExplorer:ScrapShield+1","floor":23},{"not_picked":["RobotSpaceExplorer:TurboDodge+1","RobotSpaceExplorer:Smokescreen","RobotSpaceExplorer:ShovelStrike+1","RobotSpaceExplorer:GlueShot","RobotSpaceExplorer:ScrapShield"],"picked":"SKIP","floor":24},{"not_picked":["RobotSpaceExplorer:BigMissile","RobotSpaceExplorer:Counterblock","RobotSpaceExplorer:FrostMissile+1","RobotSpaceExplorer:DoubleBlock"],"picked":"RobotSpaceExplorer:FreezeRay+1","floor":28},{"not_picked":["RobotSpaceExplorer:Multitool","RobotSpaceExplorer:ShovelStrike","RobotSpaceExplorer:Probe","RobotSpaceExplorer:ShockKick"],"picked":"RobotSpaceExplorer:DualCore+1","floor":30},{"not_picked":["RobotSpaceExplorer:Asteroid","RobotSpaceExplorer:Comet","RobotSpaceExplorer:Exploration","RobotSpaceExplorer:Arsenal"],"picked":"RobotSpaceExplorer:TrailblazerForm","floor":33},{"not_picked":["RobotSpaceExplorer:MetalStrike","RobotSpaceExplorer:Ammunition+1","RobotSpaceExplorer:ScrapMissile+1","RobotSpaceExplorer:ShockKick+1","RobotSpaceExplorer:Electropulse+1"],"picked":"SKIP","floor":35},{"not_picked":["RobotSpaceExplorer:MakeshiftVolley","RobotSpaceExplorer:ImprovisedAttack","RobotSpaceExplorer:MiniDrones+1","RobotSpaceExplorer:Reload+1"],"picked":"RobotSpaceExplorer:JunkDive","floor":36},{"not_picked":["RobotSpaceExplorer:MetalStrike+1","RobotSpaceExplorer:Probe","RobotSpaceExplorer:SwiftStep","RobotSpaceExplorer:ShockMissile","RobotSpaceExplorer:Counterblock"],"picked":"SKIP","floor":38},{"not_picked":["RobotSpaceExplorer:SurgingShield+1","RobotSpaceExplorer:FrostMissile","RobotSpaceExplorer:MetalStrike","RobotSpaceExplorer:SlimeMissile"],"picked":"RobotSpaceExplorer:DoubleFind+1","floor":40},{"not_picked":["RobotSpaceExplorer:DualCore+1","RobotSpaceExplorer:PowerGlove","RobotSpaceExplorer:ImprovisedAttack+1","RobotSpaceExplorer:FreezingShield+1"],"picked":"RobotSpaceExplorer:Scanner","floor":42},{"not_picked":["RobotSpaceExplorer:LuckyStrike+1","RobotSpaceExplorer:TurboDodge","RobotSpaceExplorer:Discharger","RobotSpaceExplorer:ToxicBomb","RobotSpaceExplorer:FrostMissile+1"],"picked":"SKIP","floor":44},{"not_picked":["RobotSpaceExplorer:ScrapShield+1","RobotSpaceExplorer:MiniDrones+1","RobotSpaceExplorer:DoubleFind+1","RobotSpaceExplorer:Blitz+1","RobotSpaceExplorer:SelfCleaning+1"],"picked":"SKIP","floor":46},{"not_picked":["RobotSpaceExplorer:GlueSpray+1","RobotSpaceExplorer:JunkDive+1","RobotSpaceExplorer:GearShield","RobotSpaceExplorer:Smokescreen"],"picked":"RobotSpaceExplorer:FrostMissile+1","floor":48},{"not_picked":["RobotSpaceExplorer:TrailblazerForm","RobotSpaceExplorer:Blitz","RobotSpaceExplorer:GlueSpray+1","RobotSpaceExplorer:ShovelStrike+1","RobotSpaceExplorer:MiniDrones"],"picked":"SKIP","floor":54}],"player_experience":187133,"relics_obtained":[{"floor":1.0,"key":"SynthV:TestCard"},{"floor":6.0,"key":"Eternal Feather"},{"floor":7.0,"key":"Turnip"},{"floor":9.0,"key":"AT_ArchangelStaff"},{"floor":23,"key":"Toy Ornithopter"},{"floor":28,"key":"WingedGreaves"},{"floor":30,"key":"Darkstone Periapt"},{"floor":36,"key":"Peace Pipe"},{"floor":42,"key":"AT_GoldPhoenixTree"},{"floor":43,"key":"AT_TheCollector"},{"floor":48,"key":"RobotSpaceExplorer:RingOfTheNewt"},{"floor":54,"key":"AT_SpeedBoots"}],"event_choices":[{"damage_healed":0.0,"max_hp_gain":5.0,"max_hp_loss":0.0,"gold_gain":0.0,"event_name":"Big Fish","player_choice":"Donut","floor":3.0,"gold_loss":0.0,"damage_taken":0.0},{"damage_healed":0.0,"max_hp_gain":0.0,"max_hp_loss":0.0,"gold_gain":0.0,"event_name":"Shining Light","player_choice":"Entered Light","floor":5.0,"gold_loss":0.0,"damage_taken":15.0,"cards_upgraded":["RobotSpaceExplorer:Strike","RobotSpaceExplorer:SelfCleaning"]},{"damage_healed":0.0,"max_hp_gain":0.0,"max_hp_loss":0.0,"gold_gain":30.0,"event_name":"Dead Adventurer","player_choice":"Searched \u00273\u0027 times","floor":10.0,"gold_loss":0.0,"damage_taken":0.0,"relics_obtained":["Nunchaku"]},{"cards_removed":["RobotSpaceExplorer:Defend"],"damage_healed":0.0,"max_hp_gain":0.0,"max_hp_loss":0.0,"gold_gain":0.0,"event_name":"The Cleric","player_choice":"Card Removal","floor":14.0,"gold_loss":50.0,"damage_taken":0.0},{"damage_healed":0.0,"max_hp_gain":0.0,"max_hp_loss":0.0,"gold_gain":0.0,"event_name":"NoteForYourself","player_choice":"Ignored","floor":19.0,"gold_loss":0.0,"damage_taken":0.0},{"damage_healed":0,"gold_gain":99,"player_choice":"Stole From Cult","damage_taken":0,"max_hp_gain":0,"max_hp_loss":0,"event_name":"Nest","floor":27,"gold_loss":0},{"damage_healed":0,"gold_gain":0,"player_choice":"Ignored","damage_taken":0,"max_hp_gain":0,"max_hp_loss":0,"event_name":"Vampires","floor":29,"gold_loss":0},{"damage_healed":0,"gold_gain":0,"player_choice":"Fight","damage_taken":0,"max_hp_gain":0,"max_hp_loss":0,"event_name":"MindBloom","floor":36,"gold_loss":0},{"damage_healed":0,"gold_gain":0,"player_choice":"Max HP","damage_taken":0,"max_hp_gain":0,"max_hp_loss":4,"event_name":"Winding Halls","floor":37,"gold_loss":0}],"is_beta":false,"boss_relics":[{"not_picked":["Runic Pyramid","HereWithMe"],"picked":"RobotSpaceExplorer:SearchSpecs"},{"not_picked":["REME_ChargedStone","RobotSpaceExplorer:TurboCore"],"picked":"Transparent"}],"items_purged_floors":[13,25,31,39,53],"is_endless":false,"potions_floor_spawned":[1,4,16,20,21,23,28,30,35,36,46,48],"killed_by":"The Heart","ascension_level":0}}