{"host":"h5nld6ncfqkg6fx0","time":1614327928,"event":{"mods":["100% Spire Juice","BaseMod","Better Third Choice","ChefMod","Energized Spire","GifTheSpireLib","Minty Spire (QoL Compilation)","Relic Stats","Reliquary","Spicy Shops","StSLib","The Alterego","TheSwordswoman"],"gold_per_floor":[116,116,126,144,155,155,182,182,182,200,231,231,36,57,57,57,57],"floor_reached":16,"language":"ENG","playtime":954,"items_purged":["Moonworks:Strike"],"score":137,"play_id":"6de4ea06-a5ce-468c-8436-713b5a4a5bfc","local_time":"20210226002528","is_ascension_mode":false,"campfire_choices":[{"floor":6,"key":"REST"},{"data":"Moonworks:JonathanRush","floor":8,"key":"SMITH"},{"data":"Moonworks:Flamethrower","floor":15,"key":"SMITH"}],"circlet_count":0,"master_deck":["Moonworks:Strike","Moonworks:Strike+1","Moonworks:Strike","Moonworks:Defend","Moonworks:Defend+1","Moonworks:Defend","Moonworks:Defend","Moonworks:Ambush","Moonworks:LongDistanceShot","Moonworks:NicePresent","Moonworks:JonathanRush+1","Moonworks:EvilSpyWorkPreparation","Moonworks:CloudOfSeagulls","Moonworks:WindyEnchantment","Moonworks:Flamethrower+1"],"relics":["Moonworks:BrokenBomb","Moonworks:Homemark","Bag of Preparation","Pantograph","reliquary:PrincelyHelmet","Letter Opener","Golden Idol"],"acts_visited":["Exordium"],"potions_floor_usage":[5,16],"damage_taken":[{"damage":3,"enemies":"Jaw Worm","floor":1,"turns":4},{"damage":3,"enemies":"Small Slimes","floor":3,"turns":4},{"damage":6,"enemies":"Cultist","floor":4,"turns":3},{"damage":7,"enemies":"Exordium Wildlife","floor":5,"turns":3},{"damage":1,"enemies":"3 Sentries","floor":7,"turns":4},{"damage":12,"enemies":"Blue Slaver","floor":10,"turns":3},{"damage":0,"enemies":"Gremlin Nob","floor":11,"turns":3},{"damage":0,"enemies":"Large Slime","floor":14,"turns":2},{"damage":56,"enemies":"The Guardian","floor":16,"turns":10}],"seed_played":"4893073999470347681","potions_obtained":[{"floor":3,"key":"Explosive Potion"},{"floor":7,"key":"SkillPotion"},{"floor":11,"key":"DuplicationPotion"},{"floor":14,"key":"Swift Potion"}],"is_trial":false,"path_per_floor":["M","?","M","M","M","R","E","R","T","M","E","?","$","M","R","B"],"character_chosen":"THE_STARBREAKER","items_purchased":[],"campfire_rested":1,"item_purchase_floors":[],"current_hp_per_floor":[57,45,42,36,29,47,46,46,46,34,34,34,34,34,34,0,0],"gold":57,"neow_bonus":"RANDOM_COMMON_RELIC","is_daily":false,"chose_seed":false,"campfire_upgraded":2,"win_rate":0.0,"timestamp":1614327928,"path_taken":["M","?","M","M","M","R","E","R","T","M","E","?","$","M","R","BOSS"],"items_purchased_type":[],"build_version":"2020-12-22","purchased_purges":1,"victory":false,"max_hp_per_floor":[60,60,60,60,60,60,60,60,60,60,60,56,56,56,56,56,56],"relic_stats":{"counters":[9,36],"Golden Idol":4,"Pantograph":22,"Bag of Preparation":[18],"Letter Opener":[15],"obtain_stats":[{"reliquary:PrincelyHelmet":9,"Golden Idol":12,"Moonworks:Homemark":0,"Pantograph":7,"Bag of Preparation":0,"Letter Opener":11,"Moonworks:BrokenBomb":0},{"reliquary:PrincelyHelmet":5,"Golden Idol":7,"Moonworks:Homemark":0,"Pantograph":5,"Bag of Preparation":0,"Letter Opener":7,"Moonworks:BrokenBomb":0},{"reliquary:PrincelyHelmet":18,"Golden Idol":24,"Moonworks:Homemark":0,"Pantograph":18,"Bag of Preparation":0,"Letter Opener":24,"Moonworks:BrokenBomb":0}]},"card_choices":[{"not_picked":["Moonworks:DeployBits","Moonworks:AwakeningOfTalent"],"picked":"Moonworks:NicePresent","floor":1},{"not_picked":["Moonworks:CloudOfSeagulls","Moonworks:Assault"],"picked":"Moonworks:JonathanRush","floor":3},{"not_picked":["Moonworks:RedAndBlue","Moonworks:SakisCookie"],"picked":"Moonworks:EvilSpyWorkPreparation","floor":4},{"not_picked":["Moonworks:BigMagnum","Moonworks:Bloodlust"],"picked":"Moonworks:CloudOfSeagulls","floor":5},{"not_picked":["Moonworks:IndiscriminateFireSupport","Moonworks:MiracleWalker","Moonworks:SakisCookie"],"picked":"SKIP","floor":7},{"not_picked":["Moonworks:DevilHand","Moonworks:RagingMadness"],"picked":"Moonworks:WindyEnchantment","floor":10},{"not_picked":["Moonworks:CastOff","Moonworks:StiffCrystal"],"picked":"Moonworks:Flamethrower","floor":11},{"not_picked":["Moonworks:Assault","Moonworks:IndiscriminateFireSupport","Moonworks:BigMagnum"],"picked":"SKIP","floor":14}],"player_experience":46899,"relics_obtained":[{"floor":7,"key":"Pantograph"},{"floor":9,"key":"reliquary:PrincelyHelmet"},{"floor":11,"key":"Letter Opener"}],"event_choices":[{"damage_healed":57,"gold_gain":0,"player_choice":"Upgrade","damage_taken":12,"max_hp_gain":0,"max_hp_loss":60,"event_name":"betterThird:BetterShining","floor":2,"gold_loss":0,"cards_upgraded":["Moonworks:Defend","Moonworks:Strike"]},{"damage_healed":0,"gold_gain":0,"player_choice":"Lose Max HP","damage_taken":0,"relics_obtained":["Golden Idol"],"max_hp_gain":0,"max_hp_loss":4,"event_name":"Golden Idol","floor":12,"gold_loss":0}],"is_beta":false,"boss_relics":[],"items_purged_floors":[13],"is_endless":false,"potions_floor_spawned":[3,7,11,14],"killed_by":"The Guardian","ascension_level":0}}