{"host":"b6hf8n3pu8vqv2wi","time":1614357074,"event":{"mods":["BaseMod","Marisa£®ÏF”Í°°ƒß¿Ì…≥£©","Minty Spire (QoL Compilation)","StSLib"],"gold_per_floor":[116,66,78,94,169,217,217,258,282,214,239,268,278,298,298,416,416,427,456,57,90,121,151,151,222,296,321,364,389,389,429,429,547,597,615,275,302,385,456,456,456,75,75,115,135,135,196,223,223,223,223,223,21,61,61],"floor_reached":56,"language":"ZHS","playtime":10621,"items_purged":["Writhe","Strike_MRS"],"score":1482,"play_id":"fd6a4ca8-c234-40c7-885a-070f5a26e7e3","local_time":"20210227003114","is_ascension_mode":false,"campfire_choices":[{"floor":15.0,"key":"REST"},{"floor":32.0,"key":"RECALL"},{"data":"MaximisePower","floor":40,"key":"SMITH"},{"data":"BinaryStars","floor":41,"key":"SMITH"},{"data":"CasketOfStar","floor":49,"key":"SMITH"},{"data":"MaximisePower","floor":52,"key":"SMITH"}],"circlet_count":0,"master_deck":["Strike_MRS","Strike_MRS","Defend_MRS","Defend_MRS","Defend_MRS","MasterSpark","UpSweep","GasGiant+1","WitchOfGreed","ManaConvection","PulseMagic","BlazingStar","SporeBomb","CasketOfStar+1","MilkyWay","PowerUp","MaximisePower+1","PowerUp+1","OpenUniverse+1","PropBag","PropBag","BinaryStars+1","FinalSpark","UltimateShortwave","Singularity+1","DragonMeteor+1","WitchOfGreed","EnergyFlow+1","EnergyFlow+1","Panacea","MaximisePower+1","BlazeAway+1","CollectingQuirk"],"relics":["MiniHakkero","NeowsBlessing","Boot","Anchor","ExperimentalFamiliar","Membership Card","HornCleat","Toy Ornithopter","Unceasing Top","MutagenicStrength","Gremlin Horn","Question Card","Pantograph","Strawberry","Mummified Hand","Tiny House","Bag of Preparation","White Beast Statue","Lee\u0027s Waffle","CatCart","WingedGreaves","Nunchaku","Mercury Hourglass","ClockworkSouvenir","Meat on the Bone","Happy Flower","Pear","Thread and Needle","Bottled Tornado","Shuriken","OrangePellets","Pocketwatch"],"acts_visited":["Exordium","TheCity","TheBeyond","TheEnding"],"potions_floor_usage":[39,44,45,47,47,47,48,50,50,55,55],"damage_taken":[{"damage":0.0,"enemies":"Jaw Worm","floor":1.0,"turns":1.0},{"damage":0.0,"enemies":"Small Slimes","floor":3.0,"turns":2.0},{"damage":0.0,"enemies":"2 Louse","floor":4.0,"turns":1.0},{"damage":24.0,"enemies":"3 Sentries","floor":6.0,"turns":12.0},{"damage":17.0,"enemies":"Lagavulin","floor":8.0,"turns":8.0},{"damage":0.0,"enemies":"Looter","floor":11.0,"turns":3.0},{"damage":7.0,"enemies":"Gremlin Gang","floor":12.0,"turns":4.0},{"damage":0.0,"enemies":"Lots of Slimes","floor":13.0,"turns":4.0},{"damage":1.0,"enemies":"Exordium Wildlife","floor":14.0,"turns":3.0},{"damage":30.0,"enemies":"The Guardian","floor":16.0,"turns":6.0},{"damage":0.0,"enemies":"2 Thieves","floor":18.0,"turns":3.0},{"damage":0.0,"enemies":"Shell Parasite","floor":19.0,"turns":3.0},{"damage":10.0,"enemies":"Centurion and Healer","floor":21.0,"turns":6.0},{"damage":0.0,"enemies":"Chosen and Byrds","floor":22.0,"turns":3.0},{"damage":0.0,"enemies":"Book of Stabbing","floor":23.0,"turns":2.0},{"damage":0.0,"enemies":"Snecko","floor":27.0,"turns":2.0},{"damage":3.0,"enemies":"Gremlin Leader","floor":28.0,"turns":3.0},{"damage":0.0,"enemies":"Snake Plant","floor":29.0,"turns":2.0},{"damage":4.0,"enemies":"Book of Stabbing","floor":31.0,"turns":3.0},{"damage":46.0,"enemies":"Automaton","floor":33.0,"turns":7.0},{"damage":11.0,"enemies":"3 Darklings","floor":35.0,"turns":4.0},{"damage":0.0,"enemies":"Orb Walker","floor":37.0,"turns":2.0},{"damage":10.0,"enemies":"Orin","floor":38.0,"turns":6.0},{"damage":3,"enemies":"2 Orb Walkers","floor":39,"turns":2},{"damage":0,"enemies":"Reptomancer","floor":44,"turns":2},{"damage":0,"enemies":"3 Darklings","floor":45,"turns":1},{"damage":0,"enemies":"Giant Head","floor":47,"turns":3},{"damage":22,"enemies":"Nemesis","floor":48,"turns":3},{"damage":37,"enemies":"Awakened One","floor":50,"turns":6},{"damage":0,"enemies":"Shield and Spear","floor":54,"turns":1},{"damage":52,"enemies":"The Heart","floor":55,"turns":5}],"seed_played":"-7674840164502013143","potions_obtained":[{"floor":1.0,"key":"LiquidMemories"},{"floor":4.0,"key":"GamblersBrew"},{"floor":6.0,"key":"Block Potion"},{"floor":8.0,"key":"EntropicBrew"},{"floor":8.0,"key":"PowerPotion"},{"floor":11.0,"key":"SpeedPotion"},{"floor":12.0,"key":"ColorlessPotion"},{"floor":12.0,"key":"Ancient Potion"},{"floor":13.0,"key":"SkillPotion"},{"floor":16.0,"key":"Dexterity Potion"},{"floor":16.0,"key":"Ancient Potion"},{"floor":19.0,"key":"Weak Potion"},{"floor":21.0,"key":"Explosive Potion"},{"floor":22.0,"key":"ColorlessPotion"},{"floor":27.0,"key":"DuplicationPotion"},{"floor":27.0,"key":"Explosive Potion"},{"floor":28.0,"key":"Fire Potion"},{"floor":29.0,"key":"Strength Potion"},{"floor":29.0,"key":"LiquidMemories"},{"floor":31.0,"key":"Energy Potion"},{"floor":33.0,"key":"Dexterity Potion"},{"floor":34.0,"key":"Ancient Potion"},{"floor":38.0,"key":"BlessingOfTheForge"},{"floor":38.0,"key":"StarNLove"},{"floor":38.0,"key":"Energy Potion"},{"floor":39,"key":"Block Potion"},{"floor":44,"key":"Swift Potion"},{"floor":44,"key":"FearPotion"},{"floor":45,"key":"GamblersBrew"},{"floor":47,"key":"Ancient Potion"},{"floor":47,"key":"BottledSpark"},{"floor":47,"key":"Dexterity Potion"},{"floor":48,"key":"Dexterity Potion"},{"floor":54,"key":"Strength Potion"}],"is_trial":false,"path_per_floor":["M","?","M","M","?","E","?","E","T","$","M","M","M","M","R","B",null,"M","M","$","M","M","E","?","T","T","M","E","M","?","E","R","B",null,"M","$","M","?","?","R","R","$","T","E","M","T","E","E","R","B",null,"R","$","E","B",null],"character_chosen":"MARISA","items_purchased":["CasketOfStar","Membership Card","Fruit Juice","HornCleat","Toy Ornithopter","Bag of Preparation","WitchOfGreed","White Beast Statue","Lee\u0027s Waffle","Nunchaku","Mercury Hourglass","ClockworkSouvenir","Panacea","Shuriken","OrangePellets"],"campfire_rested":1,"item_purchase_floors":[10,20,20,20,20,36,36,36,36,42,42,42,42,53,53],"current_hp_per_floor":[75,75,75,75,64,40,40,23,23,23,23,16,16,15,37,7,75,75,75,75,75,80,80,80,80,80,80,77,80,87,83,83,46,92,81,99,99,89,91,91,91,91,91,96,99,109,109,87,87,72,109,109,109,109,57],"gold":61,"neow_bonus":"THREE_ENEMY_KILL","is_daily":false,"chose_seed":false,"campfire_upgraded":4,"win_rate":0.0,"timestamp":1614357074,"path_taken":["M","?","M","M","?","E","?","E","T","?","?","?","M","M","R","BOSS","M","M","$","M","?","E","?","?","T","M","E","M","?","E","R","BOSS","M","$","M","?","?","R","R","$","T","E","M","?","E","E","R","BOSS","R","$","E","BOSS"],"items_purchased_type":["Card","Relic","Potion","Relic","Relic","Relic","Card","Relic","Relic","Relic","Relic","Relic","Card","Relic","Relic"],"build_version":"2020-12-22","purchased_purges":2,"victory":true,"max_hp_per_floor":[75,75,75,75,75,75,75,75,75,75,75,75,75,75,75,75,75,75,75,75,80,80,80,80,80,80,80,80,80,87,87,87,87,92,92,99,99,99,99,99,99,99,99,99,99,109,109,109,109,109,109,109,109,109,109],"card_choices":[{"not_picked":["ManaConvection","DC"],"picked":"GasGiant","floor":1.0},{"not_picked":["SprinkleStarSeal","StarlightTyphoon"],"picked":"WitchOfGreed","floor":3.0},{"not_picked":["EventHorizon","GrandCross"],"picked":"ManaConvection","floor":4.0},{"not_picked":["AsteroidBelt","ShootTheMoon"],"picked":"PulseMagic","floor":6.0},{"not_picked":["SatelliteIllusion","IllusionStar"],"picked":"SporeBomb","floor":8.0},{"not_picked":["GravityBeat","DoubleSpark"],"picked":"MilkyWay","floor":11.0},{"not_picked":["UnstableBomb","DC","Acceleration"],"picked":"SKIP","floor":12.0},{"not_picked":["IllusionStar","OneTimeOff","WitchOfGreed"],"picked":"SKIP","floor":13.0},{"not_picked":["SporeBomb","GalacticHalo"],"picked":"PowerUp","floor":14.0},{"not_picked":["FinalSpark","UltimateShortwave"],"picked":"MaximisePower","floor":16.0},{"not_picked":["SporeBomb","RefractionSpark"],"picked":"PowerUp+1","floor":18.0},{"not_picked":["SprinkleStarSeal","BlazeAway","Acceleration+1"],"picked":"SKIP","floor":19.0},{"not_picked":["NonDirectionalLaser","Occultation"],"picked":"OpenUniverse+1","floor":21.0},{"not_picked":["ManaConvection+1","ChargingUp"],"picked":"PropBag","floor":22.0},{"not_picked":["MilkyWay+1","GravityBeat+1","SprinkleStarSeal+1"],"picked":"SKIP","floor":23.0},{"not_picked":["LuminesStrike","WitchOfGreed","WitchLeyline"],"picked":"PropBag","floor":27.0},{"not_picked":["UnstableBomb","MagicChant+1","WitchLeyline+1"],"picked":"BinaryStars","floor":28.0},{"not_picked":["IllusionStar","ShootingEcho","GalacticHalo","StarlightTyphoon"],"picked":"SKIP","floor":29.0},{"not_picked":["MysteriousBeam","ShootingEcho","OneTimeOff"],"picked":"FinalSpark","floor":31.0},{"not_picked":["CollectingQuirk","EscapeVelocity","BinaryStars"],"picked":"UltimateShortwave","floor":33.0},{"not_picked":["ShootTheMoon","DC+1","MysteriousBeam"],"picked":"Singularity+1","floor":34.0},{"not_picked":["ManaConvection","EventHorizon+1","PowerUp"],"picked":"DragonMeteor+1","floor":35.0},{"not_picked":["Acceleration","LuminesStrike+1","DarkSpark+1"],"picked":"EnergyFlow+1","floor":37.0},{"not_picked":["DC+1","Acceleration+1","ShootingEcho+1"],"picked":"EnergyFlow+1","floor":38.0},{"not_picked":["Orbital","Robbery","OpenUniverse+1","DeepEcoloBomb"],"picked":"SKIP","floor":44},{"not_picked":["6A","ShootingEcho","FairyDestructionRay"],"picked":"MaximisePower","floor":45},{"not_picked":["IllusionStar","GasGiant","MagicChant","OpenUniverse"],"picked":"SKIP","floor":47},{"not_picked":["EarthLightRay+1","PowerUp+1","Acceleration+1"],"picked":"BlazeAway+1","floor":48},{"not_picked":["6A+1","Orbital","Robbery"],"picked":"CollectingQuirk","floor":54}],"player_experience":190447,"relics_obtained":[{"floor":6.0,"key":"Boot"},{"floor":8.0,"key":"Anchor"},{"floor":23.0,"key":"Unceasing Top"},{"floor":25.0,"key":"Gremlin Horn"},{"floor":26.0,"key":"Question Card"},{"floor":28.0,"key":"Pantograph"},{"floor":31.0,"key":"Mummified Hand"},{"floor":38.0,"key":"CatCart"},{"floor":39,"key":"WingedGreaves"},{"floor":43,"key":"Meat on the Bone"},{"floor":44,"key":"Happy Flower"},{"floor":46,"key":"Pear"},{"floor":47,"key":"Thread and Needle"},{"floor":48,"key":"Bottled Tornado"},{"floor":54,"key":"Pocketwatch"}],"event_choices":[{"cards_removed":["Strike_MRS"],"damage_healed":0.0,"max_hp_gain":0.0,"max_hp_loss":0.0,"gold_gain":0.0,"event_name":"The Cleric","player_choice":"Card Removal","floor":2.0,"gold_loss":50.0,"damage_taken":0.0},{"damage_healed":0.0,"max_hp_gain":0.0,"max_hp_loss":0.0,"gold_gain":75.0,"event_name":"World of Goop","player_choice":"Gather Gold","floor":5.0,"gold_loss":0.0,"damage_taken":11.0},{"damage_healed":0.0,"max_hp_gain":0.0,"max_hp_loss":0.0,"gold_gain":0.0,"cards_transformed":["Defend_MRS"],"event_name":"Living Wall","player_choice":"Change","floor":7.0,"gold_loss":0.0,"damage_taken":0.0,"cards_obtained":["BlazingStar"]},{"damage_healed":0.0,"max_hp_gain":0.0,"max_hp_loss":0.0,"gold_gain":0.0,"event_name":"Drug Dealer","player_choice":"Inject Mutagens","floor":24.0,"gold_loss":0.0,"damage_taken":0.0,"relics_obtained":["MutagenicStrength"]},{"damage_healed":0.0,"max_hp_gain":0.0,"max_hp_loss":0.0,"gold_gain":0.0,"event_name":"The Mausoleum","player_choice":"Opened","floor":30.0,"gold_loss":0.0,"damage_taken":0.0,"relics_obtained":["Strawberry"],"cards_obtained":["Writhe"]},{"damage_healed":0.0,"max_hp_gain":0.0,"max_hp_loss":0.0,"gold_gain":0.0,"event_name":"OrinTheCat","player_choice":"Fight","floor":38.0,"gold_loss":0.0,"damage_taken":0.0},{"damage_healed":0,"gold_gain":0,"player_choice":"Fight","damage_taken":0,"max_hp_gain":0,"max_hp_loss":0,"event_name":"Mysterious Sphere","floor":39,"gold_loss":0}],"is_beta":false,"boss_relics":[{"not_picked":["Runic Pyramid","Sozu"],"picked":"ExperimentalFamiliar"},{"not_picked":["Pandora\u0027s Box","Velvet Choker"],"picked":"Tiny House"}],"items_purged_floors":[36,42],"is_endless":false,"potions_floor_spawned":[1,4,8,12,13,16,19,27,29,33,35,37,38,39,44,45,47,48,54],"ascension_level":0}}