{"host":"oigynbtg272c19pw","time":1614358922,"event":{"mods":["BaseMod","Colored Map","Minty Spire (QoL Compilation)","Relic Stats","Slay the Relics Exporter","StSLib"],"gold_per_floor":[109,69,82,102,27,60,73,73,73],"floor_reached":8,"playtime":325,"items_purged":["Strike_R"],"score":116,"play_id":"b8f6ef1f-c67c-4fb7-9e1a-4411f23c5a6e","local_time":"20210226180202","is_ascension_mode":true,"campfire_choices":[],"circlet_count":0,"master_deck":["AscendersBane","Strike_R","Strike_R","Strike_R","Strike_R","Defend_R","Defend_R","Defend_R","Defend_R","Bash","Rupture","Pummel","Flame Barrier","Pummel","Burning Pact"],"relics":["Burning Blood","NeowsBlessing","Shuriken"],"acts_visited":["Exordium"],"potions_floor_usage":[6,6,6,7],"damage_taken":[{"damage":0,"enemies":"2 Louse","floor":1,"turns":1},{"damage":0,"enemies":"Cultist","floor":3,"turns":1},{"damage":0,"enemies":"Small Slimes","floor":4,"turns":2},{"damage":63,"enemies":"3 Sentries","floor":6,"turns":18},{"damage":27,"enemies":"Gremlin Gang","floor":7,"turns":7},{"damage":24,"enemies":"Gremlin Nob","floor":8,"turns":4}],"seed_played":"7897576485315408447","potions_obtained":[{"floor":2,"key":"EntropicBrew"},{"floor":2,"key":"Block Potion"}],"is_trial":false,"path_per_floor":["M","?","M","M","$","E","M","E"],"character_chosen":"IRONCLAD","items_purchased":[],"campfire_rested":0,"item_purchase_floors":[],"current_hp_per_floor":[74,74,75,75,75,33,27,3,3],"gold":73,"neow_bonus":"THREE_ENEMY_KILL","is_daily":false,"chose_seed":false,"campfire_upgraded":0,"win_rate":0.0,"timestamp":1614358922,"path_taken":["M","?","?","M","?","E","M","E"],"items_purchased_type":[],"build_version":"2020-12-13","purchased_purges":1,"victory":false,"max_hp_per_floor":[75,75,75,75,75,75,75,75,75],"relic_stats":{"counters":[6,33],"Shuriken":[1],"obtain_stats":[{"NeowsBlessing":0,"Shuriken":6,"Burning Blood":0},{"NeowsBlessing":0,"Shuriken":4,"Burning Blood":0},{"NeowsBlessing":0,"Shuriken":22,"Burning Blood":0}],"Burning Blood":19},"card_choices":[{"not_picked":["Wild Strike","Thunderclap"],"picked":"Rupture","floor":1},{"not_picked":["Perfected Strike","Armaments"],"picked":"Pummel","floor":3},{"not_picked":["Battle Trance","True Grit"],"picked":"Flame Barrier","floor":4},{"not_picked":["Rage","Ghostly Armor"],"picked":"Pummel","floor":6},{"not_picked":["Perfected Strike","Rupture"],"picked":"Burning Pact","floor":7}],"player_experience":1661782,"relics_obtained":[{"floor":6,"key":"Shuriken"}],"event_choices":[{"damage_healed":0,"gold_gain":0,"player_choice":"Bought 3 Potions","damage_taken":0,"max_hp_gain":0,"max_hp_loss":0,"event_name":"The Woman in Blue","floor":2,"gold_loss":0}],"is_beta":false,"boss_relics":[],"items_purged_floors":[5],"is_endless":false,"potions_floor_spawned":[3,4],"killed_by":"Gremlin Nob","ascension_level":20}}