{"host":"1e3ivg30op4goso1","time":1614347161,"event":{"mods":["AchievementEnabler","Ascension Unlocker","BaseMod","Colored Map","Minty Spire (QoL Compilation)","Permanent Neow","Quick Restart","Relic Filter","StSLib","SuperFastMode"],"gold_per_floor":[112,112,112,112,127,158,158,178,178,178,178,212,232,255,255,374,374,397,422,422,446,459,500,500,513,513,513,438,474,487,487,487,487,487],"floor_reached":33,"language":"ENG","playtime":1853,"items_purged":["Accuracy"],"score":480,"play_id":"de833e2a-e8e0-4a27-b739-4950ba1dd9cb","local_time":"20210226084601","is_ascension_mode":true,"campfire_choices":[{"data":"Neutralize","floor":11.0,"key":"SMITH"},{"floor":15.0,"key":"REST"},{"data":"Noxious Fumes","floor":24.0,"key":"SMITH"},{"floor":27.0,"key":"REST"},{"floor":32,"key":"REST"}],"circlet_count":0,"master_deck":["AscendersBane","Survivor","Neutralize+1","Underhanded Strike","Noxious Fumes+1","Underhanded Strike","Storm of Steel","Corpse Explosion","Backstab","Reflex","Blur","Riddle With Holes","Wraith Form v2","Night Terror","Heel Hook","Crippling Poison","Underhanded Strike+1","Leg Sweep","Crippling Poison+1","Prepared"],"relics":["Snecko Eye","Golden Idol","Bag of Preparation","Tiny Chest","Oddly Smooth Stone","Pandora\u0027s Box","Strawberry","Torii","Dream Catcher","Molten Egg 2"],"acts_visited":["Exordium","TheCity"],"potions_floor_usage":[],"damage_taken":[{"damage":2.0,"enemies":"2 Louse","floor":1.0,"turns":3.0},{"damage":1.0,"enemies":"Small Slimes","floor":5.0,"turns":5.0},{"damage":26.0,"enemies":"Gremlin Nob","floor":6.0,"turns":5.0},{"damage":2.0,"enemies":"Jaw Worm","floor":8.0,"turns":4.0},{"damage":22.0,"enemies":"3 Sentries","floor":12.0,"turns":8.0},{"damage":4.0,"enemies":"2 Fungi Beasts","floor":13.0,"turns":4.0},{"damage":1.0,"enemies":"Exordium Thugs","floor":14.0,"turns":4.0},{"damage":12.0,"enemies":"The Guardian","floor":16.0,"turns":12.0},{"damage":0.0,"enemies":"Spheric Guardian","floor":18.0,"turns":4.0},{"damage":3.0,"enemies":"3 Byrds","floor":19.0,"turns":3.0},{"damage":19.0,"enemies":"3 Cultists","floor":22.0,"turns":5.0},{"damage":20.0,"enemies":"Book of Stabbing","floor":23.0,"turns":4.0},{"damage":10.0,"enemies":"Snecko","floor":25.0,"turns":5.0},{"damage":15.0,"enemies":"Slavers","floor":29.0,"turns":3.0},{"damage":6,"enemies":"Shelled Parasite and Fungi","floor":30,"turns":4},{"damage":13,"enemies":"Champ","floor":33,"turns":6}],"seed_played":"-7582100542163741926","potions_obtained":[{"floor":1.0,"key":"Poison Potion"},{"floor":8.0,"key":"LiquidBronze"},{"floor":12.0,"key":"SteroidPotion"},{"floor":16.0,"key":"AttackPotion"},{"floor":19.0,"key":"Dexterity Potion"},{"floor":22.0,"key":"Fire Potion"},{"floor":29.0,"key":"Block Potion"},{"floor":30,"key":"Energy Potion"}],"is_trial":false,"path_per_floor":["M","?","?","?","M","E","?","M","T","$","R","E","M","M","R","B",null,"M","M","?","T","M","E","R","M","T","R","$","E","M","?","R","B"],"character_chosen":"THE_SILENT","items_purchased":[],"campfire_rested":3,"item_purchase_floors":[],"current_hp_per_floor":[61,66,66,59,58,32,32,30,30,30,30,8,4,3,23,11,55,55,52,52,59,40,20,20,10,10,32,32,17,11,11,33,20,20],"gold":487,"neow_bonus":"BOSS_RELIC","is_daily":false,"chose_seed":false,"campfire_upgraded":2,"win_rate":0.0,"timestamp":1614347161,"path_taken":["M","?","?","?","M","E","?","M","T","$","R","E","M","?","R","BOSS","M","M","?","?","?","E","R","M","T","R","$","E","M","?","R","BOSS"],"items_purchased_type":[],"build_version":"2020-12-22","purchased_purges":1,"victory":false,"max_hp_per_floor":[70,75,69,69,69,69,69,69,69,69,69,69,69,69,69,69,69,69,69,69,76,76,76,76,76,76,76,76,76,76,76,76,76,76],"card_choices":[{"not_picked":["Finisher","Acrobatics","Dagger Throw"],"picked":"SKIP","floor":1.0},{"not_picked":["Flying Knee","Blur"],"picked":"Underhanded Strike","floor":5.0},{"not_picked":["Poisoned Stab","Finisher","Distraction"],"picked":"SKIP","floor":6.0},{"not_picked":["Distraction","Accuracy"],"picked":"Underhanded Strike","floor":8.0},{"not_picked":["Dagger Throw","Deadly Poison","Adrenaline"],"picked":"SKIP","floor":12.0},{"not_picked":["Sucker Punch","Heel Hook","Caltrops"],"picked":"SKIP","floor":13.0},{"not_picked":["Backflip","Well Laid Plans","Acrobatics"],"picked":"SKIP","floor":14.0},{"not_picked":["Phantasmal Killer","Adrenaline"],"picked":"Storm of Steel","floor":16.0},{"not_picked":["Sucker Punch","Quick Slash","Dodge and Roll"],"picked":"SKIP","floor":18.0},{"not_picked":["Flying Knee","Blade Dance"],"picked":"Crippling Poison","floor":19.0},{"not_picked":["Sucker Punch","Noxious Fumes+1"],"picked":"Underhanded Strike+1","floor":22.0},{"not_picked":["Backflip","Sucker Punch","Dagger Spray"],"picked":"SKIP","floor":23.0},{"not_picked":["Cloak And Dagger","Catalyst","Blade Dance"],"picked":"SKIP","floor":25.0},{"not_picked":["Deadly Poison","Night Terror"],"picked":"Leg Sweep","floor":27.0},{"not_picked":["Poisoned Stab+1","Well Laid Plans","Bane+1"],"picked":"SKIP","floor":29.0},{"not_picked":["PiercingWail","Dagger Spray+1"],"picked":"Crippling Poison+1","floor":30},{"not_picked":["Dodge and Roll","Bane+1"],"picked":"Prepared","floor":32}],"player_experience":44455,"relics_obtained":[{"floor":6.0,"key":"Tiny Chest"},{"floor":12.0,"key":"Oddly Smooth Stone"},{"floor":21.0,"key":"Strawberry"},{"floor":23.0,"key":"Torii"},{"floor":26.0,"key":"Dream Catcher"},{"floor":29.0,"key":"Molten Egg 2"}],"event_choices":[{"damage_healed":0.0,"max_hp_gain":5.0,"max_hp_loss":0.0,"gold_gain":0.0,"event_name":"Big Fish","player_choice":"Donut","floor":2.0,"gold_loss":0.0,"damage_taken":0.0},{"damage_healed":0.0,"max_hp_gain":0.0,"max_hp_loss":6.0,"gold_gain":0.0,"event_name":"Golden Idol","player_choice":"Lose Max HP","floor":3.0,"gold_loss":0.0,"damage_taken":0.0,"relics_obtained":["Golden Idol"]},{"damage_healed":0.0,"max_hp_gain":0.0,"max_hp_loss":0.0,"gold_gain":0.0,"event_name":"Scrap Ooze","player_choice":"Success","floor":4.0,"gold_loss":0.0,"damage_taken":7.0,"relics_obtained":["Bag of Preparation"]},{"damage_healed":0.0,"max_hp_gain":0.0,"max_hp_loss":0.0,"gold_gain":0.0,"cards_transformed":["Strike_G"],"event_name":"Living Wall","player_choice":"Change","floor":7.0,"gold_loss":0.0,"damage_taken":0.0,"cards_obtained":["Noxious Fumes"]},{"damage_healed":0.0,"max_hp_gain":0.0,"max_hp_loss":0.0,"gold_gain":0.0,"event_name":"Vampires","player_choice":"Ignored","floor":20.0,"gold_loss":0.0,"damage_taken":0.0},{"damage_healed":0,"gold_gain":0,"player_choice":"Ignored","damage_taken":0,"max_hp_gain":0,"max_hp_loss":0,"event_name":"Duplicator","floor":31,"gold_loss":0}],"is_beta":false,"boss_relics":[{"not_picked":["Velvet Choker","Cursed Key"],"picked":"Pandora\u0027s Box"}],"items_purged_floors":[28],"is_endless":false,"potions_floor_spawned":[1,8,12,16,19,22,29,30],"killed_by":"Champ","ascension_level":10}}