{"host":"y13mj1mxwnd5xx1x","time":1614302014,"event":{"mods":["AchievementEnabler","BaseMod","Minty Spire (QoL Compilation)"],"gold_per_floor":[114,129,144,159,174,204,204,234,284,314,329,344,344,374,374,374,374],"floor_reached":16,"language":"ENG","playtime":813,"items_purged":[],"score":134,"play_id":"9cf31feb-4d6b-486b-93ca-59e7ae3caefe","local_time":"20210225191334","daily_mods":["Chimera","Time Dilation","Elite Swarm"],"is_ascension_mode":false,"campfire_choices":[{"floor":7,"key":"REST"},{"floor":15,"key":"REST"}],"circlet_count":0,"master_deck":["Bash","Survivor","Zap","Eruption","Strike_R","Strike_G","Strike_B","Defend_R","Defend_G","Defend_P","Skim","Ball Lightning","Compile Driver","Capacitor","Redo","Electrodynamics","Core Surge","Echo Form","Steam","Leap","Seek"],"relics":["Cracked Core","Bag of Preparation","Happy Flower","Potion Belt","Bag of Marbles","Gambling Chip"],"acts_visited":["Exordium"],"potions_floor_usage":[6,14,16],"damage_taken":[{"damage":0,"enemies":"2 Louse","floor":1,"turns":3},{"damage":0,"enemies":"Small Slimes","floor":2,"turns":2},{"damage":6,"enemies":"Jaw Worm","floor":3,"turns":2},{"damage":5,"enemies":"3 Louse","floor":4,"turns":3},{"damage":0,"enemies":"Looter","floor":5,"turns":4},{"damage":16,"enemies":"Gremlin Nob","floor":6,"turns":3},{"damage":37,"enemies":"3 Sentries","floor":8,"turns":6},{"damage":20,"enemies":"Gremlin Nob","floor":10,"turns":4},{"damage":2,"enemies":"Blue Slaver","floor":11,"turns":4},{"damage":1,"enemies":"Large Slime","floor":12,"turns":3},{"damage":13,"enemies":"3 Sentries","floor":14,"turns":5},{"damage":27,"enemies":"The Guardian","floor":16,"turns":2}],"seed_played":"4728103701414758894","potions_obtained":[{"floor":2,"key":"SteroidPotion"},{"floor":3,"key":"Swift Potion"},{"floor":5,"key":"FocusPotion"},{"floor":10,"key":"Fruit Juice"},{"floor":12,"key":"CultistPotion"}],"is_trial":false,"path_per_floor":["M","M","M","M","M","E","R","E","T","E","M","M","?","E","R","B"],"character_chosen":"DEFECT","items_purchased":[],"campfire_rested":2,"item_purchase_floors":[],"current_hp_per_floor":[75,75,69,64,64,48,70,33,33,13,11,10,10,2,26,0,0],"gold":374,"neow_bonus":"","is_daily":true,"chose_seed":false,"campfire_upgraded":0,"win_rate":0.0,"timestamp":1614302014,"path_taken":["M","M","M","M","M","E","R","E","T","E","M","M","?","E","R","BOSS"],"items_purchased_type":[],"build_version":"2020-12-22","purchased_purges":0,"victory":false,"max_hp_per_floor":[75,75,75,75,75,75,75,75,75,75,75,75,75,80,80,80,80],"card_choices":[{"not_picked":["Go for the Eyes","Hologram"],"picked":"Skim","floor":1},{"not_picked":["Redo","Sweeping Beam"],"picked":"Ball Lightning","floor":2},{"not_picked":["Scrape","Consume"],"picked":"Compile Driver","floor":3},{"not_picked":["Coolheaded","Undo"],"picked":"Capacitor","floor":4},{"not_picked":["Hologram","Steam Power"],"picked":"Redo","floor":5},{"not_picked":["Meteor Strike","Buffer"],"picked":"Electrodynamics","floor":6},{"not_picked":["Fission","Multi-Cast"],"picked":"Core Surge","floor":8},{"not_picked":["All For One","Buffer"],"picked":"Echo Form","floor":10},{"not_picked":["Sweeping Beam","Gash"],"picked":"Steam","floor":11},{"not_picked":["Auto Shields","Steam"],"picked":"Leap","floor":12},{"not_picked":["All For One","Machine Learning"],"picked":"Seek","floor":14}],"player_experience":225417,"relics_obtained":[{"floor":6,"key":"Bag of Preparation"},{"floor":8,"key":"Happy Flower"},{"floor":9,"key":"Potion Belt"},{"floor":10,"key":"Bag of Marbles"},{"floor":14,"key":"Gambling Chip"}],"event_choices":[{"damage_healed":0,"gold_gain":0,"player_choice":"Ignored","damage_taken":0,"max_hp_gain":0,"max_hp_loss":0,"event_name":"Liars Game","floor":13,"gold_loss":0}],"is_beta":false,"boss_relics":[],"items_purged_floors":[],"is_endless":false,"potions_floor_spawned":[2,3,5,10,12],"killed_by":"The Guardian","ascension_level":0}}