{"host":"zw3x6hwkln2702ol","time":1614347017,"event":{"mods":["AchievementEnabler","BaseMod","Card Forge","Colored Map","Default Mod","Minty Spire (QoL Compilation)","StSLib","TestMod"],"gold_per_floor":[415,475,475,79,152,152,269,269,269,9,76,19,19,19,19,231,231,331,417,94,94,118,312,144,337,337,337,530,930,930,1046,1046,1565,1565,1678,977,977,1120,1367,1914,1914,2191,2214,2360,2360,2360,2591,1632,1632,2112,2642,2642,2642,2255,2585,3385],"floor_reached":57,"language":"ZHS","playtime":2142,"items_purged":["Strike_B","Defend_B","Strike_B","Beam Cell"],"score":3730,"play_id":"2a4868f9-8e14-48d3-b5d7-8e6a2b5ff247","local_time":"20210226214337","is_ascension_mode":true,"campfire_choices":[{"data":"Turbo","floor":6.0,"key":"SMITH"},{"floor":13.0,"key":"RECALL"},{"data":"Dualcast","floor":15.0,"key":"SMITH"},{"data":"Zap","floor":30,"key":"SMITH"},{"data":"White Noise","floor":32,"key":"SMITH"},{"data":"testmod-DisillusionmentEcho","floor":41,"key":"SMITH"},{"data":"SignatureMove","floor":45,"key":"SMITH"},{"data":"Core Surge","floor":49,"key":"SMITH"},{"floor":53,"key":"REST"}],"circlet_count":0,"master_deck":["AscendersBane","Zap+1","Dualcast+1","Turbo+1","White Noise+1","Hologram+1","Seek+1","Doom and Gloom+1","White Noise+1","Steam+1","Rainbow+1","zzy:DefaultAttackWithVariable+1","Acrobatics+1","testmod-DisillusionmentEcho+1","testmod-AssimilatedRune+1","Core Surge+1","Seek+1","Darkness+1","SignatureMove+1","Coolheaded+1","Fission+1","zzy:OrbSkill+1"],"relics":["Cracked Core","Hammer of Thor","Seething Fire","Anvil of the Gods","zzy:PlaceholderRelic","testmod-Fanaticism","Bag of Preparation","Juzu Bracelet","Runic Capacitor","testmod-Fortitude","Toxic Egg 2","Medical Kit","Akabeko","testmod-TurbochargingSystem","Sundial","Centennial Puzzle","Pandora\u0027s Box","PrismaticShard","StrikeDummy","testmod-ObsoleteBoomerang","OrangePellets","Whetstone","Meat on the Bone","Nilry\u0027s Codex","Strawberry","Black Star","testmod-IndustrialRevolution","Symbiotic Virus","testmod-RealStoneCalender","Oddly Smooth Stone","Mercury Hourglass","Prayer Wheel","Bottled Flame","Blood Vial","Bronze Scales","testmod-Nyarlathotep","Unceasing Top","testmod-Register","War Paint","Membership Card","Letter Opener","Toy Ornithopter","Shuriken","Vajra"],"acts_visited":["Exordium","TheCity","TheBeyond","TheEnding"],"potions_floor_usage":[47,56],"damage_taken":[{"damage":0.0,"enemies":"Small Slimes","floor":1.0,"turns":2.0},{"damage":0.0,"enemies":"Jaw Worm","floor":2.0,"turns":2.0},{"damage":0.0,"enemies":"Cultist","floor":5.0,"turns":2.0},{"damage":1.0,"enemies":"Gremlin Nob","floor":7.0,"turns":3.0},{"damage":0.0,"enemies":"Red Slaver","floor":11.0,"turns":2.0},{"damage":0,"enemies":"Slime Boss","floor":16,"turns":5},{"damage":0,"enemies":"3 Byrds","floor":18,"turns":2},{"damage":0,"enemies":"Shell Parasite","floor":19,"turns":2},{"damage":0,"enemies":"Book of Stabbing","floor":23,"turns":2},{"damage":0,"enemies":"Slavers","floor":25,"turns":1},{"damage":0,"enemies":"Book of Stabbing","floor":28,"turns":1},{"damage":0,"enemies":"Shelled Parasite and Fungi","floor":31,"turns":1},{"damage":0,"enemies":"Champ","floor":33,"turns":3},{"damage":0,"enemies":"Orb Walker","floor":35,"turns":1},{"damage":0,"enemies":"3 Shapes","floor":38,"turns":1},{"damage":0,"enemies":"2 Orb Walkers","floor":39,"turns":2},{"damage":0,"enemies":"Giant Head","floor":40,"turns":3},{"damage":0,"enemies":"Reptomancer","floor":42,"turns":1},{"damage":0,"enemies":"Jaw Worm Horde","floor":44,"turns":1},{"damage":0,"enemies":"Nemesis","floor":47,"turns":3},{"damage":0,"enemies":"Time Eater","floor":50,"turns":2},{"damage":0,"enemies":"Donu and Deca","floor":51,"turns":2},{"damage":0,"enemies":"Shield and Spear","floor":55,"turns":1},{"damage":0,"enemies":"The Heart","floor":56,"turns":4}],"seed_played":"-5848715318398800305","potions_obtained":[{"floor":1.0,"key":"FearPotion"},{"floor":2.0,"key":"SpeedPotion"},{"floor":5.0,"key":"Weak Potion"},{"floor":23,"key":"Explosive Potion"},{"floor":25,"key":"SkillPotion"},{"floor":38,"key":"PowerPotion"}],"is_trial":false,"path_per_floor":["M","M","?","$","M","R","E","?","T","$","M","$","R","?","R","B",null,"M","M","$","?","T","E","$","E","T","?","E","?","R","M","R","B",null,"M","$","?","M","?","E","R","E","T","M","R","?","E","$","R","B","B",null,"R","$","E","B",null],"character_chosen":"DEFECT","items_purchased":["Bag of Preparation","Juzu Bracelet","Runic Capacitor","Medical Kit","Akabeko","testmod-TurbochargingSystem","Sundial","PrismaticShard","testmod-ObsoleteBoomerang","OrangePellets","testmod-IndustrialRevolution","Symbiotic Virus","testmod-AssimilatedRune+1","Core Surge","Unceasing Top","testmod-Register","Fission+1","testmod-TimePotion","War Paint","Membership Card","Letter Opener","Toy Ornithopter"],"campfire_rested":1,"item_purchase_floors":[4,4,4,10,10,12,12,20,24,24,36,36,36,36,48,48,48,48,48,54,54,54],"current_hp_per_floor":[54,54,54,54,54,54,54,54,54,54,54,54,54,54,54,54,68,68,68,68,53,53,53,53,53,53,45,52,52,52,52,52,52,81,81,81,81,81,81,81,81,81,81,83,83,83,85,85,85,87,89,90,90,90,90,90],"gold":3385,"neow_bonus":"TWO_FIFTY_GOLD","is_daily":false,"chose_seed":false,"campfire_upgraded":7,"win_rate":0.0,"timestamp":1614347017,"path_taken":["M","M","?","$","M","R","E","?","T","$","M","$","R","?","R","BOSS","M","M","$","?","?","E","?","E","T","?","E","?","R","M","R","BOSS","M","$","?","M","?","E","R","E","T","M","R","?","E","?","R","BOSS","BOSS","R","$","E","BOSS"],"items_purchased_type":["Relic","Relic","Relic","Relic","Relic","Relic","Relic","Relic","Relic","Relic","Relic","Relic","Card","Card","Relic","Relic","Card","Potion","Relic","Relic","Relic","Relic"],"build_version":"2020-12-22","purchased_purges":4,"victory":true,"max_hp_per_floor":[72,72,72,72,72,72,73,73,73,73,73,73,73,73,73,73,73,73,73,73,79,79,79,79,79,79,83,90,90,90,90,90,90,90,90,90,90,90,90,90,90,90,90,90,90,90,90,90,90,90,90,90,90,90,90,90],"card_choices":[{"not_picked":["BootSequence","Barrage","Auto Shields"],"picked":"SKIP","floor":1.0},{"not_picked":["Reprogram","Steam"],"picked":"Turbo","floor":2.0},{"not_picked":["Beam Cell","Gash","Steam"],"picked":"SKIP","floor":5.0},{"not_picked":["Capacitor","Rebound"],"picked":"White Noise","floor":7.0},{"not_picked":["Aggregate+1","Turbo+1"],"picked":"Hologram+1","floor":11.0},{"not_picked":["Reboot+1","Biased Cognition"],"picked":"Seek+1","floor":16},{"not_picked":["Rebound","Conserve Battery+1"],"picked":"Coolheaded+1","floor":18},{"not_picked":["Beam Cell","FTL","Ball Lightning"],"picked":"SKIP","floor":19},{"not_picked":["Wild Strike","Bloodletting+1","Perfected Strike"],"picked":"SKIP","floor":23},{"not_picked":["Meteor Strike","WreathOfFlame+1"],"picked":"zzy:DefaultAttackWithVariable","floor":25},{"not_picked":["Underhanded Strike","Thunderclap"],"picked":"Acrobatics+1","floor":28},{"not_picked":["zzy:DefaultAttackWithVariable","Heel Hook","Iron Wave"],"picked":"SKIP","floor":31},{"not_picked":["Seek+1","testmod-Reflect+1"],"picked":"testmod-DisillusionmentEcho","floor":33},{"not_picked":["Halt+1","Coolheaded+1","Doom and Gloom"],"picked":"SKIP","floor":35},{"not_picked":["zzy:DefaultUncommonPower+1","Poisoned Stab"],"picked":"Darkness+1","floor":38},{"not_picked":["Shrug It Off+1","FlyingSleeves"],"picked":"SignatureMove","floor":39},{"not_picked":["Shrug It Off+1","Dagger Throw","CutThroughFate"],"picked":"SKIP","floor":40},{"not_picked":["Shrug It Off+1","ThirdEye+1","PathToVictory+1"],"picked":"SKIP","floor":42},{"not_picked":["Dropkick+1","Blade Dance+1","Acrobatics+1"],"picked":"SKIP","floor":44},{"not_picked":["Clothesline","Warcry+1","Acrobatics+1"],"picked":"SKIP","floor":44},{"not_picked":["Crippling Poison+1","Crescendo+1","Quick Slash"],"picked":"SKIP","floor":47},{"not_picked":["Combust","testmod-EnhanceArmerment+1"],"picked":"zzy:OrbSkill+1","floor":55}],"player_experience":386761,"relics_obtained":[{"floor":7.0,"key":"testmod-Fortitude"},{"floor":9.0,"key":"Toxic Egg 2"},{"floor":23,"key":"StrikeDummy"},{"floor":25,"key":"Whetstone"},{"floor":26,"key":"Meat on the Bone"},{"floor":27,"key":"Nilry\u0027s Codex"},{"floor":28,"key":"Strawberry"},{"floor":39,"key":"testmod-RealStoneCalender"},{"floor":40,"key":"Oddly Smooth Stone"},{"floor":40,"key":"Mercury Hourglass"},{"floor":42,"key":"Prayer Wheel"},{"floor":42,"key":"Bottled Flame"},{"floor":43,"key":"Blood Vial"},{"floor":47,"key":"Bronze Scales"},{"floor":47,"key":"testmod-Nyarlathotep"},{"floor":55,"key":"Shuriken"},{"floor":55,"key":"Vajra"}],"event_choices":[{"damage_healed":0.0,"max_hp_gain":0.0,"max_hp_loss":0.0,"gold_gain":0.0,"event_name":"给自己的盒子","player_choice":"Ignored","floor":3.0,"gold_loss":0.0,"damage_taken":0.0},{"damage_healed":0.0,"max_hp_gain":0.0,"max_hp_loss":0.0,"gold_gain":0.0,"event_name":"Match and Keep!","player_choice":"0 cards matched","floor":8.0,"gold_loss":0.0,"damage_taken":0.0,"cards_obtained":[]},{"damage_healed":0.0,"max_hp_gain":0.0,"max_hp_loss":0.0,"gold_gain":0.0,"event_name":"WeMeetAgain","player_choice":"Gave Potion","floor":14.0,"gold_loss":0.0,"damage_taken":0.0,"relics_obtained":["Centennial Puzzle"]},{"damage_healed":0,"gold_gain":0,"player_choice":"Shed Blood","damage_taken":26,"max_hp_gain":5,"max_hp_loss":0,"event_name":"Forgotten Altar","floor":21,"gold_loss":0},{"damage_healed":0,"gold_gain":0,"player_choice":"Obtained Book","damage_taken":21,"max_hp_gain":0,"max_hp_loss":0,"event_name":"Cursed Tome","floor":27,"gold_loss":0},{"damage_healed":0,"gold_gain":400,"player_choice":"Sell","damage_taken":0,"max_hp_gain":0,"max_hp_loss":0,"event_name":"恩洛斯的盘子","floor":29,"relics_lost":["testmod-TestBox"],"gold_loss":0},{"damage_healed":0,"gold_gain":0,"player_choice":"Copied","damage_taken":0,"max_hp_gain":0,"max_hp_loss":0,"event_name":"Duplicator","floor":37,"gold_loss":0,"cards_obtained":["Seek"]},{"damage_healed":0,"gold_gain":0,"player_choice":"Fight","damage_taken":0,"max_hp_gain":0,"max_hp_loss":0,"event_name":"Mysterious Sphere","floor":39,"gold_loss":0},{"cards_removed":["Coolheaded"],"damage_healed":0,"gold_gain":0,"player_choice":"Removed Skill","damage_taken":0,"max_hp_gain":0,"max_hp_loss":0,"event_name":"Falling","floor":46,"gold_loss":0}],"is_beta":false,"boss_relics":[{"not_picked":["Snecko Eye","testmod-IncinerationGenerator"],"picked":"Pandora\u0027s Box"},{"not_picked":["Tiny House","testmod-NegativeEmotionEnhancer"],"picked":"Black Star"}],"items_purged_floors":[4,10,12,20],"is_endless":false,"potions_floor_spawned":[1,2,5,23,25,28,38,39,42,55],"ascension_level":20}}