{"host":"hlo0wt5fjlilsn9r","time":1614367420,"event":{"mods":["2.2 Compatiblity","AchievementEnabler","Aspiration","Aya Shameimaru","Bard","BaseMod","Beaked The Cultist","Better Altar","Better Match","Better Note","Better Sensory Stone","Better Skull","Better Third Choice","BetterRewards","CCEM2","Colored Map","Conspire","Downfall","Friendly Minions","GifTheSpireLib","Halation","Hermit","Highlight Path","Hubris","Hunter ?人","Jedi Mod","Jorbs\u0027s Wanderer Trilogy","Kiyohime（清?）","Mad Scientist","Marisa（霧雨　魔理沙）","Mimic Mod","Minty Spire (QoL Compilation)","Permanent Neow","Prisma Mod","Replay The Spire","Shade Mod","Spicy Shops","StSLib","Stuff the Spire","Td1madao Mod","The Administrix","The Alterego","The Blackbeard","The Bug Knight","The Construct","The Cursed","The Disciple","The Gatherer","The Hierophant","The Marked","The Mystic","The Necromancer","The Runesmith","The Servant 0.9.4","The Spell Scribe","The Witch","Unceasing Turn Reminder"],"gold_per_floor":[110,124,141,161,261,272,300,318,318,343,343,378,389,406,406,506,506,524,541,541,541,541],"floor_reached":21,"language":"ENG","playtime":1837,"items_purged":[],"score":230,"play_id":"6299cc4a-2777-4362-ac27-1384d2af4d5b","local_time":"20210226112340","is_ascension_mode":false,"campfire_choices":[{"data":"PrismaMod:ChloeChristmas","floor":11,"key":"SMITH"},{"data":"PrismaMod:ChloeMaid","floor":15,"key":"SMITH"}],"circlet_count":0,"master_deck":["PrismaMod:ChloeCommonAttack","PrismaMod:ChloeCommonAttack","PrismaMod:ChloeCommonDefend","PrismaMod:ChloeCommonDefend","PrismaMod:ChloeCommonDefend","PrismaMod:ChloeCheapAttack","PrismaMod:ChloeCheapDefend","PrismaMod:ChloeCheapDefend","PrismaMod:ChloeExcalibur","PrismaMod:ChloeAnyRareTrace","PrismaMod:ChloeCommonAOEAttack","PrismaMod:ChloeExhaustOne","PrismaMod:ChloeChristmas+1","PrismaMod:ChloeDoubleRelicSpeed","PrismaMod:ChloeMaid+1","Demon Form","downfall:Icky","downfall:Aged","PrismaMod:ChloeBetterTracePools","PrismaMod:ChloeRuleBreaker"],"relics":["PrismaMod:PrismaTraceOn","aspiration:Nostalgia","m_GuardianBlood","Bronze Scales","InkBottle","Mummified Hand","Kintsugi"],"acts_visited":["Exordium","TheCity"],"potions_floor_usage":[16,16],"damage_taken":[{"damage":3,"enemies":"Cultist","floor":1,"turns":4},{"damage":0,"enemies":"Small Slimes","floor":2,"turns":3},{"damage":5,"enemies":"Jaw Worm","floor":3,"turns":3},{"damage":0,"enemies":"Exordium Wildlife","floor":4,"turns":3},{"damage":0,"enemies":"2 Fungi Beasts","floor":6,"turns":4},{"damage":6,"enemies":"3 Sentries","floor":7,"turns":5},{"damage":0,"enemies":"3 Louse","floor":8,"turns":2},{"damage":13,"enemies":"Gremlin Nob","floor":10,"turns":4},{"damage":0,"enemies":"3 Sentries","floor":12,"turns":7},{"damage":1,"enemies":"Looter","floor":13,"turns":3},{"damage":1,"enemies":"Blue Slaver","floor":14,"turns":3},{"damage":47,"enemies":"The Guardian","floor":16,"turns":11},{"damage":32,"enemies":"Shell Parasite","floor":18,"turns":5},{"damage":25,"enemies":"3 Byrds","floor":19,"turns":4},{"damage":34,"enemies":"Shelled Parasite and Fungi","floor":21,"turns":3}],"seed_played":"-6621043726285359888","potions_obtained":[{"floor":2,"key":"jedi:holywater"},{"floor":6,"key":"ColorlessPotion"},{"floor":8,"key":"Languid Potion"},{"floor":12,"key":"AttackPotion"},{"floor":18,"key":"GamblersBrew"}],"is_trial":false,"path_per_floor":["M","M","M","M","?","M","E","M","T","E","R","E","M","M","R","B",null,"M","M","?","M"],"character_chosen":"CHLOE","items_purchased":[],"campfire_rested":0,"item_purchase_floors":[],"current_hp_per_floor":[75,75,75,75,75,75,75,75,75,68,68,74,75,75,75,34,75,49,30,30,0,0],"gold":541,"neow_bonus":"NOSTALGIA","is_daily":false,"chose_seed":false,"campfire_upgraded":2,"win_rate":0.0,"timestamp":1614367420,"path_taken":["M","M","M","?","?","M","E","M","T","E","R","E","M","M","R","BOSS","M","M","?","M"],"items_purchased_type":[],"build_version":"2020-12-22","purchased_purges":0,"victory":false,"max_hp_per_floor":[75,75,75,75,75,75,75,75,75,75,75,75,75,75,75,75,75,75,75,75,75,75],"card_choices":[{"not_picked":["PrismaMod:ChloeDiscardRecovery","Body Slam"],"picked":"PrismaMod:ChloeCheapDefend","floor":1},{"not_picked":["Twin Strike","PrismaMod:ChloeEyeOfTheEuryale"],"picked":"PrismaMod:ChloeExcalibur","floor":2},{"not_picked":["Guardian:WalkerClaw","Guardian:RefractedBeam","PrismaMod:ChloeCheapDefendTwo"],"picked":"SKIP","floor":3},{"not_picked":["PrismaMod:ChloeCheapAttackTwo","Heavy Blade"],"picked":"PrismaMod:ChloeAnyRareTrace","floor":4},{"not_picked":["Guardian:DonusPower","Guardian:WalkerClaw"],"picked":"PrismaMod:ChloeCommonAOEAttack","floor":6},{"not_picked":["Whirlwind","Guardian:PolyBeam"],"picked":"PrismaMod:ChloeExhaustOne","floor":7},{"not_picked":["Body Slam","PrismaMod:ChloeMaid"],"picked":"PrismaMod:ChloeChristmas","floor":8},{"not_picked":["PrismaMod:ChloeCheapAttack","PrismaMod:ChloeUncommonAOEAttack","PrismaMod:ChloeExhaustOne"],"picked":"SKIP","floor":10},{"not_picked":["Heavy Blade","Guardian:DonusPower"],"picked":"PrismaMod:ChloeDoubleRelicSpeed","floor":12},{"not_picked":["Massacre","PrismaMod:ChloeCheapDefend"],"picked":"PrismaMod:ChloeMaid","floor":13},{"not_picked":["PrismaMod:ChloeCheapAttack","Heavy Blade","PrismaMod:ChloeCheapDefend"],"picked":"SKIP","floor":14},{"not_picked":["Double Tap","PrismaMod:ChloeHalloween"],"picked":"Demon Form","floor":16},{"not_picked":["PrismaMod:ChloeRitsuka","PrismaMod:ChloeCheapDefendTwo"],"picked":"PrismaMod:ChloeBetterTracePools","floor":18},{"not_picked":["PrismaMod:ChloeChristmas","PrismaMod:ChloeCaladbolg"],"picked":"PrismaMod:ChloeRuleBreaker","floor":19}],"player_experience":245850,"relics_obtained":[{"floor":7,"key":"Bronze Scales"},{"floor":9,"key":"InkBottle"},{"floor":10,"key":"Mummified Hand"}],"event_choices":[{"damage_healed":0,"gold_gain":100,"player_choice":"Pray","damage_taken":0,"max_hp_gain":0,"max_hp_loss":0,"event_name":"Golden Shrine","floor":5,"gold_loss":0},{"damage_healed":0,"gold_gain":0,"player_choice":"Ignored","damage_taken":0,"max_hp_gain":0,"max_hp_loss":0,"event_name":"betterNote:BetterNote","floor":20,"gold_loss":0,"cards_obtained":["Enlightenment"]}],"is_beta":false,"boss_relics":[{"not_picked":["Abe\u0027s Treasure","conspire:RunicOctahedron"],"picked":"Kintsugi"}],"items_purged_floors":[],"is_endless":false,"potions_floor_spawned":[2,6,8,12,13,14,18],"killed_by":"Shelled Parasite and Fungi","ascension_level":0}}