{"host":"te8omjvbbfkbztoi","time":1614326395,"event":{"mods":["BaseMod","Highlight Path","Minty Spire (QoL Compilation)","Permanent Neow","Slay the Relics Exporter","UnlockEverythingMod"],"gold_per_floor":[115,129,129,148,16,47,47,82,108,108,108,124,159,169,169,248,248,263,277,277,177,197,197,223,223,223,173,200,215,215,10,10,10,10],"floor_reached":33,"language":"ENG","playtime":3963,"items_purged":["Defend_R","Strike_R"],"score":606,"play_id":"56481df5-89d4-42a6-953f-9d21a3c24d66","local_time":"20210226015955","is_ascension_mode":true,"campfire_choices":[{"floor":7,"key":"REST"},{"data":"Battle Trance","floor":11,"key":"SMITH"},{"floor":15,"key":"REST"},{"data":"Immolate","floor":23,"key":"SMITH"},{"floor":25,"key":"REST"},{"data":"True Grit","floor":30,"key":"SMITH"},{"floor":32,"key":"REST"}],"circlet_count":0,"master_deck":["AscendersBane","Strike_R","Strike_R","Strike_R","Strike_R","Defend_R","Defend_R","Defend_R","Bash","Armaments","Clothesline","Thunderclap","Battle Trance+1","Flame Barrier","Ghostly Armor","True Grit+1","Pommel Strike","Shrug It Off","Immolate+1","CurseOfTheBell","Battle Trance","Metallicize","Flame Barrier+1","True Grit+1","Dropkick+1","Discovery+1"],"relics":["Runic Dome","Red Skull","Regal Pillow","Strawberry","StrikeDummy","Calling Bell","Potion Belt","Paper Frog","CaptainsWheel","StoneCalendar","Toxic Egg 2"],"acts_visited":["Exordium","TheCity"],"potions_floor_usage":[6,12,14,19,22,24,24,33,33,33],"damage_taken":[{"damage":4,"enemies":"Small Slimes","floor":1,"turns":4},{"damage":1,"enemies":"Cultist","floor":2,"turns":3},{"damage":2,"enemies":"2 Louse","floor":4,"turns":3},{"damage":47,"enemies":"3 Sentries","floor":6,"turns":8},{"damage":25,"enemies":"Lagavulin","floor":8,"turns":4},{"damage":6,"enemies":"Large Slime","floor":12,"turns":3},{"damage":25,"enemies":"3 Sentries","floor":13,"turns":9},{"damage":0,"enemies":"Exordium Thugs","floor":14,"turns":3},{"damage":25,"enemies":"The Guardian","floor":16,"turns":11},{"damage":0,"enemies":"Chosen","floor":18,"turns":3},{"damage":1,"enemies":"3 Byrds","floor":19,"turns":2},{"damage":14,"enemies":"Snake Plant","floor":22,"turns":4},{"damage":43,"enemies":"Book of Stabbing","floor":24,"turns":6},{"damage":18,"enemies":"Gremlin Leader","floor":28,"turns":7},{"damage":0,"enemies":"Centurion and Healer","floor":29,"turns":6},{"damage":84,"enemies":"Automaton","floor":33,"turns":10}],"seed_played":"1444313608006502503","potions_obtained":[{"floor":4,"key":"BloodPotion"},{"floor":6,"key":"LiquidBronze"},{"floor":12,"key":"BlessingOfTheForge"},{"floor":16,"key":"Block Potion"},{"floor":18,"key":"Fire Potion"},{"floor":22,"key":"SkillPotion"},{"floor":29,"key":"ColorlessPotion"}],"is_trial":false,"path_per_floor":["M","M","?","M","$","E","R","E","T","?","R","M","E","M","R","B",null,"M","M","?","$","M","R","E","R","T","?","E","M","R","$","R","B"],"character_chosen":"IRONCLAD","items_purchased":["Swift Potion","Strength Potion","Discovery+1","SpeedPotion"],"campfire_rested":4,"item_purchase_floors":[5,31,31,31],"current_hp_per_floor":[64,63,63,61,61,14,36,11,18,18,18,28,3,3,42,17,66,66,65,65,65,51,51,8,47,47,47,29,29,29,29,68,0,0],"gold":10,"neow_bonus":"BOSS_RELIC","is_daily":false,"chose_seed":false,"campfire_upgraded":3,"win_rate":0.0,"timestamp":1614326395,"path_taken":["M","M","?","M","$","E","R","E","T","?","R","M","E","?","R","BOSS","M","M","?","$","M","R","E","R","T","?","E","?","R","$","R","BOSS"],"items_purchased_type":["Potion","Potion","Card","Potion"],"build_version":"2020-12-22","purchased_purges":2,"victory":false,"max_hp_per_floor":[75,75,75,75,75,75,75,75,82,82,82,82,82,82,82,82,82,82,82,82,82,82,82,82,82,82,82,82,82,82,82,82,82,82],"card_choices":[{"not_picked":["Anger","Burning Pact"],"picked":"Armaments","floor":1},{"not_picked":["Body Slam","Sever Soul"],"picked":"Clothesline","floor":2},{"not_picked":["Seeing Red","Dual Wield"],"picked":"Thunderclap","floor":4},{"not_picked":["Body Slam","Sever Soul"],"picked":"Battle Trance","floor":6},{"not_picked":["Pommel Strike","Wild Strike"],"picked":"Flame Barrier","floor":8},{"not_picked":["Inflame","Clothesline"],"picked":"True Grit","floor":12},{"not_picked":["Body Slam","Barricade"],"picked":"Pommel Strike","floor":13},{"not_picked":["Iron Wave","Flex"],"picked":"Shrug It Off","floor":14},{"not_picked":["Limit Break","Exhume"],"picked":"Immolate","floor":16},{"not_picked":["Cleave","Havoc","Pummel"],"picked":"SKIP","floor":18},{"not_picked":["Cleave","Rampage"],"picked":"Battle Trance","floor":19},{"not_picked":["Body Slam","Dark Embrace"],"picked":"Metallicize","floor":22},{"not_picked":["Iron Wave","Perfected Strike"],"picked":"Flame Barrier+1","floor":24},{"not_picked":["Anger+1","Bloodletting+1"],"picked":"True Grit+1","floor":28},{"not_picked":["Perfected Strike","Thunderclap"],"picked":"Dropkick+1","floor":29}],"player_experience":78808,"relics_obtained":[{"floor":6,"key":"Red Skull"},{"floor":8,"key":"Regal Pillow"},{"floor":9,"key":"Strawberry"},{"floor":13,"key":"StrikeDummy"},{"floor":17,"key":"Potion Belt"},{"floor":17,"key":"Paper Frog"},{"floor":17,"key":"CaptainsWheel"},{"floor":24,"key":"StoneCalendar"},{"floor":28,"key":"Toxic Egg 2"}],"event_choices":[{"damage_healed":0,"gold_gain":0,"player_choice":"Leave","damage_taken":0,"max_hp_gain":0,"max_hp_loss":0,"event_name":"The Cleric","floor":3,"gold_loss":0},{"damage_healed":0,"gold_gain":0,"player_choice":"1 cards matched","damage_taken":0,"max_hp_gain":0,"max_hp_loss":0,"event_name":"Match and Keep!","floor":10,"gold_loss":0,"cards_obtained":["Ghostly Armor"]},{"damage_healed":0,"gold_gain":0,"player_choice":"Ignored","damage_taken":0,"max_hp_gain":0,"max_hp_loss":0,"event_name":"Vampires","floor":20,"gold_loss":0},{"damage_healed":0,"gold_gain":0,"player_choice":"Bet on Murderer","damage_taken":0,"max_hp_gain":0,"max_hp_loss":0,"event_name":"The Joust","floor":27,"gold_loss":50}],"is_beta":false,"boss_relics":[{"not_picked":["Runic Cube","Fusion Hammer"],"picked":"Calling Bell"}],"items_purged_floors":[5,21],"is_endless":false,"potions_floor_spawned":[4,6,12,16,18,22,29],"killed_by":"Automaton","ascension_level":20}}