{"host":"5ffrjkuvgrxgllwx","time":1614320473,"event":{"mods":["AchievementEnabler","BaseMod","Colored Map","Colored Powertips","Minty Spire (QoL Compilation)","Quick Restart","Rare Cards Sparkle","StSLib","everything is the same but u backflip on backflip"],"gold_per_floor":[110,110,131,41,91,91,127,147,147,167,167,167,167,190,190,280,280,280,280],"floor_reached":18,"language":"ENG","playtime":654,"items_purged":[],"score":296,"play_id":"0a02ca01-a92b-480f-b3f3-ab22338f6fa2","local_time":"20210226012113","is_ascension_mode":true,"campfire_choices":[{"data":"ReachHeaven","floor":6.0,"key":"SMITH"},{"floor":13.0,"key":"REST"},{"data":"ConjureBlade","floor":15.0,"key":"SMITH"}],"circlet_count":0,"master_deck":["AscendersBane","Defend_P","Defend_P","Defend_P","Defend_P","Eruption","Vigilance","EmptyBody","ThirdEye","Injury","ReachHeaven+1","BattleHymn","Indignation","ConjureBlade+1","Parasite","Omniscience","Establishment+1","Blasphemy+1","DeceiveReality+1"],"relics":["PureWater","Golden Idol","HornCleat","Oddly Smooth Stone","Singing Bowl","Astrolabe"],"acts_visited":["Exordium","TheCity"],"potions_floor_usage":[],"damage_taken":[{"damage":6.0,"enemies":"2 Louse","floor":1.0,"turns":3.0},{"damage":0.0,"enemies":"Small Slimes","floor":3.0,"turns":4.0},{"damage":16.0,"enemies":"Gremlin Nob","floor":7.0,"turns":3.0},{"damage":0.0,"enemies":"Cultist","floor":8.0,"turns":4.0},{"damage":24.0,"enemies":"Exordium Thugs","floor":10.0,"turns":4.0},{"damage":0.0,"enemies":"2 Fungi Beasts","floor":14.0,"turns":2.0},{"damage":41.0,"enemies":"Slime Boss","floor":16.0,"turns":6.0},{"damage":61,"enemies":"3 Byrds","floor":18,"turns":5}],"seed_played":"5927840283729495131","potions_obtained":[{"floor":3.0,"key":"Explosive Potion"},{"floor":10.0,"key":"SkillPotion"}],"is_trial":false,"path_per_floor":["M","?","M","$","?","R","E","M","T","M","T","?","R","M","R","B",null,"M"],"character_chosen":"WATCHER","items_purchased":["BattleHymn"],"campfire_rested":1,"item_purchase_floors":[4],"current_hp_per_floor":[55,55,55,55,55,55,39,39,39,15,15,32,52,54,54,13,56,0,0],"gold":280,"neow_bonus":"TRANSFORM_CARD","is_daily":false,"chose_seed":false,"campfire_upgraded":2,"win_rate":0.0,"timestamp":1614320473,"path_taken":["M","?","M","$","?","R","E","M","T","?","?","?","R","M","R","BOSS","M"],"items_purchased_type":["Card"],"build_version":"2020-12-22","purchased_purges":0,"victory":false,"max_hp_per_floor":[68,68,68,68,68,68,68,68,68,68,68,68,68,70,70,70,70,70,70],"card_choices":[{"not_picked":["FlyingSleeves","MentalFortress"],"picked":"ThirdEye","floor":1.0},{"not_picked":["CutThroughFate","PathToVictory"],"picked":"ReachHeaven","floor":3.0},{"not_picked":["Weave","Scrawl"],"picked":"Indignation","floor":7.0},{"not_picked":["EmptyFist","FollowUp","EmptyBody"],"picked":"SKIP","floor":8.0},{"not_picked":["FlyingSleeves","FollowUp"],"picked":"ConjureBlade","floor":10.0},{"not_picked":["Consecrate","Crescendo","ReachHeaven"],"picked":"Singing Bowl","floor":14.0},{"not_picked":["SpiritShield","DeusExMachina"],"picked":"Omniscience","floor":16.0}],"player_experience":1415941,"relics_obtained":[{"floor":7.0,"key":"HornCleat"},{"floor":9.0,"key":"Oddly Smooth Stone"},{"floor":11.0,"key":"Singing Bowl"}],"event_choices":[{"damage_healed":0.0,"max_hp_gain":0.0,"max_hp_loss":0.0,"gold_gain":0.0,"event_name":"Golden Idol","player_choice":"Take Wound","floor":2.0,"gold_loss":0.0,"damage_taken":0.0,"relics_obtained":["Golden Idol"],"cards_obtained":["Injury"]},{"damage_healed":0.0,"max_hp_gain":0.0,"max_hp_loss":0.0,"gold_gain":50.0,"event_name":"Golden Shrine","player_choice":"Pray","floor":5.0,"gold_loss":0.0,"damage_taken":0.0},{"damage_healed":17.0,"max_hp_gain":0.0,"max_hp_loss":0.0,"gold_gain":0.0,"event_name":"Mushrooms","player_choice":"Healed and dodged fight","floor":12.0,"gold_loss":0.0,"damage_taken":0.0,"cards_obtained":["Parasite"]}],"is_beta":false,"boss_relics":[{"not_picked":["Pandora\u0027s Box","Empty Cage"],"picked":"Astrolabe"}],"items_purged_floors":[],"is_endless":false,"potions_floor_spawned":[3,10,14],"killed_by":"3 Byrds","ascension_level":17}}