{"host":"vbnedsupt3437a3r","time":1614360519,"event":{"mods":["BaseMod","Minty Spire (QoL Compilation)"],"gold_per_floor":[112,112,126,126,51,51,83,83,83,115,15,48,48,77,77,178,178,191,207,207,226,242,242,256,256,256],"floor_reached":25,"language":"ENG","playtime":1808,"items_purged":["Regret","Defend_B"],"score":256,"play_id":"16079bb7-36e2-471f-b507-d20b53efd041","local_time":"20210226092839","is_ascension_mode":true,"campfire_choices":[{"data":"Zap","floor":6.0,"key":"SMITH"},{"data":"Streamline","floor":8.0,"key":"SMITH"},{"data":"Defragment","floor":13.0,"key":"SMITH"},{"data":"Redo","floor":15.0,"key":"SMITH"},{"data":"Creative AI","floor":23,"key":"SMITH"}],"circlet_count":0,"master_deck":["Strike_B","Strike_B","Strike_B","Defend_B","Defend_B","Defend_B","Zap+1","Dualcast","Leap","Machine Learning","Coolheaded","Streamline+1","Defragment+1","Creative AI+1","Redo+1","All For One","Gash","Capacitor","Gash","Fusion","Gash","Conserve Battery","Redo+1","White Noise+1","Static Discharge","Chill"],"relics":["Cracked Core","NeowsBlessing","Prayer Wheel","Juzu Bracelet","WingedGreaves","Bag of Marbles","Toy Ornithopter","Odd Mushroom","Cursed Key"],"acts_visited":["Exordium","TheCity"],"potions_floor_usage":[21,24],"damage_taken":[{"damage":0.0,"enemies":"Small Slimes","floor":1.0,"turns":1.0},{"damage":0.0,"enemies":"2 Louse","floor":3.0,"turns":1.0},{"damage":0.0,"enemies":"Gremlin Nob","floor":7.0,"turns":1.0},{"damage":14.0,"enemies":"Lagavulin","floor":10.0,"turns":5.0},{"damage":14.0,"enemies":"Gremlin Nob","floor":12.0,"turns":3.0},{"damage":9.0,"enemies":"The Mushroom Lair","floor":14.0,"turns":4.0},{"damage":1.0,"enemies":"The Guardian","floor":16.0,"turns":9.0},{"damage":8.0,"enemies":"Spheric Guardian","floor":18.0,"turns":4.0},{"damage":1,"enemies":"3 Byrds","floor":19,"turns":5},{"damage":30,"enemies":"Sentry and Sphere","floor":21,"turns":5},{"damage":19,"enemies":"Shelled Parasite and Fungi","floor":22,"turns":5},{"damage":14,"enemies":"Snake Plant","floor":24,"turns":3}],"seed_played":"3927055832452394024","potions_obtained":[{"floor":3.0,"key":"FearPotion"},{"floor":7.0,"key":"Swift Potion"},{"floor":21,"key":"EssenceOfDarkness"},{"floor":24,"key":"FocusPotion"}],"is_trial":false,"path_per_floor":["M","?","M","?","$","R","E","R","T","E","$","E","R","?","R","B",null,"M","M","?","M","M","R","M","?"],"character_chosen":"DEFECT","items_purchased":[],"campfire_rested":0,"item_purchase_floors":[],"current_hp_per_floor":[75,75,75,75,75,75,75,75,75,61,61,47,47,38,38,37,75,67,66,66,41,22,22,13,0,0],"gold":256,"neow_bonus":"THREE_ENEMY_KILL","is_daily":false,"chose_seed":false,"campfire_upgraded":5,"win_rate":0.0,"timestamp":1614360519,"path_taken":["M","?","M","?","$","R","E","R","T","E","?","E","R","?","R","BOSS","M","M","?","M","M","R","M","?"],"items_purchased_type":[],"build_version":"2020-12-22","purchased_purges":2,"victory":false,"max_hp_per_floor":[75,75,75,75,75,75,75,75,75,75,75,75,75,75,75,75,75,75,75,75,75,75,75,75,75,75],"card_choices":[{"not_picked":["Aggregate","Stack"],"picked":"Leap","floor":1.0},{"not_picked":["Chill","Steam"],"picked":"Coolheaded","floor":3.0},{"not_picked":["Undo","Conserve Battery"],"picked":"Streamline","floor":7.0},{"not_picked":["Redo","Blizzard"],"picked":"Defragment","floor":10.0},{"not_picked":["Turbo","Cold Snap"],"picked":"Creative AI","floor":12.0},{"not_picked":["Beam Cell","Steam"],"picked":"Redo","floor":14.0},{"not_picked":["Meteor Strike","Multi-Cast"],"picked":"All For One","floor":16.0},{"not_picked":["Melter","Aggregate+1"],"picked":"Gash","floor":18.0},{"not_picked":["Barrage","Coolheaded"],"picked":"Capacitor","floor":18.0},{"not_picked":["Turbo+1","Genetic Algorithm+1"],"picked":"Gash","floor":19},{"not_picked":["Sweeping Beam","Reinforced Body"],"picked":"Fusion","floor":19},{"not_picked":["Lockon+1","Doom and Gloom+1"],"picked":"Gash","floor":21},{"not_picked":["Recycle","Go for the Eyes+1"],"picked":"Conserve Battery","floor":21},{"not_picked":["Double Energy","Beam Cell+1"],"picked":"Redo+1","floor":22},{"not_picked":["Amplify","Recycle"],"picked":"White Noise+1","floor":22},{"not_picked":["Cold Snap","Turbo+1"],"picked":"Static Discharge","floor":24},{"not_picked":["Rip and Tear","Compile Driver"],"picked":"Chill","floor":24}],"player_experience":209824,"relics_obtained":[{"floor":7.0,"key":"Juzu Bracelet"},{"floor":9.0,"key":"WingedGreaves"},{"floor":10.0,"key":"Bag of Marbles"},{"floor":12.0,"key":"Toy Ornithopter"},{"floor":14.0,"key":"Odd Mushroom"}],"event_choices":[{"damage_healed":0.0,"max_hp_gain":0.0,"max_hp_loss":0.0,"gold_gain":0.0,"cards_transformed":["Strike_B"],"event_name":"Living Wall","player_choice":"Change","floor":2.0,"gold_loss":0.0,"damage_taken":0.0,"cards_obtained":["Machine Learning"]},{"damage_healed":0.0,"max_hp_gain":0.0,"max_hp_loss":0.0,"gold_gain":0.0,"event_name":"Big Fish","player_choice":"Box","floor":4.0,"gold_loss":0.0,"damage_taken":0.0,"relics_obtained":["Prayer Wheel"],"cards_obtained":["Regret"]},{"damage_healed":0.0,"max_hp_gain":0.0,"max_hp_loss":0.0,"gold_gain":0.0,"event_name":"Mushrooms","player_choice":"Fought Mushrooms","floor":14.0,"gold_loss":0.0,"damage_taken":0.0},{"damage_healed":0,"gold_gain":0,"player_choice":"Ignored","damage_taken":0,"max_hp_gain":0,"max_hp_loss":0,"event_name":"Ghosts","floor":20,"gold_loss":0}],"is_beta":false,"boss_relics":[{"not_picked":["FrozenCore","Philosopher\u0027s Stone"],"picked":"Cursed Key"}],"items_purged_floors":[5,11],"is_endless":false,"potions_floor_spawned":[3,7,21,24],"ascension_level":1}}