{"host":"xsuxkwaivmtd234a","time":1614355047,"event":{"mods":["BaseMod","Bestiary","Colored Map","Minty Spire (QoL Compilation)","Relic Stats","StSLib"],"gold_per_floor":[114,129,76,151,151,151,182,182,182,182,195,195,207,241,241,337,337,352,352,362,140,140,140],"floor_reached":22,"language":"ENG","playtime":977,"items_purged":[],"score":288,"play_id":"03ef19e0-a851-4b7e-926b-5ad0068fad46","local_time":"20210226105727","is_ascension_mode":true,"campfire_choices":[{"data":"Wild Strike","floor":6,"key":"SMITH"},{"data":"Immolate","floor":8,"key":"SMITH"},{"data":"Barricade","floor":15,"key":"SMITH"}],"circlet_count":0,"master_deck":["AscendersBane","Bash+1","Evolve","Ghostly Armor","Intimidate","Burning Pact","Feel No Pain","Sentinel","Shrug It Off","Wild Strike+1","Headbutt","Twin Strike","Immolate+1","Barricade+1","Infernal Blade","Flame Barrier","Uppercut+1","Inflame"],"relics":["Pandora\u0027s Box","Singing Bowl","Shuriken","Blood Vial","SlaversCollar","Whetstone"],"acts_visited":["Exordium","TheCity"],"potions_floor_usage":[16,20],"damage_taken":[{"damage":0,"enemies":"Small Slimes","floor":1,"turns":3},{"damage":5,"enemies":"2 Louse","floor":2,"turns":3},{"damage":20,"enemies":"Lagavulin","floor":7,"turns":8},{"damage":0,"enemies":"Cultist","floor":11,"turns":2},{"damage":1,"enemies":"Large Slime","floor":13,"turns":4},{"damage":18,"enemies":"Gremlin Nob","floor":14,"turns":4},{"damage":14,"enemies":"The Guardian","floor":16,"turns":12},{"damage":48,"enemies":"Shell Parasite","floor":18,"turns":8},{"damage":34,"enemies":"Spheric Guardian","floor":20,"turns":6},{"damage":8,"enemies":"Cultist and Chosen","floor":22,"turns":1}],"seed_played":"-9204402483657692903","potions_obtained":[{"floor":1,"key":"DuplicationPotion"},{"floor":7,"key":"SkillPotion"},{"floor":13,"key":"CultistPotion"},{"floor":20,"key":"SteroidPotion"}],"is_trial":false,"path_per_floor":["M","M","$","?","?","R","E","R","T","?","M","?","M","E","R","B",null,"M","?","M","$","M"],"character_chosen":"IRONCLAD","items_purchased":["Twin Strike","Whetstone","Inflame"],"campfire_rested":0,"item_purchase_floors":[3,21,21],"current_hp_per_floor":[72,67,67,56,56,56,36,36,36,80,82,82,83,65,65,55,78,34,34,4,4,0,0],"gold":140,"neow_bonus":"BOSS_RELIC","is_daily":false,"chose_seed":false,"campfire_upgraded":3,"win_rate":0.0,"timestamp":1614355047,"path_taken":["M","M","$","?","?","R","E","R","T","?","?","?","?","E","R","BOSS","M","?","M","?","M"],"items_purchased_type":["Card","Relic","Card"],"build_version":"2020-12-22","purchased_purges":0,"victory":false,"max_hp_per_floor":[80,80,80,80,80,80,80,80,80,80,82,82,84,84,84,86,86,88,88,90,90,90,90],"relic_stats":{"Blood Vial":8,"Singing Bowl":10,"counters":[10,51],"Shuriken":[0],"Pandora\u0027s Box":["Evolve","Ghostly Armor","Intimidate","Burning Pact","Feel No Pain","Rage","Sentinel","Shrug It Off","Infernal Blade"],"Whetstone":["Uppercut","Bash"],"obtain_stats":[{"Blood Vial":14,"SlaversCollar":17,"Singing Bowl":7,"Shuriken":9,"Pandora\u0027s Box":0,"Whetstone":21,"Burning Blood":0},{"Blood Vial":6,"SlaversCollar":7,"Singing Bowl":3,"Shuriken":3,"Pandora\u0027s Box":0,"Whetstone":9,"Burning Blood":0},{"Blood Vial":24,"SlaversCollar":36,"Singing Bowl":14,"Shuriken":14,"Pandora\u0027s Box":0,"Whetstone":50,"Burning Blood":0}]},"card_choices":[{"not_picked":["Metallicize","Ghostly Armor"],"picked":"Wild Strike","floor":1},{"not_picked":["Twin Strike","Anger"],"picked":"Headbutt","floor":2},{"not_picked":["Headbutt","Blood for Blood"],"picked":"Immolate","floor":7},{"not_picked":["Flex","Seeing Red","Headbutt"],"picked":"Singing Bowl","floor":11},{"not_picked":["Perfected Strike","Heavy Blade","Wild Strike"],"picked":"Singing Bowl","floor":13},{"not_picked":["Searing Blow","Second Wind"],"picked":"Flame Barrier","floor":14},{"not_picked":["Bludgeon","Offering","Berserk"],"picked":"Singing Bowl","floor":16},{"not_picked":["Heavy Blade+1","Wild Strike","Havoc"],"picked":"Singing Bowl","floor":18},{"not_picked":["Dropkick","Clash","Rage"],"picked":"Singing Bowl","floor":20}],"player_experience":1386754,"relics_obtained":[{"floor":7,"key":"Singing Bowl"},{"floor":9,"key":"Shuriken"},{"floor":14,"key":"Blood Vial"}],"event_choices":[{"damage_healed":0,"gold_gain":75,"player_choice":"Gather Gold","damage_taken":11,"max_hp_gain":0,"max_hp_loss":0,"event_name":"World of Goop","floor":4,"gold_loss":0},{"damage_healed":0,"gold_gain":0,"player_choice":"Leave","damage_taken":0,"max_hp_gain":0,"max_hp_loss":0,"event_name":"The Cleric","floor":5,"gold_loss":0},{"cards_removed":["Rage"],"damage_healed":44,"gold_gain":0,"player_choice":"Offered Uncommon","damage_taken":0,"max_hp_gain":0,"max_hp_loss":0,"event_name":"Bonfire Elementals","floor":10,"gold_loss":0},{"damage_healed":0,"gold_gain":0,"player_choice":"2 cards matched","damage_taken":0,"max_hp_gain":0,"max_hp_loss":0,"event_name":"Match and Keep!","floor":12,"gold_loss":0,"cards_obtained":["Barricade","Infernal Blade"]},{"damage_healed":0,"gold_gain":0,"cards_transformed":["Infernal Blade"],"player_choice":"Transformed","damage_taken":0,"max_hp_gain":0,"max_hp_loss":0,"event_name":"Transmorgrifier","floor":19,"gold_loss":0,"cards_obtained":["Uppercut"]}],"is_beta":false,"boss_relics":[{"not_picked":["Empty Cage","Coffee Dripper"],"picked":"SlaversCollar"}],"items_purged_floors":[],"is_endless":false,"potions_floor_spawned":[1,7,13,14,20],"killed_by":"Cultist and Chosen","ascension_level":10}}