{"host":"h2977v3ax51ohsow","time":1614324363,"event":{"mods":["Act Like it!","BaseMod","Colored Powertips","Library of Ruina","Library of Ruina Extra","Marisa£®ÏF”Í°°ƒß¿Ì…≥£©","Minty Spire (QoL Compilation)","Quick Restart","StSLib","noobMod"],"gold_per_floor":[215,215,225,243,243,276,276,611,611,611,643,654,654,669,669,774,774,789,801,817,828,844,873,891,920,920,696,696,493,510,271,271,376,376,395,445,460,470,374,406,406,406,433,433,463,482,482,534,534,534,534,534,1,31,31],"floor_reached":56,"language":"ZHS","playtime":2789,"items_purged":["LightDefense"],"score":1496,"play_id":"6043d818-aa8a-40db-adb8-b9401289a750","local_time":"20210226152603","is_ascension_mode":true,"campfire_choices":[{"data":"QuickSuppression","floor":7.0,"key":"SMITH"},{"floor":10.0,"key":"RECALL"},{"data":"SnakesPrey","floor":15.0,"key":"SMITH"},{"data":"QuickSuppression","floor":28.0,"key":"SMITH"},{"data":"Disposal","floor":32.0,"key":"SMITH"},{"data":"QuickSuppression","floor":42.0,"key":"SMITH"},{"data":"EmotionalTurbulence","floor":44.0,"key":"SMITH"},{"data":"EnergyCycle","floor":49.0,"key":"SMITH"},{"data":"AbsorbImpact","floor":52,"key":"SMITH"}],"circlet_count":0,"master_deck":["Dodge","LightDefense","LightAttack","LightAttack","LightDefense","ChargeAndCover","FocusedStrikes","EnergyCycle","Quickness","EmotionalTurbulence+1","SnakesPrey+1","QuickSuppression+1","Disposal+1","BulkyImpact+1","SuanNi","QuickSuppression+1","GrazeTheGrass","FrontalAssault+1","QuickSuppression+1","EnergyCycle+1","GrazeTheGrass","EnergyCycle+1","AbsorbImpact+1","EnergyBeam+1","Clone+1","InnerArdor+1","FormingStorm+1","Rewind","RhinoRam+1","SkyClearingCut+1","Cruelty+1","AGoldenOpportunity","SilentMist"],"relics":["PageOfLibrarian","ice","PageOfPunishingBird","Torii","Old Coin","Turnip","PageOfTodaysShyLook","Runic Dome","Strawberry","HornCleat","Molten Egg 2","Lantern","Potion Belt","PageOfWizard","Empty Cage","PageOfRedShoes","PageOfQueenBee","Centennial Puzzle","CatCart","Sundial","Toolbox","Bronze Scales"],"acts_visited":["Exordium","TheCity","TheBeyond","TheEnding"],"potions_floor_usage":[55,55],"damage_taken":[{"damage":1.0,"enemies":"Small Slimes","floor":1.0,"turns":5.0},{"damage":1.0,"enemies":"Cultist","floor":3.0,"turns":3.0},{"damage":0.0,"enemies":"2 Louse","floor":4.0,"turns":3.0},{"damage":22.0,"enemies":"3 Sentries","floor":6.0,"turns":6.0},{"damage":0.0,"enemies":"Gremlin Nob","floor":8.0,"turns":2.0},{"damage":8.0,"enemies":"3 Sentries","floor":11.0,"turns":5.0},{"damage":0.0,"enemies":"Looter","floor":12.0,"turns":1.0},{"damage":1.0,"enemies":"Lots of Slimes","floor":14.0,"turns":3.0},{"damage":5.0,"enemies":"Hexaghost","floor":16.0,"turns":5.0},{"damage":0.0,"enemies":"Chosen","floor":18.0,"turns":3.0},{"damage":12.0,"enemies":"2 Thieves","floor":19.0,"turns":2.0},{"damage":23.0,"enemies":"Centurion and Healer","floor":20.0,"turns":3.0},{"damage":24.0,"enemies":"Snake Plant","floor":21.0,"turns":2.0},{"damage":0.0,"enemies":"3 Cultists","floor":22.0,"turns":3.0},{"damage":6.0,"enemies":"Gremlin Leader","floor":23.0,"turns":5.0},{"damage":2.0,"enemies":"Cultist and Chosen","floor":24.0,"turns":3.0},{"damage":0.0,"enemies":"Book of Stabbing","floor":25.0,"turns":1.0},{"damage":7.0,"enemies":"Centurion and Healer","floor":30.0,"turns":3.0},{"damage":4.0,"enemies":"Champ","floor":33.0,"turns":4.0},{"damage":7.0,"enemies":"3 Shapes","floor":35.0,"turns":3.0},{"damage":1.0,"enemies":"2 Orb Walkers","floor":36.0,"turns":3.0},{"damage":5.0,"enemies":"Orb Walker","floor":37.0,"turns":2.0},{"damage":24.0,"enemies":"Sphere and 2 Shapes","floor":38.0,"turns":2.0},{"damage":43.0,"enemies":"Nemesis","floor":40.0,"turns":5.0},{"damage":16.0,"enemies":"Giant Head","floor":45.0,"turns":2.0},{"damage":8.0,"enemies":"Writhing Mass","floor":46.0,"turns":2.0},{"damage":4.0,"enemies":"Orin","floor":48.0,"turns":3.0},{"damage":24.0,"enemies":"Time Eater","floor":50.0,"turns":3.0},{"damage":49,"enemies":"Shield and Spear","floor":54,"turns":7},{"damage":48,"enemies":"The Heart","floor":55,"turns":6}],"seed_played":"-1526488994980515731","potions_obtained":[{"floor":6.0,"key":"Ancient Potion"},{"floor":12.0,"key":"Fire Potion"},{"floor":14.0,"key":"BlessingOfTheForge"},{"floor":16.0,"key":"FairyPotion"},{"floor":19.0,"key":"Energy Potion"},{"floor":22.0,"key":"Block Potion"},{"floor":23.0,"key":"LiquidMemories"},{"floor":24.0,"key":"EntropicBrew"},{"floor":37.0,"key":"LiquidMemories"},{"floor":40.0,"key":"Dexterity Potion"},{"floor":45.0,"key":"Strength Potion"},{"floor":46.0,"key":"FearPotion"}],"is_trial":false,"path_per_floor":["M","?","M","M","?","E","R","E","T","R","E","M","?","M","R","B",null,"M","M","M","M","M","E","M","E","T","$","R","$","M","$","R","B",null,"M","?","M","M","$","E","?","R","T","R","E","M","?","?","R","B",null,"R","$","E","B",null],"character_chosen":"Librarian","items_purchased":["Lantern","Potion Belt","EnergyCycle+1","PageOfWizard","Rewind","PowerPotion","Sundial","AGoldenOpportunity","Toolbox","Dexterity Potion"],"campfire_rested":0,"item_purchase_floors":[27,29,29,31,39,39,53,53,53,53],"current_hp_per_floor":[59,59,58,58,55,33,33,33,33,33,25,25,25,24,24,19,74,74,62,39,15,15,16,14,14,14,14,14,14,7,7,7,80,81,74,73,68,44,44,92,92,92,92,92,76,68,68,64,64,40,100,100,100,75,44],"gold":31,"neow_bonus":"HUNDRED_GOLD","is_daily":false,"chose_seed":false,"campfire_upgraded":8,"win_rate":0.0,"timestamp":1614324363,"path_taken":["M","?","?","M","?","E","R","E","T","R","E","M","?","M","R","BOSS","M","M","M","M","M","E","M","E","T","$","R","$","M","?","R","BOSS","M","?","M","M","$","E","?","R","T","R","E","?","?","?","R","BOSS","R","$","E","BOSS"],"items_purchased_type":["Relic","Relic","Card","Relic","Card","Potion","Relic","Card","Relic","Potion"],"build_version":"2020-12-22","purchased_purges":1,"victory":true,"max_hp_per_floor":[67,67,71,74,74,74,74,74,74,74,74,74,74,74,74,74,74,74,74,74,74,74,81,81,81,81,81,81,81,81,81,81,81,81,84,87,88,91,91,92,92,92,92,92,92,93,93,96,96,100,100,100,100,100,100],"card_choices":[{"not_picked":["PreemptiveStrike","ExtremeEdge","Execute_lor","HardRehearsal","CoordinatedAssault","BlowItUp","KeepItFresh","EndlessBattle"],"picked":"EnergyCycle","floor":1.0},{"not_picked":["HardRehearsal","Multislash","FleetFootsteps","HiddenBlade","Parry2","StructuralAnalysis","AbsorbImpact","Outburst"],"picked":"EmotionalTurbulence","floor":3.0},{"not_picked":["HandleRequest","BackAttack","CoordinatedAssault","Diversion","ToWhereThePrescriptPoints","MindWhip","GuardingStance","DarkCloud"],"picked":"SnakesPrey","floor":4.0},{"not_picked":["BayonetCombat","EnergyConversion","ExtractFuel","EnergyStrike","Leap_lor","Standoff","ProselytesBlade","BizarreAttack"],"picked":"QuickSuppression","floor":6.0},{"not_picked":["YoureAHindrance","Rewind","SunsetBlade","Eliminate","Parry2","RatsGuideToSurvival","SmokingPipe","MultiBlock"],"picked":"Disposal","floor":8.0},{"not_picked":["ViolentFlame","YourShield","CoordinatedAssault","Laceration","Unlock1","ChargeUp","Thrust","Slice_lor"],"picked":"InkOver","floor":11.0},{"not_picked":["FleetEdge","Quickness","DarkCloud","DefenseOrder","FierceCharge","SinglePointStab","QuickAttack","FaintMemories"],"picked":"BulkyImpact","floor":12.0},{"not_picked":["Parry2","TendonChords","SharpSwipe","HiddenBlade","UnavoidableGaze","SummaryJudgment","VioletBlade","Retaliate","Creak"],"picked":"SKIP","floor":14.0},{"not_picked":["Transpierce","BlazingStrike"],"picked":"SuanNi","floor":16.0},{"not_picked":["YoureAHindrance","CookingPrep+1","Parry","Pound","Tailoring","UnavoidableGaze","EnergyCycle","SkyClearingCut"],"picked":"QuickSuppression","floor":18.0},{"not_picked":["GuardingStance","FleetFootsteps+1","Punishment","SnakesPrey","GatherIntel","SmokingPipe","ScatteringSlash+1","ButterflySlash"],"picked":"GrazeTheGrass","floor":19.0},{"not_picked":["BiAn","EndlessBattle","Struggle","SnakesPrey","YourShield","Parry2+1","Wallop_lor","DestructiveImpact"],"picked":"StartinOutLightly","floor":20.0},{"not_picked":["ICanCookAnything","JiaoTu","TheArtOfRapidSteps+1","Unlock1+1","StructuralAnalysis","SharpNails","SharpSwipe","Parry2"],"picked":"FrontalAssault+1","floor":21.0},{"not_picked":["AsThePrescriptOrders","Rewind","PreemptiveStrike","Eradication","Multislash+1","Parry2","Diversion+1","WillBeTasty","DesperateStruggle+1"],"picked":"SKIP","floor":22.0},{"not_picked":["SnakesPrey","DarkCloud","WrathOfTorment","FlashingStrike","GuidanceOfTheGears","DaringDecision","FendThisOffIfYouCan+1","SerpentSwordTechnique"],"picked":"QuickSuppression","floor":23.0},{"not_picked":["WildCard","RatsGuideToSurvival","RapidGashes","ToWhereThePrescriptPoints","Multislash","Outburst+1","PinpointShot+1","SmokingPipe+1"],"picked":"EnergyCycle","floor":24.0},{"not_picked":["BiAn+1","GuardingStance+1","HeavyPeaks","SunsetBlade","SuanNi","Parry","GuidanceOfTheGears","Riposte"],"picked":"GrazeTheGrass","floor":25.0},{"not_picked":["HighSpeedStabbing+1","Faith","GuardingStance","Clone","StructuralAnalysis","QuickAttack+1","Brawl+1","HandlingWork+1"],"picked":"AbsorbImpact","floor":30.0},{"not_picked":["BlazingStrike+1","Decapitation+1"],"picked":"EnergyBeam+1","floor":33.0},{"not_picked":["HandleRequest+1","ShrineToMusic","Unlock1+1","Bvapour+1","GreatSerpentsImpact+1","EnergyShield+1","HiddenBlade+1","PinpointShot+1"],"picked":"Clone+1","floor":35.0},{"not_picked":["QuickAttack+1","StrikeDown+1","MultiBlock","LossOfSenses+1","DirtyBlow+1","TasteMyFlamingBat+1","UnavoidableGaze+1","Rampage_lor+1"],"picked":"InnerArdor+1","floor":37.0},{"not_picked":["WillBeTasty+1","EnergyCycle+1","MultiBlock+1","Eliminate+1","CoordinatedAssault","HandleRequest+1","Creak","BizarreAttack+1"],"picked":"FormingStorm+1","floor":38.0},{"not_picked":["BiAn+1","SinglePointStab+1","SetFire+1","Diversion+1","StrikeDown+1","Reload+1","SturdyDefense","Castigation+1"],"picked":"RhinoRam+1","floor":40.0},{"not_picked":["StrikeDown+1","ToWhereThePrescriptPoints","GuidanceOfTheGears","InkOver+1","CumulusWall+1","FlowOfTheSword+1","HandlingWork+1","Parry2+1"],"picked":"Cruelty+1","floor":45.0},{"not_picked":["HandlingWork+1","Crush+1","Guardian_lor","ShockRound+1","DriedUp+1","Diversion+1","StructuralAnalysis","Riposte+1","DefenseOrder+1"],"picked":"SKIP","floor":46.0},{"not_picked":["Clone+1","HiddenBlade+1","YoureAHindrance+1","FieryWaltz+1","MultiBlock","LoosenUp+1","Reload","EnergyShield"],"picked":"SilentMist","floor":54}],"player_experience":128499,"relics_obtained":[{"floor":6.0,"key":"Torii"},{"floor":8.0,"key":"Old Coin"},{"floor":9.0,"key":"Turnip"},{"floor":11.0,"key":"PageOfTodaysShyLook"},{"floor":23.0,"key":"Strawberry"},{"floor":25.0,"key":"HornCleat"},{"floor":26.0,"key":"Molten Egg 2"},{"floor":36.0,"key":"PageOfRedShoes"},{"floor":40.0,"key":"PageOfQueenBee"},{"floor":45.0,"key":"Centennial Puzzle"},{"floor":48.0,"key":"CatCart"},{"floor":54,"key":"Bronze Scales"}],"event_choices":[{"damage_healed":0.0,"max_hp_gain":0.0,"max_hp_loss":0.0,"gold_gain":0.0,"cards_transformed":["LightDefense"],"event_name":"Transmorgrifier","player_choice":"Transformed","floor":2.0,"gold_loss":0.0,"damage_taken":0.0,"cards_obtained":["Quickness"]},{"damage_healed":0.0,"max_hp_gain":0.0,"max_hp_loss":0.0,"gold_gain":0.0,"event_name":"Scrap Ooze","player_choice":"Success","floor":5.0,"gold_loss":0.0,"damage_taken":3.0,"relics_obtained":["PageOfPunishingBird"]},{"damage_healed":0.0,"max_hp_gain":0.0,"max_hp_loss":0.0,"gold_gain":0.0,"event_name":"Accursed Blacksmith","player_choice":"Forge","floor":13.0,"gold_loss":0.0,"damage_taken":0.0,"cards_upgraded":["BulkyImpact"]},{"damage_healed":0.0,"max_hp_gain":0.0,"max_hp_loss":0.0,"gold_gain":0.0,"event_name":"Mysterious Sphere","player_choice":"Fight","floor":36.0,"gold_loss":0.0,"damage_taken":0.0},{"damage_healed":0.0,"max_hp_gain":0.0,"max_hp_loss":0.0,"gold_gain":0.0,"cards_transformed":["InkOver"],"event_name":"Transmorgrifier","player_choice":"Transformed","floor":41.0,"gold_loss":0.0,"damage_taken":0.0,"cards_obtained":["SkyClearingCut"]},{"damage_healed":0.0,"max_hp_gain":0.0,"max_hp_loss":0.0,"gold_gain":0.0,"event_name":"Tomb of Lord Red Mask","player_choice":"Ignored","floor":47.0,"gold_loss":0.0,"damage_taken":0.0},{"damage_healed":0.0,"max_hp_gain":0.0,"max_hp_loss":0.0,"gold_gain":0.0,"event_name":"OrinTheCat","player_choice":"Fight","floor":48.0,"gold_loss":0.0,"damage_taken":0.0}],"is_beta":false,"boss_relics":[{"not_picked":["Calling Bell","Tiny House"],"picked":"Runic Dome"},{"not_picked":["Black Star","Cursed Key"],"picked":"Empty Cage"}],"items_purged_floors":[27],"is_endless":false,"potions_floor_spawned":[6,12,14,16,19,20,22,23,24,37,40,45,46],"ascension_level":2}}