{"host":"7wi4qgm5yw4j7oz0","time":1614340745,"event":{"mods":["AchievementEnabler","BaseMod","Block Reminder","Colored Map","Colored Powertips","Highlight Path","Minty Spire (QoL Compilation)","Permanent Neow","Random Character Button","StSLib","SuperFastMode","everything is the same but u backflip on backflip"],"gold_per_floor":[118,118,136,147,160,160,192,192,192,253,271,271,290,320,320,320,320],"floor_reached":16,"language":"KOR","playtime":936,"items_purged":[],"score":213,"play_id":"749e10fe-b322-47a6-9267-12b41988c177","local_time":"20210226205905","is_ascension_mode":true,"campfire_choices":[{"floor":6.0,"key":"REST"},{"floor":8.0,"key":"REST"},{"data":"Rampage","floor":12.0,"key":"SMITH"},{"floor":15.0,"key":"REST"}],"circlet_count":0,"master_deck":["AscendersBane","Strike_R","Strike_R","Strike_R","Strike_R","Strike_R","Defend_R","Defend_R","Defend_R","Defend_R+1","Bash","Limit Break","Whirlwind+1","Anger","Shrug It Off","Headbutt","Rampage+1","Battle Trance"],"relics":["Burning Blood","Toy Ornithopter","Potion Belt","Ornamental Fan","MealTicket"],"acts_visited":["Exordium"],"potions_floor_usage":[16],"damage_taken":[{"damage":19.0,"enemies":"Small Slimes","floor":1.0,"turns":4.0},{"damage":14.0,"enemies":"Jaw Worm","floor":3.0,"turns":3.0},{"damage":0.0,"enemies":"2 Louse","floor":4.0,"turns":1.0},{"damage":13.0,"enemies":"Blue Slaver","floor":5.0,"turns":4.0},{"damage":30.0,"enemies":"Gremlin Nob","floor":7.0,"turns":4.0},{"damage":2.0,"enemies":"Gremlin Nob","floor":10.0,"turns":3.0},{"damage":0.0,"enemies":"3 Louse","floor":11.0,"turns":1.0},{"damage":14.0,"enemies":"Exordium Wildlife","floor":13.0,"turns":4.0},{"damage":41.0,"enemies":"3 Sentries","floor":14.0,"turns":8.0},{"damage":49,"enemies":"Hexaghost","floor":16,"turns":9}],"seed_played":"-6608914132778878056","potions_obtained":[{"floor":1.0,"key":"PowerPotion"},{"floor":4.0,"key":"Strength Potion"},{"floor":7.0,"key":"HeartOfIron"},{"floor":13.0,"key":"FearPotion"}],"is_trial":false,"path_per_floor":["M","?","M","M","M","R","E","R","T","?","M","R","M","E","R","B"],"character_chosen":"IRONCLAD","items_purchased":[],"campfire_rested":3,"item_purchase_floors":[],"current_hp_per_floor":[55,32,24,30,23,45,21,43,43,57,63,63,55,20,42,0,0],"gold":320,"neow_bonus":"ONE_RANDOM_RARE_CARD","is_daily":false,"chose_seed":false,"campfire_upgraded":1,"win_rate":0.0,"timestamp":1614340745,"path_taken":["M","?","M","M","M","R","E","R","T","?","M","R","M","E","R","BOSS"],"items_purchased_type":[],"build_version":"2020-12-22","purchased_purges":0,"victory":false,"max_hp_per_floor":[75,75,75,75,75,75,75,75,75,75,75,75,75,75,75,75,75],"card_choices":[{"not_picked":["Clothesline","Shrug It Off"],"picked":"Whirlwind","floor":1.0},{"not_picked":["Combust","Clash"],"picked":"Anger","floor":3.0},{"not_picked":["Pommel Strike","Anger"],"picked":"Shrug It Off","floor":4.0},{"not_picked":["Clash","Warcry"],"picked":"Headbutt","floor":5.0},{"not_picked":["Cleave","Armaments"],"picked":"Rampage","floor":7.0},{"not_picked":["Headbutt","Rampage"],"picked":"Battle Trance","floor":10.0},{"not_picked":["Wild Strike","Searing Blow","Limit Break"],"picked":"SKIP","floor":11.0},{"not_picked":["Wild Strike","Searing Blow","Limit Break"],"picked":"SKIP","floor":11.0},{"not_picked":["Thunderclap","Whirlwind","Infernal Blade"],"picked":"SKIP","floor":13.0},{"not_picked":["Thunderclap","Whirlwind","Infernal Blade"],"picked":"SKIP","floor":13.0},{"not_picked":["Sever Soul","Burning Pact","Anger"],"picked":"SKIP","floor":14.0}],"player_experience":374546,"relics_obtained":[{"floor":7.0,"key":"Toy Ornithopter"},{"floor":9.0,"key":"Potion Belt"},{"floor":10.0,"key":"Ornamental Fan"},{"floor":14.0,"key":"MealTicket"}],"event_choices":[{"damage_healed":0.0,"max_hp_gain":0.0,"max_hp_loss":0.0,"gold_gain":0.0,"event_name":"Shining Light","player_choice":"Entered Light","floor":2.0,"gold_loss":0.0,"damage_taken":23.0,"cards_upgraded":["Defend_R","Whirlwind"]},{"damage_healed":0.0,"max_hp_gain":0.0,"max_hp_loss":0.0,"gold_gain":0.0,"event_name":"Dead Adventurer","player_choice":"Searched \u00272\u0027 times","floor":10.0,"gold_loss":0.0,"damage_taken":0.0}],"is_beta":false,"boss_relics":[],"items_purged_floors":[],"is_endless":false,"potions_floor_spawned":[1,4,7,13],"killed_by":"Hexaghost","ascension_level":18}}