{"host":"n1v11un6j7y72mz7","time":1614366572,"event":{"mods":["Act Like it!","BaseMod","Downfall","Minty Spire (QoL Compilation)","Reliquary","StSLib","The Animator","Waifu the Spire"],"gold_per_floor":[116,191,191,45,45,45,45,86,86,111,134,134,134,152,152,277,277,293,293,345,325,5,5,20,55,55,81,81,96,121,21,21,21,118,168,187,62,74,0,11,38,38,38,38],"floor_reached":43,"language":"ZHS","playtime":1092,"items_purged":["Strike_R","Strike_R","Strike_R"],"score":539,"play_id":"633e18cb-e3e9-49a8-ade5-81ad14124254","local_time":"20210227030932","is_ascension_mode":true,"campfire_choices":[{"data":"Immolate","floor":6,"key":"SMITH"},{"data":"Bash","floor":13,"key":"SMITH"},{"data":"Dark Embrace","floor":15,"key":"SMITH"},{"data":"Berserk","floor":23,"key":"SMITH"},{"floor":28,"key":"REST"},{"data":"Whirlwind","floor":33,"key":"SMITH"},{"data":"Armaments","floor":42,"key":"SMITH"}],"circlet_count":0,"master_deck":["Strike_R","Defend_R+1","Defend_R+1","Defend_R","Defend_R+1","Bash+1","Dropkick","Heavy Blade","Immolate+1","Dark Embrace+1","Berserk+1","Whirlwind+1","Flex","Armaments+1","Thunderclap+1","Spot Weakness+1"],"relics":["Burning Blood","Bloody Idol","War Paint","Akabeko","Bird Faced Urn","SlaversCollar","reliquary:Boomerang","Kunai","champ:DuelingGlove","Question Card","reliquary:Aerogel","Pear","Blue Candle","Tiny House","Red Mask","reliquary:WeakTea"],"acts_visited":["Exordium","TheCity","TheBeyond"],"potions_floor_usage":[16,18,24,25,34,34,40,40],"damage_taken":[{"damage":7,"enemies":"Jaw Worm","floor":1,"turns":3},{"damage":8,"enemies":"Gremlin Nob","floor":8,"turns":3},{"damage":0,"enemies":"Small Slimes","floor":10,"turns":2},{"damage":0,"enemies":"2 Louse","floor":11,"turns":1},{"damage":3,"enemies":"Exordium Thugs","floor":14,"turns":2},{"damage":6,"enemies":"Slime Boss","floor":16,"turns":7},{"damage":19,"enemies":"Spheric Guardian","floor":18,"turns":4},{"damage":20,"enemies":"Chosen","floor":24,"turns":5},{"damage":48,"enemies":"Book of Stabbing","floor":25,"turns":5},{"damage":12,"enemies":"3 Cultists","floor":29,"turns":3},{"damage":0,"enemies":"Gremlin Leader","floor":30,"turns":4},{"damage":71,"enemies":"Champ","floor":34,"turns":8},{"damage":24,"enemies":"3 Darklings","floor":36,"turns":3},{"damage":6,"enemies":"3 Shapes","floor":38,"turns":2},{"damage":19,"enemies":"Spire Growth","floor":40,"turns":4},{"damage":52,"enemies":"Reptomancer","floor":41,"turns":5},{"damage":70,"enemies":"Giant Head","floor":43,"turns":6}],"seed_played":"1130548690237508539","potions_obtained":[{"floor":8,"key":"Swift Potion"},{"floor":14,"key":"PowerPotion"},{"floor":16,"key":"Fire Potion"},{"floor":18,"key":"SneckoOil"},{"floor":21,"key":"FearPotion"},{"floor":30,"key":"ColorlessPotion"},{"floor":34,"key":"Energy Potion"},{"floor":35,"key":"Ancient Potion"},{"floor":36,"key":"SkillPotion"},{"floor":41,"key":"Fire Potion"}],"is_trial":false,"path_per_floor":["M","?","?","$","?","R","$","E","T","M","M","?","R","M","R","B",null,"M","?","T","?","$","R","M","E","T","T","R","M","E","$","?","R","B",null,"M","$","M","?","M","E","R","E"],"character_chosen":"IRONCLAD","items_purchased":["Immolate","Kunai"],"campfire_rested":1,"item_purchase_floors":[4,22],"current_hp_per_floor":[79,68,68,68,61,61,61,59,59,65,71,64,64,67,67,71,74,61,61,66,66,66,66,61,28,28,33,55,54,79,79,74,74,18,89,76,76,83,83,79,42,42,0,0],"gold":38,"neow_bonus":"THREE_CARDS","is_daily":false,"chose_seed":false,"campfire_upgraded":6,"win_rate":0.0,"timestamp":1614366572,"path_taken":["M","?","?","$","?","R","$","E","T","M","M","?","R","M","R","BOSS","M","?","?","?","$","R","?","E","T","T","R","M","E","$","?","R","BOSS","M","$","M","?","M","E","R","E"],"items_purchased_type":["Card","Relic"],"build_version":"2020-12-22","purchased_purges":3,"victory":false,"max_hp_per_floor":[80,80,74,74,74,74,74,74,74,74,74,74,74,74,74,74,74,74,74,74,74,74,74,74,74,74,74,74,74,84,84,84,84,84,89,89,89,89,89,89,89,89,89,89],"card_choices":[{"not_picked":["Rage","Pommel Strike"],"picked":"Dropkick","floor":0},{"not_picked":["Sword Boomerang","Warcry"],"picked":"Heavy Blade","floor":1},{"not_picked":["Blood for Blood","Perfected Strike","Clash"],"picked":"SKIP","floor":8},{"not_picked":["Twin Strike","Perfected Strike"],"picked":"Dark Embrace","floor":10},{"not_picked":["Headbutt","Searing Blow","Wild Strike"],"picked":"SKIP","floor":11},{"not_picked":["Dark Embrace","Evolve","Clothesline"],"picked":"SKIP","floor":14},{"not_picked":["Exhume","Immolate"],"picked":"Berserk","floor":16},{"not_picked":["Clash","Reckless Charge","Twin Strike"],"picked":"SKIP","floor":18},{"not_picked":["Shrug It Off","Flex"],"picked":"Whirlwind","floor":24},{"not_picked":["Evolve","Rupture","Dual Wield"],"picked":"SKIP","floor":25},{"not_picked":["Clash","Shrug It Off","Anger","True Grit"],"picked":"SKIP","floor":29},{"not_picked":["Bloodletting+1","Fire Breathing","Wild Strike+1","Rampage"],"picked":"SKIP","floor":30},{"not_picked":["Dual Wield","Body Slam","Clash+1"],"picked":"Flex","floor":35},{"not_picked":["Sword Boomerang+1","Uppercut","Shockwave"],"picked":"Armaments","floor":36},{"not_picked":["Wild Strike","Metallicize","Searing Blow","Blood for Blood+1"],"picked":"SKIP","floor":38},{"not_picked":["Sword Boomerang+1","Heavy Blade+1","Armaments"],"picked":"Thunderclap+1","floor":40},{"not_picked":["Body Slam+1","Anger","Flame Barrier+1"],"picked":"Spot Weakness+1","floor":41}],"player_experience":231657,"relics_obtained":[{"floor":8,"key":"Akabeko"},{"floor":9,"key":"Bird Faced Urn"},{"floor":20,"key":"reliquary:Boomerang"},{"floor":25,"key":"champ:DuelingGlove"},{"floor":26,"key":"Question Card"},{"floor":27,"key":"reliquary:Aerogel"},{"floor":30,"key":"Pear"},{"floor":41,"key":"reliquary:WeakTea"}],"event_choices":[{"damage_healed":0,"gold_gain":75,"player_choice":"Gather Gold","damage_taken":11,"max_hp_gain":0,"max_hp_loss":0,"event_name":"World of Goop","floor":2,"gold_loss":0},{"damage_healed":0,"gold_gain":0,"player_choice":"Lose Max HP","damage_taken":0,"relics_obtained":["Golden Idol"],"max_hp_gain":0,"max_hp_loss":6,"event_name":"Golden Idol","floor":3,"gold_loss":0},{"damage_healed":0,"gold_gain":0,"player_choice":"Success","damage_taken":7,"relics_obtained":["War Paint"],"max_hp_gain":0,"max_hp_loss":0,"event_name":"Scrap Ooze","floor":5,"gold_loss":0},{"cards_removed":["Strike_R"],"damage_healed":0,"gold_gain":0,"player_choice":"Card Removal","damage_taken":7,"max_hp_gain":0,"max_hp_loss":0,"event_name":"Golden Wing","floor":12,"gold_loss":0},{"damage_healed":0,"gold_gain":0,"player_choice":"Gave Idol","damage_taken":0,"relics_obtained":["Bloody Idol"],"max_hp_gain":0,"max_hp_loss":0,"event_name":"Forgotten Altar","floor":19,"relics_lost":["Golden Idol"],"gold_loss":0},{"damage_healed":0,"gold_gain":0,"player_choice":"Bought 1 Potion","damage_taken":0,"max_hp_gain":0,"max_hp_loss":0,"event_name":"The Woman in Blue","floor":21,"gold_loss":0},{"damage_healed":0,"gold_gain":0,"player_choice":"Paid","damage_taken":0,"relics_obtained":["Red Mask"],"max_hp_gain":0,"max_hp_loss":0,"event_name":"Tomb of Lord Red Mask","floor":39,"gold_loss":74}],"is_beta":false,"boss_relics":[{"not_picked":["expansioncontent:StudyCardRelic","reliquary:Craggleroot"],"picked":"SlaversCollar"},{"not_picked":["bronze:MakeshiftBattery","reliquary:Ember"],"picked":"Tiny House"}],"items_purged_floors":[22,31,37],"is_endless":false,"potions_floor_spawned":[8,14,16,18,30,34,36,41],"killed_by":"Giant Head","ascension_level":2}}