{"host":"928gv66myv2vlnsd","time":1614303347,"event":{"mods":["BaseMod","Highlight Path","Minty Spire (QoL Compilation)","Relic Stats","StSLib"],"gold_per_floor":[110,124,136,136,154,154,188,204,204,233,246,262,94,112,112,186,486,501,511,511,523,448,448,448],"floor_reached":23,"language":"ENG","playtime":1415,"items_purged":["Perfected Strike"],"score":394,"play_id":"863277d3-d085-446e-8831-ef19ecd93e84","local_time":"20210225203546","is_ascension_mode":true,"campfire_choices":[{"data":"Cleave","floor":6,"key":"SMITH"},{"floor":15,"key":"REST"}],"circlet_count":0,"master_deck":["AscendersBane","Strike_R","Strike_R","Strike_R","Defend_R","Defend_R","Defend_R","Defend_R","Bash","Flame Barrier","Cleave+1","Metallicize","Clothesline","Metallicize","Spot Weakness+1","Sentinel+1","Shrug It Off+1","Pummel","Flame Barrier+1","Immolate","CurseOfTheBell","Fire Breathing","Pommel Strike"],"relics":["Burning Blood","Toxic Egg 2","Turnip","Odd Mushroom","Calling Bell","Omamori","Mummified Hand","Old Coin"],"acts_visited":["Exordium","TheCity"],"potions_floor_usage":[10,16,23],"damage_taken":[{"damage":6,"enemies":"Cultist","floor":1,"turns":3},{"damage":12,"enemies":"Jaw Worm","floor":2,"turns":2},{"damage":1,"enemies":"Small Slimes","floor":3,"turns":4},{"damage":9,"enemies":"Blue Slaver","floor":5,"turns":6},{"damage":48,"enemies":"Lagavulin","floor":7,"turns":9},{"damage":0,"enemies":"2 Fungi Beasts","floor":8,"turns":3},{"damage":13,"enemies":"The Mushroom Lair","floor":10,"turns":3},{"damage":6,"enemies":"Looter","floor":11,"turns":4},{"damage":14,"enemies":"Gremlin Gang","floor":12,"turns":5},{"damage":5,"enemies":"Blue Slaver","floor":14,"turns":5},{"damage":34,"enemies":"Hexaghost","floor":16,"turns":12},{"damage":5,"enemies":"Shell Parasite","floor":18,"turns":7},{"damage":11,"enemies":"3 Byrds","floor":19,"turns":6},{"damage":25,"enemies":"Centurion and Healer","floor":21,"turns":7},{"damage":53,"enemies":"Gremlin Leader","floor":23,"turns":4}],"seed_played":"4450041759275709026","potions_obtained":[{"floor":3,"key":"Explosive Potion"},{"floor":8,"key":"SteroidPotion"},{"floor":10,"key":"AttackPotion"},{"floor":18,"key":"FearPotion"}],"is_trial":false,"path_per_floor":["M","M","M","?","M","R","E","M","T","?","M","M","$","M","R","B",null,"M","M","?","M","?","E"],"character_chosen":"IRONCLAD","items_purchased":["Shrug It Off+1","Pummel"],"campfire_rested":1,"item_purchase_floors":[13,13],"current_hp_per_floor":[75,69,74,67,64,64,22,28,28,21,21,13,13,14,38,10,64,65,60,60,41,41,0,0],"gold":448,"neow_bonus":"TEN_PERCENT_HP_BONUS","is_daily":false,"chose_seed":false,"campfire_upgraded":1,"win_rate":0.0,"timestamp":1614303346,"path_taken":["M","M","?","?","M","R","E","M","T","?","M","M","$","M","R","BOSS","M","M","?","M","?","E"],"items_purchased_type":["Card","Card"],"build_version":"2020-12-22","purchased_purges":1,"victory":false,"max_hp_per_floor":[82,82,82,82,82,82,82,82,82,82,82,82,82,82,82,82,82,82,82,82,82,82,82,82],"relic_stats":{"counters":[15,80],"Mummified Hand":[11],"Turnip":[7],"obtain_stats":[{"Calling Bell":17,"Mummified Hand":17,"Turnip":9,"Omamori":17,"Toxic Egg 2":7,"Odd Mushroom":10,"Burning Blood":0,"Old Coin":17},{"Calling Bell":11,"Mummified Hand":11,"Turnip":6,"Omamori":11,"Toxic Egg 2":5,"Odd Mushroom":7,"Burning Blood":0,"Old Coin":11},{"Calling Bell":56,"Mummified Hand":56,"Turnip":27,"Omamori":56,"Toxic Egg 2":24,"Odd Mushroom":30,"Burning Blood":0,"Old Coin":56}],"Burning Blood":84},"card_choices":[{"not_picked":["Iron Wave","Dual Wield"],"picked":"Perfected Strike","floor":1},{"not_picked":["Warcry","Second Wind"],"picked":"Flame Barrier","floor":2},{"not_picked":["Warcry","Searing Blow"],"picked":"Cleave","floor":3},{"not_picked":["Warcry","Cleave"],"picked":"Metallicize","floor":5},{"not_picked":["Dropkick","Rupture"],"picked":"Clothesline","floor":7},{"not_picked":["Clothesline","Body Slam","Intimidate+1"],"picked":"SKIP","floor":8},{"not_picked":["Perfected Strike","Heavy Blade"],"picked":"Metallicize","floor":10},{"not_picked":["Feed","Power Through+1"],"picked":"Spot Weakness+1","floor":11},{"not_picked":["Anger","Combust"],"picked":"Sentinel+1","floor":12},{"not_picked":["Armaments+1","Carnage"],"picked":"Flame Barrier+1","floor":14},{"not_picked":["Brutality","Demon Form"],"picked":"Immolate","floor":16},{"not_picked":["Searing Blow+1","Cleave","Reckless Charge"],"picked":"SKIP","floor":18},{"not_picked":["Clash","Perfected Strike"],"picked":"Fire Breathing","floor":19},{"not_picked":["Iron Wave","Havoc+1"],"picked":"Pommel Strike","floor":21}],"player_experience":1479980,"relics_obtained":[{"floor":7,"key":"Toxic Egg 2"},{"floor":9,"key":"Turnip"},{"floor":10,"key":"Odd Mushroom"},{"floor":17,"key":"Omamori"},{"floor":17,"key":"Mummified Hand"},{"floor":17,"key":"Old Coin"}],"event_choices":[{"cards_removed":["Strike_R"],"damage_healed":0,"gold_gain":0,"player_choice":"Card Removal","damage_taken":7,"max_hp_gain":0,"max_hp_loss":0,"event_name":"Golden Wing","floor":4,"gold_loss":0},{"damage_healed":0,"gold_gain":0,"player_choice":"Fought Mushrooms","damage_taken":0,"max_hp_gain":0,"max_hp_loss":0,"event_name":"Mushrooms","floor":10,"gold_loss":0},{"damage_healed":0,"gold_gain":0,"player_choice":"Ignored","damage_taken":0,"max_hp_gain":0,"max_hp_loss":0,"event_name":"Ghosts","floor":20,"gold_loss":0},{"cards_removed":["Strike_R"],"damage_healed":0,"gold_gain":0,"player_choice":"Gave Gold","damage_taken":0,"max_hp_gain":0,"max_hp_loss":0,"event_name":"Beggar","floor":22,"gold_loss":75}],"is_beta":false,"boss_relics":[{"not_picked":["Coffee Dripper","Runic Dome"],"picked":"Calling Bell"}],"items_purged_floors":[13],"is_endless":false,"potions_floor_spawned":[3,8,10,12,18,21],"killed_by":"Gremlin Leader","ascension_level":20}}