{"host":"ls9famm0cjqbttri","time":1614310154,"event":{"mods":["AchievementEnabler","Act Like it!","BaseMod","Hermit","Minty Spire (QoL Compilation)","Quick Restart","Relic Stats","Robot Space Explorer","Ruina","StSLib","The Animator","The Death Knight","The Marked","????"],"gold_per_floor":[418,418,418,433,433,433,433],"floor_reached":6,"language":"ENG","playtime":1133,"items_purged":[],"score":68,"play_id":"c747ea84-f3ea-460b-9342-319d33472a5c","local_time":"20210226042914","daily_mods":["SealedDeck","Heirloom","DeadlyEvents","Elite Swarm","Night Terrors"],"is_ascension_mode":true,"campfire_choices":[],"circlet_count":0,"master_deck":["AscendersBane","DeathKnight:HowlingBlast+1","DeathKnight:Pestilence","DeathKnight:IceboundArmor","DeathKnight:RunicCorruption","DeathKnight:FrosPresence","DeathKnight:FrosPresence","DeathKnight:AntiMagicShell","DeathKnight:Pestilence","DeathKnight:AntiMagicShell+1","DeathKnight:PathOfFrost"],"relics":["DeathKnight:BrokenRuneblade","Old Coin"],"acts_visited":["Exordium"],"potions_floor_usage":[4],"damage_taken":[{"damage":17,"enemies":"Jaw Worm","floor":1,"turns":7},{"damage":0,"enemies":"Small Slimes","floor":4,"turns":2},{"damage":30,"enemies":"3 Sentries","floor":6,"turns":6}],"seed_played":"7186051248809021806","potions_obtained":[{"floor":1,"key":"AttackPotion"}],"is_trial":true,"path_per_floor":["M","?","?","M","?","E"],"character_chosen":"DEATH_KNIGHT","items_purchased":[],"campfire_rested":0,"item_purchase_floors":[],"current_hp_per_floor":[47,52,29,29,29,0,0],"gold":433,"neow_bonus":"","is_daily":false,"chose_seed":false,"campfire_upgraded":0,"win_rate":0.0,"timestamp":1614310154,"path_taken":["M","?","?","M","?","E"],"items_purchased_type":[],"build_version":"2020-12-22","purchased_purges":0,"victory":false,"max_hp_per_floor":[71,76,76,76,76,76,76],"relic_stats":{"counters":[3,15],"obtain_stats":[{"DeathKnight:BrokenRuneblade":0,"Old Coin":0},{"DeathKnight:BrokenRuneblade":0,"Old Coin":0},{"DeathKnight:BrokenRuneblade":0,"Old Coin":0}]},"card_choices":[{"not_picked":["DeathKnight:BoneSpear","DeathKnight:RunicCorruption","DeathKnight:ScourgeStrike"],"picked":"SKIP","floor":1},{"not_picked":["DeathKnight:ShatteringStrikes","DeathKnight:DreadStrike"],"picked":"DeathKnight:PathOfFrost","floor":4}],"player_experience":96512,"relics_obtained":[],"event_choices":[{"damage_healed":0,"gold_gain":0,"player_choice":"Donut","damage_taken":0,"max_hp_gain":5,"max_hp_loss":0,"event_name":"Big Fish","floor":2,"gold_loss":0},{"damage_healed":0,"gold_gain":0,"player_choice":"Entered Light","damage_taken":23,"max_hp_gain":0,"max_hp_loss":0,"event_name":"Shining Light","floor":3,"gold_loss":0,"cards_upgraded":["DeathKnight:HowlingBlast","DeathKnight:AntiMagicShell"]},{"cards_removed":["DeathKnight:HornOfWinter"],"damage_healed":0,"gold_gain":0,"player_choice":"Forget","damage_taken":0,"max_hp_gain":0,"max_hp_loss":0,"event_name":"Living Wall","floor":5,"gold_loss":0}],"is_beta":false,"boss_relics":[],"items_purged_floors":[],"is_endless":false,"potions_floor_spawned":[1],"killed_by":"3 Sentries","ascension_level":20}}