{"host":"3xw0a45c096y5vpc","time":1614313013,"event":{"mods":["BaseMod","Minty Spire (QoL Compilation)","StSLib"],"gold_per_floor":[116,129,140,42,54,54,74,74,99,126,126,145,171,171,171,171,171],"floor_reached":16,"language":"ENG","playtime":688,"items_purged":[],"score":224,"play_id":"679207c4-a67d-409d-bb65-6bbd9c16c689","local_time":"20210225231653","is_ascension_mode":true,"campfire_choices":[{"data":"Bouncing Flask","floor":6,"key":"SMITH"},{"data":"Blade Dance","floor":8,"key":"SMITH"},{"floor":15,"key":"REST"}],"circlet_count":0,"master_deck":["AscendersBane","Strike_G","Strike_G","Strike_G","Strike_G","Defend_G","Defend_G","Defend_G","Defend_G","Defend_G","Survivor","Neutralize","Catalyst","Calculated Gamble","Bouncing Flask+1","Blade Dance+1","Backstab","PiercingWail","Finisher","Corpse Explosion","Crippling Poison","Bouncing Flask"],"relics":["Ring of the Snake","MealTicket","Juzu Bracelet","Dream Catcher"],"acts_visited":["Exordium"],"potions_floor_usage":[12,16],"damage_taken":[{"damage":8,"enemies":"Jaw Worm","floor":1,"turns":6},{"damage":1,"enemies":"Cultist","floor":2,"turns":4},{"damage":1,"enemies":"Small Slimes","floor":3,"turns":4},{"damage":10,"enemies":"Exordium Thugs","floor":5,"turns":5},{"damage":0,"enemies":"Exordium Wildlife","floor":7,"turns":2},{"damage":29,"enemies":"3 Sentries","floor":10,"turns":9},{"damage":7,"enemies":"Large Slime","floor":12,"turns":2},{"damage":6,"enemies":"Gremlin Nob","floor":13,"turns":3},{"damage":29,"enemies":"Slime Boss","floor":16,"turns":6}],"seed_played":"5042847551295672602","potions_obtained":[{"floor":2,"key":"Strength Potion"},{"floor":3,"key":"GhostInAJar"},{"floor":5,"key":"Energy Potion"}],"is_trial":false,"path_per_floor":["M","M","M","$","M","R","M","R","T","E","?","M","E","?","R","B"],"character_chosen":"THE_SILENT","items_purchased":["Blade Dance","Backstab"],"campfire_rested":1,"item_purchase_floors":[4,4],"current_hp_per_floor":[57,56,55,55,45,45,45,45,45,16,21,14,8,8,29,0,0],"gold":171,"neow_bonus":"TEN_PERCENT_HP_BONUS","is_daily":false,"chose_seed":false,"campfire_upgraded":2,"win_rate":0.0,"timestamp":1614313013,"path_taken":["M","M","M","$","M","R","M","R","T","E","?","M","E","?","R","BOSS"],"items_purchased_type":["Card","Card"],"build_version":"2020-12-22","purchased_purges":0,"victory":false,"max_hp_per_floor":[72,72,72,72,72,72,72,72,72,72,72,72,72,72,72,72,72],"card_choices":[{"not_picked":["Acrobatics","Deflect"],"picked":"Catalyst","floor":1},{"not_picked":["Dagger Throw","Slice"],"picked":"Calculated Gamble","floor":2},{"not_picked":["Eviscerate","Prepared"],"picked":"Bouncing Flask","floor":3},{"not_picked":["Eviscerate","Dagger Spray"],"picked":"PiercingWail","floor":5},{"not_picked":["Dagger Spray","Quick Slash"],"picked":"Finisher","floor":7},{"not_picked":["Blur","Sucker Punch"],"picked":"Deadly Poison","floor":10},{"not_picked":["Dagger Throw","Predator","Endless Agony"],"picked":"SKIP","floor":12},{"not_picked":["Dodge and Roll","Dagger Throw"],"picked":"Corpse Explosion","floor":13},{"not_picked":["Dagger Spray","Tactician"],"picked":"Bouncing Flask","floor":15}],"player_experience":633276,"relics_obtained":[{"floor":9,"key":"MealTicket"},{"floor":10,"key":"Juzu Bracelet"},{"floor":13,"key":"Dream Catcher"}],"event_choices":[{"cards_removed":["Deadly Poison"],"damage_healed":5,"gold_gain":0,"player_choice":"Offered Common","damage_taken":0,"max_hp_gain":0,"max_hp_loss":0,"event_name":"Bonfire Elementals","floor":11,"gold_loss":0},{"cards_removed":["Deadly Poison"],"damage_healed":5,"gold_gain":0,"player_choice":"Offered Special","damage_taken":0,"max_hp_gain":0,"max_hp_loss":0,"event_name":"Bonfire Elementals","floor":11,"gold_loss":0},{"damage_healed":0,"gold_gain":0,"cards_transformed":["Strike_G"],"player_choice":"Transformed","damage_taken":0,"max_hp_gain":0,"max_hp_loss":0,"event_name":"Transmorgrifier","floor":14,"gold_loss":0,"cards_obtained":["Crippling Poison"]}],"is_beta":false,"boss_relics":[],"items_purged_floors":[],"is_endless":false,"potions_floor_spawned":[2,3,5,7],"killed_by":"Slime Boss","ascension_level":20}}