{"host":"dhv3u8yhd2rnugsp","time":1614380077,"event":{"mods":["BaseMod","Block Reminder","Colored Map","Googly Eyes","Highlight Path","Minty Spire (QoL Compilation)","Permanent Neow","Quick Restart","Random Character Button","StSLib"],"gold_per_floor":[113,126,143,16,16,45,64,64,64,77,93,93,421,11,11,88,88,105,115,115,135,50,77,92,112,139,139,139],"floor_reached":27,"language":"ENG","playtime":1128,"items_purged":["Strike_G","Strike_G"],"score":494,"play_id":"b65fa499-4e35-48ea-a86b-d6e6c6e2608d","local_time":"20210226165437","is_ascension_mode":true,"campfire_choices":[{"data":"All Out Attack","floor":8.0,"key":"SMITH"},{"floor":12,"key":"REST"},{"data":"Noxious Fumes","floor":15,"key":"SMITH"}],"circlet_count":0,"master_deck":["AscendersBane","Defend_G","Defend_G","Defend_G","Defend_G","Survivor","Neutralize","After Image","Dagger Throw","Predator","All Out Attack+1","Slice","Poisoned Stab","Deadly Poison","Dash","Leg Sweep","Noxious Fumes+1","Envenom+1","Dagger Spray+1","Flechettes+1","Cloak And Dagger+1","PiercingWail+1","Prepared","Catalyst","Bouncing Flask+1","Cloak And Dagger"],"relics":["Ring of the Snake","Vajra","The Courier","Old Coin","Lee\u0027s Waffle","Bag of Marbles","Astrolabe","Du-Vu Doll","Gremlin Horn","Centennial Puzzle"],"acts_visited":["Exordium","TheCity"],"potions_floor_usage":[13,16,19,23,24],"damage_taken":[{"damage":0.0,"enemies":"2 Louse","floor":1.0,"turns":3.0},{"damage":0.0,"enemies":"Cultist","floor":2.0,"turns":4.0},{"damage":1.0,"enemies":"Jaw Worm","floor":3.0,"turns":4.0},{"damage":25.0,"enemies":"Lagavulin","floor":6.0,"turns":7.0},{"damage":0.0,"enemies":"3 Louse","floor":7.0,"turns":2.0},{"damage":4,"enemies":"Looter","floor":10,"turns":3},{"damage":0,"enemies":"Blue Slaver","floor":11,"turns":4},{"damage":22,"enemies":"3 Sentries","floor":13,"turns":6},{"damage":30,"enemies":"Slime Boss","floor":16,"turns":8},{"damage":0,"enemies":"Chosen","floor":18,"turns":4},{"damage":0,"enemies":"3 Byrds","floor":19,"turns":4},{"damage":16,"enemies":"Shelled Parasite and Fungi","floor":21,"turns":6},{"damage":33,"enemies":"Slavers","floor":23,"turns":4},{"damage":10,"enemies":"Snecko","floor":24,"turns":5},{"damage":6,"enemies":"3 Cultists","floor":25,"turns":5},{"damage":5,"enemies":"Centurion and Healer","floor":27,"turns":3}],"seed_played":"5605003333627496511","potions_obtained":[{"floor":2.0,"key":"SmokeBomb"},{"floor":3.0,"key":"DistilledChaos"},{"floor":6.0,"key":"Regen Potion"},{"floor":13,"key":"Weak Potion"},{"floor":16,"key":"Swift Potion"},{"floor":18,"key":"Energy Potion"},{"floor":21,"key":"Swift Potion"},{"floor":24,"key":"SteroidPotion"}],"is_trial":false,"path_per_floor":["M","M","M","$","?","E","M","R","T","M","M","R","E","$","R","B",null,"M","M","?","M","?","E","M","M","T","M"],"character_chosen":"THE_SILENT","items_purchased":["Slice","Lee\u0027s Waffle","Bag of Marbles","Noxious Fumes"],"campfire_rested":1,"item_purchase_floors":[4,14,14,14],"current_hp_per_floor":[44,44,43,43,43,18,18,18,18,14,14,33,26,73,73,43,66,66,66,66,50,50,17,7,1,1,0,0],"gold":139,"neow_bonus":"THREE_RARE_CARDS","is_daily":false,"chose_seed":false,"campfire_upgraded":2,"win_rate":0.0,"timestamp":1614380077,"path_taken":["M","M","M","$","?","E","M","R","T","M","M","R","E","?","R","BOSS","M","M","?","?","?","E","M","M","T","M"],"items_purchased_type":["Card","Relic","Relic","Card"],"build_version":"2020-12-22","purchased_purges":2,"victory":false,"max_hp_per_floor":[66,66,66,66,66,66,66,66,66,66,66,66,66,73,73,73,73,73,73,73,73,73,73,73,73,73,73,73],"card_choices":[{"not_picked":["Night Terror","Burst"],"picked":"After Image","floor":0.0},{"not_picked":["Deflect","Prepared"],"picked":"Dagger Throw","floor":1.0},{"not_picked":["Blur","Choke"],"picked":"Predator","floor":2.0},{"not_picked":["Bane","Terror"],"picked":"All Out Attack","floor":3.0},{"not_picked":["Expertise","Deflect"],"picked":"Poisoned Stab","floor":6.0},{"not_picked":["Flechettes","Masterful Stab","Choke"],"picked":"SKIP","floor":7.0},{"not_picked":["Caltrops","Dagger Throw"],"picked":"Deadly Poison","floor":10},{"not_picked":["Endless Agony","Blur"],"picked":"Dash","floor":11},{"not_picked":["Acrobatics","Prepared"],"picked":"Leg Sweep","floor":13},{"not_picked":["Phantasmal Killer","Unload"],"picked":"Envenom","floor":16},{"not_picked":["Slice","Flying Knee"],"picked":"PiercingWail+1","floor":18},{"not_picked":["Expertise+1","Acrobatics"],"picked":"Prepared","floor":19},{"not_picked":["Calculated Gamble","Quick Slash"],"picked":"Catalyst","floor":21},{"not_picked":["Well Laid Plans","Acrobatics"],"picked":"Bouncing Flask+1","floor":23},{"not_picked":["Concentrate+1","Caltrops","Underhanded Strike"],"picked":"SKIP","floor":24},{"not_picked":["Flying Knee","Night Terror"],"picked":"Cloak And Dagger","floor":25}],"player_experience":1716900,"relics_obtained":[{"floor":6.0,"key":"Vajra"},{"floor":9.0,"key":"The Courier"},{"floor":13,"key":"Old Coin"},{"floor":23,"key":"Gremlin Horn"},{"floor":26,"key":"Centennial Puzzle"}],"event_choices":[{"cards_removed":["Strike_G"],"damage_healed":0.0,"max_hp_gain":0.0,"max_hp_loss":0.0,"gold_gain":0.0,"event_name":"Bonfire Elementals","player_choice":"Offered Basic","floor":5.0,"gold_loss":0.0,"damage_taken":0.0},{"damage_healed":0,"gold_gain":0,"player_choice":"Upgraded","damage_taken":0,"max_hp_gain":0,"max_hp_loss":0,"event_name":"Upgrade Shrine","floor":20,"gold_loss":0,"cards_upgraded":["Envenom"]},{"damage_healed":0,"gold_gain":0,"player_choice":"Obtained Relic","damage_taken":0,"relics_obtained":["Du-Vu Doll"],"max_hp_gain":0,"max_hp_loss":0,"event_name":"Addict","floor":22,"gold_loss":85}],"is_beta":false,"boss_relics":[{"not_picked":["Ectoplasm","Pandora\u0027s Box"],"picked":"Astrolabe"}],"items_purged_floors":[4,14],"is_endless":false,"potions_floor_spawned":[2,3,6,13,16,18,21,24],"killed_by":"Centurion and Healer","ascension_level":20}}