{"host":"2lo6hma6kymb0g9i","time":1614365297,"event":{"mods":["BaseMod","Colored Map","DeckTracker","Minty Spire (QoL Compilation)","SuperFastMode"],"gold_per_floor":[109,184,184,184,198,227,245,270,270,300,300,127,160,85,85,85,85],"floor_reached":16,"language":"JPN","playtime":1045,"items_purged":["Strike_G"],"score":352,"play_id":"5ded4c72-aaa2-46b3-b500-cd16fd8e0ebc","local_time":"20210227034817","is_ascension_mode":true,"campfire_choices":[{"data":"Terror","floor":15,"key":"SMITH"}],"circlet_count":0,"master_deck":["AscendersBane","Strike_G","Strike_G","Strike_G","Defend_G","Defend_G","Defend_G","Defend_G","Defend_G","Survivor","Neutralize","Dodge and Roll","Dagger Throw","Unload","Terror+1","Burst","Cloak And Dagger","Prepared","Cloak And Dagger"],"relics":["Ring of the Snake","NeowsBlessing","Bottled Lightning","Prayer Wheel","Thread and Needle","Girya","PreservedInsect","The Specimen"],"acts_visited":["Exordium"],"potions_floor_usage":[10,16,16],"damage_taken":[{"damage":0.0,"enemies":"Jaw Worm","floor":1.0,"turns":1.0},{"damage":0.0,"enemies":"2 Louse","floor":5.0,"turns":1.0},{"damage":0.0,"enemies":"Gremlin Nob","floor":6.0,"turns":1.0},{"damage":0.0,"enemies":"Cultist","floor":7.0,"turns":3.0},{"damage":20.0,"enemies":"Lagavulin","floor":8.0,"turns":8.0},{"damage":0,"enemies":"Gremlin Nob","floor":10,"turns":5},{"damage":11,"enemies":"3 Sentries","floor":13,"turns":7},{"damage":37,"enemies":"The Guardian","floor":16,"turns":18}],"seed_played":"5460154859238326312","potions_obtained":[{"floor":7.0,"key":"SkillPotion"},{"floor":8.0,"key":"PowerPotion"},{"floor":10,"key":"GhostInAJar"}],"is_trial":false,"path_per_floor":["M","?","?","$","M","E","M","E","T","E","?","$","E","$","R","B"],"character_chosen":"THE_SILENT","items_purchased":["PreservedInsect"],"campfire_rested":0,"item_purchase_floors":[12],"current_hp_per_floor":[59,48,53,53,53,53,53,33,33,33,33,33,22,22,22,0,0],"gold":85,"neow_bonus":"THREE_ENEMY_KILL","is_daily":false,"chose_seed":false,"campfire_upgraded":1,"win_rate":0.0,"timestamp":1614365297,"path_taken":["M","?","?","$","M","E","M","E","T","E","?","$","E","$","R","BOSS"],"items_purchased_type":["Relic"],"build_version":"2020-12-22","purchased_purges":1,"victory":false,"max_hp_per_floor":[66,66,71,71,71,71,71,71,71,71,71,71,71,71,71,71,71],"card_choices":[{"not_picked":["Dagger Spray","Infinite Blades"],"picked":"Dodge and Roll","floor":1.0},{"not_picked":["All Out Attack","Underhanded Strike"],"picked":"Dagger Throw","floor":5.0},{"not_picked":["Underhanded Strike","Flechettes"],"picked":"Unload","floor":6.0},{"not_picked":["Dagger Spray","Underhanded Strike"],"picked":"Terror","floor":7.0},{"not_picked":["Blur","Noxious Fumes"],"picked":"Burst","floor":8.0},{"not_picked":["Underhanded Strike","Riddle With Holes"],"picked":"Cloak And Dagger","floor":10},{"not_picked":["Dash","Envenom"],"picked":"Cloak And Dagger","floor":13}],"player_experience":1261581,"relics_obtained":[{"floor":6.0,"key":"Bottled Lightning"},{"floor":8.0,"key":"Prayer Wheel"},{"floor":9.0,"key":"Thread and Needle"},{"floor":10,"key":"Girya"},{"floor":13,"key":"The Specimen"}],"event_choices":[{"damage_healed":0.0,"max_hp_gain":0.0,"max_hp_loss":0.0,"gold_gain":75.0,"event_name":"World of Goop","player_choice":"Gather Gold","floor":2.0,"gold_loss":0.0,"damage_taken":11.0},{"damage_healed":0.0,"max_hp_gain":5.0,"max_hp_loss":0.0,"gold_gain":0.0,"event_name":"Big Fish","player_choice":"Donut","floor":3.0,"gold_loss":0.0,"damage_taken":0.0},{"damage_healed":0,"gold_gain":0,"cards_transformed":["Strike_G"],"player_choice":"Transformed","damage_taken":0,"max_hp_gain":0,"max_hp_loss":0,"event_name":"Transmorgrifier","floor":11,"gold_loss":0,"cards_obtained":["Prepared"]}],"is_beta":false,"boss_relics":[],"items_purged_floors":[14],"is_endless":false,"potions_floor_spawned":[7,8,10],"killed_by":"The Guardian","ascension_level":20}}