{"host":"test","time":1614331562,"event":{"mods":["BaseMod","Bestiary","Colored Map","Colored Powertips","Minty Spire (QoL Compilation)","Relic Stats","Slay the Relics Exporter","SpireBot","StSLib","ojb\u0027s Better Paths Mod","ojb\u0027s Info Mod: The sequel"],"gold_per_floor":[359,369,380,83,94,94,107,137,137,148,163,163,191,191,191,270,270,280,21,40,58,58,58,58,70,70,101,114,148,148,167,167,254,254,279,71,96,112,112,146,146,181,190,190,190,190,215,237,237,237,237,237,237,20,57,57,57],"floor_reached":56,"language":"JPN","playtime":3924,"items_purged":["Strike_G","Pain"],"score":2046,"play_id":"31972da0-6946-4d9a-938b-c57d61f4ca32","local_time":"20210226182602","is_ascension_mode":true,"campfire_choices":[{"floor":6.0,"key":"REST"},{"data":"Skewer","floor":12.0,"key":"SMITH"},{"data":"Blade Dance","floor":15.0,"key":"SMITH"},{"data":"After Image","floor":23.0,"key":"SMITH"},{"floor":30.0,"key":"REST"},{"data":"Accuracy","floor":32.0,"key":"SMITH"},{"floor":41.0,"key":"REST"},{"floor":46.0,"key":"RECALL"},{"floor":49.0,"key":"REST"},{"floor":53.0,"key":"REST"}],"circlet_count":0,"master_deck":["AscendersBane","Strike_G","Strike_G","Defend_G","Defend_G","Defend_G","Defend_G","Defend_G","Survivor","Neutralize","Dagger Throw","All Out Attack","Skewer+1","Endless Agony","Terror","Deflect","Masterful Stab","Blade Dance+1","Finisher","After Image+1","Dagger Spray","Acrobatics","Acrobatics","Blade Dance","Noxious Fumes","Skewer","Cloak And Dagger+1","Blade Dance","PiercingWail+1","Accuracy+1","Tools of the Trade","Dodge and Roll","After Image+1","Blur","Bullet Time","Dodge and Roll","Prepared","Finisher+1"],"relics":["Ring of the Snake","StoneCalendar","InkBottle","Kunai","WarpedTongs","Cursed Key","Regal Pillow","CeramicFish","Fusion Hammer","DollysMirror","Happy Flower","Bag of Marbles","Spirit Poop","Lantern","Lizard Tail"],"acts_visited":["Exordium","TheCity","TheBeyond","TheEnding"],"potions_floor_usage":[56],"damage_taken":[{"damage":3.0,"enemies":"Cultist","floor":1.0,"turns":4.0},{"damage":1.0,"enemies":"2 Louse","floor":2.0,"turns":3.0},{"damage":3.0,"enemies":"Jaw Worm","floor":3.0,"turns":4.0},{"damage":11.0,"enemies":"Large Slime","floor":5.0,"turns":6.0},{"damage":3.0,"enemies":"Blue Slaver","floor":7.0,"turns":4.0},{"damage":17.0,"enemies":"Lagavulin","floor":8.0,"turns":8.0},{"damage":2.0,"enemies":"2 Fungi Beasts","floor":10.0,"turns":5.0},{"damage":0.0,"enemies":"Exordium Thugs","floor":11.0,"turns":2.0},{"damage":0.0,"enemies":"Gremlin Nob","floor":13.0,"turns":2.0},{"damage":20.0,"enemies":"Slime Boss","floor":16.0,"turns":7.0},{"damage":6.0,"enemies":"Shell Parasite","floor":18.0,"turns":4.0},{"damage":0.0,"enemies":"Spheric Guardian","floor":20.0,"turns":3.0},{"damage":0.0,"enemies":"Centurion and Healer","floor":21.0,"turns":5.0},{"damage":3.0,"enemies":"Cultist and Chosen","floor":25.0,"turns":5.0},{"damage":7.0,"enemies":"Slavers","floor":27.0,"turns":4.0},{"damage":0.0,"enemies":"3 Cultists","floor":28.0,"turns":3.0},{"damage":0.0,"enemies":"Gremlin Leader","floor":29.0,"turns":5.0},{"damage":0.0,"enemies":"Sentry and Sphere","floor":31.0,"turns":3.0},{"damage":36.0,"enemies":"Automaton","floor":33.0,"turns":8.0},{"damage":6.0,"enemies":"3 Shapes","floor":35.0,"turns":4.0},{"damage":9.0,"enemies":"3 Darklings","floor":37.0,"turns":5.0},{"damage":0.0,"enemies":"Jaw Worm Horde","floor":38.0,"turns":4.0},{"damage":13.0,"enemies":"Nemesis","floor":40.0,"turns":7.0},{"damage":0.0,"enemies":"Giant Head","floor":42.0,"turns":6.0},{"damage":13.0,"enemies":"Spire Growth","floor":47.0,"turns":4.0},{"damage":0.0,"enemies":"4 Shapes","floor":48.0,"turns":2.0},{"damage":34.0,"enemies":"Donu and Deca","floor":50.0,"turns":12.0},{"damage":17.0,"enemies":"Time Eater","floor":51.0,"turns":15.0},{"damage":19.0,"enemies":"Shield and Spear","floor":55.0,"turns":11.0},{"damage":133,"enemies":"The Heart","floor":56,"turns":5}],"seed_played":"2157712337990644646","potions_obtained":[{"floor":5.0,"key":"Dexterity Potion"},{"floor":8.0,"key":"FearPotion"},{"floor":10.0,"key":"Explosive Potion"},{"floor":13.0,"key":"Explosive Potion"},{"floor":16.0,"key":"SteroidPotion"},{"floor":31.0,"key":"Poison Potion"},{"floor":33.0,"key":"LiquidBronze"},{"floor":38.0,"key":"SteroidPotion"},{"floor":42.0,"key":"DuplicationPotion"},{"floor":47.0,"key":"LiquidMemories"}],"is_trial":false,"path_per_floor":["M","M","M","$","M","R","M","E","T","M","M","R","E","?","R","B",null,"M","$","M","M","?","R","?","M","T","E","M","E","R","M","R","B",null,"M","$","M","M","?","E","R","E","T","?","?","R","M","M","R","B","B",null,"R","$","E","B"],"character_chosen":"THE_SILENT","items_purchased":["Endless Agony","FearPotion","CunningPotion","Acrobatics","GhostInAJar","DollysMirror","ColorlessPotion","Medical Kit","BlessingOfTheForge"],"campfire_rested":5,"item_purchase_floors":[4,4,4,19,19,36,36,54,54],"current_hp_per_floor":[41,40,37,37,26,45,42,25,25,23,23,23,23,23,23,3,50,44,44,44,44,44,44,26,23,23,16,16,16,52,52,52,16,57,51,51,42,42,42,29,64,64,64,64,64,64,51,51,67,33,16,54,67,67,48,0,0],"gold":57,"neow_bonus":"TWO_FIFTY_GOLD","is_daily":false,"chose_seed":true,"campfire_upgraded":4,"win_rate":0.0,"timestamp":1614331562,"path_taken":["M","M","M","$","M","R","M","E","T","?","M","R","E","?","R","BOSS","M","$","M","M","?","R","?","M","T","E","M","E","R","M","R","BOSS","M","$","M","M","?","E","R","E","T","?","?","R","M","M","R","BOSS","BOSS","R","$","E","BOSS"],"items_purchased_type":["Card","Potion","Potion","Card","Potion","Relic","Potion","Relic","Potion"],"build_version":"2020-12-18","purchased_purges":2,"victory":false,"max_hp_per_floor":[66,66,66,66,66,66,66,66,66,66,66,66,66,66,66,66,66,66,66,66,66,66,66,71,71,71,71,71,71,71,71,71,71,71,71,71,71,71,67,67,67,67,67,67,67,67,67,67,67,67,67,67,67,67,67,67,67],"relic_stats":{"Regal Pillow":30,"Lizard Tail":33,"Happy Flower":[18],"counters":[30,160],"CeramicFish":99,"StoneCalendar":[247],"Kunai":[128],"Cursed Key":1,"obtain_stats":[{"Regal Pillow":27,"Lantern":55,"Happy Flower":40,"CeramicFish":29,"Spirit Poop":45,"StoneCalendar":8,"Cursed Key":17,"Medical Kit":54,"WarpedTongs":14,"Lizard Tail":56,"DollysMirror":36,"Fusion Hammer":34,"Bag of Marbles":42,"Kunai":13,"InkBottle":9,"Ring of the Snake":0},{"Regal Pillow":15,"Lantern":29,"Happy Flower":23,"CeramicFish":17,"Spirit Poop":24,"StoneCalendar":6,"Cursed Key":10,"Medical Kit":28,"WarpedTongs":9,"Lizard Tail":30,"DollysMirror":20,"Fusion Hammer":19,"Bag of Marbles":24,"Kunai":9,"InkBottle":6,"Ring of the Snake":0},{"Regal Pillow":66,"Lantern":155,"Happy Flower":105,"CeramicFish":74,"Spirit Poop":111,"StoneCalendar":29,"Cursed Key":45,"Medical Kit":144,"WarpedTongs":38,"Lizard Tail":156,"DollysMirror":89,"Fusion Hammer":85,"Bag of Marbles":111,"Kunai":38,"InkBottle":29,"Ring of the Snake":0}],"InkBottle":[87],"Ring of the Snake":[63],"WarpedTongs":[122]},"card_choices":[{"not_picked":["Sucker Punch","Choke"],"picked":"Dagger Throw","floor":1.0},{"not_picked":["Concentrate","Catalyst"],"picked":"All Out Attack","floor":2.0},{"not_picked":["Heel Hook","Caltrops"],"picked":"Skewer","floor":3.0},{"not_picked":["Quick Slash","PiercingWail"],"picked":"Terror","floor":5.0},{"not_picked":["Prepared","Poisoned Stab"],"picked":"Deflect","floor":7.0},{"not_picked":["Outmaneuver","Terror","Poisoned Stab"],"picked":"SKIP","floor":8.0},{"not_picked":["Quick Slash","Flying Knee"],"picked":"Masterful Stab","floor":10.0},{"not_picked":["Eviscerate","Underhanded Strike"],"picked":"Blade Dance","floor":11.0},{"not_picked":["Deadly Poison","Dagger Throw"],"picked":"Finisher","floor":13.0},{"not_picked":["Bullet Time","Storm of Steel"],"picked":"After Image","floor":16.0},{"not_picked":["Skewer","Bouncing Flask"],"picked":"Dagger Spray","floor":18.0},{"not_picked":["Prepared","Poisoned Stab"],"picked":"Acrobatics","floor":20.0},{"not_picked":["Flying Knee+1","Prepared"],"picked":"Blade Dance","floor":21.0},{"not_picked":["Acrobatics","Flying Knee","All Out Attack"],"picked":"SKIP","floor":25.0},{"not_picked":["Backstab","Flying Knee"],"picked":"Cloak And Dagger+1","floor":27.0},{"not_picked":["Prepared","Sucker Punch"],"picked":"Blade Dance","floor":28.0},{"not_picked":["Caltrops","Cloak And Dagger+1"],"picked":"PiercingWail+1","floor":29.0},{"not_picked":["Finisher","Doppelganger"],"picked":"Accuracy","floor":31.0},{"not_picked":["Glass Knife","A Thousand Cuts"],"picked":"Tools of the Trade","floor":33.0},{"not_picked":["Crippling Poison","Bane+1"],"picked":"Dodge and Roll","floor":35.0},{"not_picked":["Noxious Fumes","Cloak And Dagger"],"picked":"Blur","floor":37.0},{"not_picked":["Outmaneuver","Heel Hook","Sucker Punch"],"picked":"SKIP","floor":38.0},{"not_picked":["Skewer","Unload","Underhanded Strike"],"picked":"SKIP","floor":40.0},{"not_picked":["Expertise","Dagger Spray+1"],"picked":"Bullet Time","floor":42.0},{"not_picked":["Poisoned Stab","Backstab+1"],"picked":"Dodge and Roll","floor":47.0},{"not_picked":["Cloak And Dagger","Blur"],"picked":"Prepared","floor":48.0},{"not_picked":["Flechettes","Glass Knife"],"picked":"Finisher+1","floor":55.0}],"player_experience":2129678,"relics_obtained":[{"floor":8.0,"key":"StoneCalendar"},{"floor":9.0,"key":"InkBottle"},{"floor":13.0,"key":"Kunai"},{"floor":27.0,"key":"Regal Pillow"},{"floor":29.0,"key":"CeramicFish"},{"floor":40.0,"key":"Happy Flower"},{"floor":42.0,"key":"Bag of Marbles"},{"floor":55.0,"key":"Lantern"}],"event_choices":[{"damage_healed":0.0,"max_hp_gain":0.0,"max_hp_loss":0.0,"gold_gain":0.0,"event_name":"Accursed Blacksmith","player_choice":"Rummage","floor":14.0,"gold_loss":0.0,"damage_taken":0.0,"relics_obtained":["WarpedTongs"],"cards_obtained":["Pain"]},{"damage_healed":0.0,"max_hp_gain":0.0,"max_hp_loss":0.0,"gold_gain":0.0,"cards_transformed":["Strike_G","Strike_G"],"event_name":"Drug Dealer","player_choice":"Became Test Subject","floor":22.0,"gold_loss":0.0,"damage_taken":0.0,"cards_obtained":["Noxious Fumes","Skewer"]},{"damage_healed":0.0,"max_hp_gain":5.0,"max_hp_loss":0.0,"gold_gain":0.0,"event_name":"Forgotten Altar","player_choice":"Shed Blood","floor":24.0,"gold_loss":0.0,"damage_taken":23.0},{"damage_healed":0.0,"max_hp_gain":0.0,"max_hp_loss":4.0,"gold_gain":0.0,"event_name":"Winding Halls","player_choice":"Max HP","floor":39.0,"gold_loss":0.0,"damage_taken":0.0},{"damage_healed":0.0,"max_hp_gain":0.0,"max_hp_loss":0.0,"gold_gain":0.0,"event_name":"Tomb of Lord Red Mask","player_choice":"Ignored","floor":44.0,"gold_loss":0.0,"damage_taken":0.0},{"cards_removed":["Clumsy"],"damage_healed":0.0,"max_hp_gain":0.0,"max_hp_loss":0.0,"gold_gain":0.0,"event_name":"Bonfire Elementals","player_choice":"Offered Curse","floor":45.0,"gold_loss":0.0,"damage_taken":0.0,"relics_obtained":["Spirit Poop"]}],"is_beta":true,"boss_relics":[{"not_picked":["Coffee Dripper","Velvet Choker"],"picked":"Cursed Key"},{"not_picked":["Pandora\u0027s Box","Busted Crown"],"picked":"Fusion Hammer"}],"items_purged_floors":[4,19],"is_endless":false,"potions_floor_spawned":[5,8,10,13,16,18,20,25,31,33,38,42,47,48],"killed_by":"The Heart","ascension_level":20}}