{"host":"xltyy2z8nrfiikj5","time":1614345578,"event":{"mods":["BaseMod","Colored Map","Downfall","Minty Spire (QoL Compilation)","StSLib"],"gold_per_floor":[349,449,449,467,497,171,196,208,251,263,289,326,338,365,396,408,408,408],"floor_reached":16,"language":"ENG","playtime":1537,"items_purged":["Slimebound:Strike_Slimebound"],"score":119,"play_id":"85971a14-8e4f-43ad-bcf2-9de47222d4ff","local_time":"20210226081938","is_ascension_mode":true,"campfire_choices":[{"data":"Slimebound:CorrosiveSpit","floor":1.0,"key":"SMITH"},{"data":"Slimebound:SplitSpecialist","floor":8.0,"key":"SMITH"},{"floor":10.0,"key":"REST"},{"data":"Slimebound:Nibble","floor":13.0,"key":"SMITH"}],"circlet_count":0,"master_deck":["Slimebound:Strike_Slimebound","Slimebound:Strike_Slimebound","Slimebound:Tackle","Slimebound:Defend_Slimebound","Slimebound:Defend_Slimebound","Slimebound:Defend_Slimebound","Slimebound:Defend_Slimebound","Slimebound:Split","Slimebound:CorrosiveSpit+1","Slimebound:CorrosiveSpit+1","Slimebound:SplitSpecialist+1","Slimebound:AcidTongue","Slimebound:MinionMaster","Slimebound:OozeBath","Slimebound:LeechingTouch","Slimebound:Nibble+1","Slimebound:LivingWall","Slimebound:Equalize"],"relics":["Slimebound:AbsorbEndCombat","Darkstone Periapt","Lantern","MawBank","Regal Pillow","Smiling Mask"],"acts_visited":["Exordium"],"potions_floor_usage":[],"damage_taken":[{"damage":3.0,"enemies":"Small Slimes","floor":4.0,"turns":2.0},{"damage":8.0,"enemies":"downfall:FleeingMerchant","floor":6.0,"turns":4.0},{"damage":32.0,"enemies":"Lagavulin","floor":9.0,"turns":7.0},{"damage":4.0,"enemies":"Cultist","floor":11.0,"turns":4.0},{"damage":19.0,"enemies":"3 Sentries","floor":12.0,"turns":8.0},{"damage":0.0,"enemies":"2 Louse","floor":14.0,"turns":2.0},{"damage":0,"enemies":"downfall:LooterAlt","floor":15,"turns":3},{"damage":63,"enemies":"IC_STATUS_ARCHETYPE","floor":16,"turns":10}],"seed_played":"5717418613537126601","potions_obtained":[{"floor":11.0,"key":"LiquidBronze"},{"floor":15,"key":"LiquidBronze"}],"is_trial":false,"path_per_floor":["R","?","?","M","?","$","T","R","E","R","M","E","R","M","M","B"],"character_chosen":"SLIMEBOUND","items_purchased":["Slimebound:MinionMaster","Lantern"],"campfire_rested":1,"item_purchase_floors":[6,6],"current_hp_per_floor":[59,59,59,58,58,55,55,55,31,59,57,42,42,48,50,0,0,0],"gold":408,"neow_bonus":"TWO_FIFTY_GOLD","is_daily":false,"chose_seed":false,"campfire_upgraded":3,"win_rate":0.0,"timestamp":1614345578,"path_taken":["R","?","?","?","?","$","T","R","E","R","M","E","R","M","M","BOSS"],"items_purchased_type":["Card","Relic"],"build_version":"2020-12-22","purchased_purges":1,"victory":false,"max_hp_per_floor":[59,59,59,59,59,59,59,59,59,59,59,59,59,59,59,59,59,59],"card_choices":[{"not_picked":["Slimebound:SplitMire","Slimebound:SlimeSpikes"],"picked":"Slimebound:SplitSpecialist","floor":4.0},{"not_picked":["Slimebound:SplitLeeching","Slimebound:SlimeBarrage"],"picked":"Slimebound:AcidTongue","floor":6.0},{"not_picked":["Slimebound:LeechEnergy","Slimebound:AcidTongue"],"picked":"Slimebound:OozeBath","floor":9.0},{"not_picked":["Slimebound:LeechEnergy","Slimebound:HauntingLick"],"picked":"Slimebound:LeechingTouch","floor":11.0},{"not_picked":["Slimebound:HauntingLick","Slimebound:Equalize"],"picked":"Slimebound:Nibble","floor":12.0},{"not_picked":["Slimebound:SamplingLick","Slimebound:FormOfPuddle"],"picked":"Slimebound:LivingWall","floor":14.0},{"not_picked":["Slimebound:RollThrough","Slimebound:ComboTackle"],"picked":"Slimebound:Equalize","floor":15}],"player_experience":1570671,"relics_obtained":[{"floor":7.0,"key":"MawBank"},{"floor":9.0,"key":"Regal Pillow"},{"floor":12.0,"key":"Smiling Mask"}],"event_choices":[],"is_beta":false,"boss_relics":[],"items_purged_floors":[6],"is_endless":false,"potions_floor_spawned":[11,15],"killed_by":"IC_STATUS_ARCHETYPE","ascension_level":2}}