{"host":"lvs2wt6hnb8ekxok","time":1614328911,"event":{"mods":["Act Like it!","Arknights","Ascension Reborn","Bartender","BaseMod","BetterRewards","Card Forge","Challenge The Spire","Custom Start","Downfall","Elementarium","Friendly Minions","Gensokyo","GifTheSpireLib","Halation","Hallownest","Hero for Fun","Hubris","Infinite Spire","Kiyohime????","Library of Ruina","Library of Ruina Extra","Lobotomy","Menagerie","Minty Spire (QoL Compilation)","Relic Filter","Relic Stats","Replay The Spire","Reworked Bosses","Ruina","SOS???????","StSLib","Stuff the Spire","Td1madao Mod","The Animator","The Bladedancer","The Bug Knight","The Death Knight","The Exalted","The Forsaken","The Servant 0.9.4","Wandering Minibosses","???Mod??????Boss","???mod?????"],"gold_per_floor":[156,156,156,110,110,215,305,383,433,532,486,564,639,723,723,1008,1008,1053,1053,1053,1086,1194,1293,1293,1380,1398,1482,1575,778,778,808,808,1138,1138,1176,536,460,652,736,814,344,434,452,557,628,727,1271,1346,1346,1346,1346],"floor_reached":52,"language":"ENG","playtime":2191,"items_purged":[],"score":1672,"play_id":"580f5dae-1d96-49f6-8571-296138776137","local_time":"20210226004151","daily_mods":["Vintage","Heirloom","Time Dilation","Flight","DeadlyEvents","Elite Swarm","Lethality","Midas"],"is_ascension_mode":true,"campfire_choices":[{"floor":24,"key":"REST"},{"floor":32,"key":"REST"}],"circlet_count":0,"master_deck":["KiyohimeMod:Strike+1","KiyohimeMod:Strike+1","KiyohimeMod:Strike+1","KiyohimeMod:Strike+1","KiyohimeMod:Defend+1","KiyohimeMod:Defend+1","KiyohimeMod:Defend+1","KiyohimeMod:Defend+1","KiyohimeMod:Track+1","KiyohimeMod:FlameKiss+1","KiyohimeMod:Shapeshift+1","KiyohimeMod:Berserker+1","KiyohimeMod:Servant_Osakabehime+1","KiyohimeMod:GoldenCarpFigure+1","KiyohimeMod:HeroCreation+1","KiyohimeMod:FiringTheFirstArrow+1","KiyohimeMod:RedBlackKey+1","KiyohimeMod:CastleOfTheSun+1","KiyohimeMod:AVerseOfBurningLoveStory+1","KiyohimeMod:PrismaCosmos+1","KiyohimeMod:FragmentsOf2030+1","KiyohimeMod:CastleOfTheSun+1","KiyohimeMod:JeweledSword+1","KiyohimeMod:Barrier+1","KiyohimeMod:ImaginaryNumberMagecraft+1","KiyohimeMod:Fragarach+1","KiyohimeMod:CelestialInvertedMoon+1","KiyohimeMod:CelestialInvertedMoon+1","KiyohimeMod:Destruction+1","KiyohimeMod:SteelTraining+1","KiyohimeMod:HydraDagger+1","KiyohimeMod:Preemptive+1","KiyohimeMod:ExSpicyMapoTofu+1","Hallownest:skillKingdomsEdgeMap+1","KiyohimeMod:CommandCard_Buster+1","KiyohimeMod:Servant_TamamoNoMae+1","KiyohimeMod:EatSoul+1","KiyohimeMod:BlueBlackKey+1","KiyohimeMod:FacelessMoon+1","KiyohimeMod:MagicCrystal+1"],"relics":["KiyohimeMod:FireDragon","Hammer of Thor","Seething Fire","Anvil of the Gods","TungstenRod","infinitespire:Burning Sword","ReplayTheSpireMod:Ninjato","KiyohimeMod:TerritoryCreation","KiyohimeMod:UnlimitedPranaSupply","Vajra","KiyohimeMod:TheBlackGrail","Kunai","KiyohimeMod:ElixirOfRejuvenation","KiyohimeMod:Divinity","KiyohimeMod:Bond","Bromod:ArcaneBarrier","StuffTheSpire:RedRose","halation:StarCompass","Guardian:PocketSentry","Darkstone Periapt","Pet Ghost","Replay:Mystery Machine","hubris:TinFlute","Replay:Bottled Eggs","Replay:Accelerometer","hubris:MysteriousPyramids","Fusion Hammer","halation:BlackBeret","downfall:ExtraCursedKey","theForsaken:PlagueMask","CeramicFish","Pen Nib","infinitespire:Golems Mask","Bromod:ArcaneVictory","halation:PromiseList","StoneCalendar","hubris:BundleOfHerbs","Chemical X","Replay:Bottled Snecko","infinitespire:Midas Blood","Elementarium:ElementariumTrophy","Philosopher\u0027s Stone","Toy Ornithopter","hexamod:BolsterEngine","bronze:DonusWashers","Orichalcum","Calipers","hubris:FunFungus","halation:PenCase","OrangePellets","hubris:SphereOfDissonance","hubris:MedicalManual","PageOfWayBackHome","hubris:DeckOfHolding","halation:KoshaPiece","DeathKnight:SindragosasSkull","wanderingMiniBosses:LockLocket","StuffTheSpire:Nightcore","hubris:AstralHammer"],"acts_visited":["Exordium","Exordium","Elementarium:Elementarium"],"potions_floor_usage":[23,23,23],"damage_taken":[{"damage":0,"enemies":"ats:Genji","floor":1,"turns":1},{"damage":6,"enemies":"Gremlin Nob","floor":6,"turns":3},{"damage":0,"enemies":"Replay:BlueRogue","floor":7,"turns":2},{"damage":0,"enemies":"3 Sentries","floor":8,"turns":4},{"damage":0,"enemies":"Replay:BlueRogue","floor":10,"turns":2},{"damage":0,"enemies":"HollowMod:MossKnight","floor":12,"turns":1},{"damage":0,"enemies":"3 Sentries","floor":13,"turns":2},{"damage":0,"enemies":"HollowMod:MossKnight","floor":14,"turns":1},{"damage":0,"enemies":"Slime Boss","floor":16,"turns":3},{"damage":9,"enemies":"Elementarium:2_ELEMENTALS","floor":18,"turns":2},{"damage":0,"enemies":"Elementarium:Cyclone","floor":21,"turns":2},{"damage":0,"enemies":"Elementarium:WarGolem","floor":22,"turns":1},{"damage":2,"enemies":"Elementarium:FIRE_NOBILITY","floor":23,"turns":2},{"damage":0,"enemies":"Nightmare","floor":25,"turns":1},{"damage":9,"enemies":"Elementarium:ElementalPortal","floor":27,"turns":4},{"damage":0,"enemies":"Elementarium:WarGolem","floor":28,"turns":1},{"damage":10,"enemies":"Elementarium:VOID_CORRUPTION_AND_TAR_GOLEM","floor":31,"turns":2},{"damage":30,"enemies":"Elementarium:PHOENIXES","floor":33,"turns":4},{"damage":9,"enemies":"Hallownest:Shield_Heavy","floor":35,"turns":2},{"damage":6,"enemies":"Hallownest:2_Primals","floor":38,"turns":3},{"damage":0,"enemies":"Hallownest:eliteHiveKnight","floor":39,"turns":2},{"damage":0,"enemies":"Hallownest:StalkingDevout","floor":40,"turns":1},{"damage":0,"enemies":"Nightmare","floor":42,"turns":2},{"damage":0,"enemies":"Hallownest:eliteCollector","floor":44,"turns":1},{"damage":0,"enemies":"Hallownest:StalkingDevout","floor":46,"turns":2},{"damage":0,"enemies":"Hallownest:2_Littles","floor":47,"turns":2},{"damage":0,"enemies":"Hallownest:eliteCollector","floor":48,"turns":2},{"damage":0,"enemies":"Hallownest:BossGreyPrinceZote","floor":50,"turns":1},{"damage":0,"enemies":"Hallownest:BossGreyPrinceZote","floor":51,"turns":2}],"seed_played":"-3599526035755400758","potions_obtained":[{"floor":1,"key":"champ:CounterPotion"},{"floor":6,"key":"Strength Potion"},{"floor":12,"key":"Toxic Potion"},{"floor":28,"key":"SpeedPotion"},{"floor":31,"key":"bronze:BurnAndBuffPotion"},{"floor":35,"key":"champ:CounterPotion"}],"is_trial":true,"path_per_floor":["M","?","?","$","?","E","E","E","T","E","$","E","E","E","R","B",null,"M","?","?","M","E","E","R","NM","T","E","E","$","AVR","M","R","B",null,"M","$","?","?","E","E","$","NM","T","E","T","E","M","E","R","B",null,null],"character_chosen":"Kiyohime","items_purchased":["KiyohimeMod:Berserker","KiyohimeMod:RedBlackKey","hubris:BundleOfHerbs","Chemical X","Replay:Bottled Snecko","KiyohimeMod:Fragarach","KiyohimeMod:CelestialInvertedMoon","hexamod:BolsterEngine","bronze:DonusWashers","Orichalcum","KiyohimeMod:SteelTraining","KiyohimeMod:HydraDagger","KiyohimeMod:Preemptive+1","KiyohimeMod:ExSpicyMapoTofu","OrangePellets","hubris:SphereOfDissonance","KiyohimeMod:EatSoul","KiyohimeMod:BlueBlackKey"],"campfire_rested":2,"item_purchase_floors":[4,11,29,29,29,29,29,36,36,36,36,36,36,36,41,41,41,41],"current_hp_per_floor":[60,60,60,60,60,54,54,54,54,54,54,54,54,54,60,60,60,51,51,57,57,57,55,66,66,78,74,75,75,75,67,78,50,78,71,71,71,67,73,74,74,77,89,89,101,102,102,102,102,102,102],"gold":1346,"neow_bonus":"","is_daily":false,"chose_seed":false,"campfire_upgraded":0,"win_rate":0.0,"timestamp":1614328911,"path_taken":["M","?","?","$","?","E","E","E","T","E","$","E","E","?","R","BOSS","M","?","?","?","?","E","R","NM","T","E","E","$","AVR","M","R","BOSS","M","$","?","?","?","E","$","NM","T","E","?","E","M","E","R","BOSS"],"items_purchased_type":["Card","Card","Relic","Relic","Relic","Card","Card","Relic","Relic","Relic","Card","Card","Card","Card","Relic","Relic","Card","Card"],"build_version":"2020-12-22","purchased_purges":0,"victory":true,"max_hp_per_floor":[60,60,60,60,60,60,60,60,60,60,60,60,60,60,60,60,60,60,60,66,66,66,66,66,66,78,78,78,78,78,78,78,78,78,78,78,78,78,78,78,78,78,90,90,102,102,102,102,102,102,102],"relic_stats":{"Darkstone Periapt":42,"OrangePellets":[5],"counters":[29,58],"CeramicFish":225,"StoneCalendar":[0],"Pen Nib":[6],"Kunai":[15],"Chemical X":[2],"Orichalcum":[6],"obtain_stats":[{"Replay:Accelerometer":13,"Calipers":38,"CeramicFish":21,"Vajra":0,"Hammer of Thor":0,"hubris:MysteriousPyramids":14,"halation:StarCompass":3,"KiyohimeMod:FireDragon":0,"KiyohimeMod:UnlimitedPranaSupply":0,"hubris:AstralHammer":48,"infinitespire:Golems Mask":23,"Philosopher\u0027s Stone":34,"hubris:DeckOfHolding":44,"Fusion Hammer":17,"downfall:ExtraCursedKey":19,"halation:PromiseList":27,"halation:KoshaPiece":45,"Kunai":0,"hubris:TinFlute":10,"hubris:SphereOfDissonance":41,"Pen Nib":22,"Guardian:PocketSentry":6,"OrangePellets":41,"Elementarium:ElementariumTrophy":33,"Anvil of the Gods":0,"halation:PenCase":40,"KiyohimeMod:TerritoryCreation":0,"KiyohimeMod:Divinity":0,"Darkstone Periapt":7,"halation:BlackBeret":18,"Bromod:ArcaneVictory":26,"StoneCalendar":28,"Replay:Mystery Machine":9,"theForsaken:PlagueMask":20,"Pet Ghost":8,"PageOfWayBackHome":43,"hubris:FunFungus":39,"Chemical X":29,"Replay:Bottled Snecko":29,"StuffTheSpire:Nightcore":47,"StuffTheSpire:RedRose":2,"Replay:Bottled Eggs":12,"wanderingMiniBosses:LockLocket":47,"bronze:DonusWashers":36,"ReplayTheSpireMod:Ninjato":0,"KiyohimeMod:TheBlackGrail":0,"hubris:MedicalManual":42,"Seething Fire":0,"Orichalcum":36,"KiyohimeMod:Bond":0,"Bromod:ArcaneBarrier":1,"KiyohimeMod:ElixirOfRejuvenation":0,"hubris:BundleOfHerbs":29,"infinitespire:Burning Sword":0,"hexamod:BolsterEngine":36,"TungstenRod":0,"Toy Ornithopter":35,"infinitespire:Midas Blood":31,"DeathKnight:SindragosasSkull":46},{"Replay:Accelerometer":7,"Calipers":20,"CeramicFish":11,"Vajra":0,"Hammer of Thor":0,"hubris:MysteriousPyramids":8,"halation:StarCompass":1,"KiyohimeMod:FireDragon":0,"KiyohimeMod:UnlimitedPranaSupply":0,"hubris:AstralHammer":27,"infinitespire:Golems Mask":13,"Philosopher\u0027s Stone":18,"hubris:DeckOfHolding":24,"Fusion Hammer":9,"downfall:ExtraCursedKey":10,"halation:PromiseList":15,"halation:KoshaPiece":24,"Kunai":0,"hubris:TinFlute":5,"hubris:SphereOfDissonance":22,"Pen Nib":12,"Guardian:PocketSentry":2,"OrangePellets":22,"Elementarium:ElementariumTrophy":18,"Anvil of the Gods":0,"halation:PenCase":22,"KiyohimeMod:TerritoryCreation":0,"KiyohimeMod:Divinity":0,"Darkstone Periapt":3,"halation:BlackBeret":10,"Bromod:ArcaneVictory":14,"StoneCalendar":16,"Replay:Mystery Machine":4,"theForsaken:PlagueMask":10,"Pet Ghost":4,"PageOfWayBackHome":23,"hubris:FunFungus":21,"Chemical X":16,"Replay:Bottled Snecko":16,"StuffTheSpire:Nightcore":26,"StuffTheSpire:RedRose":1,"Replay:Bottled Eggs":6,"wanderingMiniBosses:LockLocket":26,"bronze:DonusWashers":19,"ReplayTheSpireMod:Ninjato":0,"KiyohimeMod:TheBlackGrail":0,"hubris:MedicalManual":23,"Seething Fire":0,"Orichalcum":19,"KiyohimeMod:Bond":0,"Bromod:ArcaneBarrier":1,"KiyohimeMod:ElixirOfRejuvenation":0,"hubris:BundleOfHerbs":16,"infinitespire:Burning Sword":0,"hexamod:BolsterEngine":19,"TungstenRod":0,"Toy Ornithopter":19,"infinitespire:Midas Blood":17,"DeathKnight:SindragosasSkull":25},{"Replay:Accelerometer":15,"Calipers":43,"CeramicFish":23,"Vajra":0,"Hammer of Thor":0,"hubris:MysteriousPyramids":16,"halation:StarCompass":1,"KiyohimeMod:FireDragon":0,"KiyohimeMod:UnlimitedPranaSupply":0,"hubris:AstralHammer":55,"infinitespire:Golems Mask":26,"Philosopher\u0027s Stone":38,"hubris:DeckOfHolding":49,"Fusion Hammer":19,"downfall:ExtraCursedKey":21,"halation:PromiseList":31,"halation:KoshaPiece":49,"Kunai":0,"hubris:TinFlute":12,"hubris:SphereOfDissonance":46,"Pen Nib":24,"Guardian:PocketSentry":4,"OrangePellets":46,"Elementarium:ElementariumTrophy":38,"Anvil of the Gods":0,"halation:PenCase":46,"KiyohimeMod:TerritoryCreation":0,"KiyohimeMod:Divinity":0,"Darkstone Periapt":6,"halation:BlackBeret":21,"Bromod:ArcaneVictory":27,"StoneCalendar":32,"Replay:Mystery Machine":10,"theForsaken:PlagueMask":21,"Pet Ghost":10,"PageOfWayBackHome":48,"hubris:FunFungus":45,"Chemical X":32,"Replay:Bottled Snecko":32,"StuffTheSpire:Nightcore":53,"StuffTheSpire:RedRose":1,"Replay:Bottled Eggs":13,"wanderingMiniBosses:LockLocket":53,"bronze:DonusWashers":40,"ReplayTheSpireMod:Ninjato":0,"KiyohimeMod:TheBlackGrail":0,"hubris:MedicalManual":48,"Seething Fire":0,"Orichalcum":40,"KiyohimeMod:Bond":0,"Bromod:ArcaneBarrier":1,"KiyohimeMod:ElixirOfRejuvenation":0,"hubris:BundleOfHerbs":32,"infinitespire:Burning Sword":0,"hexamod:BolsterEngine":40,"TungstenRod":0,"Toy Ornithopter":40,"infinitespire:Midas Blood":34,"DeathKnight:SindragosasSkull":51}],"TungstenRod":24,"Toy Ornithopter":0},"card_choices":[{"not_picked":["KiyohimeMod:HeroCreation","KiyohimeMod:Barrier"],"picked":"KiyohimeMod:Servant_Osakabehime","floor":6},{"not_picked":["KiyohimeMod:Barrier","KiyohimeMod:Servant_Osakabehime"],"picked":"KiyohimeMod:GoldenCarpFigure","floor":7},{"not_picked":["KiyohimeMod:FiringTheFirstArrow","KiyohimeMod:Barrier"],"picked":"KiyohimeMod:HeroCreation","floor":8},{"not_picked":["KiyohimeMod:MagicCrystal","KiyohimeMod:Servant_Osakabehime"],"picked":"KiyohimeMod:FiringTheFirstArrow","floor":10},{"not_picked":["KiyohimeMod:ImaginaryNumberMagecraft","KiyohimeMod:FiringTheFirstArrow"],"picked":"KiyohimeMod:CastleOfTheSun","floor":12},{"not_picked":["KiyohimeMod:Barrier","KiyohimeMod:PrismaCosmos"],"picked":"KiyohimeMod:AVerseOfBurningLoveStory","floor":13},{"not_picked":["KiyohimeMod:GoldenCarpFigure","KiyohimeMod:AVerseOfBurningLoveStory"],"picked":"KiyohimeMod:PrismaCosmos","floor":14},{"not_picked":["KiyohimeMod:AVerseOfBurningLoveStory","KiyohimeMod:HeroCreation"],"picked":"KiyohimeMod:FragmentsOf2030","floor":16},{"not_picked":["KiyohimeMod:GoldenCarpFigure","KiyohimeMod:HeroCreation"],"picked":"KiyohimeMod:CastleOfTheSun","floor":22},{"not_picked":["KiyohimeMod:Servant_TamamoNoMae","KiyohimeMod:FiringTheFirstArrow"],"picked":"KiyohimeMod:JeweledSword","floor":23},{"not_picked":["KiyohimeMod:FacelessMoon","KiyohimeMod:CastleOfTheSun"],"picked":"KiyohimeMod:Barrier","floor":25},{"not_picked":["KiyohimeMod:AVerseOfBurningLoveStory","KiyohimeMod:FragmentsOf2030"],"picked":"KiyohimeMod:ImaginaryNumberMagecraft","floor":27},{"not_picked":["KiyohimeMod:HeroCreation","KiyohimeMod:GoldenCarpFigure","KiyohimeMod:Barrier"],"picked":"SKIP","floor":28},{"not_picked":["KiyohimeMod:FiringTheFirstArrow","KiyohimeMod:JeweledSword"],"picked":"KiyohimeMod:Destruction","floor":33},{"not_picked":["KiyohimeMod:SteelTraining+1","KiyohimeMod:Berserker+1"],"picked":"KiyohimeMod:CommandCard_Buster+1","floor":38},{"not_picked":["KiyohimeMod:Servant_Osakabehime","KiyohimeMod:ImaginaryNumberMagecraft"],"picked":"KiyohimeMod:Servant_TamamoNoMae","floor":39},{"not_picked":["KiyohimeMod:PrismaCosmos","KiyohimeMod:Barrier","KiyohimeMod:GoldenCarpFigure"],"picked":"SKIP","floor":40},{"not_picked":["KiyohimeMod:HeroCreation","KiyohimeMod:Servant_TamamoNoMae"],"picked":"KiyohimeMod:FacelessMoon","floor":42},{"not_picked":["KiyohimeMod:Barrier","KiyohimeMod:ImaginaryNumberMagecraft","KiyohimeMod:PrismaCosmos"],"picked":"SKIP","floor":44},{"not_picked":["KiyohimeMod:AVerseOfBurningLoveStory","KiyohimeMod:PrismaCosmos"],"picked":"KiyohimeMod:MagicCrystal","floor":46},{"not_picked":["KiyohimeMod:PrismaCosmos","KiyohimeMod:Servant_TamamoNoMae","KiyohimeMod:Servant_Osakabehime"],"picked":"SKIP","floor":48}],"player_experience":126336,"relics_obtained":[{"floor":1,"key":"Bromod:ArcaneBarrier"},{"floor":6,"key":"Guardian:PocketSentry"},{"floor":7,"key":"Darkstone Periapt"},{"floor":8,"key":"Pet Ghost"},{"floor":9,"key":"Replay:Mystery Machine"},{"floor":10,"key":"hubris:TinFlute"},{"floor":12,"key":"Replay:Bottled Eggs"},{"floor":13,"key":"Replay:Accelerometer"},{"floor":14,"key":"hubris:MysteriousPyramids"},{"floor":18,"key":"halation:BlackBeret"},{"floor":21,"key":"CeramicFish"},{"floor":22,"key":"Pen Nib"},{"floor":23,"key":"infinitespire:Golems Mask"},{"floor":26,"key":"Bromod:ArcaneVictory"},{"floor":27,"key":"halation:PromiseList"},{"floor":28,"key":"StoneCalendar"},{"floor":31,"key":"infinitespire:Midas Blood"},{"floor":35,"key":"Toy Ornithopter"},{"floor":38,"key":"Calipers"},{"floor":39,"key":"hubris:FunFungus"},{"floor":40,"key":"halation:PenCase"},{"floor":42,"key":"hubris:MedicalManual"},{"floor":43,"key":"PageOfWayBackHome"},{"floor":44,"key":"hubris:DeckOfHolding"},{"floor":45,"key":"halation:KoshaPiece"},{"floor":46,"key":"DeathKnight:SindragosasSkull"},{"floor":47,"key":"wanderingMiniBosses:LockLocket"},{"floor":47,"key":"StuffTheSpire:Nightcore"},{"floor":48,"key":"hubris:AstralHammer"}],"event_choices":[{"damage_healed":0,"gold_gain":0,"player_choice":"Leave","damage_taken":0,"max_hp_gain":0,"max_hp_loss":0,"event_name":"FaceTrader","floor":5,"gold_loss":0},{"damage_healed":0,"gold_gain":0,"player_choice":"Obtain Plague Curse","damage_taken":0,"max_hp_gain":0,"max_hp_loss":0,"event_name":"Plague Doctor","floor":20,"gold_loss":0,"cards_obtained":["theForsaken:PlagueCurse"]}],"is_beta":false,"boss_relics":[{"not_picked":["Replay:Grab Bag","Runic Dome"],"picked":"Fusion Hammer"},{"not_picked":["Astrolabe","PageOfBlackSwan"],"picked":"Philosopher\u0027s Stone"}],"items_purged_floors":[],"is_endless":false,"potions_floor_spawned":[1,6,12,13,18,21,22,28,31,35,40,46,47,48],"ascension_level":0}}