{"host":"13o02hya6v6rzuva","time":1614335419,"event":{"mods":["BaseMod","Minty Spire (QoL Compilation)","Relic Stats"],"gold_per_floor":[110,110,110,37,37,362,362,394,440,463,475,507,123,45,45,143,143,153,173,98,109,128,128,155,155,234,234,250,250,264,6,6,101,101,121,121,121,121,138,138,188,188,188,188,188,222,222,253,253,253,253,253,29,29,29],"floor_reached":54,"language":"ENG","playtime":2896,"items_purged":[],"score":824,"play_id":"6573e347-3e32-45ab-a56a-b26df1dedf2c","local_time":"20210226113019","is_ascension_mode":true,"campfire_choices":[{"data":"Eruption","floor":7.0,"key":"SMITH"},{"floor":15.0,"key":"REST"},{"floor":23.0,"key":"RECALL"},{"floor":25.0,"key":"REST"},{"floor":27.0,"key":"REST"},{"floor":32.0,"key":"REST"},{"floor":40.0,"key":"REST"},{"floor":42.0,"key":"REST"},{"floor":45.0,"key":"REST"},{"floor":47.0,"key":"REST"},{"floor":49.0,"key":"REST"},{"floor":52,"key":"REST"}],"circlet_count":0,"master_deck":["Strike_P","Strike_P+1","Defend_P+1","Defend_P+1","Defend_P+1","Eruption+1","Vigilance+1","Halt+1","FlyingSleeves+1","PathToVictory+1","FlyingSleeves","Consecrate","BowlingBash+1","ClearTheMind","CarveReality","WheelKick","LessonLearned","LikeWater+1","Wallop+1","Fasting2+1","DevaForm","CurseOfTheBell","Evaluate+1","EmptyBody+1","WreathOfFlame+1","FearNoEvil+1","PathToVictory"],"relics":["PureWater","Strawberry","Old Coin","Pen Nib","MawBank","Shuriken","Akabeko","Fusion Hammer","Prayer Wheel","StrikeDummy","HornCleat","Calling Bell","Potion Belt","Mummified Hand","Peace Pipe","Thread and Needle","Bag of Preparation","Art of War","CeramicFish","HandDrill"],"acts_visited":["Exordium","TheCity","TheBeyond","TheEnding"],"potions_floor_usage":[50,50,54,54],"damage_taken":[{"damage":7.0,"enemies":"Jaw Worm","floor":1.0,"turns":6.0},{"damage":11.0,"enemies":"Lagavulin","floor":6.0,"turns":5.0},{"damage":33.0,"enemies":"3 Sentries","floor":8.0,"turns":11.0},{"damage":0.0,"enemies":"2 Louse","floor":10.0,"turns":2.0},{"damage":0.0,"enemies":"Cultist","floor":12.0,"turns":2.0},{"damage":19.0,"enemies":"Hexaghost","floor":16.0,"turns":7.0},{"damage":1.0,"enemies":"Chosen","floor":18.0,"turns":3.0},{"damage":1.0,"enemies":"Shell Parasite","floor":19.0,"turns":2.0},{"damage":12.0,"enemies":"Cultist and Chosen","floor":21.0,"turns":3.0},{"damage":0.0,"enemies":"Snake Plant","floor":22.0,"turns":2.0},{"damage":30.0,"enemies":"Slavers","floor":24.0,"turns":3.0},{"damage":6.0,"enemies":"Centurion and Healer","floor":28.0,"turns":5.0},{"damage":12.0,"enemies":"Shelled Parasite and Fungi","floor":30.0,"turns":3.0},{"damage":65.0,"enemies":"Champ","floor":33.0,"turns":9.0},{"damage":5.0,"enemies":"3 Shapes","floor":35.0,"turns":7.0},{"damage":0.0,"enemies":"3 Darklings","floor":38.0,"turns":4.0},{"damage":18.0,"enemies":"Maw","floor":39.0,"turns":7.0},{"damage":6.0,"enemies":"Mind Bloom Boss Battle","floor":41.0,"turns":11.0},{"damage":24.0,"enemies":"Nemesis","floor":46.0,"turns":7.0},{"damage":0.0,"enemies":"Transient","floor":48.0,"turns":5.0},{"damage":26,"enemies":"Awakened One","floor":50,"turns":9},{"damage":86,"enemies":"Shield and Spear","floor":54,"turns":5}],"seed_played":"108247915087654024","potions_obtained":[{"floor":6.0,"key":"SmokeBomb"},{"floor":8.0,"key":"LiquidBronze"},{"floor":19.0,"key":"EssenceOfSteel"},{"floor":22.0,"key":"SpeedPotion"},{"floor":30.0,"key":"SkillPotion"},{"floor":33.0,"key":"BottledMiracle"},{"floor":46.0,"key":"SteroidPotion"},{"floor":48.0,"key":"Weak Potion"}],"is_trial":false,"path_per_floor":["M","?","?","$","?","E","R","E","T","M","T","M","$","$","R","B",null,"M","M","?","M","M","R","E","R","T","R","M","?","M","$","R","B",null,"M","?","?","M","M","R","?","R","T","?","R","E","R","M","R","B",null,"R","$","E"],"character_chosen":"WATCHER","items_purchased":["PathToVictory","FlyingSleeves","Shuriken","Akabeko","WheelKick","HornCleat","HandDrill","ColorlessPotion","PathToVictory"],"campfire_rested":10,"item_purchase_floors":[4,4,13,13,14,31,53,53,53],"current_hp_per_floor":[65,51,55,55,48,37,37,4,4,4,4,4,4,4,27,8,79,78,77,77,65,65,65,35,58,58,79,73,58,46,46,71,6,84,79,79,79,79,61,84,78,84,84,84,84,60,84,84,84,58,84,84,84,0,0],"gold":29,"neow_bonus":"TRANSFORM_CARD","is_daily":false,"chose_seed":false,"campfire_upgraded":1,"win_rate":0.0,"timestamp":1614335419,"path_taken":["M","?","?","$","?","E","R","E","T","M","?","?","?","$","R","BOSS","M","M","?","M","M","R","E","R","T","R","M","?","M","$","R","BOSS","M","?","?","?","M","R","?","R","T","?","R","E","R","M","R","BOSS","R","$","E"],"items_purchased_type":["Card","Card","Relic","Relic","Card","Relic","Relic","Potion","Card"],"build_version":"2020-12-22","purchased_purges":0,"victory":false,"max_hp_per_floor":[72,72,79,79,79,79,79,79,79,79,79,79,79,79,79,79,79,79,79,79,79,79,79,79,79,79,79,79,84,84,84,84,84,84,84,84,84,84,84,84,84,84,84,84,84,84,84,84,84,84,84,84,84,84,84],"relic_stats":{"Peace Pipe":1,"counters":[22,118],"Shuriken":[42],"Mummified Hand":[26],"CeramicFish":27,"Prayer Wheel":5,"Pen Nib":[22],"Bag of Preparation":[8],"Art of War":[0],"HandDrill":[4],"MawBank":48,"obtain_stats":[{"Potion Belt":34,"CeramicFish":46,"Thread and Needle":41,"Pen Nib":8,"Bag of Preparation":43,"MawBank":9,"Akabeko":13,"Old Coin":6,"Calling Bell":34,"Peace Pipe":34,"HornCleat":31,"Shuriken":13,"Mummified Hand":34,"Strawberry":3,"Prayer Wheel":24,"Fusion Hammer":17,"Art of War":44,"HandDrill":53,"PureWater":0,"StrikeDummy":26},{"Potion Belt":14,"CeramicFish":19,"Thread and Needle":18,"Pen Nib":3,"Bag of Preparation":18,"MawBank":3,"Akabeko":5,"Old Coin":2,"Calling Bell":14,"Peace Pipe":14,"HornCleat":13,"Shuriken":5,"Mummified Hand":14,"Strawberry":1,"Prayer Wheel":11,"Fusion Hammer":6,"Art of War":18,"HandDrill":21,"PureWater":0,"StrikeDummy":11},{"Potion Belt":63,"CeramicFish":99,"Thread and Needle":92,"Pen Nib":22,"Bag of Preparation":92,"MawBank":22,"Akabeko":26,"Old Coin":11,"Calling Bell":63,"Peace Pipe":63,"HornCleat":54,"Shuriken":26,"Mummified Hand":63,"Strawberry":6,"Prayer Wheel":46,"Fusion Hammer":33,"Art of War":92,"HandDrill":113,"PureWater":0,"StrikeDummy":46}]},"card_choices":[{"not_picked":["Prostrate","Perseverance"],"picked":"FlyingSleeves","floor":1.0},{"not_picked":["Protect","Weave"],"picked":"Consecrate","floor":6.0},{"not_picked":["Prostrate","ForeignInfluence"],"picked":"BowlingBash","floor":8.0},{"not_picked":["MasterReality","WindmillStrike"],"picked":"ClearTheMind","floor":10.0},{"not_picked":["EmptyBody","Halt"],"picked":"CarveReality","floor":12.0},{"not_picked":["ConjureBlade","DeusExMachina"],"picked":"LessonLearned","floor":16.0},{"not_picked":["Wireheading","PathToVictory"],"picked":"LikeWater","floor":18.0},{"not_picked":["JustLucky","Consecrate","Prostrate+1"],"picked":"SKIP","floor":19.0},{"not_picked":["Halt","Scrawl"],"picked":"Wallop+1","floor":21.0},{"not_picked":["FlyingSleeves","Prostrate","Consecrate"],"picked":"SKIP","floor":22.0},{"not_picked":["WreathOfFlame","Prostrate","BowlingBash"],"picked":"SKIP","floor":24.0},{"not_picked":["ClearTheMind","BowlingBash"],"picked":"Evaluate","floor":28.0},{"not_picked":["Consecrate","CrushJoints","Scrawl"],"picked":"SKIP","floor":28.0},{"not_picked":["Protect","FlyingSleeves"],"picked":"Fasting2+1","floor":30.0},{"not_picked":["Crescendo","JustLucky","EmptyMind"],"picked":"SKIP","floor":30.0},{"not_picked":["Scrawl","Vault"],"picked":"DevaForm","floor":33.0},{"not_picked":["Prostrate+1","Protect+1","FollowUp+1"],"picked":"SKIP","floor":35.0},{"not_picked":["EmptyBody+1","Perseverance+1","Worship+1"],"picked":"SKIP","floor":35.0},{"not_picked":["CrushJoints","Weave"],"picked":"Evaluate+1","floor":39.0},{"not_picked":["Crescendo+1","FlyingSleeves+1","ThirdEye"],"picked":"SKIP","floor":39.0},{"not_picked":["Crescendo","Prostrate"],"picked":"EmptyBody+1","floor":41.0},{"not_picked":["Protect+1","Evaluate","JustLucky"],"picked":"SKIP","floor":46.0},{"not_picked":["EmptyBody","Study"],"picked":"WreathOfFlame+1","floor":48.0},{"not_picked":["SignatureMove","Evaluate+1"],"picked":"FearNoEvil+1","floor":48.0}],"player_experience":1273963,"relics_obtained":[{"floor":6.0,"key":"Old Coin"},{"floor":8.0,"key":"Pen Nib"},{"floor":9.0,"key":"MawBank"},{"floor":24.0,"key":"Prayer Wheel"},{"floor":26.0,"key":"StrikeDummy"},{"floor":34.0,"key":"Potion Belt"},{"floor":34.0,"key":"Mummified Hand"},{"floor":34.0,"key":"Peace Pipe"},{"floor":41.0,"key":"Thread and Needle"},{"floor":43.0,"key":"Bag of Preparation"},{"floor":44.0,"key":"Art of War"},{"floor":46.0,"key":"CeramicFish"}],"event_choices":[{"damage_healed":0.0,"max_hp_gain":0.0,"max_hp_loss":0.0,"gold_gain":0.0,"event_name":"Shining Light","player_choice":"Entered Light","floor":2.0,"gold_loss":0.0,"damage_taken":14.0,"cards_upgraded":["Defend_P","Defend_P"]},{"damage_healed":0.0,"max_hp_gain":0.0,"max_hp_loss":0.0,"gold_gain":0.0,"event_name":"Scrap Ooze","player_choice":"Success","floor":3.0,"gold_loss":0.0,"damage_taken":3.0,"relics_obtained":["Strawberry"]},{"cards_removed":["Defend_P"],"damage_healed":0.0,"max_hp_gain":0.0,"max_hp_loss":0.0,"gold_gain":0.0,"event_name":"Golden Wing","player_choice":"Card Removal","floor":5.0,"gold_loss":0.0,"damage_taken":7.0},{"cards_removed":["Strike_P"],"damage_healed":0.0,"max_hp_gain":0.0,"max_hp_loss":0.0,"gold_gain":0.0,"event_name":"Beggar","player_choice":"Gave Gold","floor":20.0,"gold_loss":75.0,"damage_taken":0.0},{"damage_healed":0.0,"max_hp_gain":5.0,"max_hp_loss":0.0,"gold_gain":0.0,"event_name":"Forgotten Altar","player_choice":"Shed Blood","floor":29.0,"gold_loss":0.0,"damage_taken":20.0},{"damage_healed":0.0,"max_hp_gain":0.0,"max_hp_loss":0.0,"gold_gain":0.0,"event_name":"Mysterious Sphere","player_choice":"Ignored","floor":36.0,"gold_loss":0.0,"damage_taken":0.0},{"cards_removed":["Evaluate"],"damage_healed":0.0,"max_hp_gain":0.0,"max_hp_loss":0.0,"gold_gain":0.0,"event_name":"Falling","player_choice":"Removed Skill","floor":37.0,"gold_loss":0.0,"damage_taken":0.0},{"damage_healed":0.0,"max_hp_gain":0.0,"max_hp_loss":0.0,"gold_gain":0.0,"event_name":"MindBloom","player_choice":"Fight","floor":41.0,"gold_loss":0.0,"damage_taken":0.0},{"damage_healed":0.0,"max_hp_gain":0.0,"max_hp_loss":0.0,"gold_gain":0.0,"event_name":"Wheel of Change","player_choice":"Relic","floor":44.0,"gold_loss":0.0,"damage_taken":0.0}],"is_beta":false,"boss_relics":[{"not_picked":["Snecko Eye","Empty Cage"],"picked":"Fusion Hammer"},{"not_picked":["Pandora\u0027s Box","Astrolabe"],"picked":"Calling Bell"}],"items_purged_floors":[],"is_endless":false,"potions_floor_spawned":[6,8,19,22,30,33,46,48],"killed_by":"Shield and Spear","ascension_level":4}}