{"host":"o70jlri6sl1lb4ns","time":1614315003,"event":{"mods":["(人物)100% Spire Juice","(人物)Astrologer","(人物)Chen/陈","(人物)KinomotoSakura/木之本樱","(人物)Marisa/F雨魔理沙","(人物)Reimu/博丽灵梦","(人物)Remilia/蕾米莉亚","(人物)The Bug Knight/空洞骑士","(人物)The Gatherer/采集者","(人物)The Hierophant/圣职者","(人物)The Immortal/藤原妹红","(人物)The Servant/D夜","(人物)WarShipGirlsR/战舰少女R","(人物)Youmu/魂魄妖梦","(人物)Yuyuko/幽幽子","(前置)Act Like it!","(前置)CapriCore","(前置)StSLib","(功能)Colored Map/彩色地图","(功能)Curses Come First/诅咒卡牌显示","(功能)Energized Spire/能量尖塔","(功能)Highlight Path/选择路径","(功能)RumiaBox-露米娅的神秘盒子","(功能)Spicy Shops/更好的商店","(功能)Waifu the Spire/萌化","(大型)LobotomyExtend/脑叶拓展","(大型)Replay The Spire/重游尖塔","(辅助)Colored Powertips/buff提示","(辅助)Quick Restart/便捷重启","ATMod(阿瑾Mod)","BaseMod","Lobotomy","Minty Spire (QoL Compilation)","Reliquary","The Marked","Yakumo Yukari mod","【功能Mod】混沌之环修复补丁"],"gold_per_floor":[115,115,141,50,62,62,62],"floor_reached":6,"language":"ZHS","playtime":389,"items_purged":[],"score":34,"play_id":"c089252b-272b-476e-b450-e0e26c159643","local_time":"20210226125003","is_ascension_mode":false,"campfire_choices":[],"circlet_count":0,"master_deck":["Strike_S+1","Strike_S","Strike_S","Strike_S","Defend_S+1","Defend_S","Defend_S","Defend_S","KidneyShot","Exchange","AT_FamilyPortrait","BlackSwan","FastForward","BottledTime","Rearm","CrumblingArmor","Revamp"],"relics":["Uniform","AT_ATBox","CogitoBucket","LetterFromLob","AT_BellDemon","Baka2"],"acts_visited":["Exordium"],"potions_floor_usage":[],"damage_taken":[{"damage":0,"enemies":"2 Louse","floor":1,"turns":3},{"damage":8,"enemies":"Jaw Worm","floor":5,"turns":2},{"damage":62,"enemies":"3 Sentries","floor":6,"turns":2}],"seed_played":"-6174335332100791516","potions_obtained":[{"floor":1,"key":"BlessingOfTheForge"}],"is_trial":false,"path_per_floor":["M","?","T","$","M","E"],"character_chosen":"THE_SERVANT","items_purchased":["BottledTime","Rearm"],"campfire_rested":0,"item_purchase_floors":[4,4],"current_hp_per_floor":[65,52,52,52,44,0,0],"gold":62,"neow_bonus":"","is_daily":false,"chose_seed":false,"campfire_upgraded":0,"win_rate":0.0,"timestamp":1614315003,"path_taken":["M","?","?","$","M","E"],"items_purchased_type":["Card","Card"],"build_version":"2020-12-22","purchased_purges":0,"victory":false,"max_hp_per_floor":[65,65,65,65,65,65,65],"card_choices":[{"not_picked":["MHz","PunishingBird"],"picked":"BlackSwan","floor":1},{"not_picked":["Comet","ShatteredReality"],"picked":"FastForward","floor":1},{"not_picked":["Murderer","Wellcheers"],"picked":"CrumblingArmor","floor":5},{"not_picked":["FastForward","Potential"],"picked":"Revamp","floor":5}],"player_experience":40723,"relics_obtained":[{"floor":1,"key":"LetterFromLob"},{"floor":1,"key":"Baka"},{"floor":3,"key":"AT_BellDemon"},{"floor":5,"key":"Baka2"}],"event_choices":[{"damage_healed":0,"gold_gain":0,"player_choice":"Entered Light","damage_taken":13,"max_hp_gain":0,"max_hp_loss":0,"event_name":"Shining Light","floor":2,"gold_loss":0,"cards_upgraded":["Defend_S","Strike_S"]}],"is_beta":false,"boss_relics":[],"items_purged_floors":[],"is_endless":false,"potions_floor_spawned":[1],"killed_by":"3 Sentries","ascension_level":0}}