{"host":"pptp7dign1ra93gk","time":1614330901,"event":{"mods":["Act Like it!","Aspiration","BaseMod","Conspire","Downfall","Gensokyo","Marisa£®ÏF”Í°°ƒß¿Ì…≥£©","Minty Spire (QoL Compilation)","Remilia£®¿Ÿ√◊¿Ú—«£©","Replay The Spire","StSLib","The Construct","The Cursed","The Servant 0.9.4","Youmu£®ªÍ∆«—˝√Œ£©","Yuyuko","≤–¡Ù÷ÆŒÔ"],"gold_per_floor":[115,115,127,147,66,92,92,37,60,60,60,60,89,102,102,102,102],"floor_reached":16,"language":"ZHS","playtime":1006,"items_purged":["Sloth_TH"],"score":108,"play_id":"811fba20-bfb3-42f0-87ed-0287ae9f5b3a","local_time":"20210226171501","is_ascension_mode":false,"campfire_choices":[{"data":"TheCursedMod:ReleasedStrength","floor":7,"key":"SMITH"},{"data":"TheCursedMod:SoulReap","floor":10,"key":"SMITH"},{"data":"TheCursedMod:ManaBullet","floor":12,"key":"SMITH"},{"data":"TheCursedMod:HellfireBreathing","floor":15,"key":"SMITH"}],"circlet_count":0,"master_deck":["TheCursedMod:Strike_TheCursed","TheCursedMod:Strike_TheCursed","TheCursedMod:Strike_TheCursed","TheCursedMod:Defend_TheCursed","TheCursedMod:Defend_TheCursed","TheCursedMod:Defend_TheCursed","TheCursedMod:CursedWand","TheCursedMod:CleanUpWorkshop","TheCursedMod:Dregs","TheCursedMod:ManaBullet+1","TheCursedMod:ReleasedKnowledge","TheCursedMod:ReleasedStrength+1","TheCursedMod:HellfireBreathing+1","TheCursedMod:SurpriseAttack","TheCursedMod:SoulReap+1","TheCursedMod:Wield","TheCursedMod:RapidMovement","TheCursedMod:CursedSpellbook"],"relics":["TheCursedMod:BlackMagic101","NeowsBlessing","Pen Nib","ReplayTheSpireMod:CursedCoin","ReplayFunnel","ReplayTheSpireMod:TigerMarble"],"acts_visited":["Exordium"],"potions_floor_usage":[16],"damage_taken":[{"damage":0,"enemies":"Jaw Worm","floor":1,"turns":1},{"damage":0,"enemies":"Cultist","floor":3,"turns":1},{"damage":0,"enemies":"2 Louse","floor":4,"turns":1},{"damage":46,"enemies":"3 Sentries","floor":6,"turns":14},{"damage":26,"enemies":"Lagavulin","floor":13,"turns":5},{"damage":4,"enemies":"2 Fungi Beasts","floor":14,"turns":5},{"damage":24,"enemies":"The Guardian","floor":16,"turns":6}],"seed_played":"-7409326429634376851","potions_obtained":[{"floor":3,"key":"AttackPotion"},{"floor":4,"key":"PlaceholderMod:PlaceholderPotion"}],"is_trial":false,"path_per_floor":["M","?","M","M","$","E","R","$","T","R","?","R","E","M","R","B"],"character_chosen":"THE_CURSED","items_purchased":["TheCursedMod:HellfireBreathing","ReplayTheSpireMod:CursedCoin","TheCursedMod:SoulReap","TheCursedMod:Wield"],"campfire_rested":0,"item_purchase_floors":[5,8,8,8],"current_hp_per_floor":[75,75,75,75,75,29,29,29,29,29,29,29,10,13,13,0,0],"gold":102,"neow_bonus":"THREE_ENEMY_KILL","is_daily":false,"chose_seed":false,"campfire_upgraded":4,"win_rate":0.0,"timestamp":1614330901,"path_taken":["M","?","M","?","$","E","R","?","T","R","?","R","E","M","R","BOSS"],"items_purchased_type":["Card","Relic","Card","Card"],"build_version":"2020-12-22","purchased_purges":1,"victory":false,"max_hp_per_floor":[75,75,75,75,75,75,75,75,75,75,75,75,75,75,75,75,75],"card_choices":[{"not_picked":["TheCursedMod:CircleOfCorruption","TheCursedMod:SoulCrush"],"picked":"TheCursedMod:ManaBullet","floor":1},{"not_picked":["TheCursedMod:DoubleShield","TheCursedMod:TacticalStrike"],"picked":"TheCursedMod:ReleasedKnowledge","floor":3},{"not_picked":["TheCursedMod:RavingStaff","TheCursedMod:CircleOfWindfury"],"picked":"TheCursedMod:ReleasedStrength","floor":4},{"not_picked":["TheCursedMod:Neurasthenia","TheCursedMod:BloodBarrier"],"picked":"TheCursedMod:SurpriseAttack","floor":6},{"not_picked":["TheCursedMod:CursedStaff","TheCursedMod:Stretching"],"picked":"TheCursedMod:RapidMovement","floor":13},{"not_picked":["TheCursedMod:SpitefulStrike","TheCursedMod:CursedAmulet"],"picked":"TheCursedMod:CursedSpellbook","floor":14}],"player_experience":145961,"relics_obtained":[{"floor":6,"key":"Pen Nib"},{"floor":9,"key":"ReplayFunnel"},{"floor":13,"key":"ReplayTheSpireMod:TigerMarble"}],"event_choices":[{"cards_removed":["TheCursedMod:Strike_TheCursed"],"damage_healed":0,"gold_gain":0,"player_choice":"Offered Basic","damage_taken":0,"max_hp_gain":0,"max_hp_loss":0,"event_name":"Bonfire Elementals","floor":2,"gold_loss":0},{"cards_removed":["TheCursedMod:Defend_TheCursed"],"damage_healed":0,"gold_gain":0,"player_choice":"Forget","damage_taken":0,"max_hp_gain":0,"max_hp_loss":0,"event_name":"Living Wall","floor":11,"gold_loss":0}],"is_beta":false,"boss_relics":[],"items_purged_floors":[8],"is_endless":false,"potions_floor_spawned":[3,4],"killed_by":"The Guardian","ascension_level":0}}