{"host":"miczq86z2i77lhk7","time":1614378957,"event":{"mods":["AchievementEnabler","BaseMod","Colored Map","Colored Powertips","Downfall","Highlight Path","Lobotomy","LobotomyExtend","Minty Spire (QoL Compilation)","Replay The Spire","StSLib"],"gold_per_floor":[112,287,306,110,110,110,10,10,10,106,123,123,141,123,123,223,223,242,262,262,137,137,137],"floor_reached":22,"language":"ENG","playtime":2208,"items_purged":["Doubt","Strike_R","Strike_R"],"score":174,"play_id":"733507f5-18a8-4cd2-8547-44939a7598cd","local_time":"20210226233557","is_ascension_mode":false,"campfire_choices":[{"data":"True Grit","floor":6,"key":"SMITH"},{"data":"Neutralize","floor":8,"key":"SMITH"},{"floor":15,"key":"DIG"}],"circlet_count":0,"master_deck":["Strike_R","Strike_R","Strike_R","Defend_R","Defend_R","Defend_R","Defend_R","Disarm","GreedKing","OldLady","True Grit+1","Feel No Pain","Survivor","Neutralize+1","ReplayTheSpireMod:Strike From Hell","Flame Barrier","Murderer","Inflame","HeroicMonk","Pommel Strike","CherryBlossoms","QueenBee","Evolve+1","MHz","Shrug It Off+1","LittlePrince"],"relics":["Burning Blood","CogitoBucket","LetterFromLob","Question Card","Juzu Bracelet","Orichalcum","Velvet Choker","Theresia"],"acts_visited":["Exordium","TheCity"],"potions_floor_usage":[],"damage_taken":[{"damage":10,"enemies":"Jaw Worm","floor":1,"turns":5},{"damage":5,"enemies":"Small Slimes","floor":3,"turns":6},{"damage":1,"enemies":"2 Louse","floor":11,"turns":4},{"damage":1,"enemies":"Red Slaver","floor":13,"turns":4},{"damage":3,"enemies":"Exordium Thugs","floor":14,"turns":5},{"damage":38,"enemies":"Hexaghost","floor":16,"turns":11},{"damage":10,"enemies":"2 Thieves","floor":18,"turns":4},{"damage":24,"enemies":"Chosen","floor":19,"turns":7},{"damage":62,"enemies":"Centurion and Healer","floor":22,"turns":9}],"seed_played":"6410473902930161332","potions_obtained":[{"floor":13,"key":"SpeedPotion"},{"floor":14,"key":"hexamod:SoulburnPotion"}],"is_trial":false,"path_per_floor":["M","?","M","$","?","R","$","R","T","?","M","$","M","M","R_BF","B",null,"M","M","?","$","M"],"character_chosen":"IRONCLAD","items_purchased":["True Grit","Feel No Pain"],"campfire_rested":0,"item_purchase_floors":[4,4],"current_hp_per_floor":[76,76,77,77,77,77,77,77,77,77,80,80,80,80,80,48,80,76,58,58,58,0,0],"gold":137,"neow_bonus":"","is_daily":false,"chose_seed":false,"campfire_upgraded":2,"win_rate":0.0,"timestamp":1614378957,"path_taken":["M","?","M","$","?","R","$","R","T","?","M","$","M","M","R_BF","BOSS","M","M","?","$","M"],"items_purchased_type":["Card","Card"],"build_version":"2020-12-22","purchased_purges":3,"victory":false,"max_hp_per_floor":[80,80,80,80,80,80,80,80,80,80,80,80,80,80,80,80,80,80,80,80,80,80,80],"card_choices":[{"not_picked":["Shrug It Off","Abandon"],"picked":"Disarm","floor":1},{"not_picked":["NakedNest","WhitesApple"],"picked":"GreedKing","floor":1},{"not_picked":["WallGazer","Alriune"],"picked":"OldLady","floor":3},{"not_picked":["Cleave","Thunderclap","Life Link"],"picked":"SKIP","floor":3},{"not_picked":["Twin Strike","True Grit","Cleave"],"picked":"ReplayTheSpireMod:Strike From Hell","floor":10},{"not_picked":["Armaments","Corruption","Bloodletting"],"picked":"Flame Barrier","floor":10},{"not_picked":["VoidDream","PunishingBird"],"picked":"Murderer","floor":11},{"not_picked":["Clothesline","Abandon","Intimidate"],"picked":"Inflame","floor":11},{"not_picked":["Wellcheers","WallGazer"],"picked":"HeroicMonk","floor":13},{"not_picked":["Iron Wave","Whirlwind","Cleave","Uppercut"],"picked":"SKIP","floor":13},{"not_picked":["Iron Wave","Whirlwind","Cleave","Uppercut"],"picked":"SKIP","floor":13},{"not_picked":["True Grit","Anger","Immolate"],"picked":"Pommel Strike","floor":14},{"not_picked":["Bloodbath","BlueStar"],"picked":"CherryBlossoms","floor":14},{"not_picked":["PunishingBird","GalaxyChild"],"picked":"QueenBee","floor":16},{"not_picked":["Perfected Strike+1","Spot Weakness","Twin Strike"],"picked":"Evolve+1","floor":18},{"not_picked":["NakedNest","MeatLantern"],"picked":"MHz","floor":18},{"not_picked":["Wild Strike","ReplayTheSpireMod:Stacked","Entrench"],"picked":"Shrug It Off+1","floor":19},{"not_picked":["Laetitia","VoidDream"],"picked":"LittlePrince","floor":19}],"player_experience":111978,"relics_obtained":[{"floor":1,"key":"LetterFromLob"},{"floor":9,"key":"Question Card"},{"floor":10,"key":"Juzu Bracelet"},{"floor":15,"key":"Orichalcum"}],"event_choices":[{"damage_healed":0,"gold_gain":175,"player_choice":"AGREE","damage_taken":0,"max_hp_gain":0,"max_hp_loss":0,"event_name":"Liars Game","floor":2,"gold_loss":0,"cards_obtained":["Doubt"]},{"damage_healed":0,"gold_gain":0,"player_choice":"Ignored","damage_taken":0,"max_hp_gain":0,"max_hp_loss":0,"event_name":"The Mausoleum","floor":20,"gold_loss":0}],"is_beta":false,"boss_relics":[{"not_picked":["Runic Cube","ReplayTheSpireMod:DimensionalGlitch"],"picked":"Velvet Choker"}],"items_purged_floors":[4,7,21],"is_endless":false,"potions_floor_spawned":[13,14],"killed_by":"Centurion and Healer","ascension_level":0}}