{"host":"nzc89rt2v0ulh15o","time":1614308828,"event":{"mods":["2.2 Compatiblity","BaseMod","Downfall","Hermit","Hubris","Jorbs\u0027s Wanderer Trilogy","Minty Spire (QoL Compilation)","Replay The Spire","Shade Mod","Shop Mod","StSLib","The Bug Knight","The Construct","The Cursed","The Disciple","The Hierophant","The Runesmith","The Servant 0.9.4"],"gold_per_floor":[99,111,123,123,137,137,137,137,137,162,50,67,67,101,117,117,117,117],"floor_reached":16,"language":"SPA","playtime":839,"items_purged":["Slimebound:Strike_Slimebound"],"score":116,"play_id":"01296e18-0f76-4430-beff-abf379921d17","local_time":"20210225210708","is_ascension_mode":true,"campfire_choices":[{"floor":1,"key":"DIG"},{"data":"Slimebound:Split","floor":6,"key":"SMITH"},{"data":"Slimebound:CorrosiveSpit","floor":9,"key":"SMITH"}],"circlet_count":0,"master_deck":["Slimebound:Strike_Slimebound","Slimebound:Tackle","Slimebound:Defend_Slimebound","Slimebound:Defend_Slimebound","Slimebound:Defend_Slimebound","Slimebound:Defend_Slimebound","Slimebound:Split+1","Slimebound:CorrosiveSpit+1","Slimebound:LeechEnergy","hubris:NaturalOne","Slimebound:SlimeSpikes+1","Slimebound:PressTheAttack","Slimebound:LivingWall","Slimebound:PressTheAttack","Slimebound:LevelUp"],"relics":["Slimebound:AbsorbEndCombat","Gremlin Food","hubris:Icosahedron","Regal Pillow","downfall:BrokenWingStatue","Replay:Accelerometer","Molten Egg 2"],"acts_visited":["Exordium"],"potions_floor_usage":[15,16],"damage_taken":[{"damage":0,"enemies":"2 Louse","floor":2,"turns":3},{"damage":5,"enemies":"Small Slimes","floor":3,"turns":5},{"damage":6,"enemies":"Jaw Worm","floor":5,"turns":3},{"damage":32,"enemies":"Lagavulin","floor":10,"turns":9},{"damage":0,"enemies":"downfall:FleeingMerchant","floor":11,"turns":4},{"damage":18,"enemies":"Exordium Thugs","floor":12,"turns":6},{"damage":14,"enemies":"HollowMod:MossKnight","floor":14,"turns":7},{"damage":0,"enemies":"Gremlin Gang","floor":15,"turns":4},{"damage":37,"enemies":"DF_ARCHETYPE_STREAMLINE","floor":16,"turns":6}],"seed_played":"2723022144553947227","potions_obtained":[{"floor":5,"key":"SpeedPotion"},{"floor":12,"key":"Explosive Potion"},{"floor":15,"key":"SkillPotion"}],"is_trial":false,"path_per_floor":["R","M","M","?","M","R","T","?","R","E","$","M","?","E","M","B"],"character_chosen":"SLIMEBOUND","items_purchased":["Slimebound:PressTheAttack"],"campfire_rested":0,"item_purchase_floors":[11],"current_hp_per_floor":[65,65,64,64,60,60,60,60,60,36,42,32,32,26,32,0,0,0],"gold":117,"neow_bonus":"REMOVE_CARD","is_daily":false,"chose_seed":false,"campfire_upgraded":2,"win_rate":0.0,"timestamp":1614308828,"path_taken":["R","M","M","?","M","R","T","?","R","E","$","M","?","E","M","BOSS"],"items_purchased_type":["Card"],"build_version":"2020-12-22","purchased_purges":1,"victory":false,"max_hp_per_floor":[65,65,65,65,65,65,65,65,65,65,65,65,65,65,65,65,65,65],"card_choices":[{"not_picked":["Slimebound:LeechingTouch","Slimebound:HauntingLick"],"picked":"Slimebound:LeechEnergy","floor":2},{"not_picked":["Slimebound:Prepare","Slimebound:FinishingTackle","Slimebound:SplitAcid"],"picked":"SKIP","floor":3},{"not_picked":["Slimebound:LeechingTouch","Slimebound:GoopTackle"],"picked":"Slimebound:SlimeSpikes","floor":5},{"not_picked":["Slimebound:Grow","Slimebound:PrepareCrush"],"picked":"Slimebound:PressTheAttack","floor":10},{"not_picked":["Slimebound:SplitLeeching","Slimebound:Recycling"],"picked":"Slimebound:LivingWall","floor":11},{"not_picked":["Slimebound:SamplingLick","Slimebound:SlimeSpikes"],"picked":"Slimebound:LevelUp","floor":12},{"not_picked":["Slimebound:GoopTackle+1","Slimebound:RollThrough+1","Slimebound:Recollect"],"picked":"SKIP","floor":14},{"not_picked":["Slimebound:Schlurp","Slimebound:SplitAcid","Slimebound:DisruptingSlam+1"],"picked":"SKIP","floor":15}],"player_experience":514901,"relics_obtained":[{"floor":1,"key":"Gremlin Food"},{"floor":7,"key":"Regal Pillow"},{"floor":10,"key":"Replay:Accelerometer"},{"floor":14,"key":"Molten Egg 2"}],"event_choices":[],"is_beta":false,"boss_relics":[],"items_purged_floors":[11],"is_endless":false,"potions_floor_spawned":[5,12,15],"killed_by":"DF_ARCHETYPE_STREAMLINE","ascension_level":1}}