{"host":"e5vsl4ezcfxwu44d","time":1614314763,"event":{"mods":["BaseMod","Colored Powertips","Downfall","Highlight Path","Minty Spire (QoL Compilation)","StSLib","Unceasing Turn Reminder"],"gold_per_floor":[99,99,99,99,115,115,115,115,142,242,255,274,74,109,124,223,223,223,238,257,267,267,267,294,307,307,334,349,374,394,31,46,141,141,141,157,70,83,102,116,143,169,179,79,165,165,165,175,195,195,195,226,28,28,28,28,28,28],"floor_reached":56,"language":"ENG","playtime":8103,"items_purged":["Guardian:Strike_Guardian","downfall:Haunted","downfall:Haunted"],"score":881,"play_id":"04ef9040-12b2-4180-86f3-682ac04ccc15","local_time":"20210225214603","is_ascension_mode":false,"campfire_choices":[{"floor":1.0,"key":"RECALL"},{"floor":8.0,"key":"REST"},{"data":"Guardian:DonusPower","floor":13.0,"key":"SMITH"},{"data":"Guardian:PiercingHide","floor":18.0,"key":"SMITH"},{"data":"Guardian:TimeSifter","floor":26.0,"key":"SMITH"},{"floor":35,"key":"DIG"},{"data":"Guardian:Orbwalk","floor":44,"key":"SMITH"},{"data":"Guardian:Orbwalk","floor":47,"key":"SMITH"},{"floor":54,"key":"DIG"}],"circlet_count":0,"master_deck":["Guardian:Strike_Guardian","Guardian:Strike_Guardian","Guardian:Strike_Guardian","Guardian:Defend_Guardian","Guardian:Defend_Guardian","Guardian:Defend_Guardian","Guardian:Defend_Guardian+1","Guardian:CurlUp","Guardian:TwinSlam+1","Guardian:Suspension","Guardian:WalkerClaw","Guardian:TemporalStrike+1","Guardian:Recover","Guardian:DonusPower+1","Guardian:ExploitGems","Guardian:PrimingBeam+1","Guardian:PiercingHide+1","Guardian:AncientConstruct","Guardian:BodySlam+1","Guardian:PrimingBeam+1","Guardian:TimeSifter+1","Guardian:SpikerProtocol","Guardian:Orbwalk+1","Guardian:Orbwalk+1","Guardian:Recover","Guardian:ShieldCharger","Guardian:SentryBeam+1","Guardian:StasisStrike+1","Guardian:ShieldCharger+1","Guardian:BodySlam+1","Guardian:EvasiveProtocol+1","Guardian:CrystalBeam+1","expansioncontent:HyperBeam+1","expansioncontent:AwakenDeath","expansioncontent:PrepareCrush+1","Guardian:Recover+1","Guardian:TimeCapacitor"],"relics":["Guardian:ModeShifterPlus","downfall:HeartsMalice","Molten Egg 2","Oddly Smooth Stone","Eternal Feather","downfall:HeartBlessingRed","downfall:HeartBlessingGreen","FossilizedHelix","Darkstone Periapt","Anchor","Shovel","Ice Cream","Bottled Lightning","Black Star","Toxic Egg 2","Centennial Puzzle","Whetstone","downfall:HeartBlessingBlue","HandDrill","Kunai","Bronze Scales","Mummified Hand"],"acts_visited":["Exordium","TheCity","TheBeyond","TheEnding"],"potions_floor_usage":[29,39,56,56,56],"damage_taken":[{"damage":0.0,"enemies":"2 Louse","floor":2.0,"turns":1.0},{"damage":0.0,"enemies":"Jaw Worm","floor":3.0,"turns":1.0},{"damage":0.0,"enemies":"Small Slimes","floor":4.0,"turns":1.0},{"damage":15.0,"enemies":"Gremlin Gang","floor":5.0,"turns":6.0},{"damage":18.0,"enemies":"Gremlin Nob","floor":9.0,"turns":7.0},{"damage":5.0,"enemies":"3 Louse","floor":11.0,"turns":4.0},{"damage":9.0,"enemies":"2 Fungi Beasts","floor":12.0,"turns":5.0},{"damage":10.0,"enemies":"3 Sentries","floor":14.0,"turns":7.0},{"damage":0.0,"enemies":"Large Slime","floor":15.0,"turns":6.0},{"damage":4.0,"enemies":"SI_SHIV_ARCHETYPE","floor":16.0,"turns":7.0},{"damage":0.0,"enemies":"Spheric Guardian","floor":19.0,"turns":6.0},{"damage":0.0,"enemies":"Chosen","floor":20.0,"turns":4.0},{"damage":0.0,"enemies":"Centurion and Healer","floor":21.0,"turns":5.0},{"damage":0.0,"enemies":"Snake Plant","floor":25.0,"turns":3.0},{"damage":0.0,"enemies":"Book of Stabbing","floor":27.0,"turns":5.0},{"damage":0,"enemies":"Snecko","floor":28,"turns":4},{"damage":18,"enemies":"Slavers","floor":29,"turns":5},{"damage":0,"enemies":"Cultist and Chosen","floor":30,"turns":6},{"damage":0,"enemies":"downfall:FleeingMerchant","floor":31,"turns":4},{"damage":0,"enemies":"3 Cultists","floor":32,"turns":4},{"damage":15,"enemies":"IC_MUSHROOM_ARCHETYPE","floor":33,"turns":9},{"damage":0,"enemies":"Orb Walker","floor":36,"turns":5},{"damage":0,"enemies":"downfall:FleeingMerchant","floor":37,"turns":4},{"damage":0,"enemies":"3 Darklings","floor":38,"turns":6},{"damage":0,"enemies":"Sphere and 2 Shapes","floor":39,"turns":5},{"damage":0,"enemies":"Writhing Mass","floor":40,"turns":6},{"damage":12,"enemies":"Nemesis","floor":42,"turns":9},{"damage":0,"enemies":"Transient","floor":43,"turns":5},{"damage":0,"enemies":"downfall:FleeingMerchant","floor":45,"turns":1},{"damage":0,"enemies":"Spire Growth","floor":48,"turns":4},{"damage":0,"enemies":"Maw","floor":49,"turns":6},{"damage":0,"enemies":"WA_ARCHETYPE_DIVINITY","floor":50,"turns":9},{"damage":14,"enemies":"downfall:CharBossMerchant","floor":52,"turns":10},{"damage":75,"enemies":"downfall:NeowBoss","floor":55,"turns":13},{"damage":69,"enemies":"downfall:NeowBossFinal","floor":56,"turns":11}],"seed_played":"-5436267730000281434","potions_obtained":[{"floor":5.0,"key":"EntropicBrew"},{"floor":9.0,"key":"Dexterity Potion"},{"floor":11.0,"key":"Explosive Potion"},{"floor":14.0,"key":"AttackPotion"},{"floor":16.0,"key":"Strength Potion"},{"floor":32,"key":"sneckomod:MuddlingPotion"},{"floor":42,"key":"ColorlessPotion"},{"floor":52,"key":"Guardian:AcceleratePotion"}],"is_trial":false,"path_per_floor":["R","M","M","M","M","?","T","R","E","?","M","M","R","E","M","B",null,"R","M","M","M","?","?","T","M","R","E","M","E","M","$","M","B",null,"R","M","$","M","M","M","T","E","M","R","$","?","R","M","M","B",null,"E","$","R","B","B"],"character_chosen":"GUARDIAN","items_purchased":["Bottled Lightning","Guardian:SentryBeam+1","Guardian:Gem_Green","Guardian:Gem_Cyan","HandDrill","Guardian:TimeCapacitor"],"campfire_rested":1,"item_purchase_floors":[31,31,37,37,45,53],"current_hp_per_floor":[80,80,80,80,65,47,47,71,53,53,48,39,48,38,38,34,80,80,80,80,80,98,90,90,90,98,98,98,80,80,80,80,65,98,98,98,98,98,98,98,98,86,86,108,108,98,108,108,108,108,108,94,94,108,33,0,0,0],"gold":28,"neow_bonus":"THREE_ENEMY_KILL","is_daily":false,"chose_seed":false,"campfire_upgraded":5,"win_rate":0.0,"timestamp":1614314763,"path_taken":["R","M","M","M","M","?","T","R","E","?","M","?","R","E","M","BOSS","R","M","M","M","?","?","T","M","R","E","M","E","M","$","M","BOSS","R","M","$","M","M","M","T","E","?","R","$","?","R","M","M","BOSS","E","$","R","BOSS","BOSS"],"items_purchased_type":["Relic","Card","Card","Card","Relic","Card"],"build_version":"2020-12-22","purchased_purges":3,"victory":false,"max_hp_per_floor":[80,80,80,80,80,80,80,80,80,80,80,80,80,80,80,80,80,80,80,80,80,98,98,98,98,98,98,98,98,98,98,98,98,98,98,98,98,98,98,98,98,98,98,108,108,108,108,108,108,108,108,108,108,108,108,108,108,108],"card_choices":[{"not_picked":["Guardian:Gem_Green","Guardian:ChargeCore"],"picked":"Guardian:Suspension","floor":2.0},{"not_picked":["Guardian:Incinerate","Guardian:ArmoredProtocol"],"picked":"Guardian:WalkerClaw","floor":3.0},{"not_picked":["Guardian:Gem_Green","Guardian:WalkerClaw"],"picked":"Guardian:TemporalStrike","floor":4.0},{"not_picked":["Guardian:TemporalStrike","Guardian:PolyBeam"],"picked":"Guardian:Recover","floor":5.0},{"not_picked":["Guardian:Gem_Green","Guardian:Gem_Fragmented"],"picked":"Guardian:DonusPower","floor":9.0},{"not_picked":["Guardian:Suspension","Guardian:Clone"],"picked":"Guardian:ExploitGems","floor":11.0},{"not_picked":["Guardian:Reroute+1","Guardian:RefractedBeam+1"],"picked":"Guardian:PrimingBeam+1","floor":12.0},{"not_picked":["Guardian:Gem_Green","Guardian:Gem_Lightblue"],"picked":"Guardian:PiercingHide","floor":14.0},{"not_picked":["Guardian:Incinerate+1","Guardian:RollAttack+1"],"picked":"Guardian:Gem_Purple","floor":15.0},{"not_picked":["Guardian:ExploitGems","Guardian:Gem_Orange"],"picked":"Guardian:AncientConstruct","floor":16.0},{"not_picked":["Guardian:TemporalShield","Guardian:Preprogram"],"picked":"Guardian:BodySlam+1","floor":19.0},{"not_picked":["Guardian:PolyBeam+1","Guardian:CrystalBeam+1"],"picked":"Guardian:PrimingBeam+1","floor":20.0},{"not_picked":["Guardian:Gem_Green","Guardian:Incinerate+1"],"picked":"Guardian:Gem_Blue","floor":21.0},{"not_picked":["Guardian:ExploitGems","Guardian:VentSteam"],"picked":"Guardian:Gem_Green","floor":25.0},{"not_picked":["Guardian:Gem_Green","Guardian:Clone+1"],"picked":"Guardian:SpikerProtocol","floor":27.0},{"not_picked":["Guardian:Reroute+1","Guardian:MultiBeam+1"],"picked":"Guardian:Orbwalk","floor":28},{"not_picked":["Guardian:Gem_Lightblue","Guardian:RefractedBeam+1"],"picked":"Guardian:Orbwalk","floor":29},{"not_picked":["Guardian:Emergency","Guardian:Incinerate+1"],"picked":"Guardian:Recover","floor":30},{"not_picked":["Guardian:Recover","Guardian:PrimingBeam+1"],"picked":"Guardian:ShieldCharger","floor":31},{"not_picked":["Guardian:RollAttack+1","Guardian:Planning","Guardian:PrimingBeam+1"],"picked":"SKIP","floor":32},{"not_picked":["Guardian:ExploitGems","Guardian:RevengeProtocol"],"picked":"Guardian:StasisStrike+1","floor":33},{"not_picked":["Guardian:DecasProtection+1","Guardian:ShieldCharger+1"],"picked":"Guardian:Gem_Red","floor":36},{"not_picked":["Guardian:VentSteam+1","Guardian:ChargeCore+1"],"picked":"Guardian:ShieldCharger+1","floor":37},{"not_picked":["Guardian:Repulse+1","Guardian:Gem_Lightblue"],"picked":"Guardian:BodySlam+1","floor":38},{"not_picked":["Guardian:Suspension+1","Guardian:Planning+1"],"picked":"Guardian:Gem_Cyan","floor":39},{"not_picked":["Guardian:PiercingHide+1","Guardian:Gem_Green"],"picked":"Guardian:Gem_Crimson","floor":40},{"not_picked":["Guardian:ChargeCore+1","Guardian:WalkerClaw+1"],"picked":"Guardian:EvasiveProtocol+1","floor":42},{"not_picked":["Guardian:Planning+1","Guardian:Orbwalk"],"picked":"Guardian:CrystalBeam+1","floor":43},{"not_picked":["Guardian:StasisStrike+1","Guardian:CrystalBeam+1"],"picked":"Guardian:Gem_Yellow","floor":45},{"not_picked":["expansioncontent:PrepareCrush","expansioncontent:LastStand"],"picked":"expansioncontent:HyperBeam","floor":46},{"not_picked":["expansioncontent:PolyBeam","expansioncontent:PrepareCrush"],"picked":"expansioncontent:AwakenDeath","floor":46},{"not_picked":["expansioncontent:InvincibleStrength","expansioncontent:AwakenDeath"],"picked":"expansioncontent:PrepareCrush","floor":46},{"not_picked":["Guardian:PrismaticBarrier+1","Guardian:EvasiveProtocol","Guardian:BronzeArmor+1"],"picked":"SKIP","floor":48},{"not_picked":["Guardian:DecasProtection+1","Guardian:MultiBeam+1"],"picked":"Guardian:Recover+1","floor":49},{"not_picked":["Guardian:Orbwalk","Guardian:VentSteam+1"],"picked":"Guardian:Gem_Lightblue","floor":52}],"player_experience":254827,"relics_obtained":[{"floor":7.0,"key":"Oddly Smooth Stone"},{"floor":9.0,"key":"Eternal Feather"},{"floor":14.0,"key":"FossilizedHelix"},{"floor":24.0,"key":"Anchor"},{"floor":27.0,"key":"Shovel"},{"floor":29,"key":"Ice Cream"},{"floor":35,"key":"Toxic Egg 2"},{"floor":42,"key":"Centennial Puzzle"},{"floor":42,"key":"Whetstone"},{"floor":52,"key":"Kunai"},{"floor":52,"key":"Bronze Scales"},{"floor":54,"key":"Mummified Hand"}],"event_choices":[{"damage_healed":0.0,"max_hp_gain":0.0,"max_hp_loss":0.0,"gold_gain":0.0,"event_name":"Scrap Ooze","player_choice":"Success","floor":6.0,"gold_loss":0.0,"damage_taken":18.0,"relics_obtained":["Molten Egg 2"]}],"is_beta":false,"boss_relics":[{"not_picked":["Empty Cage","Philosopher\u0027s Stone"],"picked":"Guardian:ModeShifterPlus"},{"not_picked":["Tiny House","Calling Bell"],"picked":"Black Star"}],"items_purged_floors":[31,45,53],"is_endless":false,"potions_floor_spawned":[5,9,11,12,14,16,19,20,27,32,36,38,42,43,48,52],"killed_by":"downfall:NeowBossFinal","ascension_level":0}}