{"host":"xw709scqdmsx7obr","time":1614305421,"event":{"mods":["BaseMod","Colored Map","Downfall","Minty Spire (QoL Compilation)","Replay The Spire","StSLib"],"gold_per_floor":[213,227,237,162,181,181,195,225,225,225,51,62,62,62,62,162,162,172,80,100,111,128,128,128],"floor_reached":23,"language":"ENG","playtime":2394,"items_purged":["Strike_G"],"score":242,"play_id":"b63e2bf6-538f-46f3-8d3c-a375318c0273","local_time":"20210225211021","is_ascension_mode":true,"campfire_choices":[{"data":"Finisher","floor":6,"key":"SMITH"},{"data":"Finisher","floor":13,"key":"SMITH"},{"floor":15,"key":"REST"}],"circlet_count":0,"master_deck":["Strike_G","Strike_G","Strike_G","Strike_G","Defend_G","Defend_G","Defend_G","Defend_G","Defend_G","Survivor","Neutralize","Blade Dance","Finisher+1","Blade Dance","Finisher+1","Infinite Blades","Adrenaline","Crow Ritual","Cloak And Dagger","Tools of the Trade","Prepared+1","Good Instincts","Dodge and Roll"],"relics":["Ring of the Snake","Strawberry","Snack Pack","Boot"],"acts_visited":["Exordium","TheCity"],"potions_floor_usage":[3,16,23],"damage_taken":[{"damage":4,"enemies":"Small Slimes","floor":1,"turns":5},{"damage":0,"enemies":"Cultist","floor":2,"turns":3},{"damage":0,"enemies":"Jaw Worm","floor":3,"turns":2},{"damage":9,"enemies":"2 Fungi Beasts","floor":5,"turns":2},{"damage":16,"enemies":"Exordium Wildlife","floor":7,"turns":5},{"damage":0,"enemies":"Gremlin Nob","floor":8,"turns":2},{"damage":0,"enemies":"Blue Slaver","floor":12,"turns":1},{"damage":15,"enemies":"Fading Forest","floor":16,"turns":11},{"damage":17,"enemies":"Shell Parasite","floor":18,"turns":3},{"damage":15,"enemies":"2 Thieves","floor":20,"turns":4},{"damage":0,"enemies":"Centurion and Healer","floor":21,"turns":4},{"damage":20,"enemies":"Shelled Parasite and Fungi","floor":22,"turns":4},{"damage":55,"enemies":"Slavers","floor":23,"turns":5}],"seed_played":"2241374336338830779","potions_obtained":[{"floor":2,"key":"SteroidPotion"},{"floor":8,"key":"LifebloodPotion"},{"floor":12,"key":"Weak Potion"},{"floor":22,"key":"Adrenaline Potion"}],"is_trial":false,"path_per_floor":["M","M","M","$","M","R","M","E","T","?","$","M","R","$","R","B",null,"M","$","M","M","M","E"],"character_chosen":"THE_SILENT","items_purchased":["Crow Ritual","Good Instincts"],"campfire_rested":1,"item_purchase_floors":[11,19],"current_hp_per_floor":[66,66,66,66,57,57,41,48,48,48,48,52,52,52,75,74,77,62,62,53,61,49,0,0],"gold":128,"neow_bonus":"HUNDRED_GOLD","is_daily":false,"chose_seed":false,"campfire_upgraded":2,"win_rate":0.0,"timestamp":1614305421,"path_taken":["M","M","M","$","M","R","M","E","T","?","$","?","R","$","R","BOSS","M","$","M","M","M","E"],"items_purchased_type":["Card","Card"],"build_version":"2020-12-22","purchased_purges":1,"victory":false,"max_hp_per_floor":[70,70,70,70,70,70,70,77,77,77,77,77,77,77,77,77,77,77,77,77,77,77,77,77],"card_choices":[{"not_picked":["Sucker Punch","Backflip"],"picked":"Blade Dance","floor":1},{"not_picked":["Dagger Throw","Dagger Spray"],"picked":"Finisher","floor":2},{"not_picked":["Slice","Outmaneuver"],"picked":"Blade Dance","floor":3},{"not_picked":["Draining Mist","Calculated Gamble"],"picked":"Finisher","floor":5},{"not_picked":["Underhanded Strike","Dagger Throw"],"picked":"Infinite Blades","floor":7},{"not_picked":["Bane","Flying Knee"],"picked":"Adrenaline","floor":8},{"not_picked":["Bane","Catalyst"],"picked":"Cloak And Dagger","floor":12},{"not_picked":["Burst","Doppelganger"],"picked":"Tools of the Trade","floor":16},{"not_picked":["Toxin Wave+1","Heel Hook"],"picked":"Prepared+1","floor":18},{"not_picked":["Reflex+1","Dagger Throw+1","Dash"],"picked":"SKIP","floor":20},{"not_picked":["Bane","PiercingWail"],"picked":"Dodge and Roll","floor":21},{"not_picked":["Prepared","Choke+1","Bouncing Flask"],"picked":"SKIP","floor":22}],"player_experience":119545,"relics_obtained":[{"floor":8,"key":"Strawberry"},{"floor":9,"key":"Snack Pack"}],"event_choices":[{"damage_healed":0,"gold_gain":0,"player_choice":"Gave Potion","damage_taken":0,"relics_obtained":["Boot"],"max_hp_gain":0,"max_hp_loss":0,"event_name":"WeMeetAgain","floor":10,"gold_loss":0}],"is_beta":false,"boss_relics":[{"not_picked":["bronze:MakeshiftBattery","Honey Jar","ReplayTheSpireMod:DimensionalGlitch"]}],"items_purged_floors":[4],"is_endless":false,"potions_floor_spawned":[2,8,12,22],"killed_by":"Slavers","ascension_level":2}}