{"host":"qrbkigq52dd42dk0","time":1614373905,"event":{"mods":["AchievementEnabler","BaseMod","Colored Map","Colored Powertips","Minty Spire (QoL Compilation)","Morshu Shopkeeper - ENHANCED","Quick Restart","StSLib","SuperFastMode","The IronCluck","everything is the same but u backflip on backflip"],"gold_per_floor":[116,44,44,57,57,70,70,96,96,106,134,147,177,224,224,323,323,336,261,261,272,292,292,321,321,348,348,73,91,102,135,135,239,239,255,255,99,99,112,144,144,155,155,173,23,23,39,51,51,51,51,51,51,77,77,77],"floor_reached":55,"language":"ENG","playtime":12942,"items_purged":[],"score":873,"play_id":"bf986bb9-ac3e-4866-a005-d9d020dbfb9c","local_time":"20210226221145","is_ascension_mode":true,"campfire_choices":[{"data":"Cloak And Dagger","floor":7.0,"key":"SMITH"},{"data":"Accuracy","floor":15.0,"key":"SMITH"},{"data":"A Thousand Cuts","floor":23.0,"key":"SMITH"},{"data":"Malaise","floor":25.0,"key":"SMITH"},{"floor":32.0,"key":"REST"},{"floor":41.0,"key":"RECALL"},{"data":"Wraith Form v2","floor":49.0,"key":"SMITH"},{"data":"Wraith Form v2","floor":52.0,"key":"SMITH"}],"circlet_count":0,"master_deck":["Strike_G","Strike_G","Strike_G","Strike_G","Defend_G","Defend_G","Defend_G","Defend_G","Survivor","Neutralize","Cloak And Dagger+1","Accuracy+1","Infinite Blades","Malaise+1","Accuracy+1","A Thousand Cuts+1","CurseOfTheBell","Blade Dance+1","Discovery+1","PiercingWail+1","Catalyst+1","Blade Dance+1","Blade Dance+1","Wraith Form v2+1","Blade Dance+1","Wraith Form v2","Expertise+1","Apotheosis+1","Backflip+1","Wraith Form v2+1","Cloak And Dagger+1"],"relics":["Ring of the Snake","NeowsBlessing","Meat on the Bone","Bottled Lightning","Vajra","Oddly Smooth Stone","Pen Nib","Calling Bell","Art of War","Toxic Egg 2","The Specimen","Turnip","Happy Flower","Snake Skull","MealTicket","Coffee Dripper","OrangePellets","Singing Bowl","DollysMirror","Centennial Puzzle"],"acts_visited":["Exordium","TheCity","TheBeyond","TheEnding"],"potions_floor_usage":[],"damage_taken":[{"damage":0.0,"enemies":"2 Louse","floor":1.0,"turns":1.0},{"damage":0.0,"enemies":"Cultist","floor":4.0,"turns":1.0},{"damage":0.0,"enemies":"Jaw Worm","floor":6.0,"turns":1.0},{"damage":9.0,"enemies":"3 Sentries","floor":8.0,"turns":5.0},{"damage":0.0,"enemies":"3 Louse","floor":10.0,"turns":4.0},{"damage":11.0,"enemies":"Lagavulin","floor":11.0,"turns":7.0},{"damage":3.0,"enemies":"2 Fungi Beasts","floor":12.0,"turns":2.0},{"damage":18.0,"enemies":"3 Sentries","floor":13.0,"turns":6.0},{"damage":9.0,"enemies":"Slime Boss","floor":16.0,"turns":7.0},{"damage":21.0,"enemies":"Spheric Guardian","floor":18.0,"turns":5.0},{"damage":20.0,"enemies":"3 Byrds","floor":21.0,"turns":4.0},{"damage":0.0,"enemies":"Centurion and Healer","floor":22.0,"turns":4.0},{"damage":22.0,"enemies":"Gremlin Leader","floor":24.0,"turns":5.0},{"damage":0.0,"enemies":"Snake Plant","floor":29.0,"turns":2.0},{"damage":4.0,"enemies":"Chosen and Byrds","floor":30.0,"turns":4.0},{"damage":34.0,"enemies":"Slavers","floor":31.0,"turns":4.0},{"damage":43.0,"enemies":"Collector","floor":33.0,"turns":6.0},{"damage":7.0,"enemies":"3 Darklings","floor":35.0,"turns":4.0},{"damage":0.0,"enemies":"Orb Walker","floor":39.0,"turns":2.0},{"damage":40.0,"enemies":"Reptomancer","floor":40.0,"turns":6.0},{"damage":14.0,"enemies":"Transient","floor":42.0,"turns":5.0},{"damage":1.0,"enemies":"Writhing Mass","floor":44.0,"turns":6.0},{"damage":2.0,"enemies":"Sphere and 2 Shapes","floor":47.0,"turns":4.0},{"damage":12.0,"enemies":"Spire Growth","floor":48.0,"turns":3.0},{"damage":18.0,"enemies":"Awakened One","floor":50.0,"turns":12.0},{"damage":13.0,"enemies":"Shield and Spear","floor":54.0,"turns":5.0},{"damage":80,"enemies":"The Heart","floor":55,"turns":11}],"seed_played":"3989091753465938406","potions_obtained":[{"floor":1.0,"key":"EntropicBrew"},{"floor":11.0,"key":"SkillPotion"},{"floor":12.0,"key":"Poison Potion"},{"floor":18.0,"key":"DuplicationPotion"},{"floor":21.0,"key":"Weak Potion"},{"floor":30.0,"key":"Swift Potion"},{"floor":35.0,"key":"Poison Potion"},{"floor":40.0,"key":"DuplicationPotion"},{"floor":42.0,"key":"Block Potion"}],"is_trial":false,"path_per_floor":["M","$","?","M","?","M","R","E","T","M","E","M","E","T","R","B",null,"M","?","?","M","M","R","E","R","T","?","$","M","M","E","R","B",null,"M","?","$","?","M","E","R","M","T","M","$","?","M","M","R","B",null,"R","$","E","B"],"character_chosen":"THE_SILENT","items_purchased":["Accuracy","Snake Skull","Blade Dance+1","Wraith Form v2","OrangePellets","DollysMirror"],"campfire_rested":1,"item_purchase_floors":[2,28,28,28,37,45],"current_hp_per_floor":[70,70,70,70,70,70,70,61,61,61,50,47,41,41,41,44,70,49,49,49,41,41,41,31,31,31,31,31,43,39,17,38,33,70,63,63,70,70,70,44,44,44,44,45,60,60,60,48,48,42,78,78,78,67,0,0],"gold":77,"neow_bonus":"THREE_ENEMY_KILL","is_daily":false,"chose_seed":false,"campfire_upgraded":6,"win_rate":0.0,"timestamp":1614373905,"path_taken":["M","$","?","?","?","M","R","E","T","M","E","?","E","?","R","BOSS","M","?","?","M","?","R","E","R","T","?","$","M","M","E","R","BOSS","M","?","$","?","?","E","R","M","T","M","$","?","M","M","R","BOSS","R","$","E","BOSS"],"items_purchased_type":["Card","Relic","Card","Card","Relic","Relic"],"build_version":"2020-12-22","purchased_purges":0,"victory":false,"max_hp_per_floor":[70,70,70,70,70,70,70,70,70,70,70,70,70,70,70,70,70,70,70,70,70,70,70,70,70,70,70,70,70,70,70,70,70,70,70,70,70,70,70,72,72,74,74,76,76,76,78,78,78,78,78,78,78,80,80,80],"card_choices":[{"not_picked":["Finisher","Leg Sweep"],"picked":"Cloak And Dagger","floor":1.0},{"not_picked":["Concentrate","Deflect"],"picked":"Infinite Blades","floor":4.0},{"not_picked":["Dagger Spray","Flying Knee","Endless Agony"],"picked":"SKIP","floor":6.0},{"not_picked":["Blur","Slice"],"picked":"Malaise","floor":8.0},{"not_picked":["Blur","Predator","All Out Attack"],"picked":"SKIP","floor":10.0},{"not_picked":["Backstab","Outmaneuver","Poisoned Stab"],"picked":"SKIP","floor":11.0},{"not_picked":["Flying Knee","Sucker Punch"],"picked":"Accuracy","floor":12.0},{"not_picked":["Endless Agony","Heel Hook"],"picked":"Flechettes","floor":13.0},{"not_picked":["Envenom","Night Terror"],"picked":"A Thousand Cuts","floor":16.0},{"not_picked":["Bullet Time+1","Heel Hook"],"picked":"Blade Dance+1","floor":18.0},{"not_picked":["Deflect+1","Dodge and Roll+1"],"picked":"PiercingWail+1","floor":21.0},{"not_picked":["Endless Agony","Sucker Punch"],"picked":"Catalyst+1","floor":22.0},{"not_picked":["Underhanded Strike","Bane+1"],"picked":"Blade Dance+1","floor":24.0},{"not_picked":["Acrobatics+1","Sucker Punch+1","Masterful Stab+1"],"picked":"SKIP","floor":29.0},{"not_picked":["Dagger Spray","Sucker Punch"],"picked":"Blade Dance+1","floor":30.0},{"not_picked":["Concentrate+1","Flechettes","Bane+1"],"picked":"SKIP","floor":31.0},{"not_picked":["A Thousand Cuts","Unload"],"picked":"Wraith Form v2","floor":33.0},{"not_picked":["Deadly Poison+1","Outmaneuver+1"],"picked":"Expertise+1","floor":35.0},{"not_picked":["Chrysalis+1","Forethought+1"],"picked":"Apotheosis+1","floor":38.0},{"not_picked":["Dagger Throw","Dash+1"],"picked":"Backflip+1","floor":39.0},{"not_picked":["Outmaneuver+1","Slice+1","Setup+1"],"picked":"Singing Bowl","floor":40.0},{"not_picked":["Slice+1","Crippling Poison+1","Masterful Stab"],"picked":"Singing Bowl","floor":42.0},{"not_picked":["Backflip+1","Dagger Throw+1","Bane"],"picked":"Singing Bowl","floor":44.0},{"not_picked":["Reflex+1","Eviscerate+1","PiercingWail+1"],"picked":"Singing Bowl","floor":47.0},{"not_picked":["Poisoned Stab","Outmaneuver+1"],"picked":"Cloak And Dagger+1","floor":48.0},{"not_picked":["Eviscerate","Deadly Poison+1","Deflect+1"],"picked":"Singing Bowl","floor":54.0}],"player_experience":248272,"relics_obtained":[{"floor":8.0,"key":"Meat on the Bone"},{"floor":9.0,"key":"Bottled Lightning"},{"floor":11.0,"key":"Vajra"},{"floor":13.0,"key":"Oddly Smooth Stone"},{"floor":14.0,"key":"Pen Nib"},{"floor":17.0,"key":"Art of War"},{"floor":17.0,"key":"Toxic Egg 2"},{"floor":17.0,"key":"The Specimen"},{"floor":24.0,"key":"Turnip"},{"floor":26.0,"key":"Happy Flower"},{"floor":31.0,"key":"MealTicket"},{"floor":40.0,"key":"Singing Bowl"},{"floor":54.0,"key":"Centennial Puzzle"}],"event_choices":[{"cards_removed":["Defend_G"],"damage_healed":0.0,"max_hp_gain":0.0,"max_hp_loss":0.0,"gold_gain":0.0,"event_name":"Purifier","player_choice":"Purged","floor":3.0,"gold_loss":0.0,"damage_taken":0.0},{"damage_healed":0.0,"max_hp_gain":0.0,"max_hp_loss":0.0,"gold_gain":0.0,"event_name":"Upgrade Shrine","player_choice":"Upgraded","floor":5.0,"gold_loss":0.0,"damage_taken":0.0,"cards_upgraded":["Accuracy"]},{"cards_removed":["Strike_G"],"damage_healed":0.0,"max_hp_gain":0.0,"max_hp_loss":0.0,"gold_gain":0.0,"event_name":"Beggar","player_choice":"Gave Gold","floor":19.0,"gold_loss":75.0,"damage_taken":0.0},{"damage_healed":0.0,"max_hp_gain":0.0,"max_hp_loss":0.0,"gold_gain":0.0,"event_name":"Match and Keep!","player_choice":"1 cards matched","floor":20.0,"gold_loss":0.0,"damage_taken":0.0,"cards_obtained":["Discovery"]},{"damage_healed":0.0,"max_hp_gain":0.0,"max_hp_loss":0.0,"gold_gain":0.0,"event_name":"Vampires","player_choice":"Ignored","floor":27.0,"gold_loss":0.0,"damage_taken":0.0},{"damage_healed":0.0,"max_hp_gain":0.0,"max_hp_loss":0.0,"gold_gain":0.0,"event_name":"Tomb of Lord Red Mask","player_choice":"Ignored","floor":36.0,"gold_loss":0.0,"damage_taken":0.0},{"damage_healed":0.0,"max_hp_gain":0.0,"max_hp_loss":0.0,"gold_gain":0.0,"event_name":"SensoryStone","player_choice":"Memory 1","floor":38.0,"gold_loss":0.0,"damage_taken":0.0},{"cards_removed":["Flechettes"],"damage_healed":0.0,"max_hp_gain":0.0,"max_hp_loss":0.0,"gold_gain":0.0,"event_name":"Falling","player_choice":"Removed Attack","floor":46.0,"gold_loss":0.0,"damage_taken":0.0}],"is_beta":false,"boss_relics":[{"not_picked":["HoveringKite","Ring of the Serpent"],"picked":"Calling Bell"},{"not_picked":["Black Star","Runic Pyramid"],"picked":"Coffee Dripper"}],"items_purged_floors":[],"is_endless":false,"potions_floor_spawned":[1,11,12,18,21,22,30,35,40,42],"killed_by":"The Heart","ascension_level":4}}