{"host":"acryjhtwx6pk7wxr","time":1614363750,"event":{"mods":["AchievementEnabler","BaseMod","Colored Map","Colored Powertips","DeckTracker","Downfall","Googly Eyes","Highlight Path","Hubris","Minty Spire (QoL Compilation)","Quick Restart","Rare Cards Sparkle","Replay The Spire","StSLib","everything is the same but u backflip on backflip","slay the spire mod where everything is the same but ironclad has a cowboy hat"],"gold_per_floor":[99,109,128,147,147,147,173,200,220,220,220,220],"floor_reached":10,"language":"ENG","playtime":595,"items_purged":[],"score":68,"play_id":"9e3e77d0-3e72-493f-94fd-c140afdf9c65","local_time":"20210226132230","is_ascension_mode":false,"campfire_choices":[{"data":"champ:Taunt","floor":1,"key":"SMITH"},{"data":"ReplayTheSpireMod:Faulty Equipment","floor":6,"key":"SMITH"}],"circlet_count":0,"master_deck":["champ:Strike","champ:Strike","champ:Strike","champ:Strike","champ:Defend","champ:Defend","champ:Defend","champ:Defend","champ:Execute","champ:Taunt+1","champ:Haymaker","champ:DefensiveShout+1","champ:ArenaPreparation+1","champ:FlashCut","champ:Backstep"],"relics":["champ:ChampionCrown","ReplayTheSpireMod:Lightbulb","hubris:OldNail"],"acts_visited":["Exordium"],"potions_floor_usage":[],"damage_taken":[{"damage":20,"enemies":"Small Slimes","floor":2,"turns":3},{"damage":0,"enemies":"Cultist","floor":3,"turns":3},{"damage":8,"enemies":"2 Louse","floor":4,"turns":2},{"damage":31,"enemies":"Gremlin Nob","floor":8,"turns":5},{"damage":12,"enemies":"downfall:LooterAlt","floor":9,"turns":3},{"damage":43,"enemies":"Replay:BlueRogue","floor":10,"turns":6}],"seed_played":"-8610949921973270150","potions_obtained":[{"floor":2,"key":"Dexterity Potion"},{"floor":3,"key":"Regen Potion"}],"is_trial":false,"path_per_floor":["R","M","M","M","?","R","T","E","M","E"],"character_chosen":"THE_CHAMP","items_purchased":[],"campfire_rested":0,"item_purchase_floors":[],"current_hp_per_floor":[99,99,99,91,91,91,91,80,78,70,70,70],"gold":220,"neow_bonus":"TEN_PERCENT_HP_BONUS","is_daily":false,"chose_seed":false,"campfire_upgraded":2,"win_rate":0.0,"timestamp":1614363750,"path_taken":["R","M","M","M","?","R","T","E","?","E"],"items_purchased_type":[],"build_version":"2020-12-22","purchased_purges":0,"victory":false,"max_hp_per_floor":[99,99,99,99,99,99,99,99,99,99,99,99],"card_choices":[{"not_picked":["champ:ShieldSlam","champ:FlashCut"],"picked":"champ:Haymaker","floor":2},{"not_picked":["champ:AdrenalArmor","champ:RecklessLeap"],"picked":"champ:DefensiveShout","floor":3},{"not_picked":["champ:BerserkersShout","champ:TornadoPunch"],"picked":"champ:ArenaPreparation","floor":4},{"not_picked":["champ:Improvising","champ:EndlessRage"],"picked":"champ:FlashCut","floor":8},{"not_picked":["champ:EndlessRage","champ:FanOfKnives"],"picked":"champ:Backstep","floor":9}],"player_experience":313917,"relics_obtained":[{"floor":7,"key":"ReplayTheSpireMod:Lightbulb"},{"floor":8,"key":"hubris:OldNail"}],"event_choices":[],"is_beta":false,"boss_relics":[],"items_purged_floors":[],"is_endless":false,"potions_floor_spawned":[2,3],"killed_by":"Replay:BlueRogue","ascension_level":0}}