{"host":"x1qj4d8ympd5jdqh","time":1614352960,"event":{"mods":["AchievementEnabler","AlwaysNeverKeys","BaseMod","Colored Map","Custom Start","DeckTracker","Highlight Path","Minty Spire (QoL Compilation)","StSLib","SuperFastMode"],"gold_per_floor":[110,120,32,46,46,46,46,66,66,66,82,116,41,54,54,54,54],"floor_reached":16,"language":"KOR","playtime":370,"items_purged":["Strike_P"],"score":204,"play_id":"2c1b01cb-51ef-4300-8ed6-1a4ec661e519","local_time":"20210227002240","is_ascension_mode":true,"campfire_choices":[{"data":"CrushJoints","floor":6.0,"key":"SMITH"},{"data":"Adaptation","floor":10.0,"key":"SMITH"},{"floor":15,"key":"REST"}],"circlet_count":0,"master_deck":["AscendersBane","Strike_P","Strike_P","Strike_P","Defend_P","Defend_P","Defend_P","Defend_P","Eruption+1","Vigilance","FearNoEvil","CrushJoints+1","Adaptation+1","TalkToTheHand","EmptyFist"],"relics":["PureWater","StrikeDummy","Damaru","Blood Vial"],"acts_visited":["Exordium"],"potions_floor_usage":[12],"damage_taken":[{"damage":0.0,"enemies":"Small Slimes","floor":1.0,"turns":2.0},{"damage":1.0,"enemies":"Cultist","floor":2.0,"turns":3.0},{"damage":0.0,"enemies":"2 Louse","floor":4.0,"turns":2.0},{"damage":6.0,"enemies":"Exordium Wildlife","floor":8.0,"turns":5.0},{"damage":13.0,"enemies":"Lots of Slimes","floor":11.0,"turns":4.0},{"damage":20,"enemies":"3 Sentries","floor":12,"turns":5},{"damage":13,"enemies":"Large Slime","floor":14,"turns":3},{"damage":37,"enemies":"Slime Boss","floor":16,"turns":7}],"seed_played":"2971508641952090292","potions_obtained":[{"floor":1.0,"key":"Ancient Potion"},{"floor":8.0,"key":"PowerPotion"}],"is_trial":false,"path_per_floor":["M","M","$","M","?","R","?","M","T","R","M","E","$","M","R","B"],"character_chosen":"WATCHER","items_purchased":["Adaptation"],"campfire_rested":1,"item_purchase_floors":[3],"current_hp_per_floor":[67,66,66,66,66,66,66,60,60,60,47,27,27,16,38,3,3],"gold":54,"neow_bonus":"TEN_PERCENT_HP_BONUS","is_daily":false,"chose_seed":false,"campfire_upgraded":2,"win_rate":0.0,"timestamp":1614352960,"path_taken":["M","M","$","M","?","R","?","M","T","R","?","E","?","M","R","BOSS"],"items_purchased_type":["Card"],"build_version":"2020-12-22","purchased_purges":1,"victory":false,"max_hp_per_floor":[74,74,74,74,74,74,74,74,74,74,74,74,74,74,74,74,74],"card_choices":[{"not_picked":["SashWhip","Wallop"],"picked":"FearNoEvil","floor":1.0},{"not_picked":["FearNoEvil","Evaluate"],"picked":"CrushJoints","floor":2.0},{"not_picked":["ThirdEye","Collect"],"picked":"TalkToTheHand","floor":4.0},{"not_picked":["Prostrate","BattleHymn","DeceiveReality"],"picked":"SKIP","floor":8.0},{"not_picked":["CutThroughFate","ClearTheMind","EmptyBody"],"picked":"SKIP","floor":11.0},{"not_picked":["CrushJoints","ReachHeaven","FollowUp"],"picked":"SKIP","floor":12},{"not_picked":["Consecrate","SpiritShield"],"picked":"EmptyFist","floor":14}],"player_experience":1341130,"relics_obtained":[{"floor":9.0,"key":"Damaru"},{"floor":12,"key":"Blood Vial"}],"event_choices":[{"damage_healed":0.0,"max_hp_gain":0.0,"max_hp_loss":0.0,"gold_gain":0.0,"event_name":"Living Wall","player_choice":"Grow","floor":5.0,"gold_loss":0.0,"damage_taken":0.0,"cards_upgraded":["Eruption"]},{"damage_healed":0.0,"max_hp_gain":0.0,"max_hp_loss":0.0,"gold_gain":0.0,"event_name":"WeMeetAgain","player_choice":"Gave Potion","floor":7.0,"gold_loss":0.0,"damage_taken":0.0,"relics_obtained":["StrikeDummy"]}],"is_beta":false,"boss_relics":[],"items_purged_floors":[13],"is_endless":false,"potions_floor_spawned":[1,8],"killed_by":"Slime Boss","ascension_level":20}}