{"host":"r4j5b3etkqj66d96","time":1614331606,"event":{"mods":["BaseMod","Colored Map","DeckTracker","Highlight Path","Minty Spire (QoL Compilation)","Quick Restart","Relic Stats","StSLib","SuperFastMode"],"gold_per_floor":[119,269,194,208,208,252,252,252,252,265,265,265],"floor_reached":11,"language":"JPN","playtime":203,"items_purged":[],"score":192,"play_id":"e58ef4ed-bac2-41b8-b79c-a433543a7312","local_time":"20210226182646","is_ascension_mode":true,"campfire_choices":[{"data":"Survivor","floor":7,"key":"SMITH"}],"circlet_count":0,"master_deck":["AscendersBane","Strike_G","Strike_G","Strike_G","Strike_G","Strike_G","Defend_G","Defend_G","Defend_G+1","Defend_G","Defend_G","Survivor+1","Neutralize","Deadly Poison+1","Deadly Poison","Blur","Catalyst"],"relics":["Ring of the Snake","NeowsBlessing","Golden Idol","War Paint","Mercury Hourglass","Meat on the Bone"],"acts_visited":["Exordium"],"potions_floor_usage":[11],"damage_taken":[{"damage":0,"enemies":"2 Louse","floor":1,"turns":1},{"damage":0,"enemies":"Small Slimes","floor":4,"turns":1},{"damage":0,"enemies":"3 Sentries","floor":6,"turns":1},{"damage":1,"enemies":"Cultist","floor":10,"turns":3},{"damage":50,"enemies":"Gremlin Nob","floor":11,"turns":4}],"seed_played":"4150746608072514429","potions_obtained":[{"floor":1,"key":"Energy Potion"},{"floor":6,"key":"SpeedPotion"}],"is_trial":false,"path_per_floor":["M","?","?","M","?","E","R","?","T","M","E"],"character_chosen":"THE_SILENT","items_purchased":[],"campfire_rested":0,"item_purchase_floors":[],"current_hp_per_floor":[59,59,59,59,59,59,59,41,41,40,0,0],"gold":265,"neow_bonus":"THREE_ENEMY_KILL","is_daily":false,"chose_seed":false,"campfire_upgraded":1,"win_rate":0.0,"timestamp":1614331606,"path_taken":["M","?","?","M","?","E","R","?","T","M","E"],"items_purchased_type":[],"build_version":"2020-12-22","purchased_purges":0,"victory":false,"max_hp_per_floor":[66,66,66,66,60,60,60,60,60,60,60,60],"relic_stats":{"counters":[5,10],"Golden Idol":12,"War Paint":["Deadly Poison","Defend_G"],"obtain_stats":[{"NeowsBlessing":0,"Golden Idol":5,"War Paint":6,"Ring of the Snake":0,"Mercury Hourglass":8,"Meat on the Bone":9},{"NeowsBlessing":0,"Golden Idol":2,"War Paint":3,"Ring of the Snake":0,"Mercury Hourglass":3,"Meat on the Bone":3},{"NeowsBlessing":0,"Golden Idol":2,"War Paint":3,"Ring of the Snake":0,"Mercury Hourglass":3,"Meat on the Bone":3}],"Ring of the Snake":[10],"Mercury Hourglass":[21],"Meat on the Bone":0},"card_choices":[{"not_picked":["Well Laid Plans","Quick Slash"],"picked":"Deadly Poison","floor":1},{"not_picked":["Cloak And Dagger","Flying Knee"],"picked":"Deadly Poison","floor":4},{"not_picked":["Reflex","Eviscerate"],"picked":"Blur","floor":6},{"not_picked":["Tactician","Dagger Spray"],"picked":"Catalyst","floor":10}],"player_experience":1312827,"relics_obtained":[{"floor":6,"key":"War Paint"},{"floor":9,"key":"Meat on the Bone"}],"event_choices":[{"damage_healed":0,"gold_gain":150,"player_choice":"AGREE","damage_taken":0,"max_hp_gain":0,"max_hp_loss":0,"event_name":"Liars Game","floor":2,"gold_loss":0,"cards_obtained":["Doubt"]},{"cards_removed":["Doubt"],"damage_healed":0,"gold_gain":0,"player_choice":"Card Removal","damage_taken":0,"max_hp_gain":0,"max_hp_loss":0,"event_name":"The Cleric","floor":3,"gold_loss":75},{"damage_healed":0,"gold_gain":0,"player_choice":"Lose Max HP","damage_taken":0,"relics_obtained":["Golden Idol"],"max_hp_gain":0,"max_hp_loss":6,"event_name":"Golden Idol","floor":5,"gold_loss":0},{"damage_healed":0,"gold_gain":0,"player_choice":"Success","damage_taken":18,"relics_obtained":["Mercury Hourglass"],"max_hp_gain":0,"max_hp_loss":0,"event_name":"Scrap Ooze","floor":8,"gold_loss":0}],"is_beta":false,"boss_relics":[],"items_purged_floors":[],"is_endless":false,"potions_floor_spawned":[1,6],"killed_by":"Gremlin Nob","ascension_level":20}}