{"host":"bakf0s4odzu8z5xt","time":1614321418,"event":{"mods":["2.2 Compatiblity","BaseMod","Downfall","Friendly Minions","Minty Spire (QoL Compilation)","StSLib"],"gold_per_floor":[199,215,215,229,239,139,162,162,194,194,34,34,67,78,98,201,201,201,213,223,223,76,130,130,30,107,158,192,202,102,112,112,112,112],"floor_reached":32,"language":"ENG","playtime":2418,"items_purged":["downfall:Malfunctioning","Slimebound:Tackle"],"score":365,"play_id":"1a9cdc41-9281-49d9-920c-a657300a2cd9","local_time":"20210225223658","is_ascension_mode":true,"campfire_choices":[{"floor":1,"key":"RECALL"},{"data":"Slimebound:GoopSpray","floor":6,"key":"SMITH"},{"data":"Slimebound:ProtectTheBoss","floor":12,"key":"SMITH"},{"data":"Slimebound:Grow","floor":18,"key":"SMITH"},{"data":"Slimebound:DouseInSlime","floor":25,"key":"SMITH"},{"floor":30,"key":"REST"}],"circlet_count":0,"master_deck":["Slimebound:Strike_Slimebound","Slimebound:Strike_Slimebound+1","Slimebound:Strike_Slimebound","Slimebound:Defend_Slimebound","Slimebound:Defend_Slimebound+1","Slimebound:Defend_Slimebound","Slimebound:Defend_Slimebound","Slimebound:Split","Slimebound:CorrosiveSpit","Slimebound:SplitBruiser+1","Slimebound:GoopSpray+1","Slimebound:GrowthPunch","Slimebound:ProtectTheBoss+1","Slimebound:TongueLash","Slimebound:GrowthPunch","Slimebound:SplitBruiser","Slimebound:RejuvenatingLick","Slimebound:Grow+1","Slimebound:SlimeSlap","Slimebound:SpikyOuterGoop","Slimebound:ServeAndProtect+1","Slimebound:DouseInSlime+1","Slimebound:SamplingLick","Slimebound:SplitMire+1","Slimebound:SlimeSpikes+1","Slimebound:LeechEnergy"],"relics":["Slimebound:AbsorbEndCombat","downfall:HeartBlessingRed","MealTicket","Strawberry","Vajra","downfall:KnowingSkull","Toxic Egg 2","downfall:HeartBlessingBlue","Bottled Lightning","downfall:HeartBlessingGreen"],"acts_visited":["Exordium","TheCity"],"potions_floor_usage":[9,23,23,28,29,32],"damage_taken":[{"damage":2,"enemies":"2 Louse","floor":2,"turns":4},{"damage":0,"enemies":"Small Slimes","floor":4,"turns":3},{"damage":0,"enemies":"Cultist","floor":5,"turns":4},{"damage":3,"enemies":"Gremlin Nob","floor":9,"turns":3},{"damage":2,"enemies":"downfall:FleeingMerchant","floor":11,"turns":4},{"damage":15,"enemies":"Lagavulin","floor":13,"turns":6},{"damage":2,"enemies":"Exordium Wildlife","floor":14,"turns":4},{"damage":1,"enemies":"Lots of Slimes","floor":15,"turns":3},{"damage":1,"enemies":"SI_SHIV_ARCHETYPE","floor":16,"turns":8},{"damage":4,"enemies":"Chosen","floor":19,"turns":5},{"damage":14,"enemies":"Shell Parasite","floor":20,"turns":6},{"damage":3,"enemies":"downfall:FleeingMerchant","floor":22,"turns":4},{"damage":6,"enemies":"Cultist and Chosen","floor":23,"turns":8},{"damage":34,"enemies":"Centurion and Healer","floor":27,"turns":9},{"damage":51,"enemies":"Gremlin Leader","floor":28,"turns":7},{"damage":19,"enemies":"Snake Plant","floor":29,"turns":4},{"damage":31,"enemies":"3 Cultists","floor":31,"turns":7},{"damage":16,"enemies":"Snecko","floor":32,"turns":3}],"seed_played":"-2983091240771290683","potions_obtained":[{"floor":4,"key":"FairyPotion"},{"floor":5,"key":"champ:CounterPotion"},{"floor":14,"key":"FearPotion"},{"floor":15,"key":"LiquidMemories"},{"floor":20,"key":"Swift Potion"},{"floor":31,"key":"Fire Potion"}],"is_trial":false,"path_per_floor":["R","M","?","M","M","R","T","?","E","?","$","R","E","M","M","B",null,"R","M","M","?","$","M","T","R","T","M","E","M","R","M","M"],"character_chosen":"SLIMEBOUND","items_purchased":["Slimebound:GrowthPunch","Slimebound:DouseInSlime"],"campfire_rested":1,"item_purchase_floors":[11,22],"current_hp_per_floor":[65,65,70,70,70,70,70,70,69,76,77,77,66,70,77,77,77,77,73,67,61,77,76,76,86,86,60,17,6,32,9,0,0,0],"gold":112,"neow_bonus":"HUNDRED_GOLD","is_daily":false,"chose_seed":false,"campfire_upgraded":4,"win_rate":0.0,"timestamp":1614321418,"path_taken":["R","M","?","M","M","R","T","?","E","?","$","R","E","?","M","BOSS","R","M","M","?","$","?","T","R","?","M","E","M","R","M","M"],"items_purchased_type":["Card","Card"],"build_version":"2020-12-22","purchased_purges":2,"victory":false,"max_hp_per_floor":[65,65,70,70,70,70,70,70,70,77,77,77,77,77,77,77,77,77,77,77,77,77,77,77,87,87,87,87,87,87,87,87,87,87],"card_choices":[{"not_picked":["Slimebound:SlimeSpikes","Slimebound:HungryTackle"],"picked":"Slimebound:SplitBruiser","floor":2},{"not_picked":["Slimebound:Equalize","Slimebound:MegaLick"],"picked":"Slimebound:GoopSpray","floor":4},{"not_picked":["Slimebound:HauntingLick","Slimebound:ServeAndProtect"],"picked":"Slimebound:GrowthPunch","floor":5},{"not_picked":["Slimebound:GoopTackle","Slimebound:ForwardTackle"],"picked":"Slimebound:ProtectTheBoss","floor":9},{"not_picked":["Slimebound:SplitSpecialist","Slimebound:SlimeBrawl"],"picked":"Slimebound:TongueLash","floor":11},{"not_picked":["Slimebound:ForwardTackle","Slimebound:RollThrough"],"picked":"Slimebound:SplitBruiser","floor":13},{"not_picked":["Slimebound:LivingWall","Slimebound:ComboTackle"],"picked":"Slimebound:RejuvenatingLick","floor":14},{"not_picked":["Slimebound:Replication","Slimebound:DivideAndConquer"],"picked":"Slimebound:Grow","floor":15},{"not_picked":["Slimebound:Teamwork","Slimebound:SelfFormingGoo"],"picked":"Slimebound:SlimeSlap","floor":16},{"not_picked":["Slimebound:HauntingLick","Slimebound:GoopTackle"],"picked":"Slimebound:SpikyOuterGoop","floor":19},{"not_picked":["Slimebound:PressTheAttack","Slimebound:DivideAndConquer+1"],"picked":"Slimebound:ServeAndProtect+1","floor":20},{"not_picked":["Slimebound:ProtectTheBoss","Slimebound:FlameTackle","Slimebound:SplitLeeching"],"picked":"SKIP","floor":22},{"not_picked":["Slimebound:SplitBruiser","Slimebound:HauntingLick"],"picked":"Slimebound:SamplingLick","floor":23},{"not_picked":["Slimebound:SplitSpecialist+1","Slimebound:ProtectTheBoss","Slimebound:SplitBruiser+1"],"picked":"SKIP","floor":27},{"not_picked":["Slimebound:DivideAndConquer","Slimebound:Overexert"],"picked":"Slimebound:SplitMire+1","floor":28},{"not_picked":["Slimebound:RollThrough+1","Slimebound:SplitAcid+1"],"picked":"Slimebound:SlimeSpikes+1","floor":29},{"not_picked":["Slimebound:Repurpose+1","Slimebound:LevelUp"],"picked":"Slimebound:LeechEnergy","floor":31}],"player_experience":2281624,"relics_obtained":[{"floor":9,"key":"MealTicket"},{"floor":10,"key":"Strawberry"},{"floor":13,"key":"Vajra"},{"floor":24,"key":"Toxic Egg 2"},{"floor":28,"key":"Bottled Lightning"}],"event_choices":[{"damage_healed":0,"gold_gain":0,"player_choice":"Donut","damage_taken":0,"max_hp_gain":5,"max_hp_loss":0,"event_name":"Big Fish","floor":3,"gold_loss":0},{"damage_healed":0,"gold_gain":0,"player_choice":"Relic","damage_taken":0,"max_hp_gain":0,"max_hp_loss":0,"event_name":"Wheel of Change","floor":10,"gold_loss":0}],"is_beta":false,"boss_relics":[{"not_picked":["Fusion Hammer","bronze:MakeshiftBattery","Calling Bell"]}],"items_purged_floors":[11,22],"is_endless":false,"potions_floor_spawned":[4,5,14,15,20,31],"killed_by":"Snecko","ascension_level":5}}