{"host":"ia9e4s524g7bamk7","time":1614328668,"event":{"mods":["AchievementEnabler","BaseMod","Colored Map","Minty Spire (QoL Compilation)","Permanent Neow","Slay-I","slay the spire mod where everything is the same but ironclad has a cowboy hat"],"gold_per_floor":[110,121,134,145,158,158,176,207,231,244,61,77,112,112,112,243,243,256,276,299,299,299],"floor_reached":21,"language":"ENG","playtime":2091,"items_purged":["Strike_G"],"score":266,"play_id":"36d68fe8-d2c9-4eec-a0e2-e73c483876a5","local_time":"20210226093748","is_ascension_mode":true,"campfire_choices":[{"data":"Neutralize","floor":6,"key":"SMITH"},{"floor":15,"key":"REST"}],"circlet_count":0,"master_deck":["Survivor","Neutralize+1","Slice","Tactician","Quick Slash","Poisoned Stab","Poisoned Stab","Catalyst","Sucker Punch","Dash","Dark Shackles","Escape Plan","Burst","Heel Hook","Dash","Dagger Spray","Blade Dance","Grand Finale","Envenom","Noxious Fumes","Leg Sweep","Noxious Fumes","Acrobatics+1","Dash+1"],"relics":["SlaversCollar","Smiling Mask","Art of War","Torii","Golden Idol","Pandora\u0027s Box"],"acts_visited":["Exordium","TheCity"],"potions_floor_usage":[5,8,12,13,20,21],"damage_taken":[{"damage":0,"enemies":"2 Louse","floor":1,"turns":4},{"damage":5,"enemies":"Jaw Worm","floor":2,"turns":7},{"damage":5,"enemies":"Small Slimes","floor":3,"turns":4},{"damage":4,"enemies":"Blue Slaver","floor":4,"turns":4},{"damage":0,"enemies":"Gremlin Gang","floor":5,"turns":6},{"damage":35,"enemies":"Large Slime","floor":7,"turns":7},{"damage":16,"enemies":"3 Sentries","floor":8,"turns":9},{"damage":6,"enemies":"2 Fungi Beasts","floor":10,"turns":3},{"damage":2,"enemies":"Exordium Wildlife","floor":12,"turns":5},{"damage":10,"enemies":"Gremlin Nob","floor":13,"turns":4},{"damage":13,"enemies":"Hexaghost","floor":16,"turns":11},{"damage":9,"enemies":"Spheric Guardian","floor":18,"turns":5},{"damage":1,"enemies":"Chosen","floor":19,"turns":5},{"damage":12,"enemies":"Centurion and Healer","floor":20,"turns":7},{"damage":41,"enemies":"3 Cultists","floor":21,"turns":5}],"seed_played":"-1042712024462812783","potions_obtained":[{"floor":2,"key":"CunningPotion"},{"floor":4,"key":"Regen Potion"},{"floor":7,"key":"SpeedPotion"},{"floor":8,"key":"Regen Potion"},{"floor":12,"key":"Energy Potion"},{"floor":18,"key":"Weak Potion"}],"is_trial":false,"path_per_floor":["M","M","M","M","M","R","M","E","T","M","$","M","E","?","R","B",null,"M","M","M","M"],"character_chosen":"THE_SILENT","items_purchased":["Dark Shackles","ColorlessPotion"],"campfire_rested":1,"item_purchase_floors":[11,11],"current_hp_per_floor":[63,58,53,49,49,49,14,13,13,7,7,5,9,9,28,15,53,44,43,31,0,0],"gold":299,"neow_bonus":"BOSS_RELIC","is_daily":false,"chose_seed":false,"campfire_upgraded":1,"win_rate":0.0,"timestamp":1614328668,"path_taken":["M","M","M","M","M","R","M","E","T","M","$","M","E","?","R","BOSS","M","M","M","M"],"items_purchased_type":["Card","Potion"],"build_version":"2020-12-22","purchased_purges":1,"victory":false,"max_hp_per_floor":[70,70,70,70,70,70,70,70,70,70,70,70,70,65,65,65,65,65,65,65,65,65],"card_choices":[{"not_picked":["PiercingWail","Acrobatics"],"picked":"Slice","floor":1},{"not_picked":["Outmaneuver","Accuracy"],"picked":"Tactician","floor":2},{"not_picked":["Deflect","PiercingWail"],"picked":"Quick Slash","floor":3},{"not_picked":["Escape Plan","Corpse Explosion"],"picked":"Poisoned Stab","floor":4},{"not_picked":["Quick Slash","Predator"],"picked":"Poisoned Stab","floor":5},{"not_picked":["Poisoned Stab","Flying Knee"],"picked":"Catalyst","floor":7},{"not_picked":["Blade Dance","Endless Agony"],"picked":"Sucker Punch","floor":8},{"not_picked":["Well Laid Plans","Expertise"],"picked":"Dash","floor":10},{"not_picked":["Dagger Spray","Sucker Punch","Skewer"],"picked":"SKIP","floor":12},{"not_picked":["Dodge and Roll","Skewer"],"picked":"Escape Plan","floor":13},{"not_picked":["Grand Finale","Malaise"],"picked":"Burst","floor":16},{"not_picked":["Distraction+1","Cloak And Dagger"],"picked":"Acrobatics+1","floor":18},{"not_picked":["Underhanded Strike","Masterful Stab+1"],"picked":"Dash+1","floor":19},{"not_picked":["Dodge and Roll","Accuracy","Deflect"],"picked":"SKIP","floor":20}],"player_experience":430078,"relics_obtained":[{"floor":8,"key":"Smiling Mask"},{"floor":9,"key":"Art of War"},{"floor":13,"key":"Torii"}],"event_choices":[{"damage_healed":0,"gold_gain":0,"player_choice":"Lose Max HP","damage_taken":0,"relics_obtained":["Golden Idol"],"max_hp_gain":0,"max_hp_loss":5,"event_name":"Golden Idol","floor":14,"gold_loss":0}],"is_beta":false,"boss_relics":[{"not_picked":["Snecko Eye","HoveringKite"],"picked":"Pandora\u0027s Box"}],"items_purged_floors":[11],"is_endless":false,"potions_floor_spawned":[2,4,7,8,12,18],"killed_by":"3 Cultists","ascension_level":7}}