{"host":"ocll6kdfqxraqtza","time":1614313444,"event":{"mods":["100% Spire Juice","2.2 Compatiblity","Act Like it!","Arknights","Aspiration","BaseMod","Better Third Choice","Gensokyo","Good Game Mod","Hermit","Hubris","Jorbs\u0027s Wanderer Trilogy","Luminous","MarisaÅiñ∂âJÅ@ñÇóùçπÅj","Minty Spire (QoL Compilation)","Reliquary","Replay The Spire","Ruina","Shade Mod","Spire Arcade","StSLib","The Alterego","The Cursed","The Hierophant","The Marked","The Runesmith","Wandering Minibosses"],"gold_per_floor":[110,155,165,165,178,178,208,208,208,223,238,238,238,238,238,343,343,357,357,128,128,151,151,185,185,185],"floor_reached":25,"language":"ENG","playtime":822,"items_purged":["ats:Strike S"],"score":237,"play_id":"e945dc8e-f35b-4a58-a4a9-c49a2ea3d473","local_time":"20210226122404","is_ascension_mode":true,"campfire_choices":[{"data":"ats:Directed Diagnosis","floor":6.0,"key":"SMITH"},{"data":"ats:Armor Crushing Shot","floor":8.0,"key":"SMITH"},{"data":"ats:Thorns","floor":12.0,"key":"SMITH"},{"data":"ats:Blood Oath","floor":15.0,"key":"SMITH"},{"data":"ruina:HomingInstinct","floor":23.0,"key":"SMITH"}],"circlet_count":0,"master_deck":["ats:Strike C","ats:Strike G","ats:Strike V","ats:Armor Crushing Shot+1","ats:Defend","ats:Defend","ats:Defend","ats:Emotion Absorption+1","SatelliteIllusion","ats:Leaping Hammer","ats:Poison Spread","ats:Overload+1","ats:Shell Defense","ats:Directed Diagnosis+1","ats:Blood Oath+1","ats:Thorns+1","ats:Hammer On","ats:Echo Reverb","AbeCurse","ats:Guard Mode","ruina:HomingInstinct+1","ats:Directed Diagnosis+1"],"relics":["ats:Sanity","REME:ComplimentaryCards","Letter Opener","ats:Originium","reliquary:WeakTea","aspiration:FetidBarrel","Abe\u0027s Treasure","Replay:Mystery Machine","hubris:Icosahedron","Shuriken","Frozen Eye"],"acts_visited":["Exordium","ruina:Briah"],"potions_floor_usage":[],"damage_taken":[{"damage":0.0,"enemies":"ats:Genji","floor":1.0,"turns":6.0},{"damage":1.0,"enemies":"Cultist","floor":3.0,"turns":3.0},{"damage":0.0,"enemies":"Small Slimes","floor":5.0,"turns":3.0},{"damage":35.0,"enemies":"3 Sentries","floor":7.0,"turns":9.0},{"damage":8.0,"enemies":"Blue Slaver","floor":10.0,"turns":3.0},{"damage":9.0,"enemies":"2 Fungi Beasts","floor":11.0,"turns":3.0},{"damage":50.0,"enemies":"Fading Forest","floor":16.0,"turns":11.0},{"damage":37.0,"enemies":"ruina:Nosferatu","floor":18.0,"turns":5.0},{"damage":58,"enemies":"ruina:RoadHome","floor":24,"turns":4},{"damage":13,"enemies":"ruina:2_Scarecrows","floor":25,"turns":1}],"seed_played":"3804851896345211887","potions_obtained":[{"floor":5.0,"key":"SteroidPotion"},{"floor":7.0,"key":"Energy Potion"},{"floor":16.0,"key":"Weak Potion"}],"is_trial":false,"path_per_floor":["M","?","M","?","M","R","E","R","T","M","M","R","?","?","R","B",null,"M","?","$","?","T","R","E","M"],"character_chosen":"DOCTOR_CLASS","items_purchased":["Replay:Mystery Machine"],"campfire_rested":0,"item_purchase_floors":[20],"current_hp_per_floor":[72,44,43,72,72,72,50,50,50,45,36,36,36,29,29,7,72,52,52,52,52,52,52,7,0,0],"gold":185,"neow_bonus":"RANDOM_EVENT","is_daily":false,"chose_seed":false,"campfire_upgraded":5,"win_rate":0.0,"timestamp":1614313444,"path_taken":["M","?","M","?","?","R","E","R","T","M","M","R","?","?","R","BOSS","M","?","$","?","?","R","E","M"],"items_purchased_type":["Relic"],"build_version":"2020-12-22","purchased_purges":1,"victory":false,"max_hp_per_floor":[72,72,72,72,72,72,72,72,72,72,72,72,72,72,72,72,72,72,72,72,72,72,72,72,72,72],"card_choices":[{"not_picked":["ats:Defend Order","ats:Flame Of Heaven"],"picked":"ats:Leaping Hammer","floor":1.0},{"not_picked":["ats:Flexible Camouflage","ats:Curse Doll"],"picked":"ats:Poison Spread","floor":2.0},{"not_picked":["ats:Explosion Area Strengthen","ats:Shadow Raid"],"picked":"ats:Overload","floor":2.0},{"not_picked":["ats:Charging Defense","ats:Very Hot Blade"],"picked":"ats:Shell Defense","floor":3.0},{"not_picked":["ats:Explosion Area Strengthen","ats:Powerful Strike"],"picked":"ats:Directed Diagnosis","floor":5.0},{"not_picked":["ats:Absolute Focus","ats:Encircling Forest"],"picked":"ats:Blood Oath","floor":7.0},{"not_picked":["ats:Hammer On","ats:Volcano"],"picked":"ats:Thorns","floor":10.0},{"not_picked":["ats:Composite Medical Shells","ats:Very Hot Blade"],"picked":"ats:Hammer On","floor":11.0},{"not_picked":["ats:Wolf Pack","ats:Roar Of Ursus"],"picked":"ats:Echo Reverb","floor":16.0},{"not_picked":["ats:Poison Spread","ats:Literary Storm"],"picked":"ats:Guard Mode","floor":18.0},{"not_picked":["ats:Shell Defense","ats:Song Of Battle"],"picked":"ats:Directed Diagnosis+1","floor":24}],"player_experience":561565,"relics_obtained":[{"floor":2.0,"key":"Letter Opener"},{"floor":7.0,"key":"ats:Originium"},{"floor":7.0,"key":"reliquary:WeakTea"},{"floor":9.0,"key":"aspiration:FetidBarrel"},{"floor":24,"key":"ats:Originium"},{"floor":24,"key":"Shuriken"}],"event_choices":[{"damage_healed":0.0,"max_hp_gain":0.0,"max_hp_loss":0.0,"gold_gain":0.0,"event_name":"Living Wall","player_choice":"Grow","floor":0.0,"gold_loss":0.0,"damage_taken":0.0,"cards_upgraded":["ats:Emotion Absorption"]},{"damage_healed":29.0,"max_hp_gain":0.0,"max_hp_loss":0.0,"gold_gain":0.0,"event_name":"Wheel of Change","player_choice":"Full Heal","floor":4.0,"gold_loss":0.0,"damage_taken":0.0},{"cards_removed":["ats:Defend"],"damage_healed":0.0,"max_hp_gain":0.0,"max_hp_loss":0.0,"gold_gain":0.0,"event_name":"Golden Wing","player_choice":"Card Removal","floor":14.0,"gold_loss":0.0,"damage_taken":7.0}],"is_beta":false,"boss_relics":[{"not_picked":["reliquary:KinkedSpring","ats:Tactical Delivery"],"picked":"Abe\u0027s Treasure"}],"items_purged_floors":[20],"is_endless":false,"potions_floor_spawned":[5,7,16],"killed_by":"ruina:2_Scarecrows","ascension_level":2}}