{"host":"dyzdf8svqmiivg97","time":1614343005,"event":{"mods":["AchievementEnabler","BaseMod","Colored Map","DeckTracker","Minty Spire (QoL Compilation)","Quick Restart","Rare Cards Sparkle","SuperFastMode"],"gold_per_floor":[110,110,90,106,106,106,135,210,258,258,271,302,302,312,312,312,312],"floor_reached":16,"language":"KOR","playtime":205,"items_purged":[],"score":271,"play_id":"0a63f286-0676-427c-803c-7fd7443e9923","local_time":"20210226213645","is_ascension_mode":true,"campfire_choices":[{"data":"Eruption","floor":6,"key":"SMITH"},{"floor":10,"key":"DIG"},{"floor":13,"key":"DIG"},{"floor":15,"key":"DIG"}],"circlet_count":0,"master_deck":["AscendersBane","Strike_P+1","Strike_P","Strike_P","Strike_P","Defend_P","Defend_P+1","Defend_P+1","Defend_P","Eruption+1","Vigilance","Indignation","BowlingBash","LessonLearned","Meditate"],"relics":["PureWater","NeowsBlessing","Mango","Shovel","Happy Flower","Smiling Mask","Kunai","MealTicket","Darkstone Periapt"],"acts_visited":["Exordium"],"potions_floor_usage":[7],"damage_taken":[{"damage":0,"enemies":"Small Slimes","floor":1,"turns":1},{"damage":0,"enemies":"2 Louse","floor":4,"turns":1},{"damage":0,"enemies":"Lagavulin","floor":7,"turns":1},{"damage":0,"enemies":"Cultist","floor":11,"turns":2},{"damage":27,"enemies":"3 Sentries","floor":12,"turns":5},{"damage":0,"enemies":"2 Fungi Beasts","floor":14,"turns":1},{"damage":41,"enemies":"Hexaghost","floor":16,"turns":10}],"seed_played":"-3449308309199902117","potions_obtained":[{"floor":1,"key":"FairyPotion"},{"floor":3,"key":"LiquidBronze"},{"floor":7,"key":"Fruit Juice"}],"is_trial":false,"path_per_floor":["M","?","?","M","?","R","E","?","T","R","M","E","R","M","R","B"],"character_chosen":"WATCHER","items_purchased":[],"campfire_rested":0,"item_purchase_floors":[],"current_hp_per_floor":[61,57,57,57,32,32,37,26,26,26,26,26,26,26,26,0,0],"gold":312,"neow_bonus":"THREE_ENEMY_KILL","is_daily":false,"chose_seed":false,"campfire_upgraded":1,"win_rate":0.0,"timestamp":1614343005,"path_taken":["M","?","?","?","?","R","E","?","T","R","M","E","R","?","R","BOSS"],"items_purchased_type":[],"build_version":"2020-12-22","purchased_purges":0,"victory":false,"max_hp_per_floor":[68,82,82,82,82,82,87,87,87,87,87,87,87,87,87,87,87],"card_choices":[{"not_picked":["TalkToTheHand","Perseverance"],"picked":"Indignation","floor":1},{"not_picked":["Wireheading","SignatureMove"],"picked":"BowlingBash","floor":4},{"not_picked":["BowlingBash","EmptyBody"],"picked":"LessonLearned","floor":7},{"not_picked":["EmptyBody","Consecrate"],"picked":"Meditate","floor":11},{"not_picked":["Swivel","EmptyBody","ClearTheMind"],"picked":"SKIP","floor":12},{"not_picked":["Perseverance","EmptyBody","Evaluate"],"picked":"SKIP","floor":14}],"player_experience":615060,"relics_obtained":[{"floor":7,"key":"Shovel"},{"floor":9,"key":"Happy Flower"},{"floor":10,"key":"Smiling Mask"},{"floor":12,"key":"Kunai"},{"floor":13,"key":"MealTicket"},{"floor":15,"key":"Darkstone Periapt"}],"event_choices":[{"damage_healed":0,"gold_gain":0,"player_choice":"Success","damage_taken":18,"relics_obtained":["Mango"],"max_hp_gain":0,"max_hp_loss":0,"event_name":"Scrap Ooze","floor":2,"gold_loss":0},{"damage_healed":0,"gold_gain":0,"player_choice":"Bought 1 Potion","damage_taken":0,"max_hp_gain":0,"max_hp_loss":0,"event_name":"The Woman in Blue","floor":3,"gold_loss":0},{"damage_healed":0,"gold_gain":0,"player_choice":"Entered Light","damage_taken":25,"max_hp_gain":0,"max_hp_loss":0,"event_name":"Shining Light","floor":5,"gold_loss":0,"cards_upgraded":["Defend_P","Strike_P"]},{"damage_healed":0,"gold_gain":75,"player_choice":"Gather Gold","damage_taken":11,"max_hp_gain":0,"max_hp_loss":0,"event_name":"World of Goop","floor":8,"gold_loss":0}],"is_beta":false,"boss_relics":[],"items_purged_floors":[],"is_endless":false,"potions_floor_spawned":[1,7],"killed_by":"Hexaghost","ascension_level":17}}