{"host":"hqhp2gyqzjx7w974","time":1614365939,"event":{"mods":["BaseMod","Colored Map","Highlight Path","Minty Spire (QoL Compilation)","Permanent Neow","Relic Stats","StSLib"],"gold_per_floor":[115,115,64,64,82,82,108,108,108,119,149,123,298,318,318,318,318],"floor_reached":16,"language":"ENG","playtime":335,"items_purged":[],"score":113,"play_id":"6e231ffe-08b3-42e6-92de-ec0be811179c","local_time":"20210226085859","is_ascension_mode":true,"campfire_choices":[{"data":"Pommel Strike","floor":6,"key":"SMITH"},{"data":"Dark Embrace","floor":8,"key":"SMITH"},{"data":"Doubt","floor":15,"key":"PURGE"}],"circlet_count":0,"master_deck":["Strike_R","Strike_R","Strike_R","Strike_R","Strike_R","Defend_R","Defend_R","Defend_R","Defend_R","Bash+1","Bloodletting","Pommel Strike+1","Dark Embrace+1","Cleave","True Grit","Shrug It Off"],"relics":["Burning Blood","TungstenRod","Pen Nib","Ancient Tea Set","Kunai","Peace Pipe"],"acts_visited":["Exordium"],"potions_floor_usage":[10],"damage_taken":[{"damage":6,"enemies":"Small Slimes","floor":1,"turns":4},{"damage":0,"enemies":"2 Louse","floor":5,"turns":3},{"damage":26,"enemies":"Lagavulin","floor":7,"turns":6},{"damage":2,"enemies":"Jaw Worm","floor":10,"turns":1},{"damage":22,"enemies":"3 Sentries","floor":11,"turns":8},{"damage":16,"enemies":"Large Slime","floor":14,"turns":5},{"damage":31,"enemies":"The Guardian","floor":16,"turns":2}],"seed_played":"-6475719190732301298","potions_obtained":[{"floor":1,"key":"AttackPotion"},{"floor":10,"key":"FearPotion"}],"is_trial":false,"path_per_floor":["M","?","$","?","M","R","E","R","T","M","E","$","?","M","R","B"],"character_chosen":"IRONCLAD","items_purchased":["Pommel Strike","True Grit"],"campfire_rested":0,"item_purchase_floors":[3,12],"current_hp_per_floor":[72,72,72,63,69,69,49,49,49,53,37,37,37,27,27,0,0],"gold":318,"neow_bonus":"ONE_RARE_RELIC","is_daily":false,"chose_seed":false,"campfire_upgraded":2,"win_rate":0.0,"timestamp":1614365939,"path_taken":["M","?","$","?","M","R","E","R","T","?","E","$","?","M","R","BOSS"],"items_purchased_type":["Card","Card"],"build_version":"2020-12-22","purchased_purges":0,"victory":false,"max_hp_per_floor":[72,72,72,72,72,72,72,72,72,72,72,72,72,72,72,72,72],"relic_stats":{"Peace Pipe":1,"counters":[7,29],"Pen Nib":[5],"Kunai":[8],"obtain_stats":[{"Peace Pipe":11,"Pen Nib":4,"Kunai":9,"Ancient Tea Set":7,"Burning Blood":0,"TungstenRod":0},{"Peace Pipe":5,"Pen Nib":1,"Kunai":3,"Ancient Tea Set":3,"Burning Blood":0,"TungstenRod":0},{"Peace Pipe":22,"Pen Nib":4,"Kunai":13,"Ancient Tea Set":13,"Burning Blood":0,"TungstenRod":0}],"Burning Blood":36,"TungstenRod":22},"card_choices":[{"not_picked":["Warcry","True Grit"],"picked":"Bloodletting","floor":1},{"not_picked":["Reckless Charge","Anger","Thunderclap"],"picked":"SKIP","floor":5},{"not_picked":["Power Through","Feel No Pain"],"picked":"Dark Embrace","floor":7},{"not_picked":["Clash","Armaments","Iron Wave"],"picked":"SKIP","floor":10},{"not_picked":["Thunderclap","True Grit"],"picked":"Cleave","floor":11},{"not_picked":["Rage","Flex"],"picked":"Shrug It Off","floor":14}],"player_experience":12277,"relics_obtained":[{"floor":7,"key":"Ancient Tea Set"},{"floor":9,"key":"Kunai"},{"floor":11,"key":"Peace Pipe"}],"event_choices":[{"damage_healed":0,"gold_gain":0,"player_choice":"Grow","damage_taken":0,"max_hp_gain":0,"max_hp_loss":0,"event_name":"Living Wall","floor":2,"gold_loss":0,"cards_upgraded":["Bash"]},{"damage_healed":0,"gold_gain":0,"player_choice":"Success","damage_taken":12,"relics_obtained":["Pen Nib"],"max_hp_gain":0,"max_hp_loss":0,"event_name":"Scrap Ooze","floor":4,"gold_loss":0},{"damage_healed":0,"gold_gain":175,"player_choice":"AGREE","damage_taken":0,"max_hp_gain":0,"max_hp_loss":0,"event_name":"Liars Game","floor":13,"gold_loss":0,"cards_obtained":["Doubt"]}],"is_beta":false,"boss_relics":[],"items_purged_floors":[],"is_endless":false,"potions_floor_spawned":[1,10],"killed_by":"The Guardian","ascension_level":1}}