{"host":"2l5k2wp87eek7qja","time":1614369806,"event":{"mods":["BaseMod","Colored Map","Minty Spire (QoL Compilation)","Relic Stats"],"gold_per_floor":[117,117,129,139,139,169,169,169,169],"floor_reached":8,"language":"ENG","playtime":267,"items_purged":[],"score":112,"play_id":"6f4cdfbc-d937-40e3-88c9-a8c3d74e4def","local_time":"20210226220326","is_ascension_mode":true,"campfire_choices":[{"floor":7,"key":"REST"}],"circlet_count":0,"master_deck":["AscendersBane","Strike_G","Strike_G","Strike_G","Strike_G","Defend_G","Defend_G","Defend_G","Defend_G","Defend_G","Survivor","Neutralize","Unload","Flying Knee","Cloak And Dagger","Cloak And Dagger","Backstab+1"],"relics":["Ring of the Snake","Molten Egg 2"],"acts_visited":["Exordium"],"potions_floor_usage":[6,8],"damage_taken":[{"damage":2,"enemies":"Jaw Worm","floor":1,"turns":4},{"damage":0,"enemies":"Cultist","floor":3,"turns":3},{"damage":4,"enemies":"Small Slimes","floor":4,"turns":3},{"damage":29,"enemies":"Gremlin Nob","floor":6,"turns":4},{"damage":41,"enemies":"Lagavulin","floor":8,"turns":6}],"seed_played":"-2796973085256043403","potions_obtained":[{"floor":3,"key":"SteroidPotion"},{"floor":4,"key":"EssenceOfSteel"},{"floor":6,"key":"LiquidMemories"}],"is_trial":false,"path_per_floor":["M","?","M","M","?","E","R","E"],"character_chosen":"THE_SILENT","items_purchased":[],"campfire_rested":1,"item_purchase_floors":[],"current_hp_per_floor":[42,42,42,38,38,9,28,0,0],"gold":169,"neow_bonus":"THREE_RARE_CARDS","is_daily":false,"chose_seed":false,"campfire_upgraded":0,"win_rate":0.0,"timestamp":1614369806,"path_taken":["M","?","M","?","?","E","R","E"],"items_purchased_type":[],"build_version":"2020-12-22","purchased_purges":0,"victory":false,"max_hp_per_floor":[66,66,66,66,66,66,66,66,66],"relic_stats":{"counters":[5,20],"obtain_stats":[{"Molten Egg 2":6,"Ring of the Snake":0},{"Molten Egg 2":4,"Ring of the Snake":0},{"Molten Egg 2":14,"Ring of the Snake":0}],"Ring of the Snake":[10]},"card_choices":[{"not_picked":["Grand Finale","Venomology"],"picked":"Unload","floor":0},{"not_picked":["Prepared","Bouncing Flask"],"picked":"Flying Knee","floor":1},{"not_picked":["Deflect","Quick Slash"],"picked":"Cloak And Dagger","floor":3},{"not_picked":["Heel Hook","Predator"],"picked":"Cloak And Dagger","floor":4},{"not_picked":["Crippling Poison","Reflex"],"picked":"Backstab+1","floor":6}],"player_experience":912441,"relics_obtained":[{"floor":6,"key":"Molten Egg 2"}],"event_choices":[{"cards_removed":["Strike_G"],"damage_healed":0,"gold_gain":0,"player_choice":"Offered Basic","damage_taken":0,"max_hp_gain":0,"max_hp_loss":0,"event_name":"Bonfire Elementals","floor":2,"gold_loss":0},{"damage_healed":0,"gold_gain":0,"player_choice":"Ignored","damage_taken":0,"max_hp_gain":0,"max_hp_loss":0,"event_name":"Liars Game","floor":5,"gold_loss":0}],"is_beta":false,"boss_relics":[],"items_purged_floors":[],"is_endless":false,"potions_floor_spawned":[3,4,6],"killed_by":"Lagavulin","ascension_level":20}}