{"host":"04hh9gplt9wkfmr1","time":1614327663,"event":{"mods":["AchievementEnabler","BaseMod","Colored Map","KOR Keyword Fix","Minty Spire (QoL Compilation)","Rare Cards Sparkle","SuperFastMode"],"gold_per_floor":[113,113,124,140,159,159,194,206,229,229,229,240,62,87,87,185,185,196,121,28,28,43,77,77,106,106,106,106,121,121,121],"floor_reached":30,"language":"KOR","playtime":823,"items_purged":[],"score":431,"play_id":"38ee4cb3-759d-44e7-80c7-44699e9b21ad","local_time":"20210226172103","is_ascension_mode":true,"campfire_choices":[{"data":"Dualcast","floor":6.0,"key":"SMITH"},{"data":"Echo Form","floor":10.0,"key":"SMITH"},{"floor":15.0,"key":"REST"},{"floor":24,"key":"REST"},{"floor":27,"key":"REST"}],"circlet_count":0,"master_deck":["AscendersBane","Strike_B+1","Strike_B+1","Defend_B+1","Defend_B+1","Defend_B+1","Defend_B+1","Zap","Dualcast+1","Echo Form+1","Hologram","Cold Snap","Defragment+1","Double Energy+1","Static Discharge","Stack","Apotheosis","Biased Cognition","Creative AI","Ball Lightning","Consume","Hologram","Conserve Battery+1","Darkness+1","Loop","Defragment"],"relics":["Cracked Core","Bronze Scales","Bag of Marbles","DataDisk","Sozu","Anchor","Thread and Needle","Blood Vial"],"acts_visited":["Exordium","TheCity"],"potions_floor_usage":[],"damage_taken":[{"damage":1.0,"enemies":"Cultist","floor":1.0,"turns":4.0},{"damage":0.0,"enemies":"Small Slimes","floor":3.0,"turns":3.0},{"damage":2.0,"enemies":"2 Louse","floor":4.0,"turns":2.0},{"damage":4.0,"enemies":"Looter","floor":5.0,"turns":4.0},{"damage":2.0,"enemies":"Lagavulin","floor":7.0,"turns":7.0},{"damage":10.0,"enemies":"Blue Slaver","floor":8.0,"turns":4.0},{"damage":3.0,"enemies":"Gremlin Gang","floor":12.0,"turns":3.0},{"damage":7.0,"enemies":"3 Sentries","floor":14.0,"turns":5.0},{"damage":20.0,"enemies":"The Guardian","floor":16.0,"turns":9.0},{"damage":20.0,"enemies":"Spheric Guardian","floor":18.0,"turns":5.0},{"damage":7,"enemies":"Chosen","floor":22,"turns":4},{"damage":8,"enemies":"Book of Stabbing","floor":23,"turns":5},{"damage":40,"enemies":"Gremlin Leader","floor":25,"turns":7},{"damage":17,"enemies":"Snake Plant","floor":29,"turns":3},{"damage":26,"enemies":"Book of Stabbing","floor":30,"turns":3}],"seed_played":"-8279149360354773343","potions_obtained":[{"floor":3.0,"key":"Ancient Potion"},{"floor":5.0,"key":"Fire Potion"}],"is_trial":false,"path_per_floor":["M","?","M","M","M","R","E","M","T","R","?","M","$","E","R","B",null,"M","?","$","?","M","E","R","E","T","R","?","M","E"],"character_chosen":"DEFECT","items_purchased":["Apotheosis","Consume","Hologram"],"campfire_rested":3,"item_purchase_floors":[13,20,20],"current_hp_per_floor":[49,49,49,47,43,43,41,31,31,31,16,13,13,6,28,8,58,38,38,38,38,31,23,45,5,5,27,27,12,0,0],"gold":121,"neow_bonus":"THREE_RARE_CARDS","is_daily":false,"chose_seed":false,"campfire_upgraded":2,"win_rate":0.0,"timestamp":1614327663,"path_taken":["M","?","?","M","M","R","E","M","T","R","?","M","$","E","R","BOSS","M","?","$","?","M","E","R","E","T","R","?","M","E"],"items_purchased_type":["Card","Card","Card"],"build_version":"2020-12-22","purchased_purges":0,"victory":false,"max_hp_per_floor":[75,75,75,75,75,75,75,75,75,75,75,75,75,75,75,75,75,75,75,75,75,75,75,75,75,75,75,75,75,75,75],"card_choices":[{"not_picked":["Rainbow","Buffer"],"picked":"Echo Form","floor":0.0},{"not_picked":["Gash","Beam Cell"],"picked":"Hologram","floor":1.0},{"not_picked":["Blizzard","Storm","Leap"],"picked":"SKIP","floor":3.0},{"not_picked":["Coolheaded","Reinforced Body"],"picked":"Cold Snap","floor":4.0},{"not_picked":["Stack","Conserve Battery"],"picked":"Defragment","floor":5.0},{"not_picked":["Stack","Streamline"],"picked":"Double Energy","floor":7.0},{"not_picked":["Hello World","Recycle"],"picked":"Static Discharge","floor":8.0},{"not_picked":["Streamline","Redo"],"picked":"Stack","floor":12.0},{"not_picked":["Go for the Eyes","Loop"],"picked":"Biased Cognition","floor":14.0},{"not_picked":["Hyperbeam","All For One"],"picked":"Creative AI","floor":16.0},{"not_picked":["Streamline","Hologram"],"picked":"Ball Lightning","floor":18.0},{"not_picked":["Redo","Force Field"],"picked":"Conserve Battery+1","floor":22},{"not_picked":["FTL","Hyperbeam"],"picked":"Darkness+1","floor":23},{"not_picked":["Hologram","Force Field"],"picked":"Loop","floor":25},{"not_picked":["Coolheaded","Ball Lightning+1"],"picked":"Defragment","floor":29}],"player_experience":176084,"relics_obtained":[{"floor":7.0,"key":"Bronze Scales"},{"floor":9.0,"key":"Bag of Marbles"},{"floor":14.0,"key":"DataDisk"},{"floor":23,"key":"Anchor"},{"floor":25,"key":"Thread and Needle"},{"floor":26,"key":"Blood Vial"}],"event_choices":[{"cards_removed":["Strike_B"],"damage_healed":0.0,"max_hp_gain":0.0,"max_hp_loss":0.0,"gold_gain":0.0,"event_name":"Purifier","player_choice":"Purged","floor":2.0,"gold_loss":0.0,"damage_taken":0.0},{"damage_healed":0.0,"max_hp_gain":0.0,"max_hp_loss":0.0,"gold_gain":0.0,"event_name":"Shining Light","player_choice":"Entered Light","floor":11.0,"gold_loss":0.0,"damage_taken":15.0,"cards_upgraded":["Defragment","Double Energy"]},{"cards_removed":["Strike_B"],"damage_healed":0.0,"max_hp_gain":0.0,"max_hp_loss":0.0,"gold_gain":0.0,"event_name":"Beggar","player_choice":"Gave Gold","floor":19.0,"gold_loss":75.0,"damage_taken":0.0},{"damage_healed":0,"gold_gain":0,"player_choice":"Ignored","damage_taken":0,"max_hp_gain":0,"max_hp_loss":0,"event_name":"Cursed Tome","floor":21,"gold_loss":0},{"damage_healed":0,"gold_gain":0,"player_choice":"Simplicity","damage_taken":0,"max_hp_gain":0,"max_hp_loss":0,"event_name":"Back to Basics","floor":28,"gold_loss":0,"cards_upgraded":["Strike_B","Strike_B","Defend_B","Defend_B","Defend_B","Defend_B"]}],"is_beta":false,"boss_relics":[{"not_picked":["Fusion Hammer","Runic Dome"],"picked":"Sozu"}],"items_purged_floors":[],"is_endless":false,"potions_floor_spawned":[3,5,7,18,22],"killed_by":"Book of Stabbing","ascension_level":11}}