{"host":"kky6uciv0w70iwp6","time":1614310178,"event":{"mods":["Act Like it!","Aspiration","BaseMod","Colored Map","Colored Powertips","Downfall","Gensokyo","Hallownest","Hermit","Koishi","Lobotomy","Marisa£®ÏF”Í°°ƒß¿Ì…≥£©","Minty Spire (QoL Compilation)","Quick Restart","Reimu£®≤©¿ˆ¡È√Œ£©","Remilia£®¿Ÿ√◊¿Ú—«£©","Replay The Spire","StSLib","The Animator","The Bug Knight","The Cursed","The Gatherer","The Hierophant","The Mystic","The Poker Player","The Runesmith","The Servant 0.9.4","Waifu the Spire","Youmu£®ªÍ∆«—˝√Œ£©","Yuyuko"],"gold_per_floor":[119,69,80,80,80,80,114,114,114,130,157,191,207,245,245,366,366,379,402,50,50,149,184,184,217,244,294,312,355,13,36,36,167,167,190,523,543,543,595,595,627,627,627,627,654,654,8,8,8,8,8],"floor_reached":50,"language":"ZHS","playtime":2120,"items_purged":["Regret","ReplayTheSpireMod:Splinters"],"score":705,"play_id":"127b7b56-df51-494f-b54b-b1f653f08b48","local_time":"20210226112938","is_ascension_mode":true,"campfire_choices":[{"floor":6,"key":"RECALL"},{"floor":8,"key":"REST"},{"floor":15,"key":"REST"},{"floor":24,"key":"REST"},{"floor":32,"key":"REST"},{"data":"Demon Form","floor":40,"key":"SMITH"},{"floor":42,"key":"REST"},{"data":"Limit Break","floor":46,"key":"SMITH"}],"circlet_count":0,"master_deck":["Strike_R+1","Strike_R+1","Strike_R+1","Strike_R+1","Defend_R+1","Defend_R+1","Defend_R+1","Iron Wave","Demon Form+1","Pummel","Clothesline","ReplayTheSpireMod:Muscle Training","Juggernaut","Sword Boomerang","Limit Break+1","Heavy Blade+1","Offering","Shrug It Off","Flex","Fire Breathing","Clothesline+1","Dramatic Entrance","Replay:Undeath\u0027s Touch","Thunderclap","Iron Wave","Double Tap","Bandage Up","Warcry+1","Hemogenesis","Rupture","Heavy Blade+1","Clash+1","Thunderclap+1","Headbutt+1","Life Link","Blood for Blood","Iron Wave"],"relics":["Burning Blood","Regal Pillow","Bag of Marbles","RuthlessExorcism:ReiMu","HollowMod:LifeEnderRelic","Replay:Mystery Machine","Question Card","ReplayTheSpireMod:DimensionalGlitch","BargainBundle","Juzu Bracelet","Iron Hammer","Happy Flower","Lantern","Tiny Chest","Divine Protection","Replay:Bronze Core","Art of War","ReplayTheSpireMod:Spearhead","HornCleat","Replay:Towering Pillar of Hats","Thread and Needle","Pen Nib","StoneCalendar"],"acts_visited":["Exordium","TheCity","TheBeyond"],"potions_floor_usage":[12,12,12,14,33,33,33,50,50,50],"damage_taken":[{"damage":10,"enemies":"2 Louse","floor":1,"turns":2},{"damage":7,"enemies":"Small Slimes","floor":3,"turns":4},{"damage":46,"enemies":"3 Sentries","floor":7,"turns":8},{"damage":9,"enemies":"Jaw Worm","floor":10,"turns":3},{"damage":21,"enemies":"Lagavulin","floor":12,"turns":7},{"damage":4,"enemies":"2 Fungi Beasts","floor":13,"turns":2},{"damage":22,"enemies":"3 Sentries","floor":14,"turns":5},{"damage":37,"enemies":"Slime Boss","floor":16,"turns":8},{"damage":18,"enemies":"3 Byrds","floor":18,"turns":5},{"damage":28,"enemies":"Spheric Guardian","floor":19,"turns":4},{"damage":14,"enemies":"Gremlin Leader","floor":23,"turns":3},{"damage":23,"enemies":"Book of Stabbing","floor":25,"turns":3},{"damage":9,"enemies":"Shelled Parasite and Fungi","floor":28,"turns":1},{"damage":23,"enemies":"HollowMod:Nosk","floor":29,"turns":4},{"damage":6,"enemies":"Cultist and Chosen","floor":31,"turns":4},{"damage":16,"enemies":"Automaton","floor":33,"turns":5},{"damage":10,"enemies":"3 Shapes","floor":35,"turns":2},{"damage":36,"enemies":"3 Darklings","floor":37,"turns":5},{"damage":12,"enemies":"HollowMod:StalkingDevout","floor":41,"turns":5},{"damage":4,"enemies":"Reptomancer","floor":45,"turns":3},{"damage":80,"enemies":"Donu and Deca","floor":50,"turns":6}],"seed_played":"-4135701904421939982","potions_obtained":[{"floor":1,"key":"champ:CounterPotion"},{"floor":7,"key":"Adrenaline Potion"},{"floor":10,"key":"GamblersBrew"},{"floor":12,"key":"Fire Potion"},{"floor":23,"key":"DuplicationPotion"},{"floor":37,"key":"SpeedPotion"},{"floor":39,"key":"ZuzhouPotion:ReiMu"},{"floor":39,"key":"Reflective Coating"}],"is_trial":false,"path_per_floor":["M","?","M","?","?","R","E","R","T","M","T","E","M","E","R","B",null,"M","M","$","?","?","E","R","E","T","?","M","E","$","M","R","B",null,"M","?","M","?","?","R","E","R","T","T","E","R","$","?","R_BF","B"],"character_chosen":"IRONCLAD","items_purchased":["BargainBundle","Shrug It Off","Flex","Fire Breathing","Clothesline+1","Dramatic Entrance","SteroidPotion","Strength Potion","AttackPotion","Juzu Bracelet","Divine Protection","Bandage Up","Life Link","Blood for Blood","Pen Nib","StoneCalendar"],"campfire_rested":5,"item_purchase_floors":[20,20,20,20,20,20,20,20,20,20,30,30,47,47,47,47],"current_hp_per_floor":[76,76,75,55,55,55,15,54,54,51,51,36,38,22,61,30,80,65,40,40,40,40,29,68,48,48,48,42,22,22,19,58,48,80,73,73,46,46,46,46,40,79,79,79,80,80,80,80,80,0,0],"gold":8,"neow_bonus":"RANDOM_COMMON_RELIC","is_daily":false,"chose_seed":false,"campfire_upgraded":2,"win_rate":0.0,"timestamp":1614310178,"path_taken":["M","?","M","?","?","R","E","R","T","M","?","E","M","E","R","BOSS","M","M","$","?","?","E","R","E","T","?","M","E","$","M","R","BOSS","M","?","M","?","?","R","E","R","T","?","E","R","$","?","R_BF","BOSS"],"items_purchased_type":["Relic","Card","Card","Card","Card","Card","Potion","Potion","Potion","Relic","Relic","Card","Card","Card","Relic","Relic"],"build_version":"2020-12-22","purchased_purges":2,"victory":false,"max_hp_per_floor":[80,80,80,80,80,80,80,80,80,80,80,80,80,80,80,80,80,80,80,80,80,80,80,80,80,80,80,80,80,80,80,80,80,80,80,80,80,80,80,80,80,80,80,80,80,80,80,80,80,80,80],"card_choices":[{"not_picked":["Twin Strike","Anger"],"picked":"Iron Wave","floor":1},{"not_picked":["Blood for Blood","Warcry"],"picked":"Demon Form","floor":3},{"not_picked":["Feel No Pain","Body Slam"],"picked":"Pummel","floor":7},{"not_picked":["Wild Strike","ReplayReversal"],"picked":"Clothesline","floor":10},{"not_picked":["Combust","Pommel Strike"],"picked":"ReplayTheSpireMod:Muscle Training","floor":12},{"not_picked":["ReplayTheSpireMod:Strike From Hell","Wild Strike"],"picked":"Juggernaut","floor":13},{"not_picked":["Dark Embrace","Dropkick"],"picked":"Sword Boomerang","floor":14},{"not_picked":["Demonic Infusion","Fiend Fire","Barricade"],"picked":"Limit Break","floor":16},{"not_picked":["True Grit+1","Perfected Strike","Dual Wield"],"picked":"Heavy Blade+1","floor":18},{"not_picked":["Dropkick","Headbutt+1","Battle Trance"],"picked":"Offering","floor":19},{"not_picked":["Headbutt","Feel No Pain","ReplayTheSpireMod:Strike From Hell"],"picked":"Replay:Undeath\u0027s Touch","floor":23},{"not_picked":["Intimidate","Replay:Undeath\u0027s Touch","Pummel"],"picked":"Thunderclap","floor":25},{"not_picked":["Warcry","Anger","Power Through+1"],"picked":"Iron Wave","floor":28},{"not_picked":["ReplayReversal+1","Body Slam","Pommel Strike"],"picked":"Double Tap","floor":29},{"not_picked":["Shrug It Off","Run Through","Replay:Undeath\u0027s Touch"],"picked":"Warcry+1","floor":31},{"not_picked":["Fiend Fire","Impervious","Limit Break"],"picked":"Hemogenesis","floor":33},{"not_picked":["Wild Strike","Shrug It Off","Hemokinesis+1"],"picked":"Rupture","floor":35},{"not_picked":["Clothesline","True Grit+1","Warcry"],"picked":"Heavy Blade+1","floor":37},{"not_picked":["Anger+1","ReplayReversal+1","Warcry+1"],"picked":"Clash+1","floor":39},{"not_picked":["ReplayTheSpireMod:Strike From Hell","Ghostly Armor","Twin Strike"],"picked":"Thunderclap+1","floor":41},{"not_picked":["Feel No Pain","Corruption","Run Through+1"],"picked":"Headbutt+1","floor":45}],"player_experience":106088,"relics_obtained":[{"floor":7,"key":"RuthlessExorcism:ReiMu"},{"floor":9,"key":"HollowMod:LifeEnderRelic"},{"floor":12,"key":"Replay:Mystery Machine"},{"floor":14,"key":"Question Card"},{"floor":23,"key":"Iron Hammer"},{"floor":25,"key":"Happy Flower"},{"floor":26,"key":"Lantern"},{"floor":29,"key":"Tiny Chest"},{"floor":39,"key":"Art of War"},{"floor":41,"key":"ReplayTheSpireMod:Spearhead"},{"floor":43,"key":"HornCleat"},{"floor":44,"key":"Replay:Towering Pillar of Hats"},{"floor":45,"key":"Thread and Needle"}],"event_choices":[{"cards_removed":["Defend_R"],"damage_healed":0,"gold_gain":0,"player_choice":"Card Removal","damage_taken":0,"max_hp_gain":0,"max_hp_loss":0,"event_name":"The Cleric","floor":2,"gold_loss":50},{"damage_healed":0,"gold_gain":0,"player_choice":"Take Damage","damage_taken":20,"relics_obtained":["Golden Idol"],"max_hp_gain":0,"max_hp_loss":0,"event_name":"Golden Idol","floor":4,"gold_loss":0},{"damage_healed":0,"gold_gain":0,"player_choice":"Box","damage_taken":0,"relics_obtained":["Bag of Marbles"],"max_hp_gain":0,"max_hp_loss":0,"event_name":"Big Fish","floor":5,"gold_loss":0,"cards_obtained":["Regret"]},{"damage_healed":0,"gold_gain":0,"player_choice":"Simplicity","damage_taken":0,"max_hp_gain":0,"max_hp_loss":0,"event_name":"Back to Basics","floor":21,"gold_loss":0,"cards_upgraded":["Strike_R","Strike_R","Strike_R","Strike_R","Strike_R","Defend_R","Defend_R","Defend_R"]},{"damage_healed":0,"gold_gain":99,"player_choice":"Stole From Cult","damage_taken":0,"max_hp_gain":0,"max_hp_loss":0,"event_name":"Nest","floor":22,"gold_loss":0},{"damage_healed":0,"gold_gain":100,"player_choice":"Bet on Murderer","damage_taken":0,"max_hp_gain":0,"max_hp_loss":0,"event_name":"The Joust","floor":27,"gold_loss":50},{"damage_healed":0,"gold_gain":333,"player_choice":"Gave Idol","damage_taken":0,"max_hp_gain":0,"max_hp_loss":0,"event_name":"The Moai Head","floor":36,"relics_lost":["Golden Idol"],"gold_loss":0},{"damage_healed":0,"gold_gain":0,"player_choice":"Ignored","damage_taken":0,"max_hp_gain":0,"max_hp_loss":0,"event_name":"Tomb of Lord Red Mask","floor":38,"gold_loss":0},{"cards_removed":["Bash"],"damage_healed":0,"gold_gain":0,"player_choice":"Removed Attack","damage_taken":0,"max_hp_gain":0,"max_hp_loss":0,"event_name":"Falling","floor":48,"gold_loss":0}],"is_beta":false,"boss_relics":[{"not_picked":["Tiny House","Empty Cage"],"picked":"ReplayTheSpireMod:DimensionalGlitch"},{"not_picked":["aspiration:RitualDagger","aspiration:MarisaSkillbook"],"picked":"Replay:Bronze Core"}],"items_purged_floors":[20,47],"is_endless":false,"potions_floor_spawned":[1,7,10,12,23,25,29,37,41],"killed_by":"Donu and Deca","ascension_level":2}}