{"host":"mi0eibewekhugwl1","time":1614345881,"event":{"mods":["AchievementEnabler","BaseMod","Colored Map","Colored Powertips","DeckTracker","Keyboard Shortcuts","Minty Spire (QoL Compilation)","Quick Restart","Rare Cards Sparkle","Relic Stats","StSLib","SuperFastMode","everything is the same but u backflip on backflip"],"gold_per_floor":[117,117,136,19,36,36,70,81,81,100,100,100],"floor_reached":11,"language":"KOR","playtime":155,"items_purged":["Strike_R"],"score":150,"play_id":"229b9b04-f6c2-4dce-95e3-f38772771fe7","local_time":"20210226222441","is_ascension_mode":true,"campfire_choices":[{"data":"Inflame","floor":6,"key":"SMITH"}],"circlet_count":0,"master_deck":["AscendersBane","Strike_R","Strike_R","Strike_R","Strike_R","Defend_R","Defend_R","Defend_R","Defend_R","Bash+1","Rampage","Cleave","Inflame+1","Fire Breathing","Flame Barrier","Disarm","Fire Breathing"],"relics":["Burning Blood","Paper Frog","Mummified Hand"],"acts_visited":["Exordium"],"potions_floor_usage":[11,11],"damage_taken":[{"damage":14,"enemies":"Small Slimes","floor":1,"turns":3},{"damage":6,"enemies":"Cultist","floor":3,"turns":3},{"damage":5,"enemies":"2 Louse","floor":5,"turns":4},{"damage":35,"enemies":"Lagavulin","floor":7,"turns":6},{"damage":16,"enemies":"2 Fungi Beasts","floor":8,"turns":3},{"damage":1,"enemies":"Looter","floor":10,"turns":3},{"damage":44,"enemies":"Gremlin Nob","floor":11,"turns":4}],"seed_played":"8606050146118927503","potions_obtained":[{"floor":7,"key":"Energy Potion"},{"floor":8,"key":"Strength Potion"}],"is_trial":false,"path_per_floor":["M","?","M","$","M","R","E","M","T","M","E"],"character_chosen":"IRONCLAD","items_purchased":["Inflame"],"campfire_rested":0,"item_purchase_floors":[4],"current_hp_per_floor":[60,75,75,75,75,75,46,36,36,41,0,0],"gold":100,"neow_bonus":"UPGRADE_CARD","is_daily":false,"chose_seed":false,"campfire_upgraded":1,"win_rate":0.0,"timestamp":1614345881,"path_taken":["M","?","M","$","M","R","E","M","T","M","E"],"items_purchased_type":["Card"],"build_version":"2020-12-22","purchased_purges":1,"victory":false,"max_hp_per_floor":[75,75,75,75,75,75,75,75,75,75,75,75],"relic_stats":{"counters":[7,26],"Mummified Hand":[4],"obtain_stats":[{"Mummified Hand":9,"Burning Blood":0,"Paper Frog":7},{"Mummified Hand":5,"Burning Blood":0,"Paper Frog":4},{"Mummified Hand":19,"Burning Blood":0,"Paper Frog":16}],"Burning Blood":35},"card_choices":[{"not_picked":["Perfected Strike","Sword Boomerang"],"picked":"Rampage","floor":1},{"not_picked":["Clothesline","Clash"],"picked":"Cleave","floor":3},{"not_picked":["Shrug It Off","Blood for Blood"],"picked":"Fire Breathing","floor":5},{"not_picked":["Flex","Clash"],"picked":"Flame Barrier","floor":7},{"not_picked":["Headbutt","Carnage"],"picked":"Disarm","floor":8},{"not_picked":["Disarm","Thunderclap"],"picked":"Fire Breathing","floor":10}],"player_experience":1832974,"relics_obtained":[{"floor":7,"key":"Paper Frog"},{"floor":9,"key":"Mummified Hand"}],"event_choices":[{"damage_healed":15,"gold_gain":0,"player_choice":"Full Heal","damage_taken":0,"max_hp_gain":0,"max_hp_loss":0,"event_name":"Wheel of Change","floor":2,"gold_loss":0}],"is_beta":false,"boss_relics":[],"items_purged_floors":[4],"is_endless":false,"potions_floor_spawned":[7,8,10],"killed_by":"Gremlin Nob","ascension_level":20}}