{"host":"liu","time":1614345470,"event":{"mods":["100% Spire Juice","ATMod(∞¢Ë™Mod)","Act Like it!","Arknights","BaseMod","KinomotoSakuraMod(ƒæ÷Æ±æ”£)","Lobotomy","Marisa£®ÏF”Í°°ƒß¿Ì…≥£©","Minty Spire (QoL Compilation)","Reimu£®≤©¿ˆ¡È√Œ£©","Remilia£®¿Ÿ√◊¿Ú—«£©","StSLib","TestMod","The Construct","The Senshi","Youmu£®ªÍ∆«—˝√Œ£©","°æ“≈ŒÔø®≈∆°øREMEMod"],"gold_per_floor":[117,97,108,108,123,151,151,151,151,175,223,0,34,48,48,125,125,136,51,51,68,66,62,62,93,117,117,117,128,197,222,222,224,224,240,253,253,131,148,174,174,192,218,218,236,236,254,280,280,278],"floor_reached":51,"language":"ZHS","playtime":1984,"items_purged":["Poor:ReiMu","Strike_G"],"score":2132,"play_id":"4a7b06c9-c626-4e56-89f7-0fecfbe8f214","local_time":"20210226211750","is_ascension_mode":true,"campfire_choices":[{"data":"Neutralize","floor":8.0,"key":"SMITH"},{"floor":15.0,"key":"REST"},{"data":"Cloak And Dagger","floor":24.0,"key":"SMITH"},{"data":"Blade Dance","floor":27.0,"key":"SMITH"},{"data":"AT_ShadowStep","floor":32.0,"key":"SMITH"},{"data":"Cloak And Dagger","floor":46.0,"key":"SMITH"},{"data":"Dodge and Roll","floor":49,"key":"SMITH"}],"circlet_count":0,"master_deck":["AscendersBane","Strike_G+1","Strike_G","Strike_G","Defend_G+1","Defend_G","Defend_G","Defend_G","Defend_G","Survivor","Neutralize+1","Moonworks:FinalBattle","AT_SoftenMuscles","AT_WindFlip","AT_TinkerSharpsword","AT_ShadowStep+1","AT_TinkerSharpsword","Acrobatics","Blade Dance+1","AT_Desolate","Phantasmal Killer+1","Accuracy","Dodge and Roll+1","Cloak And Dagger+1","Accuracy","Acrobatics+1","AT_KingSlayer+1","Dodge and Roll+1","Cloak And Dagger+1"],"relics":["Ring of the Snake","AT_ATBox","testmod-TestBox","REME_ComplimentaryCards","testmod-CrystalShield","NeowsBlessing","Dream Catcher","YidongShenshe:ReiMu","Shuriken","Odd Mushroom","AT_BladeRuinedKing","AT_SilvercatRing","testmod-GoldenSoul","InkBottle","Omamori","AT_ArcaneBoots","Bottled Flame","testmod-IndustrialRevolution","Calling Bell","theSenshi:SailorFukuRelic","Pear","Blue Candle","testmod-LifeArmor","Snake Skull","Ancient Tea Set","Vajra"],"acts_visited":["Exordium","TheCity","TheBeyond"],"potions_floor_usage":[],"damage_taken":[{"damage":0.0,"enemies":"Jaw Worm","floor":1.0,"turns":1.0},{"damage":0.0,"enemies":"Cultist","floor":3.0,"turns":1.0},{"damage":0.0,"enemies":"Small Slimes","floor":5.0,"turns":1.0},{"damage":23.0,"enemies":"3 Sentries","floor":6.0,"turns":11.0},{"damage":9.0,"enemies":"The Mushroom Lair","floor":10.0,"turns":2.0},{"damage":0.0,"enemies":"Looter","floor":11.0,"turns":4.0},{"damage":0.0,"enemies":"Gremlin Nob","floor":13.0,"turns":2.0},{"damage":0.0,"enemies":"2 Fungi Beasts","floor":14.0,"turns":3.0},{"damage":0.0,"enemies":"Hexaghost","floor":16.0,"turns":6.0},{"damage":12.0,"enemies":"Shell Parasite","floor":18.0,"turns":5.0},{"damage":0.0,"enemies":"Spheric Guardian","floor":21.0,"turns":2.0},{"damage":0.0,"enemies":"Centurion and Healer","floor":22.0,"turns":4.0},{"damage":0.0,"enemies":"Slavers","floor":23.0,"turns":3.0},{"damage":0.0,"enemies":"Gremlin Leader","floor":25.0,"turns":5.0},{"damage":2.0,"enemies":"Chosen and Byrds","floor":29.0,"turns":7.0},{"damage":0.0,"enemies":"Collector","floor":33.0,"turns":8.0},{"damage":20.0,"enemies":"Orb Walker","floor":35.0,"turns":4.0},{"damage":2.0,"enemies":"3 Shapes","floor":36.0,"turns":2.0},{"damage":0.0,"enemies":"Jaw Worm Horde","floor":39.0,"turns":2.0},{"damage":0.0,"enemies":"Giant Head","floor":40.0,"turns":5.0},{"damage":0.0,"enemies":"Nemesis","floor":42.0,"turns":5.0},{"damage":0.0,"enemies":"Reptomancer","floor":45.0,"turns":3.0},{"damage":0.0,"enemies":"Spire Growth","floor":47.0,"turns":1.0},{"damage":0,"enemies":"Giant Head","floor":48,"turns":3},{"damage":0,"enemies":"Time Eater","floor":50,"turns":4}],"seed_played":"-8952465369214406438","potions_obtained":[{"floor":2.0,"key":"Fruit Juice"},{"floor":6.0,"key":"AttackPotion"},{"floor":10.0,"key":"REME_GoldPotion"},{"floor":11.0,"key":"Weak Potion"},{"floor":14.0,"key":"Block Potion"},{"floor":18.0,"key":"PowerPotion"},{"floor":29.0,"key":"ZuzhouPotion:ReiMu"},{"floor":33.0,"key":"testmod-TestPotion"},{"floor":40.0,"key":"BlessingOfTheForge"},{"floor":45.0,"key":"DistilledChaos"}],"is_trial":false,"path_per_floor":["M","?","M","?","M","E","?","R","T","?","M","$","E","M","R","B",null,"M","?","?","M","M","E","R","E","T","R","$","M","T","T","R","B",null,"M","M","?","$","M","E","$","E","T","$","E","R","M","E","R","B",null],"character_chosen":"THE_SILENT","items_purchased":["AT_BladeRuinedKing","Cloak And Dagger"],"campfire_rested":1,"item_purchase_floors":[12,38],"current_hp_per_floor":[59,64,64,43,43,20,20,20,20,11,11,11,11,11,32,32,17,5,5,5,5,5,5,5,5,5,5,5,3,3,3,3,3,24,4,2,2,2,2,2,2,2,2,2,2,2,2,2,2,2],"gold":278,"neow_bonus":"THREE_ENEMY_KILL","is_daily":false,"chose_seed":false,"campfire_upgraded":6,"win_rate":0.0,"timestamp":1614345470,"path_taken":["M","?","?","?","M","E","?","R","T","?","M","$","E","M","R","BOSS","M","?","?","M","?","E","R","E","T","R","$","M","?","?","R","BOSS","M","M","?","$","M","E","$","E","T","?","E","R","M","E","R","BOSS"],"items_purchased_type":["Relic","Card"],"build_version":"2020-12-18","purchased_purges":2,"victory":true,"max_hp_per_floor":[66,71,71,71,71,71,71,71,71,71,71,71,71,71,71,71,17,17,17,17,17,17,17,17,17,17,17,17,17,17,17,17,17,27,27,27,27,27,27,27,27,27,27,27,27,27,27,27,27,27],"card_choices":[{"not_picked":["Cloak And Dagger","All Out Attack","Infinite Blades"],"picked":"SKIP","floor":1.0},{"not_picked":["Catalyst","Bouncing Flask"],"picked":"AT_WindFlip","floor":3.0},{"not_picked":["Cloak And Dagger","Caltrops"],"picked":"AT_TinkerSharpsword","floor":5.0},{"not_picked":["PiercingWail","REME_GreenPollution","AT_WindFlip"],"picked":"SKIP","floor":6.0},{"not_picked":["Deadly Poison","Quick Slash"],"picked":"AT_ShadowStep","floor":10.0},{"not_picked":["Flying Knee","Deadly Poison"],"picked":"AT_TinkerSharpsword","floor":11.0},{"not_picked":["Tools of the Trade","Poisoned Stab"],"picked":"Acrobatics","floor":13.0},{"not_picked":["Quick Slash","Deflect"],"picked":"Blade Dance","floor":14.0},{"not_picked":["Crippling Poison","Quick Slash"],"picked":"AT_Desolate","floor":15.0},{"not_picked":["Die Die Die","Storm of Steel"],"picked":"Phantasmal Killer","floor":16.0},{"not_picked":["Deflect","Skewer"],"picked":"Accuracy","floor":18.0},{"not_picked":["Underhanded Strike","Deadly Poison"],"picked":"Dodge and Roll","floor":21.0},{"not_picked":["Dodge and Roll","AT_TinkerSharpsword"],"picked":"Cloak And Dagger","floor":22.0},{"not_picked":["Dodge and Roll","Bullet Time","Underhanded Strike"],"picked":"SKIP","floor":23.0},{"not_picked":["Bane","AT_WindFlip"],"picked":"Accuracy","floor":25.0},{"not_picked":["Deflect","Deadly Poison"],"picked":"Acrobatics+1","floor":29.0},{"not_picked":["Glass Knife","Bullet Time"],"picked":"AT_KingSlayer","floor":33.0},{"not_picked":["Slice+1","Concentrate","Poisoned Stab+1"],"picked":"SKIP","floor":35.0},{"not_picked":["Catalyst","Accuracy"],"picked":"Dodge and Roll+1","floor":36.0},{"not_picked":["Poisoned Stab","Cloak And Dagger+1","Flechettes+1"],"picked":"SKIP","floor":39.0},{"not_picked":["Crippling Poison","Flying Knee","Dagger Throw+1"],"picked":"SKIP","floor":40.0},{"not_picked":["Burst","Slice","Quick Slash+1"],"picked":"SKIP","floor":42.0},{"not_picked":["Catalyst","Reflex","Expertise+1"],"picked":"SKIP","floor":45.0},{"not_picked":["Quick Slash+1","Underhanded Strike","Dodge and Roll"],"picked":"SKIP","floor":47},{"not_picked":["Quick Slash","Underhanded Strike","Blur+1"],"picked":"SKIP","floor":48}],"player_experience":414750,"relics_obtained":[{"floor":6.0,"key":"Dream Catcher"},{"floor":9.0,"key":"Shuriken"},{"floor":10.0,"key":"Odd Mushroom"},{"floor":13.0,"key":"AT_SilvercatRing"},{"floor":23.0,"key":"Omamori"},{"floor":25.0,"key":"AT_SpeedBoots"},{"floor":30.0,"key":"Bottled Flame"},{"floor":31.0,"key":"testmod-IndustrialRevolution"},{"floor":34.0,"key":"theSenshi:SailorFukuRelic"},{"floor":34.0,"key":"Pear"},{"floor":40.0,"key":"Blue Candle"},{"floor":42.0,"key":"testmod-LifeArmor"},{"floor":43.0,"key":"Snake Skull"},{"floor":45.0,"key":"Ancient Tea Set"},{"floor":48,"key":"Vajra"}],"event_choices":[{"damage_healed":0.0,"max_hp_gain":0.0,"max_hp_loss":0.0,"gold_gain":0.0,"event_name":"The Woman in Blue","player_choice":"Bought 1 Potion","floor":2.0,"gold_loss":0.0,"damage_taken":0.0},{"damage_healed":0.0,"max_hp_gain":0.0,"max_hp_loss":0.0,"gold_gain":0.0,"event_name":"Shining Light","player_choice":"Entered Light","floor":4.0,"gold_loss":0.0,"damage_taken":21.0,"cards_upgraded":["Strike_G","Defend_G"]},{"damage_healed":0.0,"max_hp_gain":0.0,"max_hp_loss":0.0,"gold_gain":0.0,"event_name":"yidonshenshe","player_choice":"¥¯◊ﬂ…Ò…Á","floor":7.0,"gold_loss":0.0,"damage_taken":0.0,"relics_obtained":["YidongShenshe:ReiMu"],"cards_obtained":["Poor:ReiMu"]},{"damage_healed":0.0,"max_hp_gain":0.0,"max_hp_loss":0.0,"gold_gain":0.0,"event_name":"Mushrooms","player_choice":"Fought Mushrooms","floor":10.0,"gold_loss":0.0,"damage_taken":0.0},{"damage_healed":0.0,"max_hp_gain":0.0,"max_hp_loss":0.0,"gold_gain":0.0,"event_name":"Addict","player_choice":"Obtained Relic","floor":19.0,"gold_loss":85.0,"damage_taken":0.0,"relics_obtained":["InkBottle"]},{"damage_healed":0.0,"max_hp_gain":0.0,"max_hp_loss":0.0,"gold_gain":0.0,"event_name":"N\u0027loth","player_choice":"Ignored","floor":20.0,"gold_loss":0.0,"damage_taken":0.0},{"cards_removed":["Strike_G"],"damage_healed":0.0,"max_hp_gain":0.0,"max_hp_loss":0.0,"gold_gain":0.0,"event_name":"Wheel of Change","player_choice":"Card Removal","floor":37.0,"gold_loss":0.0,"damage_taken":0.0}],"is_beta":true,"boss_relics":[{"not_picked":["REME_DemonsWealth","Sozu"],"picked":"testmod-GoldenSoul"},{"not_picked":["testmod-TimeTraveler","AT_MortalBlade"],"picked":"Calling Bell"}],"items_purged_floors":[12,38],"is_endless":false,"potions_floor_spawned":[6,10,11,14,18,21,29,33,40,45,47],"ascension_level":15}}