{"host":"232321312","time":1614348729,"event":{"mods":["BaseMod","Colored Powertips","Downfall","KinomotoSakuraMod(木之本樱)","LagranYue(拉格朗・月)","Marisa（F雨　魔理沙）","Minty Spire (QoL Compilation)","READ ME - Guardian Mod","Remilia（蕾米莉亚）","Replay The Spire","Shop Mod","StSLib","Td1madao Mod","The Construct","The Hierophant","The Senshi","The Servant 0.9.4","Yuri Mod"],"gold_per_floor":[113,113,188,188,39,67,79,124,136,165,187,199,229,269,281,392,404,427,439,466,492,519,561,598,148,173,193,193,218,218,236,236,355,355,379,601,601,352,352,352,28,66,66,89,89,120,120,149,149,163],"floor_reached":51,"language":"ZHS","playtime":5187,"items_purged":["theSenshi:SailorKick","theSenshi:LunaSensingAllies","Looming Evil"],"score":888,"play_id":"81be784b-b4aa-4b9c-8c67-0b55cb088200","local_time":"20210226221209","is_ascension_mode":false,"campfire_choices":[{"floor":15.0,"key":"REST"},{"data":"theSenshi:MoonGorgeousMeditation","floor":28.0,"key":"SMITH"},{"data":"theSenshi:MoonCrisisMakeUp","floor":30.0,"key":"SMITH"},{"data":"theSenshi:CrisisMakeUp","floor":32.0,"key":"SMITH"},{"data":"ReplayUltimateDefense","floor":40,"key":"SMITH"},{"data":"Pot Of Greed","floor":47,"key":"SMITH"},{"data":"Pot Of Greed","floor":49,"key":"SMITH"}],"circlet_count":0,"master_deck":["theSenshi:SailorKick","theSenshi:SailorKick","theSenshi:SailorKick","theSenshi:SailorBlock+1","theSenshi:SailorBlock","theSenshi:SailorBlock+1","theSenshi:RoseThrow","theSenshi:MoonPrismPowerMakeUp","theSenshi:SailorUranusAssists","theSenshi:MoonCrisisMakeUp+1","theSenshi:SailorStarMakerAssists","theSenshi:SailorNeptuneAssists+1","theSenshi:MercurysCunning","theSenshi:MoonGorgeousMeditation+1","theSenshi:CrisisMakeUp+1","theSenshi:MoonSpiralHeartAttack","Pot Of Greed+1","Pot Of Greed+1","theSenshi:NeptunesGrace","theSenshi:SailorCosmosAssists","ReplayUltimateDefense+1"],"relics":["theSenshi:TransformationBroochRelic","LagranYue:RandomDrawCardRelic","NeowsBlessing","Bottled Tornado","Blue Candle","MawBank","ReplayTheSpireMod:Shallot","Replay:Mystery Machine","CaptainsWheel","Snecko Eye","Grinning Jar","Red Mask","Replay:Towering Pillar of Hats","theSenshi:RedHairPiecesRelic","Strawberry","Replay:Bandana","Busted Crown","Potion Belt","ReplayTheSpireMod:Ring of Collecting","Ring of Fangs","ReplayTheSpireMod:Lightbulb","StrikeDummy","Gremlin Food","Ring of Hypnosis"],"acts_visited":["Exordium","TheCity","TheBeyond"],"potions_floor_usage":[50,50,50,50],"damage_taken":[{"damage":0.0,"enemies":"Cultist","floor":1.0,"turns":1.0},{"damage":0.0,"enemies":"Replay:BlueRogue","floor":6.0,"turns":1.0},{"damage":0.0,"enemies":"3 Sentries","floor":8.0,"turns":2.0},{"damage":0.0,"enemies":"2 Louse","floor":10.0,"turns":4.0},{"damage":0.0,"enemies":"Small Slimes","floor":11.0,"turns":3.0},{"damage":0.0,"enemies":"Looter","floor":13.0,"turns":4.0},{"damage":28.0,"enemies":"Lagavulin","floor":14.0,"turns":10.0},{"damage":36.0,"enemies":"The Guardian","floor":16.0,"turns":18.0},{"damage":2.0,"enemies":"Shell Parasite","floor":18.0,"turns":6.0},{"damage":0.0,"enemies":"3 Byrds","floor":20.0,"turns":6.0},{"damage":0.0,"enemies":"Snake Plant","floor":21.0,"turns":3.0},{"damage":0.0,"enemies":"Centurion and Healer","floor":22.0,"turns":5.0},{"damage":0.0,"enemies":"Replay:Snechameleon","floor":23.0,"turns":7.0},{"damage":0.0,"enemies":"Masked Bandits","floor":24.0,"turns":4.0},{"damage":5.0,"enemies":"Snecko","floor":27.0,"turns":5.0},{"damage":9.0,"enemies":"Snake Plant","floor":31.0,"turns":4.0},{"damage":4.0,"enemies":"Pondfish","floor":33.0,"turns":14.0},{"damage":13,"enemies":"3 Darklings","floor":35,"turns":4},{"damage":0,"enemies":"Giant Head","floor":42,"turns":8},{"damage":0,"enemies":"Orb Walker","floor":44,"turns":3},{"damage":0,"enemies":"Transient","floor":46,"turns":5},{"damage":0,"enemies":"Writhing Mass","floor":48,"turns":4},{"damage":0,"enemies":"Replay:Hell Engine","floor":50,"turns":14}],"seed_played":"-654950487199544319","potions_obtained":[{"floor":1.0,"key":"Swift Potion"},{"floor":6.0,"key":"AttackPotion"},{"floor":14.0,"key":"Dexterity Potion"},{"floor":18.0,"key":"Explosive Potion"},{"floor":20.0,"key":"Block Potion"},{"floor":22.0,"key":"ColorlessPotion"},{"floor":33.0,"key":"Adrenaline Potion"},{"floor":44,"key":"Swift Potion"}],"is_trial":false,"path_per_floor":["M","T","?","?","$","E","$","E","T","M","M","?","M","E","R","B",null,"M","?","M","M","M","E","?","$","T","M","R","T","R","M","R","B",null,"M","?","?","$","?","R","$","E","T","M","?","M","R","M","R","B",null],"character_chosen":"THE_SENSHI","items_purchased":["theSenshi:MoonCrisisMakeUp","Replay:Towering Pillar of Hats","theSenshi:RedHairPiecesRelic","Potion Belt","ReplayTheSpireMod:Lightbulb"],"campfire_rested":1,"item_purchase_floors":[5,25,25,38,41],"current_hp_per_floor":[75,75,64,59,59,59,59,59,59,59,59,44,44,16,38,2,75,73,73,73,73,73,73,73,73,80,75,75,75,75,66,66,62,82,69,69,59,59,59,59,59,59,59,59,59,64,64,74,74,82],"gold":163,"neow_bonus":"THREE_ENEMY_KILL","is_daily":false,"chose_seed":false,"campfire_upgraded":6,"win_rate":0.0,"timestamp":1614348729,"path_taken":["M","?","?","?","$","E","$","E","T","M","M","?","M","E","R","BOSS","M","?","M","M","?","E","?","$","T","M","R","?","R","M","R","BOSS","M","?","?","$","?","R","$","E","T","?","?","M","R","M","R","BOSS"],"items_purchased_type":["Card","Relic","Relic","Relic","Relic"],"build_version":"2020-12-18","purchased_purges":3,"victory":true,"max_hp_per_floor":[75,75,75,75,75,75,75,75,75,75,75,75,75,75,75,75,75,75,75,75,75,75,75,75,75,82,82,82,82,82,82,82,82,82,82,82,82,82,82,82,82,82,82,82,82,82,82,82,82,82],"card_choices":[{"not_picked":["theSenshi:SailorNeptuneAssists","theSenshi:MoonsReflection"],"picked":"theSenshi:SailorUranusAssists","floor":1.0},{"not_picked":["theSenshi:LunaWiseMentor","theSenshi:DramaticEntrance"],"picked":"theSenshi:SailorStarMakerAssists","floor":6.0},{"not_picked":["theSenshi:InTheNickOfTime","theSenshi:MoonsReflection"],"picked":"theSenshi:SailorNeptuneAssists","floor":8.0},{"not_picked":["theSenshi:SailorChibiMoonAssists","theSenshi:SailorMarsAssists","theSenshi:MoonPrincessHalation"],"picked":"SKIP","floor":10.0},{"not_picked":["theSenshi:SailorMarsAssists","theSenshi:DramaticEntrance","theSenshi:InTheNickOfTime"],"picked":"SKIP","floor":11.0},{"not_picked":["theSenshi:MoonsReflection","theSenshi:Sidestep","theSenshi:GatheringStrength"],"picked":"SKIP","floor":13.0},{"not_picked":["theSenshi:LateForSchool","theSenshi:SailorVenusAssists"],"picked":"theSenshi:MercurysCunning","floor":14.0},{"not_picked":["theSenshi:LunaSensingAllies","theSenshi:SailorCosmosAssists"],"picked":"theSenshi:MoonGorgeousMeditation","floor":16.0},{"not_picked":["theSenshi:SailorChibiMoonAssists","theSenshi:SailorPlanetPower+1"],"picked":"theSenshi:CrisisMakeUp","floor":18.0},{"not_picked":["theSenshi:MoonsReflection","theSenshi:MoonPunch"],"picked":"theSenshi:MoonSpiralHeartAttack","floor":20.0},{"not_picked":["theSenshi:SailorVenusAssists","theSenshi:MoonCosmicPowerMakeUp+1","theSenshi:SupersonicWaves"],"picked":"SKIP","floor":21.0},{"not_picked":["theSenshi:TuxedoSmokingBomber","theSenshi:TallSilhouette","theSenshi:SchoolBag"],"picked":"SKIP","floor":22.0},{"not_picked":["theSenshi:TuxedoSmokingBomber","theSenshi:TallSilhouette","theSenshi:SchoolBag"],"picked":"SKIP","floor":22.0},{"not_picked":["theSenshi:SupersonicWaves","theSenshi:PlutosSolemnity"],"picked":"theSenshi:LunaSensingAllies","floor":23.0},{"not_picked":["theSenshi:MoonKick+1","theSenshi:SailorUranusAssists+1","theSenshi:MoonPunch+1"],"picked":"SKIP","floor":27.0},{"not_picked":["theSenshi:SailorMercuryAssists","theSenshi:LateForSchool"],"picked":"theSenshi:NeptunesGrace","floor":31.0},{"not_picked":["theSenshi:FatedKiss","theSenshi:LunaSensingAllies"],"picked":"theSenshi:SailorCosmosAssists","floor":33.0},{"not_picked":["theSenshi:LunasBite+1"],"picked":"SKIP","floor":35},{"not_picked":[],"picked":"ReplayUltimateDefense","floor":37},{"not_picked":["theSenshi:SailorMercuryAssists+1"],"picked":"SKIP","floor":42},{"not_picked":["theSenshi:LunaWiseMentor"],"picked":"SKIP","floor":44},{"not_picked":["theSenshi:GatheringStrength+1"],"picked":"SKIP","floor":46},{"not_picked":["theSenshi:TuxedoSmokingBomber"],"picked":"SKIP","floor":48}],"player_experience":734322,"relics_obtained":[{"floor":2.0,"key":"Bottled Tornado"},{"floor":6.0,"key":"MawBank"},{"floor":8.0,"key":"ReplayTheSpireMod:Shallot"},{"floor":9.0,"key":"Replay:Mystery Machine"},{"floor":14.0,"key":"CaptainsWheel"},{"floor":23.0,"key":"Grinning Jar"},{"floor":24.0,"key":"Red Mask"},{"floor":26.0,"key":"Strawberry"},{"floor":29.0,"key":"Replay:Bandana"},{"floor":39,"key":"ReplayTheSpireMod:Ring of Collecting"},{"floor":39,"key":"Ring of Fangs"},{"floor":42,"key":"StrikeDummy"},{"floor":43,"key":"Gremlin Food"},{"floor":43,"key":"Ring of Hypnosis"}],"event_choices":[{"damage_healed":0.0,"max_hp_gain":0.0,"max_hp_loss":0.0,"gold_gain":75.0,"event_name":"World of Goop","player_choice":"Gather Gold","floor":3.0,"gold_loss":0.0,"damage_taken":11.0},{"damage_healed":0.0,"max_hp_gain":0.0,"max_hp_loss":0.0,"gold_gain":0.0,"event_name":"Shining Light","player_choice":"Entered Light","floor":12.0,"gold_loss":0.0,"damage_taken":15.0,"cards_upgraded":["theSenshi:SailorBlock","theSenshi:SailorBlock"]},{"cards_removed":["theSenshi:SailorBlock"],"damage_healed":0.0,"max_hp_gain":0.0,"max_hp_loss":0.0,"gold_gain":0.0,"event_name":"Purifier","player_choice":"Purged","floor":19.0,"gold_loss":0.0,"damage_taken":0.0},{"damage_healed":0.0,"max_hp_gain":0.0,"max_hp_loss":0.0,"gold_gain":0.0,"event_name":"Masked Bandits","player_choice":"Fought Bandits","floor":24.0,"gold_loss":0.0,"damage_taken":0.0},{"damage_healed":0,"gold_gain":222,"player_choice":"Wore Mask","damage_taken":0,"max_hp_gain":0,"max_hp_loss":0,"event_name":"Tomb of Lord Red Mask","floor":36,"gold_loss":0},{"damage_healed":0,"gold_gain":0,"player_choice":"Memory 3","damage_taken":10,"max_hp_gain":0,"max_hp_loss":0,"event_name":"SensoryStone","floor":37,"gold_loss":0},{"damage_healed":0,"gold_gain":0,"player_choice":"Upgraded","damage_taken":0,"max_hp_gain":0,"max_hp_loss":0,"event_name":"Upgrade Shrine","floor":45,"gold_loss":0,"cards_upgraded":["theSenshi:SailorNeptuneAssists"]}],"is_beta":true,"boss_relics":[{"not_picked":["Pandora\u0027s Box","SacredBark"],"picked":"Snecko Eye"},{"not_picked":["Calling Bell","Cursed Key"],"picked":"Busted Crown"}],"items_purged_floors":[5,38,41],"is_endless":false,"potions_floor_spawned":[1,6,14,18,20,22,31,33,44],"ascension_level":0}}