{"host":"qrbkigq52dd42dk0","time":1614375431,"event":{"mods":["AchievementEnabler","BaseMod","Colored Map","Colored Powertips","Minty Spire (QoL Compilation)","Morshu Shopkeeper - ENHANCED","Quick Restart","StSLib","SuperFastMode","The IronCluck","everything is the same but u backflip on backflip"],"gold_per_floor":[118,137,137,149,168,203,220,10,10,10,44,44,61,61,61,162,162,174,174,194,213,72,72,86,11,35,35,69,85,85,96,96,96,96],"floor_reached":33,"language":"ENG","playtime":1079,"items_purged":["Defend_G"],"score":376,"play_id":"91ad8756-d342-4b39-9dff-fb925b2b5a3e","local_time":"20210226223711","is_ascension_mode":true,"campfire_choices":[{"floor":10,"key":"REST"},{"floor":12,"key":"DIG"},{"floor":15,"key":"DIG"},{"floor":23,"key":"REST"},{"floor":27,"key":"DIG"},{"floor":32,"key":"DIG"}],"circlet_count":0,"master_deck":["Strike_G","Strike_G","Strike_G","Strike_G","Strike_G","Defend_G","Defend_G","Defend_G","Defend_G","Survivor","Neutralize","Bullet Time","Poisoned Stab","Die Die Die","Eviscerate","Noxious Fumes","Bane","Backflip","Dodge and Roll","Fiend Fire","Shrug It Off","Prepared+1","Wraith Form v2","Chrysalis","Ball Lightning","Normality"],"relics":["Ring of the Snake","Mercury Hourglass","Blue Candle","PrismaticShard","Shovel","TungstenRod","Darkstone Periapt","FaceOfCleric","Dream Catcher","Cursed Key","Enchiridion","Tiny Chest","Eternal Feather","Smiling Mask","Potion Belt"],"acts_visited":["Exordium","TheCity"],"potions_floor_usage":[6,11,16,24,29,30,31],"damage_taken":[{"damage":3,"enemies":"Small Slimes","floor":1,"turns":5},{"damage":0,"enemies":"Cultist","floor":2,"turns":4},{"damage":7,"enemies":"Jaw Worm","floor":4,"turns":3},{"damage":0,"enemies":"Exordium Thugs","floor":5,"turns":4},{"damage":30,"enemies":"Lagavulin","floor":6,"turns":6},{"damage":5,"enemies":"Gremlin Gang","floor":7,"turns":2},{"damage":12,"enemies":"Gremlin Nob","floor":11,"turns":3},{"damage":0,"enemies":"3 Louse","floor":13,"turns":1},{"damage":9,"enemies":"Hexaghost","floor":16,"turns":9},{"damage":19,"enemies":"Shell Parasite","floor":18,"turns":5},{"damage":4,"enemies":"3 Byrds","floor":20,"turns":3},{"damage":5,"enemies":"Snake Plant","floor":21,"turns":4},{"damage":14,"enemies":"Sentry and Sphere","floor":24,"turns":4},{"damage":2,"enemies":"Slavers","floor":28,"turns":3},{"damage":12,"enemies":"Chosen and Byrds","floor":29,"turns":5},{"damage":0,"enemies":"Snecko","floor":30,"turns":3},{"damage":12,"enemies":"Shelled Parasite and Fungi","floor":31,"turns":4},{"damage":34,"enemies":"Collector","floor":33,"turns":3}],"seed_played":"4934485220650305609","potions_obtained":[{"floor":1,"key":"BlessingOfTheForge"},{"floor":6,"key":"Weak Potion"},{"floor":7,"key":"DistilledChaos"},{"floor":13,"key":"LiquidBronze"},{"floor":16,"key":"SmokeBomb"},{"floor":18,"key":"Fire Potion"},{"floor":28,"key":"Ancient Potion"},{"floor":29,"key":"Dexterity Potion"}],"is_trial":false,"path_per_floor":["M","M","?","M","M","E","M","$","T","R","E","R","M","?","R","B",null,"M","?","M","M","$","R","M","$","T","R","E","M","M","M","R","B"],"character_chosen":"THE_SILENT","items_purchased":["PrismaticShard","Backflip","Wraith Form v2"],"campfire_rested":2,"item_purchase_floors":[8,8,22],"current_hp_per_floor":[67,67,67,60,60,30,25,25,25,46,34,34,34,34,34,26,60,42,30,27,23,23,45,32,32,38,38,37,26,27,16,31,0,0],"gold":96,"neow_bonus":"ONE_RANDOM_RARE_CARD","is_daily":false,"chose_seed":false,"campfire_upgraded":0,"win_rate":0.0,"timestamp":1614375431,"path_taken":["M","M","?","M","M","E","M","?","T","R","E","R","?","?","R","BOSS","M","?","M","M","$","R","M","?","T","R","E","?","M","M","R","BOSS"],"items_purchased_type":["Relic","Card","Card"],"build_version":"2020-12-22","purchased_purges":1,"victory":false,"max_hp_per_floor":[70,70,70,70,70,70,70,70,70,70,70,70,70,70,70,71,71,72,72,73,74,74,74,75,75,81,81,82,83,84,85,85,85,85],"card_choices":[{"not_picked":["Endless Agony","Dagger Spray","Bane"],"picked":"SKIP","floor":1},{"not_picked":["Dagger Throw","Endless Agony"],"picked":"Poisoned Stab","floor":2},{"not_picked":["Prepared","Setup"],"picked":"Die Die Die","floor":4},{"not_picked":["Underhanded Strike","Blur"],"picked":"Eviscerate","floor":5},{"not_picked":["Tools of the Trade","Flying Knee"],"picked":"Noxious Fumes","floor":6},{"not_picked":["Dodge and Roll","Poisoned Stab"],"picked":"Bane","floor":7},{"not_picked":["Pommel Strike","Body Slam"],"picked":"Dodge and Roll","floor":11},{"not_picked":["Twin Strike","Flying Knee"],"picked":"Fiend Fire","floor":13},{"not_picked":["JustLucky","Tempest+1"],"picked":"Shrug It Off","floor":18},{"not_picked":["Forethought","Deadly Poison+1","Flechettes+1"],"picked":"SKIP","floor":20},{"not_picked":["Blur","PiercingWail+1"],"picked":"Prepared+1","floor":21},{"not_picked":["ClearTheMind","Thunderclap"],"picked":"Chrysalis","floor":23},{"not_picked":["Tempest","Sentinel"],"picked":"Ball Lightning","floor":24},{"not_picked":["FlyingSleeves","Deadly Poison","Anger"],"picked":"SKIP","floor":28},{"not_picked":["CarveReality","Dark Shackles+1","Fire Breathing"],"picked":"SKIP","floor":29},{"not_picked":["ClearTheMind+1","Twin Strike","Genetic Algorithm"],"picked":"SKIP","floor":31}],"player_experience":262590,"relics_obtained":[{"floor":3,"key":"Mercury Hourglass"},{"floor":6,"key":"Blue Candle"},{"floor":9,"key":"Shovel"},{"floor":11,"key":"TungstenRod"},{"floor":12,"key":"Darkstone Periapt"},{"floor":15,"key":"Dream Catcher"},{"floor":19,"key":"Enchiridion"},{"floor":26,"key":"Tiny Chest"},{"floor":27,"key":"Eternal Feather"},{"floor":28,"key":"Smiling Mask"},{"floor":32,"key":"Potion Belt"}],"event_choices":[{"damage_healed":0,"gold_gain":0,"player_choice":"Relic","damage_taken":0,"max_hp_gain":0,"max_hp_loss":0,"event_name":"Wheel of Change","floor":3,"gold_loss":0},{"damage_healed":0,"gold_gain":0,"player_choice":"Trade","damage_taken":0,"relics_obtained":["FaceOfCleric"],"max_hp_gain":0,"max_hp_loss":0,"event_name":"FaceTrader","floor":14,"gold_loss":0},{"damage_healed":0,"gold_gain":0,"player_choice":"Obtained Book","damage_taken":16,"max_hp_gain":0,"max_hp_loss":0,"event_name":"Cursed Tome","floor":19,"gold_loss":0}],"is_beta":false,"boss_relics":[{"not_picked":["Busted Crown","Astrolabe"],"picked":"Cursed Key"}],"items_purged_floors":[25],"is_endless":false,"potions_floor_spawned":[1,6,7,13,16,18,28,29,30],"killed_by":"Collector","ascension_level":5}}