{"host":"03jd0k347uuzjnun","time":1614352362,"event":{"mods":["BaseMod","Bestiary","Minty Spire (QoL Compilation)","Permanent Neow","Quick Restart","Random Character Button","Relic Stats"],"gold_per_floor":[113,130,149,162,181,215,232,265,319,336,349,381,381,400,400,500,500,500],"floor_reached":17,"language":"ENG","playtime":1529,"items_purged":[],"score":245,"play_id":"829b95d1-02f6-4e87-986a-2856f74e7271","local_time":"20210226161242","is_ascension_mode":true,"campfire_choices":[{"data":"Eruption","floor":13,"key":"SMITH"},{"data":"Tantrum","floor":15,"key":"SMITH"}],"circlet_count":0,"master_deck":["Strike_P","Strike_P","Strike_P","Strike_P","Defend_P","Defend_P","Defend_P","Defend_P","Eruption+1","Vigilance","Protect","EmptyFist","EmptyMind","Crescendo","Tantrum+1","BattleHymn+1","EmptyBody","FearNoEvil","Fasting2+1","MasterReality+1"],"relics":["PureWater","CloakClasp","Frozen Egg 2","Damaru","Lantern","Cursed Key"],"acts_visited":["Exordium","TheCity"],"potions_floor_usage":[],"damage_taken":[{"damage":0.0,"enemies":"Cultist","floor":1.0,"turns":3.0},{"damage":2.0,"enemies":"2 Louse","floor":2.0,"turns":3.0},{"damage":0.0,"enemies":"Small Slimes","floor":3.0,"turns":3.0},{"damage":0.0,"enemies":"Red Slaver","floor":4.0,"turns":4.0},{"damage":0.0,"enemies":"Blue Slaver","floor":5.0,"turns":4.0},{"damage":11.0,"enemies":"Gremlin Nob","floor":6.0,"turns":3.0},{"damage":0.0,"enemies":"2 Fungi Beasts","floor":7.0,"turns":2.0},{"damage":3.0,"enemies":"3 Sentries","floor":8.0,"turns":4.0},{"damage":5.0,"enemies":"Exordium Wildlife","floor":10.0,"turns":4.0},{"damage":10.0,"enemies":"Lots of Slimes","floor":11.0,"turns":2.0},{"damage":6,"enemies":"Lagavulin","floor":12,"turns":7},{"damage":0,"enemies":"2 Fungi Beasts","floor":14,"turns":2},{"damage":0,"enemies":"Hexaghost","floor":16,"turns":8}],"seed_played":"2046657297533804727","potions_obtained":[{"floor":1.0,"key":"DistilledChaos"},{"floor":4.0,"key":"PowerPotion"},{"floor":6.0,"key":"BottledMiracle"},{"floor":7.0,"key":"Fire Potion"},{"floor":14,"key":"PowerPotion"}],"is_trial":false,"path_per_floor":["M","M","M","M","M","E","M","E","T","M","M","E","R","M","R","B",null],"character_chosen":"WATCHER","items_purchased":[],"campfire_rested":0,"item_purchase_floors":[],"current_hp_per_floor":[51,49,49,49,49,38,38,35,35,30,20,14,14,14,14,14,72,72],"gold":500,"neow_bonus":"ONE_RARE_RELIC","is_daily":false,"chose_seed":false,"campfire_upgraded":2,"win_rate":0.0,"timestamp":1614352362,"path_taken":["M","M","?","M","M","E","M","E","T","M","M","E","R","M","R","BOSS"],"items_purchased_type":[],"build_version":"2020-12-22","purchased_purges":0,"victory":false,"max_hp_per_floor":[72,72,72,72,72,72,72,72,72,72,72,72,72,72,72,72,72,72],"relic_stats":{"counters":[13,49],"CloakClasp":[141],"Cursed Key":0,"obtain_stats":[{"Lantern":12,"Damaru":8,"CloakClasp":0,"PureWater":0,"Frozen Egg 2":6,"Cursed Key":17},{"Lantern":11,"Damaru":8,"CloakClasp":0,"PureWater":0,"Frozen Egg 2":6,"Cursed Key":13},{"Lantern":39,"Damaru":26,"CloakClasp":0,"PureWater":0,"Frozen Egg 2":20,"Cursed Key":49}]},"card_choices":[{"not_picked":["Sanctity","Study"],"picked":"Protect","floor":1.0},{"not_picked":["DeceiveReality","Evaluate"],"picked":"EmptyFist","floor":2.0},{"not_picked":["SashWhip","Halt"],"picked":"EmptyMind","floor":3.0},{"not_picked":["Halt","Omniscience"],"picked":"Crescendo","floor":4.0},{"not_picked":["BowlingBash","CarveReality"],"picked":"Tantrum","floor":5.0},{"not_picked":["Pray","FollowUp"],"picked":"BattleHymn+1","floor":6.0},{"not_picked":["DeceiveReality","Crescendo"],"picked":"EmptyBody","floor":7.0},{"not_picked":["DeusExMachina","Perseverance"],"picked":"FearNoEvil","floor":8.0},{"not_picked":["Crescendo","FollowUp","Pray"],"picked":"SKIP","floor":10.0},{"not_picked":["SignatureMove","CutThroughFate","FearNoEvil"],"picked":"SKIP","floor":11.0},{"not_picked":["Alpha","Omniscience","ForeignInfluence"],"picked":"SKIP","floor":12},{"not_picked":["Crescendo","WreathOfFlame"],"picked":"Fasting2+1","floor":14},{"not_picked":["Judgement","Omniscience"],"picked":"MasterReality+1","floor":16}],"player_experience":1223306,"relics_obtained":[{"floor":6.0,"key":"Frozen Egg 2"},{"floor":8.0,"key":"Damaru"},{"floor":12,"key":"Lantern"}],"event_choices":[],"is_beta":false,"boss_relics":[{"not_picked":["Tiny House","Snecko Eye"],"picked":"Cursed Key"}],"items_purged_floors":[],"is_endless":false,"potions_floor_spawned":[1,4,6,7,8,10,14],"ascension_level":1}}