{"host":"90jl2h70xtuoeg0i","time":1614321073,"event":{"mods":["AchievementEnabler","BaseMod","Colored Map","Colored Powertips","Minty Spire (QoL Compilation)","Relic Stats","ojb\u0027s Info Mod"],"gold_per_floor":[111,122,140,215,215,52,52,68,94,94,94,121,121,151,151,227,227,245,257,56,70,70,100,114,141,141,141,141],"floor_reached":27,"language":"ENG","playtime":2696,"items_purged":["Pain","Strike_G"],"score":572,"play_id":"a65d5823-8f8d-4b57-929c-e320c104b659","local_time":"20210226013113","is_ascension_mode":true,"campfire_choices":[{"data":"Bouncing Flask","floor":7.0,"key":"SMITH"},{"data":"Catalyst","floor":11.0,"key":"SMITH"},{"data":"Footwork","floor":13.0,"key":"SMITH"},{"data":"Backflip","floor":15.0,"key":"SMITH"}],"circlet_count":0,"master_deck":["AscendersBane","Strike_G","Strike_G","Strike_G","Strike_G","Defend_G","Defend_G","Defend_G","Defend_G","Defend_G","Survivor","Neutralize","Infinite Blades","Bouncing Flask+1","Dagger Spray","Footwork+1","Catalyst+1","Riddle With Holes","Backflip+1","Bullet Time","Leg Sweep","Dodge and Roll","Flechettes","Backflip","Acrobatics"],"relics":["Ring of the Snake","NeowsBlessing","WarpedTongs","Akabeko","Omamori","MealTicket","Coffee Dripper","Necronomicon","Lantern","The Courier","Eternal Feather"],"acts_visited":["Exordium","TheCity"],"potions_floor_usage":[27],"damage_taken":[{"damage":0.0,"enemies":"Cultist","floor":1.0,"turns":1.0},{"damage":0.0,"enemies":"2 Louse","floor":2.0,"turns":1.0},{"damage":0.0,"enemies":"Small Slimes","floor":3.0,"turns":1.0},{"damage":9.0,"enemies":"3 Louse","floor":8.0,"turns":3.0},{"damage":1.0,"enemies":"Gremlin Nob","floor":12.0,"turns":3.0},{"damage":15.0,"enemies":"Lagavulin","floor":14.0,"turns":3.0},{"damage":9.0,"enemies":"Hexaghost","floor":16.0,"turns":7.0},{"damage":0.0,"enemies":"Shell Parasite","floor":18.0,"turns":1.0},{"damage":2.0,"enemies":"Spheric Guardian","floor":19.0,"turns":5.0},{"damage":0.0,"enemies":"Snake Plant","floor":21.0,"turns":2.0},{"damage":33.0,"enemies":"Slavers","floor":23.0,"turns":7.0},{"damage":0.0,"enemies":"Centurion and Healer","floor":24.0,"turns":6.0},{"damage":0.0,"enemies":"Gremlin Leader","floor":25.0,"turns":4.0},{"damage":13,"enemies":"Cultist and Chosen","floor":27,"turns":3}],"seed_played":"-4389043030201945118","potions_obtained":[{"floor":8.0,"key":"AttackPotion"},{"floor":12.0,"key":"EntropicBrew"},{"floor":16.0,"key":"AttackPotion"},{"floor":24.0,"key":"CunningPotion"},{"floor":25.0,"key":"Explosive Potion"}],"is_trial":false,"path_per_floor":["M","M","M","?","?","$","R","M","T","?","R","E","R","E","R","B",null,"M","M","$","M","?","E","M","E","T","M"],"character_chosen":"THE_SILENT","items_purchased":["Footwork","Flechettes","Backflip"],"campfire_rested":0,"item_purchase_floors":[6,20,20],"current_hp_per_floor":[59,59,59,48,48,48,48,39,39,61,61,60,60,45,45,36,59,59,57,66,66,45,12,12,12,12,0,0],"gold":141,"neow_bonus":"THREE_ENEMY_KILL","is_daily":false,"chose_seed":false,"campfire_upgraded":4,"win_rate":0.0,"timestamp":1614321073,"path_taken":["M","?","M","?","?","$","R","?","T","?","R","E","R","E","R","BOSS","M","M","$","M","?","E","M","E","T","M"],"items_purchased_type":["Card","Card","Card"],"build_version":"2020-12-22","purchased_purges":2,"victory":false,"max_hp_per_floor":[66,66,66,66,66,66,66,66,66,66,66,66,66,66,66,66,66,66,66,66,66,66,66,66,66,66,66,66],"relic_stats":{"counters":[14,47],"MealTicket":9,"Eternal Feather":0,"Necronomicon":[4],"obtain_stats":[{"Lantern":23,"NeowsBlessing":0,"MealTicket":14,"Eternal Feather":26,"The Courier":25,"Omamori":12,"Coffee Dripper":17,"Necronomicon":22,"Akabeko":9,"Ring of the Snake":0,"WarpedTongs":5},{"Lantern":11,"NeowsBlessing":0,"MealTicket":6,"Eternal Feather":13,"The Courier":13,"Omamori":5,"Coffee Dripper":7,"Necronomicon":10,"Akabeko":4,"Ring of the Snake":0,"WarpedTongs":3},{"Lantern":34,"NeowsBlessing":0,"MealTicket":12,"Eternal Feather":44,"The Courier":44,"Omamori":9,"Coffee Dripper":19,"Necronomicon":27,"Akabeko":6,"Ring of the Snake":0,"WarpedTongs":3}],"Ring of the Snake":[28],"WarpedTongs":[44]},"card_choices":[{"not_picked":["Acrobatics","Dodge and Roll"],"picked":"Infinite Blades","floor":1.0},{"not_picked":["Dagger Spray","Acrobatics"],"picked":"Bouncing Flask","floor":2.0},{"not_picked":["Quick Slash","Finisher"],"picked":"Dagger Spray","floor":3.0},{"not_picked":["Accuracy","Concentrate"],"picked":"Catalyst","floor":8.0},{"not_picked":["Underhanded Strike","Bane"],"picked":"Riddle With Holes","floor":12.0},{"not_picked":["Dodge and Roll","PiercingWail"],"picked":"Backflip","floor":14.0},{"not_picked":["Wraith Form v2","Tools of the Trade"],"picked":"Bullet Time","floor":16.0},{"not_picked":["Dagger Throw+1","Flying Knee"],"picked":"Leg Sweep","floor":18.0},{"not_picked":["Sucker Punch","Blade Dance"],"picked":"Dodge and Roll","floor":19.0},{"not_picked":["Poisoned Stab","Expertise"],"picked":"Acrobatics","floor":21.0},{"not_picked":["Caltrops","Outmaneuver","Dagger Spray"],"picked":"SKIP","floor":23.0},{"not_picked":["Bane","Poisoned Stab","Storm of Steel"],"picked":"SKIP","floor":24.0},{"not_picked":["Bane","Poisoned Stab","Storm of Steel"],"picked":"SKIP","floor":24.0},{"not_picked":["Backflip","Slice","Blur"],"picked":"SKIP","floor":25.0},{"not_picked":["Backflip","Slice","Blur"],"picked":"SKIP","floor":25.0}],"player_experience":1506636,"relics_obtained":[{"floor":9.0,"key":"Akabeko"},{"floor":12.0,"key":"Omamori"},{"floor":14.0,"key":"MealTicket"},{"floor":22.0,"key":"Necronomicon"},{"floor":23.0,"key":"Lantern"},{"floor":25.0,"key":"The Courier"},{"floor":26.0,"key":"Eternal Feather"}],"event_choices":[{"damage_healed":0.0,"max_hp_gain":0.0,"max_hp_loss":0.0,"gold_gain":75.0,"event_name":"World of Goop","player_choice":"Gather Gold","floor":4.0,"gold_loss":0.0,"damage_taken":11.0},{"damage_healed":0.0,"max_hp_gain":0.0,"max_hp_loss":0.0,"gold_gain":0.0,"event_name":"Accursed Blacksmith","player_choice":"Rummage","floor":5.0,"gold_loss":0.0,"damage_taken":0.0,"relics_obtained":["WarpedTongs"],"cards_obtained":["Pain"]},{"damage_healed":22.0,"max_hp_gain":0.0,"max_hp_loss":0.0,"gold_gain":0.0,"event_name":"Big Fish","player_choice":"Banana","floor":10.0,"gold_loss":0.0,"damage_taken":0.0},{"damage_healed":0.0,"max_hp_gain":0.0,"max_hp_loss":0.0,"gold_gain":0.0,"event_name":"Cursed Tome","player_choice":"Obtained Book","floor":22.0,"gold_loss":0.0,"damage_taken":21.0}],"is_beta":false,"boss_relics":[{"not_picked":["Pandora\u0027s Box","Cursed Key"],"picked":"Coffee Dripper"}],"items_purged_floors":[6,20],"is_endless":false,"potions_floor_spawned":[8,12,16,24,25],"killed_by":"Cultist and Chosen","ascension_level":20}}