{"host":"mujoymdbv27pmqgz","time":1614304624,"event":{"mods":["BaseMod","Downfall","KinomotoSakuraMod(????)","Minty Spire (QoL Compilation)","StSLib","The Jungle"],"gold_per_floor":[113,113,113,125,150,197,209,240,302,314,339,378,390,414,426,541,553,579,591,616,628,628],"floor_reached":21,"language":"ZHS","playtime":1053,"items_purged":[],"score":332,"play_id":"26deb3bc-1a40-4de1-a23a-acc96a7eb1e3","local_time":"20210225205704","is_ascension_mode":true,"campfire_choices":[{"floor":7.0,"key":"RECALL"},{"floor":15.0,"key":"REST"}],"circlet_count":0,"master_deck":["SakuraCardTheSnow+","AscendersBane","ClowCardTheSword","ClowCardTheSword","ClowCardTheShield","ClowCardTheShield","ClowCardTheShield","ClowCardTheShield","SpellCardSeal","SpellCardRelease","ClowCardTheBubbles","ClowCardTheMirror","ClowCardTheWave","ClowCardTheFlower","ClowCardTheLight","ClowCardTheErase+1","ClowCardTheThrough","ClowCardTheLoop"],"relics":["KSMOD_SealedBook","KSMOD_SealedWand","NeowsBlessing","Blue Candle","MawBank","PreservedInsect","Juzu Bracelet","Mercury Hourglass","Black Star"],"acts_visited":["Exordium","TheCity"],"potions_floor_usage":[18,21],"damage_taken":[{"damage":0.0,"enemies":"Cultist","floor":1.0,"turns":1.0},{"damage":3.0,"enemies":"Small Slimes","floor":5.0,"turns":2.0},{"damage":0.0,"enemies":"Lagavulin","floor":6.0,"turns":1.0},{"damage":0.0,"enemies":"2 Louse","floor":8.0,"turns":2.0},{"damage":0.0,"enemies":"Exordium Wildlife","floor":11.0,"turns":3.0},{"damage":26.0,"enemies":"3 Sentries","floor":12.0,"turns":5.0},{"damage":8.0,"enemies":"Large Slime","floor":14.0,"turns":6.0},{"damage":38.0,"enemies":"Slime Boss","floor":16.0,"turns":9.0},{"damage":26,"enemies":"Chosen","floor":18,"turns":7},{"damage":13,"enemies":"Shell Parasite","floor":20,"turns":6},{"damage":25,"enemies":"Cultist and Chosen","floor":21,"turns":4}],"seed_played":"-6631053095787620402","potions_obtained":[{"floor":1.0,"key":"CultistPotion"},{"floor":8.0,"key":"Fire Potion"},{"floor":11.0,"key":"FearPotion"},{"floor":14.0,"key":"GamblersBrew"},{"floor":20,"key":"ColorlessPotion"}],"is_trial":false,"path_per_floor":["M","?","?","?","M","E","R","M","T","?","M","E","$","M","R","B",null,"M","?","M","M"],"character_chosen":"KINOMOTOSAKURA","items_purchased":[],"campfire_rested":1,"item_purchase_floors":[],"current_hp_per_floor":[63,58,46,69,66,66,66,66,66,66,66,40,40,32,53,15,56,30,30,17,0,0],"gold":628,"neow_bonus":"THREE_ENEMY_KILL","is_daily":false,"chose_seed":false,"campfire_upgraded":0,"win_rate":0.0,"timestamp":1614304624,"path_taken":["M","?","?","?","M","E","R","?","T","?","M","E","$","M","R","BOSS","M","?","M","M"],"items_purchased_type":[],"build_version":"2020-12-22","purchased_purges":0,"victory":false,"max_hp_per_floor":[70,70,70,70,70,70,70,70,70,70,70,70,70,70,70,70,70,70,70,70,70,70],"card_choices":[{"not_picked":["ClowCardTheWave","ClowCardTheWood"],"picked":"ClowCardTheSnow","floor":1.0},{"not_picked":["ClowCardTheLoop","ClowCardTheLock","ClowCardTheLibra"],"picked":"SKIP","floor":5.0},{"not_picked":["ClowCardTheSleep","ClowCardTheMaze"],"picked":"ClowCardTheDream","floor":6.0},{"not_picked":["ClowCardTheMist","ClowCardTheSand"],"picked":"ClowCardTheBubbles","floor":8.0},{"not_picked":["ClowCardTheFloat","ClowCardTheLock"],"picked":"ClowCardTheMirror","floor":11.0},{"not_picked":["ClowCardTheLittle","ClowCardTheShadow"],"picked":"ClowCardTheWave","floor":12.0},{"not_picked":["ClowCardTheMist","ClowCardTheWave"],"picked":"ClowCardTheFlower","floor":14.0},{"not_picked":["ClowCardTheDash","ClowCardTheThunder"],"picked":"ClowCardTheLight","floor":16.0},{"not_picked":["ClowCardTheLock","ClowCardTheBubbles"],"picked":"ClowCardTheErase+1","floor":18},{"not_picked":["ClowCardThePower+1","ClowCardTheFirey","ClowCardTheShadow"],"picked":"SKIP","floor":20}],"player_experience":531731,"relics_obtained":[{"floor":6.0,"key":"PreservedInsect"},{"floor":9.0,"key":"Juzu Bracelet"},{"floor":12.0,"key":"Mercury Hourglass"}],"event_choices":[{"damage_healed":0.0,"max_hp_gain":0.0,"max_hp_loss":0.0,"gold_gain":0.0,"event_name":"Scrap Ooze","player_choice":"Success","floor":3.0,"gold_loss":0.0,"damage_taken":12.0,"relics_obtained":["MawBank"]},{"damage_healed":23.0,"max_hp_gain":0.0,"max_hp_loss":0.0,"gold_gain":0.0,"event_name":"Big Fish","player_choice":"Banana","floor":4.0,"gold_loss":0.0,"damage_taken":0.0},{"cards_removed":["ClowCardTheSword"],"damage_healed":0.0,"max_hp_gain":0.0,"max_hp_loss":0.0,"gold_gain":0.0,"event_name":"Purifier","player_choice":"Purged","floor":10.0,"gold_loss":0.0,"damage_taken":0.0},{"damage_healed":0,"gold_gain":0,"cards_transformed":["ClowCardTheSword","ClowCardTheDream"],"player_choice":"Became Test Subject","damage_taken":0,"max_hp_gain":0,"max_hp_loss":0,"event_name":"Drug Dealer","floor":19,"gold_loss":0,"cards_obtained":["ClowCardTheThrough","ClowCardTheLoop"]}],"is_beta":false,"boss_relics":[{"not_picked":["Sozu","Empty Cage"],"picked":"Black Star"}],"items_purged_floors":[],"is_endless":false,"potions_floor_spawned":[1,8,11,14,20],"killed_by":"Cultist and Chosen","ascension_level":11}}