{"host":"d3bsw5ou8fswq5qc","time":1614364909,"event":{"mods":["Aspiration","BaseMod","Colored Map","Conspire","Downfall","GifTheSpireLib","Googly Eyes","Minty Spire (QoL Compilation)","Replay The Spire","StSLib","Stuff the Spire","The Jungle"],"gold_per_floor":[113,113,125,137,156,191,191,191,191,221,241,256,276,304,304,409,409,420,439,439,450,466,498,498,249,274,293,319,399,399,414,414,414,414],"floor_reached":33,"language":"FRA","playtime":2103,"items_purged":[],"score":373,"play_id":"86c5a8b0-2e05-4ffd-b931-2315a366cff1","local_time":"20210226194149","is_ascension_mode":true,"campfire_choices":[{"data":"Pommel Strike","floor":8,"key":"SMITH"},{"floor":15,"key":"REST"},{"floor":24,"key":"REST"},{"floor":30,"key":"REST"}],"circlet_count":0,"master_deck":["Strike_R","Strike_R","Strike_R","Strike_R","Strike_R","Defend_R","Defend_R","Defend_R","Bash","ReplayTheSpireMod:Stacked","Pommel Strike+1","Inflame","Shrug It Off","Perfected Strike","Thunderclap","StuffTheSpire:Slingshot","Battle Trance","Ghostly Armor","conspire:ExplosiveBarrier","Demon Form","conspire:Charge+1","Perfected Strike+1","Armaments","Iron Wave","StuffTheSpire:Harmony","Twin Strike"],"relics":["Burning Blood","NeowsBlessing","Replay:WaspNest","conspire:DecoderRing","InkBottle","White Beast Statue","Ancient Tea Set","conspire:RoyalGoblet","Tiny Chest","Bronze Scales","Self Forming Clay","The Courier","ReplayTheSpireMod:Ring of Sloth","Ring of Searing"],"acts_visited":["Exordium","TheCity"],"potions_floor_usage":[14,23,23,23,23,27,33],"damage_taken":[{"damage":0,"enemies":"Jaw Worm","floor":1,"turns":1},{"damage":0,"enemies":"Cultist","floor":3,"turns":1},{"damage":0,"enemies":"2 Louse","floor":4,"turns":1},{"damage":6,"enemies":"Looter","floor":5,"turns":4},{"damage":37,"enemies":"3 Sentries","floor":6,"turns":9},{"damage":21,"enemies":"Lagavulin","floor":10,"turns":5},{"damage":11,"enemies":"Exordium Thugs","floor":11,"turns":4},{"damage":0,"enemies":"Blue Slaver","floor":12,"turns":2},{"damage":0,"enemies":"Exordium Wildlife","floor":13,"turns":2},{"damage":16,"enemies":"Gremlin Nob","floor":14,"turns":3},{"damage":15,"enemies":"Slime Boss","floor":16,"turns":10},{"damage":19,"enemies":"Spheric Guardian","floor":18,"turns":4},{"damage":12,"enemies":"Chosen","floor":19,"turns":4},{"damage":36,"enemies":"Snecko","floor":21,"turns":6},{"damage":20,"enemies":"Cultist and Chosen","floor":22,"turns":5},{"damage":15,"enemies":"Slavers","floor":23,"turns":5},{"damage":0,"enemies":"Snake Plant","floor":27,"turns":2},{"damage":31,"enemies":"Book of Stabbing","floor":28,"turns":3},{"damage":0,"enemies":"Centurion and Healer","floor":31,"turns":5},{"damage":58,"enemies":"Collector","floor":33,"turns":8}],"seed_played":"34260503020454566","potions_obtained":[{"floor":1,"key":"Swift Potion"},{"floor":10,"key":"ColorlessPotion"},{"floor":11,"key":"hexamod:SoulburnPotion"},{"floor":12,"key":"EntropicBrew"},{"floor":14,"key":"Energy Potion"},{"floor":18,"key":"EssenceOfSteel"},{"floor":19,"key":"EssenceOfSteel"},{"floor":23,"key":"Explosive Potion"},{"floor":27,"key":"CultistPotion"},{"floor":28,"key":"LiquidMemories"},{"floor":31,"key":"LiquidBronze"}],"is_trial":false,"path_per_floor":["M","?","M","M","M","E","T","R","T","E","M","M","M","E","R","B",null,"M","M","?","M","M","E","R","?","T","M","E","T","R","M","R_BF","B"],"character_chosen":"IRONCLAD","items_purchased":[],"campfire_rested":3,"item_purchase_floors":[],"current_hp_per_floor":[80,80,80,80,80,49,49,49,49,34,29,35,41,31,55,46,80,67,61,61,31,17,8,32,32,32,40,18,18,42,51,51,0,0],"gold":414,"neow_bonus":"THREE_ENEMY_KILL","is_daily":false,"chose_seed":false,"campfire_upgraded":1,"win_rate":0.0,"timestamp":1614364909,"path_taken":["M","?","M","?","M","E","?","R","T","E","M","M","?","E","R","BOSS","M","M","?","M","M","E","R","?","T","?","E","?","R","M","R_BF","BOSS"],"items_purchased_type":[],"build_version":"2020-12-22","purchased_purges":0,"victory":false,"max_hp_per_floor":[80,80,80,80,80,80,80,80,80,80,80,80,80,80,80,80,80,80,80,80,80,80,80,80,80,80,80,80,80,80,80,80,80,80],"card_choices":[{"not_picked":["StuffTheSpire:RagingBull","Pommel Strike"],"picked":"ReplayTheSpireMod:Stacked","floor":1},{"not_picked":["Havoc","ReplayTheSpireMod:Strike From Hell"],"picked":"Pommel Strike","floor":3},{"not_picked":["Thunderclap","Feel No Pain"],"picked":"Inflame","floor":4},{"not_picked":["StuffTheSpire:Pyroclast","Hemokinesis"],"picked":"Shrug It Off","floor":5},{"not_picked":["Sword Boomerang","Wild Strike"],"picked":"Perfected Strike","floor":6},{"not_picked":["Run Through","Whirlwind"],"picked":"Thunderclap","floor":10},{"not_picked":["Iron Wave","StuffTheSpire:Pyroclast"],"picked":"StuffTheSpire:Slingshot","floor":11},{"not_picked":["Warcry","Heavy Blade"],"picked":"Battle Trance","floor":12},{"not_picked":["Heavy Blade","Shockwave"],"picked":"Ghostly Armor","floor":13},{"not_picked":["StuffTheSpire:Slingshot","Anger"],"picked":"conspire:ExplosiveBarrier","floor":14},{"not_picked":["Eclipse","conspire:Purge"],"picked":"Demon Form","floor":16},{"not_picked":["Battle Trance+1","Sever Soul"],"picked":"conspire:Charge+1","floor":18},{"not_picked":["Iron Wave","Second Wind"],"picked":"Perfected Strike+1","floor":19},{"not_picked":["StuffTheSpire:RagingBull","Warcry"],"picked":"Armaments","floor":21},{"not_picked":["Clothesline","Wild Strike+1"],"picked":"Iron Wave","floor":22},{"not_picked":["Warcry","Clothesline","Anger"],"picked":"SKIP","floor":23},{"not_picked":["StuffTheSpire:BloodClot","Rampage"],"picked":"Twin Strike","floor":27},{"not_picked":["Inflame","Exhume","Clothesline"],"picked":"SKIP","floor":28},{"not_picked":["Ghostly Armor","StuffTheSpire:RockThrow","StuffTheSpire:Incineration"],"picked":"SKIP","floor":31}],"player_experience":322685,"relics_obtained":[{"floor":6,"key":"Replay:WaspNest"},{"floor":7,"key":"conspire:DecoderRing"},{"floor":9,"key":"InkBottle"},{"floor":10,"key":"White Beast Statue"},{"floor":14,"key":"Ancient Tea Set"},{"floor":23,"key":"Tiny Chest"},{"floor":26,"key":"Bronze Scales"},{"floor":28,"key":"Self Forming Clay"},{"floor":29,"key":"The Courier"},{"floor":32,"key":"ReplayTheSpireMod:Ring of Sloth"},{"floor":32,"key":"Ring of Searing"}],"event_choices":[{"cards_removed":["Defend_R"],"damage_healed":0,"gold_gain":0,"player_choice":"Purged","damage_taken":0,"max_hp_gain":0,"max_hp_loss":0,"event_name":"Purifier","floor":2,"gold_loss":0},{"damage_healed":0,"gold_gain":0,"player_choice":"Ignored","damage_taken":0,"max_hp_gain":0,"max_hp_loss":0,"event_name":"Beggar","floor":20,"gold_loss":0}],"is_beta":false,"boss_relics":[{"not_picked":["conspire:SeveredTorchhead","Snecko Eye"],"picked":"conspire:RoyalGoblet"}],"items_purged_floors":[],"is_endless":false,"potions_floor_spawned":[1,10,11,12,13,14,16,18,19,21,22,23,27,28,31],"killed_by":"Collector","ascension_level":4}}