{"host":"d2gh6suihlstufn7","time":1614333187,"event":{"mods":["AchievementEnabler","BaseMod","Colored Map","Colored Powertips","Minty Spire (QoL Compilation)","Permanent Neow","Quick Restart","StSLib","SuperFastMode"],"gold_per_floor":[109,284,302,302,302,313,313,325,325,341,353,353,364,375,375,479,479,496,496,507,507,507],"floor_reached":21,"language":"KOR","playtime":901,"items_purged":[],"score":175,"play_id":"f95b9ed0-bc70-4924-bf30-bc1b8c347798","local_time":"20210226185307","is_ascension_mode":false,"campfire_choices":[{"data":"Zap","floor":7.0,"key":"SMITH"},{"data":"Biased Cognition","floor":12.0,"key":"SMITH"},{"floor":15.0,"key":"REST"}],"circlet_count":0,"master_deck":["Strike_B","Strike_B","Strike_B","Strike_B","Defend_B","Defend_B","Defend_B","Defend_B","Zap+1","Dualcast","Biased Cognition+1","BootSequence","Coolheaded","Defragment","Chill","Chill","Seek","CurseOfTheBell"],"relics":["Cracked Core","CultistMask","Calling Bell","Ancient Tea Set","InkBottle","Prayer Wheel"],"acts_visited":["Exordium","TheCity"],"potions_floor_usage":[16,16,16],"damage_taken":[{"damage":10.0,"enemies":"Jaw Worm","floor":1.0,"turns":4.0},{"damage":0.0,"enemies":"Small Slimes","floor":3.0,"turns":3.0},{"damage":0.0,"enemies":"Cultist","floor":6.0,"turns":3.0},{"damage":9.0,"enemies":"Exordium Thugs","floor":8.0,"turns":5.0},{"damage":4.0,"enemies":"Lots of Slimes","floor":10.0,"turns":5.0},{"damage":2.0,"enemies":"Exordium Wildlife","floor":11.0,"turns":5.0},{"damage":2.0,"enemies":"3 Louse","floor":13.0,"turns":2.0},{"damage":3.0,"enemies":"Large Slime","floor":14.0,"turns":5.0},{"damage":22,"enemies":"Hexaghost","floor":16,"turns":10},{"damage":7,"enemies":"Shell Parasite","floor":18,"turns":9},{"damage":6,"enemies":"3 Byrds","floor":20,"turns":7},{"damage":0,"enemies":"3 Cultists","floor":21,"turns":4}],"seed_played":"7338697157576557324","potions_obtained":[{"floor":3.0,"key":"AttackPotion"},{"floor":10.0,"key":"PotionOfCapacity"},{"floor":11.0,"key":"Regen Potion"},{"floor":18,"key":"Dexterity Potion"}],"is_trial":false,"path_per_floor":["M","?","M","?","?","M","R","M","T","M","M","R","M","M","R","B",null,"M","?","M","M"],"character_chosen":"DEFECT","items_purchased":[],"campfire_rested":1,"item_purchase_floors":[],"current_hp_per_floor":[44,44,44,37,37,37,37,28,28,24,22,22,20,17,39,32,75,68,68,62,62,62],"gold":507,"neow_bonus":"THREE_RARE_CARDS","is_daily":false,"chose_seed":false,"campfire_upgraded":2,"win_rate":0.0,"timestamp":1614333187,"path_taken":["M","?","M","?","?","M","R","M","T","M","M","R","?","M","R","BOSS","M","?","?","M"],"items_purchased_type":[],"build_version":"2020-12-22","purchased_purges":0,"victory":false,"max_hp_per_floor":[75,75,75,75,75,75,75,75,75,75,75,75,75,75,75,75,75,75,75,75,75,75],"card_choices":[{"not_picked":["Fission","All For One"],"picked":"Biased Cognition","floor":0.0},{"not_picked":["Hologram","Coolheaded"],"picked":"BootSequence","floor":1.0},{"not_picked":["Turbo","Stack","Rebound"],"picked":"SKIP","floor":3.0},{"not_picked":["Undo","Hologram","Beam Cell"],"picked":"SKIP","floor":6.0},{"not_picked":["Doom and Gloom","Static Discharge"],"picked":"Coolheaded","floor":8.0},{"not_picked":["White Noise","Multi-Cast","Force Field"],"picked":"SKIP","floor":10.0},{"not_picked":["Darkness","Steam"],"picked":"Defragment","floor":11.0},{"not_picked":["Compile Driver","Ball Lightning"],"picked":"Chill","floor":13.0},{"not_picked":["Rebound","Barrage"],"picked":"Chill","floor":14.0},{"not_picked":["Buffer","Biased Cognition"],"picked":"Seek","floor":16},{"not_picked":["Force Field+1","Go for the Eyes","Heatsinks"],"picked":"SKIP","floor":18},{"not_picked":["Redo","Go for the Eyes","Steam+1"],"picked":"SKIP","floor":18},{"not_picked":["Gash","FTL","Steam Power"],"picked":"SKIP","floor":20},{"not_picked":["Fission","Aggregate","Hologram"],"picked":"SKIP","floor":20}],"player_experience":64949,"relics_obtained":[{"floor":17,"key":"Ancient Tea Set"},{"floor":17,"key":"InkBottle"},{"floor":17,"key":"Prayer Wheel"}],"event_choices":[{"damage_healed":0.0,"max_hp_gain":0.0,"max_hp_loss":0.0,"gold_gain":175.0,"event_name":"Liars Game","player_choice":"AGREE","floor":2.0,"gold_loss":0.0,"damage_taken":0.0,"cards_obtained":["Doubt"]},{"cards_removed":["Doubt"],"damage_healed":0.0,"max_hp_gain":0.0,"max_hp_loss":0.0,"gold_gain":0.0,"event_name":"Golden Wing","player_choice":"Card Removal","floor":4.0,"gold_loss":0.0,"damage_taken":7.0},{"damage_healed":0.0,"max_hp_gain":0.0,"max_hp_loss":0.0,"gold_gain":0.0,"event_name":"FaceTrader","player_choice":"Trade","floor":5.0,"gold_loss":0.0,"damage_taken":0.0,"relics_obtained":["CultistMask"]},{"damage_healed":0,"gold_gain":0,"player_choice":"Ignored","damage_taken":0,"max_hp_gain":0,"max_hp_loss":0,"event_name":"NoteForYourself","floor":19,"gold_loss":0}],"is_beta":false,"boss_relics":[{"not_picked":["FrozenCore","Busted Crown"],"picked":"Calling Bell"}],"items_purged_floors":[],"is_endless":false,"potions_floor_spawned":[3,10,11,18],"killed_by":"3 Cultists","ascension_level":0}}