{"host":"c2bue2hyafvtxka5","time":1614299463,"event":{"mods":["BaseMod","Hermit","Minty Spire (QoL Compilation)","Replay The Spire","StSLib","SuperFastMode","The Cursed","The Disciple","The Necromancer","The Servant 0.9.4"],"gold_per_floor":[119,133,150,225,245,274,274,284,284,284,284],"floor_reached":10,"language":"ENG","playtime":380,"items_purged":[],"score":84,"play_id":"5f149ff6-db8a-42b1-9a0d-956f1579afe5","local_time":"20210225193103","is_ascension_mode":true,"campfire_choices":[],"circlet_count":0,"master_deck":["Strike_W","Strike_W","Strike_W","Defend_W","Defend_W","Defend_W","Defend_W","Negative_Energy_Arrows","Bone_Wall","Blood_Curse","Vampiric_Strike","Pandemic","Bones_to_Steel","Bone_Shift","Summon_Vampire_Lady"],"relics":["Vampire_Amulet","Chameleon Ring","Replay:Mystery Machine"],"acts_visited":["Exordium"],"potions_floor_usage":[10],"damage_taken":[{"damage":0,"enemies":"2 Louse","floor":1,"turns":2},{"damage":4,"enemies":"Small Slimes","floor":2,"turns":4},{"damage":13,"enemies":"Cultist","floor":3,"turns":4},{"damage":3,"enemies":"Blue Slaver","floor":5,"turns":5},{"damage":40,"enemies":"Gremlin Nob","floor":6,"turns":5},{"damage":31,"enemies":"Large Slime","floor":8,"turns":16},{"damage":37,"enemies":"Lagavulin","floor":10,"turns":7}],"seed_played":"-5889214841012575225","potions_obtained":[{"floor":2,"key":"Elixir"},{"floor":5,"key":"Elixir"},{"floor":6,"key":"AttackPotion"}],"is_trial":false,"path_per_floor":["M","M","M","?","M","E","?","M","T","E"],"character_chosen":"NECROMANCER","items_purchased":[],"campfire_rested":0,"item_purchase_floors":[],"current_hp_per_floor":[75,73,64,53,54,18,43,21,21,0,0],"gold":284,"neow_bonus":"TRANSFORM_CARD","is_daily":false,"chose_seed":false,"campfire_upgraded":0,"win_rate":0.0,"timestamp":1614299463,"path_taken":["M","M","M","?","M","E","?","M","T","E"],"items_purchased_type":[],"build_version":"2020-12-22","purchased_purges":0,"victory":false,"max_hp_per_floor":[75,75,75,75,75,75,75,75,75,75,75],"card_choices":[{"not_picked":["Death_Coil","Violent_Necrosis"],"picked":"Vampiric_Strike","floor":1},{"not_picked":["Negative_Energy_Sphere","Whirlwind_of_Bones"],"picked":"Pandemic","floor":2},{"not_picked":["Pandemic","Necromantic_Selection","Chill_Blood"],"picked":"SKIP","floor":3},{"not_picked":["Death_Coil","Slay_Living"],"picked":"Bones_to_Steel","floor":5},{"not_picked":["Siphon_Strength","Vampiric_Strike"],"picked":"Bone_Shift","floor":6},{"not_picked":["Negative_Energy_Sphere","Consume_Illness"],"picked":"Summon_Vampire_Lady","floor":8}],"player_experience":116986,"relics_obtained":[{"floor":6,"key":"Chameleon Ring"},{"floor":9,"key":"Replay:Mystery Machine"}],"event_choices":[{"damage_healed":0,"gold_gain":75,"player_choice":"Gather Gold","damage_taken":11,"max_hp_gain":0,"max_hp_loss":0,"event_name":"World of Goop","floor":4,"gold_loss":0},{"damage_healed":25,"gold_gain":0,"player_choice":"Banana","damage_taken":0,"max_hp_gain":0,"max_hp_loss":0,"event_name":"Big Fish","floor":7,"gold_loss":0}],"is_beta":false,"boss_relics":[],"items_purged_floors":[],"is_endless":false,"potions_floor_spawned":[2,5,6],"killed_by":"Lagavulin","ascension_level":4}}