{"host":"dhv3u8yhd2rnugsp","time":1614305267,"event":{"mods":["BaseMod","Block Reminder","Colored Map","Googly Eyes","Highlight Path","Minty Spire (QoL Compilation)","Permanent Neow","Quick Restart","Random Character Button","StSLib"],"gold_per_floor":[118,268,268,284,6,6,19,54,77,77,96,96,124,144,144,218,218,235,235,41,91,104,130,148,173,224,224,243,261,261,277,277,277,277],"floor_reached":33,"language":"ENG","playtime":1157,"items_purged":["Doubt"],"score":594,"play_id":"83a10c2e-e2f3-49ce-a272-6915a38fc184","local_time":"20210225200747","is_ascension_mode":true,"campfire_choices":[{"data":"Combust","floor":6,"key":"SMITH"},{"data":"Wild Strike","floor":10,"key":"SMITH"},{"data":"Carnage","floor":15,"key":"SMITH"},{"floor":27,"key":"REST"},{"data":"Sword Boomerang","floor":30,"key":"SMITH"},{"floor":32,"key":"REST"}],"circlet_count":0,"master_deck":["AscendersBane","Strike_R","Strike_R","Strike_R","Strike_R","Strike_R","Defend_R","Defend_R","Defend_R","Defend_R","Bash","Combust+1","Wild Strike","Evolve","Wild Strike+1","Shrug It Off","Carnage+1","Sword Boomerang+1","Offering","Flame Barrier","True Grit","Shrug It Off+1","Disarm+1","Shockwave+1","Power Through"],"relics":["Burning Blood","Incense Burner","Vajra","Akabeko","Strawberry","Red Skull","Mark of Pain","ClockworkSouvenir","Unceasing Top","Oddly Smooth Stone"],"acts_visited":["Exordium","TheCity"],"potions_floor_usage":[8,23,24,33],"damage_taken":[{"damage":9,"enemies":"Jaw Worm","floor":1,"turns":6},{"damage":9,"enemies":"Cultist","floor":4,"turns":3},{"damage":1,"enemies":"2 Louse","floor":7,"turns":2},{"damage":35,"enemies":"Gremlin Nob","floor":8,"turns":4},{"damage":7,"enemies":"Gremlin Gang","floor":11,"turns":3},{"damage":20,"enemies":"3 Sentries","floor":13,"turns":5},{"damage":13,"enemies":"Exordium Thugs","floor":14,"turns":4},{"damage":27,"enemies":"Slime Boss","floor":16,"turns":6},{"damage":7,"enemies":"2 Thieves","floor":18,"turns":3},{"damage":2,"enemies":"Spheric Guardian","floor":22,"turns":2},{"damage":31,"enemies":"Slavers","floor":23,"turns":4},{"damage":30,"enemies":"Snake Plant","floor":24,"turns":2},{"damage":20,"enemies":"Book of Stabbing","floor":25,"turns":4},{"damage":18,"enemies":"Chosen and Byrds","floor":28,"turns":4},{"damage":3,"enemies":"Snecko","floor":29,"turns":3},{"damage":6,"enemies":"Cultist and Chosen","floor":31,"turns":8},{"damage":74,"enemies":"Automaton","floor":33,"turns":6}],"seed_played":"4576682583696820817","potions_obtained":[{"floor":1,"key":"PowerPotion"},{"floor":8,"key":"Ancient Potion"},{"floor":13,"key":"BloodPotion"},{"floor":16,"key":"Regen Potion"},{"floor":29,"key":"Fire Potion"}],"is_trial":false,"path_per_floor":["M","?","?","M","$","R","M","E","T","R","M","$","E","M","R","B",null,"M","?","$","?","M","E","M","E","T","R","M","M","R","M","R","B"],"character_chosen":"IRONCLAD","items_purchased":["Evolve","Vajra","ClockworkSouvenir","True Grit"],"campfire_rested":2,"item_purchase_floors":[5,5,20,20],"current_hp_per_floor":[65,65,70,67,67,67,72,43,50,50,49,49,35,28,28,7,62,61,38,38,38,42,29,22,8,8,33,21,24,24,24,49,0,0],"gold":277,"neow_bonus":"ONE_RARE_RELIC","is_daily":false,"chose_seed":false,"campfire_upgraded":4,"win_rate":0.0,"timestamp":1614305267,"path_taken":["M","?","?","M","$","R","M","E","T","R","M","?","E","M","R","BOSS","M","?","$","?","M","E","M","E","T","R","M","M","R","?","R","BOSS"],"items_purchased_type":["Card","Relic","Relic","Card"],"build_version":"2020-12-22","purchased_purges":1,"victory":false,"max_hp_per_floor":[68,68,73,73,73,73,73,73,80,80,80,80,80,80,80,80,80,80,85,85,85,85,85,85,85,85,85,85,85,85,85,85,85,85],"card_choices":[{"not_picked":["Disarm","Fire Breathing"],"picked":"Combust","floor":1},{"not_picked":["Perfected Strike","Havoc"],"picked":"Wild Strike","floor":4},{"not_picked":["Iron Wave","Dual Wield"],"picked":"Wild Strike","floor":7},{"not_picked":["Warcry","Iron Wave","Evolve"],"picked":"SKIP","floor":8},{"not_picked":["Bloodletting","Second Wind"],"picked":"Shrug It Off","floor":11},{"not_picked":["Thunderclap","Corruption"],"picked":"Carnage","floor":13},{"not_picked":["Twin Strike","Sentinel"],"picked":"Sword Boomerang","floor":14},{"not_picked":["Barricade","Juggernaut"],"picked":"Offering","floor":16},{"not_picked":["Clash","Heavy Blade"],"picked":"Flame Barrier","floor":18},{"not_picked":["Sword Boomerang","Anger"],"picked":"Shrug It Off+1","floor":22},{"not_picked":["Cleave+1","Headbutt"],"picked":"Disarm+1","floor":23},{"not_picked":["Clothesline+1","Perfected Strike"],"picked":"Shockwave+1","floor":24},{"not_picked":["Dark Embrace","Body Slam"],"picked":"Power Through","floor":25},{"not_picked":["Rampage","Wild Strike","Body Slam"],"picked":"SKIP","floor":28},{"not_picked":["Clash+1","True Grit","Dark Embrace"],"picked":"SKIP","floor":29},{"not_picked":["Heavy Blade+1","Sword Boomerang","Anger"],"picked":"SKIP","floor":31}],"player_experience":1707893,"relics_obtained":[{"floor":8,"key":"Akabeko"},{"floor":9,"key":"Strawberry"},{"floor":13,"key":"Red Skull"},{"floor":23,"key":"Unceasing Top"},{"floor":25,"key":"Oddly Smooth Stone"}],"event_choices":[{"damage_healed":0,"gold_gain":150,"player_choice":"AGREE","damage_taken":0,"max_hp_gain":0,"max_hp_loss":0,"event_name":"Liars Game","floor":2,"gold_loss":0,"cards_obtained":["Doubt"]},{"damage_healed":0,"gold_gain":0,"player_choice":"Donut","damage_taken":0,"max_hp_gain":5,"max_hp_loss":0,"event_name":"Big Fish","floor":3,"gold_loss":0},{"damage_healed":0,"gold_gain":0,"player_choice":"Shed Blood","damage_taken":28,"max_hp_gain":5,"max_hp_loss":0,"event_name":"Forgotten Altar","floor":19,"gold_loss":0},{"damage_healed":0,"gold_gain":50,"player_choice":"Pray","damage_taken":0,"max_hp_gain":0,"max_hp_loss":0,"event_name":"Golden Shrine","floor":21,"gold_loss":0}],"is_beta":false,"boss_relics":[{"not_picked":["SacredBark","Philosopher\u0027s Stone"],"picked":"Mark of Pain"}],"items_purged_floors":[5],"is_endless":false,"potions_floor_spawned":[1,8,13,16,18,22,29],"killed_by":"Automaton","ascension_level":20}}