{"host":"xbvuessano29wpkb","time":1614328632,"event":{"mods":["BaseMod","Colored Powertips","GifTheSpireLib","Minty Spire (QoL Compilation)","Shop Mod","StSLib","The Marked","óô»ðÖ¸ÄÏ"],"gold_per_floor":[109,109,121,46,46,46,46,46,46,72,72,98,114,146,46,120,120,140,15,15,27,46,46,81,81,81,115,115,115,156,190,190,261,261,275,285,135,155,164,199,199,226,253,78,97,128,137,137,137,137,137],"floor_reached":52,"language":"ZHS","playtime":3715,"items_purged":["theMarked:ChannelForce","theMarked:SwordAndMagic","theMarked:Reabsorb","theMarked:GodGivenPower","theMarked:Improvise"],"score":2685,"play_id":"2fc2bfe8-1e15-4f9e-96dd-bf6e3692e263","local_time":"20210226163712","daily_mods":["SealedDeck","Heirloom","Flight"],"is_ascension_mode":true,"campfire_choices":[{"data":"theMarked:Electrocute","floor":6.0,"key":"SMITH"},{"data":"theMarked:Seal","floor":8.0,"key":"SMITH"},{"data":"theMarked:Overcharge","floor":11.0,"key":"SMITH"},{"data":"theMarked:RepellingDischarge","floor":23.0,"key":"SMITH"},{"data":"theMarked:Maelstrom","floor":25.0,"key":"SMITH"},{"data":"theMarked:Friction","floor":28.0,"key":"SMITH"},{"data":"theMarked:Generate","floor":32.0,"key":"SMITH"},{"data":"theMarked:Friction","floor":41,"key":"SMITH"},{"data":"theMarked:Memento","floor":49,"key":"SMITH"}],"circlet_count":0,"master_deck":["AscendersBane","theMarked:Overcharge+1","theMarked:Seal+1","theMarked:AttractMetal","theMarked:Memento+1","theMarked:RepellingDischarge+1","theMarked:Electrocute+1","theMarked:UnarmedFury+1","theMarked:BiggerThanFate","theMarked:Friction+1","theMarked:Maelstrom+1","theMarked:Friction+1","theMarked:Generate+1","Secret Technique"],"relics":["theMarked:ArtifactOfAir","FossilizedHelix","Sundial","Molten Egg 2","Frozen Egg 2","Gremlin Horn","SlaversCollar","CeramicFish","Bottled Flame","Akabeko","Strawberry","White Beast Statue","Black Star","Letter Opener","Kunai","Vajra","Bag of Marbles","Boot","Pear","Ornamental Fan"],"acts_visited":["Exordium","TheCity","TheBeyond"],"potions_floor_usage":[40,40,46,50,51],"damage_taken":[{"damage":0.0,"enemies":"2 Louse","floor":1.0,"turns":2.0},{"damage":0.0,"enemies":"Small Slimes","floor":3.0,"turns":2.0},{"damage":0.0,"enemies":"Lagavulin","floor":10.0,"turns":3.0},{"damage":0.0,"enemies":"Gremlin Nob","floor":12.0,"turns":1.0},{"damage":0.0,"enemies":"Cultist","floor":13.0,"turns":2.0},{"damage":10.0,"enemies":"3 Sentries","floor":14.0,"turns":6.0},{"damage":8.0,"enemies":"The Guardian","floor":16.0,"turns":3.0},{"damage":0.0,"enemies":"Shell Parasite","floor":18.0,"turns":2.0},{"damage":0.0,"enemies":"3 Byrds","floor":21.0,"turns":3.0},{"damage":0.0,"enemies":"Centurion and Healer","floor":22.0,"turns":2.0},{"damage":0.0,"enemies":"Slavers","floor":24.0,"turns":2.0},{"damage":0.0,"enemies":"Gremlin Leader","floor":27.0,"turns":2.0},{"damage":0.0,"enemies":"Book of Stabbing","floor":30.0,"turns":3.0},{"damage":0.0,"enemies":"Gremlin Leader","floor":31.0,"turns":2.0},{"damage":0.0,"enemies":"Collector","floor":33.0,"turns":3.0},{"damage":0.0,"enemies":"Orb Walker","floor":35.0,"turns":1.0},{"damage":12.0,"enemies":"3 Darklings","floor":36.0,"turns":2.0},{"damage":0.0,"enemies":"Writhing Mass","floor":38.0,"turns":2.0},{"damage":0,"enemies":"Nemesis","floor":40,"turns":3},{"damage":0,"enemies":"Reptomancer","floor":42,"turns":2},{"damage":0,"enemies":"Transient","floor":45,"turns":4},{"damage":0,"enemies":"Nemesis","floor":46,"turns":3},{"damage":0,"enemies":"Donu and Deca","floor":50,"turns":2},{"damage":8,"enemies":"Time Eater","floor":51,"turns":3}],"seed_played":"-1275597469419042910","potions_obtained":[{"floor":10.0,"key":"Swift Potion"},{"floor":12.0,"key":"Regen Potion"},{"floor":14.0,"key":"Dexterity Potion"},{"floor":16.0,"key":"theMarked:ChargePotion"},{"floor":30.0,"key":"SteroidPotion"},{"floor":33.0,"key":"Energy Potion"},{"floor":38.0,"key":"Fruit Juice"},{"floor":40,"key":"DistilledChaos"},{"floor":42,"key":"LiquidBronze"},{"floor":46,"key":"LiquidBronze"},{"floor":48,"key":"PowerPotion"},{"floor":48,"key":"PowerPotion"}],"is_trial":true,"path_per_floor":["M","$","M","$","?","R","?","R","T","E","R","E","M","E","R","B",null,"M","$","?","M","M","R","E","R","T","E","R","?","E","E","R","B",null,"M","M","$","M","?","E","R","E","T","R","M","E","?","?","R","B","B",null],"character_chosen":"THE_DEFAULT","items_purchased":[],"campfire_rested":0,"item_purchase_floors":[],"current_hp_per_floor":[61,61,61,61,61,61,51,51,51,51,51,51,51,56,56,48,63,63,63,63,63,63,63,63,63,63,63,63,63,70,70,70,70,74,74,62,62,62,62,67,67,67,67,67,67,77,77,77,77,77,69],"gold":137,"neow_bonus":"","is_daily":false,"chose_seed":false,"campfire_upgraded":9,"win_rate":0.0,"timestamp":1614328632,"path_taken":["M","$","M","$","?","R","?","R","T","E","R","E","?","E","R","BOSS","M","$","?","M","?","R","E","R","T","E","R","?","E","E","R","BOSS","M","M","$","M","?","E","R","E","T","R","?","E","?","?","R","BOSS","BOSS"],"items_purchased_type":[],"build_version":"2020-12-22","purchased_purges":5,"victory":true,"max_hp_per_floor":[68,68,68,68,68,68,68,68,68,68,68,68,68,68,68,68,68,68,68,68,68,68,68,68,68,68,68,68,68,75,75,75,75,75,75,75,75,75,75,80,80,80,80,80,80,90,90,90,90,90,90],"card_choices":[{"not_picked":["theMarked:Opportunist","theMarked:BanishingWave","theMarked:EmpowerWeapon"],"picked":"SKIP","floor":1.0},{"not_picked":["theMarked:LightningStrikesTwice","theMarked:ElectricStrings","theMarked:Pokerface"],"picked":"SKIP","floor":3.0},{"not_picked":["theMarked:ResourceFulStrike+1","theMarked:SwordAndMagic+1"],"picked":"theMarked:UnarmedFury+1","floor":10.0},{"not_picked":["theMarked:EmpowerWeapon","theMarked:ThrowWeapon+1","theMarked:HeightenedSenses"],"picked":"SKIP","floor":12.0},{"not_picked":["theMarked:ElectricStrings+1","theMarked:ResourceFulStrike+1"],"picked":"theMarked:Reabsorb","floor":13.0},{"not_picked":["theMarked:Indomitable","theMarked:WastefulAttack+1","theMarked:SwordAndMagic+1"],"picked":"SKIP","floor":14.0},{"not_picked":["theMarked:Levitate","theMarked:Challenge"],"picked":"theMarked:BiggerThanFate","floor":16.0},{"not_picked":["theMarked:TakeCover","theMarked:Improvise","theMarked:KeepCalmAndFight+1"],"picked":"SKIP","floor":18.0},{"not_picked":["theMarked:WastefulAttack+1","theMarked:Frustration+1"],"picked":"theMarked:Friction","floor":21.0},{"not_picked":["theMarked:EmpowerWeapon","theMarked:Heritage+1","theMarked:WardOff"],"picked":"SKIP","floor":22.0},{"not_picked":["theMarked:WastefulAttack+1","theMarked:Indomitable"],"picked":"theMarked:Maelstrom","floor":24.0},{"not_picked":["theMarked:TurnInvisible","theMarked:WardOff","theMarked:RepellingDischarge"],"picked":"SKIP","floor":27.0},{"not_picked":["theMarked:EmpowerWeapon","theMarked:ComboAttacks+1"],"picked":"theMarked:Friction","floor":30.0},{"not_picked":["theMarked:Convert","theMarked:RogueSparks+1"],"picked":"theMarked:Generate","floor":31.0},{"not_picked":["theMarked:BanishingStrike+1","theMarked:Frustration+1","theMarked:WardOff"],"picked":"SKIP","floor":35.0},{"not_picked":["theMarked:Frustration+1","theMarked:Parkour+1","theMarked:WardOff"],"picked":"SKIP","floor":36.0},{"not_picked":["theMarked:OneWithTheBlade+1","theMarked:TakeCover+1","theMarked:ResourceFulStrike+1"],"picked":"SKIP","floor":38.0},{"not_picked":["theMarked:Indomitable","theMarked:StartUp+1","theMarked:Aftermath"],"picked":"SKIP","floor":40},{"not_picked":["theMarked:Indomitable","theMarked:StartUp+1","theMarked:Aftermath"],"picked":"SKIP","floor":40},{"not_picked":["theMarked:Electrocute+1","theMarked:Parkour+1","theMarked:Friction"],"picked":"SKIP","floor":42},{"not_picked":["theMarked:Friction","theMarked:TurnInvisible","theMarked:RepellingDischarge"],"picked":"SKIP","floor":45},{"not_picked":["theMarked:TunnelVision+1","theMarked:WardOff","theMarked:ElectricStrings+1"],"picked":"SKIP","floor":46},{"not_picked":["Swift Strike+1","Dramatic Entrance+1"],"picked":"Secret Technique","floor":47}],"player_experience":215555,"relics_obtained":[{"floor":9.0,"key":"Sundial"},{"floor":10.0,"key":"Molten Egg 2"},{"floor":12.0,"key":"Frozen Egg 2"},{"floor":14.0,"key":"Gremlin Horn"},{"floor":24.0,"key":"CeramicFish"},{"floor":26.0,"key":"Bottled Flame"},{"floor":27.0,"key":"Akabeko"},{"floor":30.0,"key":"Strawberry"},{"floor":31.0,"key":"White Beast Statue"},{"floor":40,"key":"Letter Opener"},{"floor":40,"key":"Kunai"},{"floor":42,"key":"Vajra"},{"floor":42,"key":"Bag of Marbles"},{"floor":43,"key":"Boot"},{"floor":46,"key":"Pear"},{"floor":46,"key":"Ornamental Fan"}],"event_choices":[{"damage_healed":0.0,"max_hp_gain":0.0,"max_hp_loss":0.0,"gold_gain":0.0,"event_name":"Liars Game","player_choice":"Ignored","floor":5.0,"gold_loss":0.0,"damage_taken":0.0},{"damage_healed":0.0,"max_hp_gain":0.0,"max_hp_loss":0.0,"gold_gain":0.0,"event_name":"Wheel of Change","player_choice":"Damaged","floor":7.0,"gold_loss":0.0,"damage_taken":10.0},{"damage_healed":0.0,"max_hp_gain":0.0,"max_hp_loss":0.0,"gold_gain":0.0,"event_name":"Transmorgrifier","player_choice":"Ignored","floor":20.0,"gold_loss":0.0,"damage_taken":0.0},{"damage_healed":0.0,"max_hp_gain":0.0,"max_hp_loss":0.0,"gold_gain":0.0,"event_name":"Vampires","player_choice":"Ignored","floor":29.0,"gold_loss":0.0,"damage_taken":0.0},{"damage_healed":0.0,"max_hp_gain":0.0,"max_hp_loss":0.0,"gold_gain":0.0,"cards_transformed":["theMarked:WardOff"],"event_name":"Transmorgrifier","player_choice":"Transformed","floor":39.0,"gold_loss":0.0,"damage_taken":0.0,"cards_obtained":["theMarked:Improvise"]},{"damage_healed":0,"gold_gain":0,"player_choice":"Memory 1","damage_taken":0,"max_hp_gain":0,"max_hp_loss":0,"event_name":"SensoryStone","floor":47,"gold_loss":0},{"damage_healed":0,"gold_gain":0,"player_choice":"Got Potions","damage_taken":0,"max_hp_gain":0,"max_hp_loss":0,"event_name":"Lab","floor":48,"gold_loss":0}],"is_beta":false,"boss_relics":[{"not_picked":["theMarked:SpiritSword","Astrolabe"],"picked":"SlaversCollar"},{"not_picked":["theMarked:Eyepatch","SacredBark"],"picked":"Black Star"}],"items_purged_floors":[4,15,19,37,44],"is_endless":false,"potions_floor_spawned":[10,12,14,16,22,30,33,35,36,38,40,42,45,46],"ascension_level":20}}