{"host":"u2qrfxkm3wve0vp3","time":1614365096,"event":{"mods":["AchievementEnabler","BaseMod","Better Match","Better Note","Better Third Choice","Better Vampires","Downfall","Minty Spire (QoL Compilation)","Quick Restart","Shop Mod","StSLib","The Cursed","The Marked","The Servant 0.9.4"],"gold_per_floor":[110,185,185,110,120,155,155,170,194,219,219,233,248,282,282,383,383,383,383],"floor_reached":18,"language":"ZHS","playtime":730,"items_purged":["Strike_S"],"score":189,"play_id":"bf735d56-9351-4180-bf9f-69901b72b74a","local_time":"20210227024456","is_ascension_mode":true,"campfire_choices":[{"data":"FlawlessForm","floor":7,"key":"SMITH"},{"data":"Moonlight","floor":11,"key":"SMITH"},{"data":"KidneyShot","floor":15,"key":"SMITH"}],"circlet_count":0,"master_deck":["Strike_S","Strike_S","Strike_S","Defend_S","Defend_S","Defend_S","Defend_S","KidneyShot+1","Exchange","MurderousAura","Moonlight+1","FlawlessForm+1","BottledTime","InstantArmor","Solidify"],"relics":["Uniform","Pen Nib","Pantograph","Bottled Lightning","bronze:MakeshiftBattery"],"acts_visited":["Exordium","TheCity"],"potions_floor_usage":[10,14,14,16],"damage_taken":[{"damage":0,"enemies":"2 Louse","floor":1,"turns":4},{"damage":1,"enemies":"Jaw Worm","floor":5,"turns":4},{"damage":18,"enemies":"3 Sentries","floor":6,"turns":9},{"damage":1,"enemies":"Small Slimes","floor":8,"turns":4},{"damage":8,"enemies":"Gremlin Nob","floor":10,"turns":4},{"damage":4,"enemies":"Exordium Thugs","floor":12,"turns":5},{"damage":7,"enemies":"Exordium Wildlife","floor":13,"turns":4},{"damage":12,"enemies":"3 Sentries","floor":14,"turns":8},{"damage":17,"enemies":"Hexaghost","floor":16,"turns":11},{"damage":0,"enemies":"Chosen","floor":18,"turns":2}],"seed_played":"5928327421567745656","potions_obtained":[{"floor":6,"key":"CultistPotion"},{"floor":10,"key":"DistilledChaos"},{"floor":12,"key":"SkillPotion"},{"floor":14,"key":"Strength Potion"}],"is_trial":false,"path_per_floor":["M","?","?","$","M","E","R","M","T","E","R","M","M","E","R","B",null,"M"],"character_chosen":"THE_SERVANT","items_purchased":[],"campfire_rested":0,"item_purchase_floors":[],"current_hp_per_floor":[59,48,59,59,58,40,40,39,39,31,31,27,20,8,8,16,59,59,59],"gold":383,"neow_bonus":"THREE_RARE_CARDS","is_daily":false,"chose_seed":false,"campfire_upgraded":3,"win_rate":0.0,"timestamp":1614365096,"path_taken":["M","?","?","$","M","E","R","M","T","E","R","?","M","E","R","BOSS","M"],"items_purchased_type":[],"build_version":"2020-12-22","purchased_purges":1,"victory":false,"max_hp_per_floor":[59,59,59,59,59,59,59,59,59,59,59,59,59,59,59,59,59,59,59],"card_choices":[{"not_picked":["Initiator","Deny"],"picked":"MurderousAura","floor":0},{"not_picked":["Replace","DoubleEdge","Misdirection"],"picked":"SKIP","floor":1},{"not_picked":["Starlight","Spin"],"picked":"Moonlight","floor":5},{"not_picked":["Replace","Luminosity"],"picked":"FlawlessForm","floor":6},{"not_picked":["Read","Rewind"],"picked":"BottledTime","floor":8},{"not_picked":["BottledTime","PendulumOfEternity","DoubleEdge"],"picked":"SKIP","floor":10},{"not_picked":["ShatteredReality","Moonlight","Potential"],"picked":"SKIP","floor":12},{"not_picked":["Alleviate","ShatteredReality","ReturningBlade"],"picked":"SKIP","floor":13},{"not_picked":["Initiator","TimeWarp"],"picked":"InstantArmor","floor":14},{"not_picked":["Deny","PendulumOfEternity"],"picked":"Solidify","floor":16}],"player_experience":353417,"relics_obtained":[{"floor":6,"key":"Pen Nib"},{"floor":10,"key":"Pantograph"},{"floor":14,"key":"Bottled Lightning"}],"event_choices":[{"damage_healed":0,"gold_gain":75,"player_choice":"Gold","damage_taken":11,"max_hp_gain":0,"max_hp_loss":0,"event_name":"betterThird:BetterGoop","floor":2,"gold_loss":0},{"damage_healed":19,"gold_gain":0,"player_choice":"Banana","damage_taken":0,"max_hp_gain":0,"max_hp_loss":0,"event_name":"Big Fish","floor":3,"gold_loss":0}],"is_beta":false,"boss_relics":[{"not_picked":["Runic Dome","Snecko Eye"],"picked":"bronze:MakeshiftBattery"}],"items_purged_floors":[4],"is_endless":false,"potions_floor_spawned":[6,10,12,14],"killed_by":"Chosen","ascension_level":1}}