{"host":"5n1fl7z5i1vf7jan","time":1614306206,"event":{"mods":["BaseMod","Minty Spire (QoL Compilation)","Quick Restart","Relic Stats"],"gold_per_floor":[116,116,126,126,141,141,160,160,160,4,37,51,51,86,86,86,86],"floor_reached":16,"language":"ENG","playtime":540,"items_purged":["Strike_B"],"score":270,"play_id":"c97e220e-2e82-4598-b3a1-4114adf4fac4","local_time":"20210225182326","is_ascension_mode":true,"campfire_choices":[{"data":"Zap","floor":6.0,"key":"SMITH"},{"data":"Go for the Eyes","floor":13.0,"key":"SMITH"},{"data":"Hologram","floor":15,"key":"SMITH"}],"circlet_count":0,"master_deck":["AscendersBane","Strike_B","Strike_B","Defend_B","Defend_B","Defend_B+1","Defend_B+1","Zap+1","Dualcast","FTL","FTL","Self Repair","Rebound","Streamline","Rip and Tear","Hologram+1","Go for the Eyes+1"],"relics":["Sozu","Letter Opener","Thread and Needle","Meat on the Bone"],"acts_visited":["Exordium"],"potions_floor_usage":[],"damage_taken":[{"damage":9.0,"enemies":"Jaw Worm","floor":1.0,"turns":4.0},{"damage":0.0,"enemies":"2 Louse","floor":3.0,"turns":2.0},{"damage":6.0,"enemies":"Cultist","floor":5.0,"turns":4.0},{"damage":6.0,"enemies":"Looter","floor":7.0,"turns":2.0},{"damage":8.0,"enemies":"Gremlin Nob","floor":11.0,"turns":3.0},{"damage":0.0,"enemies":"2 Fungi Beasts","floor":12.0,"turns":2.0},{"damage":0,"enemies":"Lagavulin","floor":14,"turns":7},{"damage":48,"enemies":"Hexaghost","floor":16,"turns":9}],"seed_played":"-2758938316382767432","potions_obtained":[],"is_trial":false,"path_per_floor":["M","?","M","?","M","R","M","?","T","$","E","M","R","E","R","B"],"character_chosen":"DEFECT","items_purchased":["Rip and Tear"],"campfire_rested":0,"item_purchase_floors":[10],"current_hp_per_floor":[55,55,55,51,52,52,53,32,32,32,31,38,38,45,45,0,0],"gold":86,"neow_bonus":"BOSS_RELIC","is_daily":false,"chose_seed":false,"campfire_upgraded":3,"win_rate":0.0,"timestamp":1614306206,"path_taken":["M","?","M","?","?","R","M","?","T","$","E","M","R","E","R","BOSS"],"items_purchased_type":["Card"],"build_version":"2020-12-22","purchased_purges":1,"victory":false,"max_hp_per_floor":[71,71,71,71,71,71,71,71,71,71,71,71,71,71,71,71,71],"relic_stats":{"Sozu":3,"counters":[8,33],"Letter Opener":[5],"obtain_stats":[{"Sozu":0,"Thread and Needle":11,"Letter Opener":9,"Cracked Core":0,"Meat on the Bone":14},{"Sozu":0,"Thread and Needle":5,"Letter Opener":4,"Cracked Core":0,"Meat on the Bone":7},{"Sozu":0,"Thread and Needle":15,"Letter Opener":12,"Cracked Core":0,"Meat on the Bone":24}],"Meat on the Bone":0},"card_choices":[{"not_picked":["Steam","Blizzard"],"picked":"FTL","floor":1.0},{"not_picked":["Consume","BootSequence"],"picked":"Self Repair","floor":3.0},{"not_picked":["Static Discharge","Turbo"],"picked":"Rebound","floor":5.0},{"not_picked":["Beam Cell","Compile Driver"],"picked":"Streamline","floor":7.0},{"not_picked":["Barrage","Melter"],"picked":"Hologram","floor":11.0},{"not_picked":["Fusion","Barrage"],"picked":"Go for the Eyes","floor":12.0},{"not_picked":["Streamline","Redo","Blizzard"],"picked":"SKIP","floor":14}],"player_experience":424479,"relics_obtained":[{"floor":9.0,"key":"Letter Opener"},{"floor":11.0,"key":"Thread and Needle"},{"floor":14,"key":"Meat on the Bone"}],"event_choices":[{"damage_healed":0.0,"max_hp_gain":0.0,"max_hp_loss":0.0,"gold_gain":0.0,"cards_transformed":["Strike_B"],"event_name":"Living Wall","player_choice":"Change","floor":2.0,"gold_loss":0.0,"damage_taken":0.0,"cards_obtained":["FTL"]},{"damage_healed":0.0,"max_hp_gain":0.0,"max_hp_loss":0.0,"gold_gain":0.0,"event_name":"The Woman in Blue","player_choice":"Bought 0 Potions","floor":4.0,"gold_loss":0.0,"damage_taken":0.0},{"damage_healed":0.0,"max_hp_gain":0.0,"max_hp_loss":0.0,"gold_gain":0.0,"event_name":"Shining Light","player_choice":"Entered Light","floor":8.0,"gold_loss":0.0,"damage_taken":21.0,"cards_upgraded":["Defend_B","Defend_B"]}],"is_beta":false,"boss_relics":[],"items_purged_floors":[10],"is_endless":false,"potions_floor_spawned":[1,11,12],"killed_by":"Hexaghost","ascension_level":20}}