{"host":"xsuxkwaivmtd234a","time":1614378053,"event":{"mods":["BaseMod","Bestiary","Colored Map","Minty Spire (QoL Compilation)","Relic Stats","StSLib"],"gold_per_floor":[363,363,213,230,192,223,223,257,257,257,283,283,19,44,44,146,146,165,179,179,179,189,218,218,246,270,185,185,185,196,214,214,313,313,332,349,349,366,40,80,80,124,136,179,191,231,243,289,301,313,325,337,25,65,65,65],"floor_reached":55,"language":"ENG","playtime":2983,"items_purged":["Strike_R+1"],"score":1446,"play_id":"cb222ce3-a62d-4b50-bbed-5183ce8af704","local_time":"20210226172053","is_ascension_mode":true,"campfire_choices":[{"floor":7,"key":"REST"},{"data":"Sever Soul","floor":10,"key":"SMITH"},{"data":"Cleave","floor":15,"key":"SMITH"},{"floor":24,"key":"REST"},{"floor":28,"key":"REST"},{"data":"Body Slam","floor":32,"key":"SMITH"},{"floor":41,"key":"RECALL"},{"data":"Feel No Pain","floor":45,"key":"SMITH"},{"data":"Corruption","floor":47,"key":"SMITH"},{"floor":49,"key":"REST"},{"data":"Flame Barrier","floor":52,"key":"SMITH"}],"circlet_count":0,"master_deck":["AscendersBane","Strike_R+1","Defend_R+1","Defend_R+1","Defend_R+1","Defend_R+1","Bash+1","Flame Barrier+1","Sever Soul+1","Feel No Pain+1","Corruption+1","Cleave+1","Metallicize+1","Panacea+1","Headbutt","Armaments+1","Barricade+1","Flex+1","Body Slam+1","Seeing Red+1","Havoc+1","Metallicize+1","Metallicize+1","Impervious+1","Flame Barrier+1","Second Wind+1","Reaper","Sentinel+1","Pummel+1","Spot Weakness+1","Feel No Pain+1","Heavy Blade+1","Flame Barrier+1","Dark Embrace+1","True Grit+1","Disarm+1","Reaper","Metallicize+1","Shrug It Off+1","Armaments+1","Entrench+1","Flame Barrier+1","Battle Trance+1"],"relics":["Burning Blood","PreservedInsect","Letter Opener","Toxic Egg 2","Frozen Egg 2","Whetstone","Toy Ornithopter","Bronze Scales","Strawberry","Mark of Pain","Bag of Marbles","Prayer Wheel","Tiny Chest","Mercury Hourglass","Astrolabe","Lantern","CeramicFish","MawBank","Kunai","Oddly Smooth Stone","Happy Flower","Anchor","Gambling Chip"],"acts_visited":["Exordium","TheCity","TheBeyond","TheEnding"],"potions_floor_usage":[8,22,23,23,35,36,40,50,55],"damage_taken":[{"damage":9,"enemies":"Jaw Worm","floor":1,"turns":3},{"damage":3,"enemies":"Cultist","floor":4,"turns":5},{"damage":22,"enemies":"Lagavulin","floor":6,"turns":6},{"damage":8,"enemies":"Gremlin Nob","floor":8,"turns":3},{"damage":12,"enemies":"Lagavulin","floor":11,"turns":7},{"damage":16,"enemies":"Gremlin Nob","floor":14,"turns":3},{"damage":54,"enemies":"Slime Boss","floor":16,"turns":11},{"damage":0,"enemies":"Chosen","floor":18,"turns":6},{"damage":13,"enemies":"Spheric Guardian","floor":19,"turns":6},{"damage":14,"enemies":"Cultist and Chosen","floor":22,"turns":6},{"damage":56,"enemies":"Gremlin Leader","floor":23,"turns":8},{"damage":28,"enemies":"Slavers","floor":25,"turns":4},{"damage":0,"enemies":"Sentry and Sphere","floor":30,"turns":5},{"damage":12,"enemies":"Shelled Parasite and Fungi","floor":31,"turns":5},{"damage":0,"enemies":"Automaton","floor":33,"turns":10},{"damage":6,"enemies":"3 Shapes","floor":35,"turns":4},{"damage":28,"enemies":"3 Darklings","floor":36,"turns":7},{"damage":16,"enemies":"Sphere and 2 Shapes","floor":38,"turns":9},{"damage":28,"enemies":"Reptomancer","floor":40,"turns":6},{"damage":28,"enemies":"Nemesis","floor":42,"turns":7},{"damage":1,"enemies":"Giant Head","floor":44,"turns":6},{"damage":0,"enemies":"Maw","floor":46,"turns":12},{"damage":38,"enemies":"Nemesis","floor":48,"turns":7},{"damage":76,"enemies":"Awakened One","floor":50,"turns":14},{"damage":44,"enemies":"Shield and Spear","floor":54,"turns":12},{"damage":66,"enemies":"The Heart","floor":55,"turns":6}],"seed_played":"-517879182801960675","potions_obtained":[{"floor":1,"key":"Explosive Potion"},{"floor":4,"key":"SteroidPotion"},{"floor":18,"key":"Dexterity Potion"},{"floor":19,"key":"GamblersBrew"},{"floor":22,"key":"FearPotion"},{"floor":30,"key":"Swift Potion"},{"floor":35,"key":"Fire Potion"},{"floor":38,"key":"Swift Potion"},{"floor":44,"key":"FairyPotion"}],"is_trial":false,"path_per_floor":["M","?","$","M","$","E","R","E","T","R","E","?","$","E","R","B",null,"M","M","?","?","M","E","R","E","T","?","R","T","M","M","R","B",null,"M","M","?","M","$","E","R","E","T","E","R","M","R","E","R","B",null,"R","$","E","B"],"character_chosen":"IRONCLAD","items_purchased":["PreservedInsect","Feel No Pain","Bronze Scales","Panacea+1","Headbutt","Lantern","HeartOfIron","Entrench+1","Flame Barrier+1","Anchor","SpeedPotion"],"campfire_rested":4,"item_purchase_floors":[3,5,13,13,13,39,39,53,53,53,53],"current_hp_per_floor":[69,69,69,72,72,56,72,70,70,70,64,64,64,61,61,13,63,69,62,62,62,59,19,42,20,20,20,43,43,49,43,43,49,72,79,74,74,67,67,74,74,64,64,79,79,79,79,47,70,65,76,76,76,41,0,0],"gold":65,"neow_bonus":"TWO_FIFTY_GOLD","is_daily":false,"chose_seed":false,"campfire_upgraded":6,"win_rate":0.0,"timestamp":1614378053,"path_taken":["M","?","$","M","$","E","R","E","T","R","E","?","$","E","R","BOSS","M","?","?","?","M","E","R","E","T","?","R","?","M","M","R","BOSS","M","M","?","M","$","E","R","E","T","E","R","M","R","E","R","BOSS","R","$","E","BOSS"],"items_purchased_type":["Relic","Card","Relic","Card","Card","Relic","Potion","Card","Card","Relic","Potion"],"build_version":"2020-12-22","purchased_purges":1,"victory":false,"max_hp_per_floor":[72,72,72,72,72,72,72,72,72,72,72,72,72,79,79,79,79,79,79,79,79,79,79,79,79,79,79,79,79,79,79,79,79,79,79,79,79,79,79,79,79,79,79,79,79,79,79,79,79,79,79,79,79,79,79,79],"relic_stats":{"Happy Flower":[10],"counters":[26,177],"Astrolabe":["Sentinel","Pummel","Spot Weakness"],"CeramicFish":63,"PreservedInsect":569,"Letter Opener":[285],"Whetstone":["Bash","Strike_R"],"MawBank":132,"Burning Blood":136,"Mercury Hourglass":[412],"Bronze Scales":[520],"Gambling Chip":[5],"Prayer Wheel":6,"Tiny Chest":0,"Kunai":[5],"obtain_stats":[{"Lantern":39,"Happy Flower":48,"Astrolabe":34,"CeramicFish":40,"Oddly Smooth Stone":44,"PreservedInsect":3,"Letter Opener":6,"Whetstone":11,"Frozen Egg 2":9,"MawBank":42,"Burning Blood":0,"Mercury Hourglass":29,"Anchor":53,"Bronze Scales":13,"Strawberry":14,"Gambling Chip":54,"Prayer Wheel":25,"Tiny Chest":27,"Mark of Pain":17,"Bag of Marbles":23,"Kunai":43,"Toxic Egg 2":8,"Toy Ornithopter":12},{"Lantern":18,"Happy Flower":23,"Astrolabe":15,"CeramicFish":19,"Oddly Smooth Stone":21,"PreservedInsect":1,"Letter Opener":3,"Whetstone":5,"Frozen Egg 2":4,"MawBank":20,"Burning Blood":0,"Mercury Hourglass":12,"Anchor":24,"Bronze Scales":5,"Strawberry":6,"Gambling Chip":25,"Prayer Wheel":12,"Tiny Chest":12,"Mark of Pain":7,"Bag of Marbles":11,"Kunai":20,"Toxic Egg 2":4,"Toy Ornithopter":5},{"Lantern":107,"Happy Flower":145,"Astrolabe":88,"CeramicFish":113,"Oddly Smooth Stone":126,"PreservedInsect":3,"Letter Opener":14,"Whetstone":24,"Frozen Egg 2":17,"MawBank":120,"Burning Blood":0,"Mercury Hourglass":68,"Anchor":159,"Bronze Scales":24,"Strawberry":27,"Gambling Chip":171,"Prayer Wheel":68,"Tiny Chest":68,"Mark of Pain":38,"Bag of Marbles":64,"Kunai":120,"Toxic Egg 2":17,"Toy Ornithopter":24}],"Toy Ornithopter":40},"card_choices":[{"not_picked":["True Grit","Havoc"],"picked":"Flame Barrier","floor":1},{"not_picked":["Warcry","Dark Embrace"],"picked":"Sever Soul","floor":4},{"not_picked":["Offering","Iron Wave"],"picked":"Corruption","floor":6},{"not_picked":["Intimidate+1","Headbutt"],"picked":"Cleave","floor":8},{"not_picked":["Cleave","Rage+1"],"picked":"Metallicize+1","floor":11},{"not_picked":["Cleave","Reckless Charge"],"picked":"Armaments+1","floor":14},{"not_picked":["Fiend Fire","Corruption+1"],"picked":"Barricade+1","floor":16},{"not_picked":["Headbutt","Armaments+1"],"picked":"Flex+1","floor":18},{"not_picked":["Iron Wave","Warcry+1"],"picked":"Body Slam","floor":19},{"not_picked":["Evolve+1","Warcry+1"],"picked":"Seeing Red+1","floor":22},{"not_picked":["Thunderclap","Iron Wave"],"picked":"Havoc+1","floor":23},{"not_picked":["Cleave","Whirlwind"],"picked":"Metallicize+1","floor":25},{"not_picked":["True Grit+1","Clash"],"picked":"Metallicize+1","floor":30},{"not_picked":["Armaments+1","Clothesline"],"picked":"Impervious+1","floor":30},{"not_picked":["Wild Strike","Body Slam"],"picked":"Flame Barrier+1","floor":31},{"not_picked":["Iron Wave","Twin Strike"],"picked":"Second Wind+1","floor":31},{"not_picked":["Corruption+1","Limit Break+1"],"picked":"Reaper","floor":33},{"not_picked":["Havoc+1","Thunderclap"],"picked":"Feel No Pain+1","floor":35},{"not_picked":["Perfected Strike","Searing Blow+1"],"picked":"Heavy Blade+1","floor":35},{"not_picked":["Cleave","Wild Strike"],"picked":"Flame Barrier+1","floor":36},{"not_picked":["Twin Strike","Combust+1"],"picked":"Dark Embrace+1","floor":36},{"not_picked":["Uppercut+1","Perfected Strike+1"],"picked":"True Grit+1","floor":38},{"not_picked":["Rampage","Flex+1"],"picked":"Disarm+1","floor":38},{"not_picked":["Twin Strike","Pommel Strike"],"picked":"Reaper","floor":40},{"not_picked":["Clothesline","Thunderclap"],"picked":"Metallicize+1","floor":42},{"not_picked":["Hemokinesis","Sword Boomerang+1","Rupture+1"],"picked":"SKIP","floor":44},{"not_picked":["Hemokinesis","Flex+1"],"picked":"Shrug It Off+1","floor":46},{"not_picked":["Pommel Strike+1","Iron Wave"],"picked":"Armaments+1","floor":46},{"not_picked":["Offering+1","Sword Boomerang+1","Searing Blow+1"],"picked":"SKIP","floor":48},{"not_picked":["Thunderclap","Sever Soul+1"],"picked":"Battle Trance+1","floor":54}],"player_experience":1391545,"relics_obtained":[{"floor":6,"key":"Letter Opener"},{"floor":8,"key":"Toxic Egg 2"},{"floor":9,"key":"Frozen Egg 2"},{"floor":11,"key":"Whetstone"},{"floor":14,"key":"Strawberry"},{"floor":23,"key":"Bag of Marbles"},{"floor":25,"key":"Prayer Wheel"},{"floor":29,"key":"Mercury Hourglass"},{"floor":40,"key":"CeramicFish"},{"floor":42,"key":"MawBank"},{"floor":43,"key":"Kunai"},{"floor":44,"key":"Oddly Smooth Stone"},{"floor":48,"key":"Happy Flower"},{"floor":54,"key":"Gambling Chip"}],"event_choices":[{"damage_healed":0,"gold_gain":0,"player_choice":"Ignored","damage_taken":0,"max_hp_gain":0,"max_hp_loss":0,"event_name":"Golden Wing","floor":2,"gold_loss":0},{"damage_healed":0,"gold_gain":0,"player_choice":"Gave Potion","damage_taken":0,"relics_obtained":["Toy Ornithopter"],"max_hp_gain":0,"max_hp_loss":0,"event_name":"WeMeetAgain","floor":12,"gold_loss":0},{"damage_healed":0,"gold_gain":0,"player_choice":"Ignored","damage_taken":0,"max_hp_gain":0,"max_hp_loss":0,"event_name":"Ghosts","floor":20,"gold_loss":0},{"damage_healed":0,"gold_gain":0,"player_choice":"Simplicity","damage_taken":0,"max_hp_gain":0,"max_hp_loss":0,"event_name":"Back to Basics","floor":21,"gold_loss":0,"cards_upgraded":["Strike_R","Strike_R","Strike_R","Strike_R","Defend_R","Defend_R","Defend_R","Defend_R"]},{"damage_healed":0,"gold_gain":0,"player_choice":"Obtained Relic","damage_taken":0,"relics_obtained":["Tiny Chest"],"max_hp_gain":0,"max_hp_loss":0,"event_name":"Addict","floor":27,"gold_loss":85},{"damage_healed":0,"gold_gain":0,"player_choice":"Ignored","damage_taken":0,"max_hp_gain":0,"max_hp_loss":0,"event_name":"Tomb of Lord Red Mask","floor":37,"gold_loss":0}],"is_beta":false,"boss_relics":[{"not_picked":["Empty Cage","Runic Cube"],"picked":"Mark of Pain"},{"not_picked":["Pandora\u0027s Box","Philosopher\u0027s Stone"],"picked":"Astrolabe"}],"items_purged_floors":[39],"is_endless":false,"potions_floor_spawned":[1,4,18,19,22,30,35,38,44],"killed_by":"The Heart","ascension_level":10}}