{"host":"cdbhaz9p3iutjbyx","time":1614328816,"event":{"mods":["AchievementEnabler","BaseMod","Downfall","GifTheSpireLib","Hubris","Minty Spire (QoL Compilation)","Rare Cards Sparkle","StSLib","The Disciple","The Senshi"],"gold_per_floor":[118,118,134,134,134,168,168,211,211,211,135,135,150,190,190,321,321,336,336,336,336,360,360,381,407,407,332,350,364,101,120,120,120,120],"floor_reached":33,"language":"ENG","playtime":3260,"items_purged":[],"score":263,"play_id":"ede38629-b5f8-428b-af12-345713252b79","local_time":"20210226094016","is_ascension_mode":false,"campfire_choices":[{"floor":7,"key":"REST"},{"data":"Bash","floor":12,"key":"SMITH"},{"data":"Combust","floor":15,"key":"SMITH"},{"floor":23,"key":"REST"},{"floor":32,"key":"REST"}],"circlet_count":0,"master_deck":["Strike_R+1","Strike_R","Strike_R","Defend_R","Defend_R+1","Defend_R","Bash+1","Intimidate","Clothesline","Combust+1","Ghostly Armor","Double Tap","Battle Trance","Clothesline","Bludgeon","Battle Trance+1","Impervious","J.A.X.+1","Clothesline+1","Whirlwind","Sword Boomerang","Thunderclap+1","Bludgeon","Rupture","Blind","Clash"],"relics":["Burning Blood","Red Skull","hubris:Towel","Golden Idol","Bag of Marbles","hubris:DeckOfHolding","Meat on the Bone","Gambling Chip","Astrolabe","PreservedInsect","hubris:GlazedTorus"],"acts_visited":["Exordium","TheCity"],"potions_floor_usage":[33],"damage_taken":[{"damage":2,"enemies":"2 Louse","floor":1,"turns":3},{"damage":0,"enemies":"Small Slimes","floor":3,"turns":3},{"damage":32,"enemies":"3 Sentries","floor":6,"turns":10},{"damage":34,"enemies":"Lagavulin","floor":8,"turns":7},{"damage":0,"enemies":"Cultist","floor":13,"turns":2},{"damage":22,"enemies":"3 Sentries","floor":14,"turns":7},{"damage":54,"enemies":"Hexaghost","floor":16,"turns":10},{"damage":34,"enemies":"Shell Parasite","floor":18,"turns":9},{"damage":31,"enemies":"3 Byrds","floor":22,"turns":5},{"damage":25,"enemies":"Snake Plant","floor":24,"turns":6},{"damage":16,"enemies":"Cultist and Chosen","floor":28,"turns":5},{"damage":22,"enemies":"Shelled Parasite and Fungi","floor":29,"turns":4},{"damage":27,"enemies":"Centurion and Healer","floor":31,"turns":4},{"damage":60,"enemies":"hubris:MusketHawk","floor":33,"turns":6}],"seed_played":"4847035304994791240","potions_obtained":[{"floor":6,"key":"SkillPotion"},{"floor":8,"key":"sneckomod:MuddlingPotion"},{"floor":18,"key":"Block Potion"},{"floor":22,"key":"champ:CounterPotion"}],"is_trial":false,"path_per_floor":["M","?","M","?","?","E","R","E","T","?","$","R","M","E","R","B",null,"M","?","?","?","M","R","M","T","T","?","M","M","$","M","R","B"],"character_chosen":"IRONCLAD","items_purchased":["Double Tap","Bludgeon","Rupture","Blind"],"campfire_rested":3,"item_purchase_floors":[11,30,30,30],"current_hp_per_floor":[80,80,80,64,64,38,60,32,32,74,74,74,74,58,58,22,74,46,46,46,46,33,55,48,48,48,48,50,46,46,37,59,0,0],"gold":120,"neow_bonus":"RANDOM_COMMON_RELIC","is_daily":false,"chose_seed":false,"campfire_upgraded":2,"win_rate":0.0,"timestamp":1614328816,"path_taken":["M","?","M","?","?","E","R","E","T","?","$","R","?","E","R","BOSS","M","?","?","?","?","R","M","?","T","?","M","M","$","M","R","BOSS"],"items_purchased_type":["Card","Card","Card","Card"],"build_version":"2020-12-22","purchased_purges":0,"victory":false,"max_hp_per_floor":[80,80,80,80,74,74,74,74,74,74,74,74,74,74,74,74,74,74,74,74,74,74,74,74,74,74,74,74,74,74,74,74,74,74],"card_choices":[{"not_picked":["Twin Strike","True Grit"],"picked":"Intimidate","floor":1},{"not_picked":["Blood for Blood","True Grit"],"picked":"Clothesline","floor":3},{"not_picked":["Blood for Blood","Armaments"],"picked":"Combust","floor":6},{"not_picked":["Feel No Pain","True Grit"],"picked":"Ghostly Armor","floor":8},{"not_picked":["True Grit","Pommel Strike"],"picked":"Battle Trance","floor":13},{"not_picked":["Clash","Burning Pact"],"picked":"Clothesline","floor":14},{"not_picked":["Demon Form","Brutality"],"picked":"Bludgeon","floor":16},{"not_picked":["Armaments","Iron Wave"],"picked":"Impervious","floor":18},{"not_picked":["True Grit","Shrug It Off"],"picked":"Clothesline+1","floor":22},{"not_picked":["Entrench","Anger"],"picked":"Whirlwind","floor":24},{"not_picked":["Perfected Strike","Pommel Strike"],"picked":"Sword Boomerang","floor":28},{"not_picked":["Blood for Blood","Perfected Strike+1"],"picked":"Thunderclap+1","floor":29},{"not_picked":["Body Slam","Power Through"],"picked":"Clash","floor":31}],"player_experience":9258,"relics_obtained":[{"floor":6,"key":"Bag of Marbles"},{"floor":8,"key":"hubris:DeckOfHolding"},{"floor":9,"key":"Meat on the Bone"},{"floor":14,"key":"Gambling Chip"},{"floor":25,"key":"PreservedInsect"},{"floor":26,"key":"hubris:GlazedTorus"}],"event_choices":[{"damage_healed":0,"gold_gain":0,"player_choice":"Entered Light","damage_taken":16,"max_hp_gain":0,"max_hp_loss":0,"event_name":"Shining Light","floor":4,"gold_loss":0,"cards_upgraded":["Defend_R","Strike_R"]},{"damage_healed":0,"gold_gain":0,"player_choice":"Lose Max HP","damage_taken":0,"relics_obtained":["Golden Idol"],"max_hp_gain":0,"max_hp_loss":6,"event_name":"Golden Idol","floor":5,"gold_loss":0},{"damage_healed":42,"gold_gain":0,"player_choice":"Full Heal","damage_taken":0,"max_hp_gain":0,"max_hp_loss":0,"event_name":"Wheel of Change","floor":10,"gold_loss":0},{"damage_healed":0,"gold_gain":0,"player_choice":"Obtain J.A.X.","damage_taken":0,"max_hp_gain":0,"max_hp_loss":0,"event_name":"Drug Dealer","floor":19,"gold_loss":0,"cards_obtained":["J.A.X."]},{"cards_removed":["Dark Embrace"],"damage_healed":0,"gold_gain":0,"player_choice":"Elegance","damage_taken":0,"max_hp_gain":0,"max_hp_loss":0,"event_name":"Back to Basics","floor":20,"gold_loss":0},{"damage_healed":0,"gold_gain":0,"player_choice":"Upgraded","damage_taken":0,"max_hp_gain":0,"max_hp_loss":0,"event_name":"Upgrade Shrine","floor":21,"gold_loss":0,"cards_upgraded":["J.A.X."]},{"cards_removed":["Feel No Pain"],"damage_healed":0,"gold_gain":0,"player_choice":"Gave Gold","damage_taken":0,"max_hp_gain":0,"max_hp_loss":0,"event_name":"Beggar","floor":27,"gold_loss":75}],"is_beta":false,"boss_relics":[{"not_picked":["Mark of Pain","Ectoplasm"],"picked":"Astrolabe"}],"items_purged_floors":[],"is_endless":false,"potions_floor_spawned":[6,8,18,22,31],"killed_by":"hubris:MusketHawk","ascension_level":0}}