{"host":"s0y72fk20o7gee70","time":1614353448,"event":{"mods":["BaseMod","Conspire","Infinite Spire","Minty Spire (QoL Compilation)","Replay The Spire","StSLib","SuperFastMode"],"gold_per_floor":[111,131,143,156,156,183,183,216,216,231,250,250,270,281,281,378,378,388,188,463,504,504,504,511,511],"floor_reached":24,"language":"ENG","playtime":1388,"items_purged":[],"score":260,"play_id":"a9b6af8a-bed8-41f1-af20-de6fed8a90a0","local_time":"20210226123048","is_ascension_mode":false,"campfire_choices":[{"data":"Defragment","floor":7,"key":"SMITH"},{"data":"Electrodynamics","floor":12,"key":"SMITH"},{"floor":15,"key":"REST"}],"circlet_count":0,"master_deck":["Strike_B","Strike_B","Strike_B","Defend_B","Defend_B","Defend_B","Defend_B","Zap","Dualcast","Sweeping Beam","Defragment+1","Panic Button","ReplayTheSpireMod:System Scan","Panic Button","Electrodynamics+1","Conserve Battery","Panic Button","Reboot","BasicCrystalCard","conspire:SpireCoStock","conspire:SpireCoStock","conspire:SpireCoStock","conspire:SpireCoStock","Regret","Panic Button"],"relics":["Cracked Core","NeowsBlessing","Geode","Letter Opener","Pear","Black Star","Prayer Wheel"],"acts_visited":["Exordium","TheCity"],"potions_floor_usage":[18,18,21],"damage_taken":[{"damage":0,"enemies":"Small Slimes","floor":1,"turns":1},{"damage":0,"enemies":"Cultist","floor":2,"turns":1},{"damage":0,"enemies":"conspire:RoseBush","floor":3,"turns":1},{"damage":6,"enemies":"Red Slaver","floor":4,"turns":3},{"damage":20,"enemies":"Gremlin Nob","floor":6,"turns":4},{"damage":26,"enemies":"Replay:BlueRogue","floor":8,"turns":5},{"damage":1,"enemies":"2 Fungi Beasts","floor":10,"turns":1},{"damage":10,"enemies":"Exordium Thugs","floor":11,"turns":2},{"damage":2,"enemies":"3 Louse","floor":13,"turns":3},{"damage":2,"enemies":"Blue Slaver","floor":14,"turns":2},{"damage":40,"enemies":"Fading Forest","floor":16,"turns":11},{"damage":10,"enemies":"3 Byrds","floor":18,"turns":3},{"damage":71,"enemies":"2 Thieves","floor":21,"turns":5},{"damage":19,"enemies":"Shelled Parasite and Fungi","floor":24,"turns":3}],"seed_played":"6733980253500494570","potions_obtained":[{"floor":6,"key":"SkillPotion"},{"floor":11,"key":"Adrenaline Potion"},{"floor":13,"key":"Regen Potion"},{"floor":16,"key":"Adrenaline Potion"},{"floor":18,"key":"Elixir"}],"is_trial":false,"path_per_floor":["M","M","M","M","?","E","R","E","T","M","M","R","M","M","R","B",null,"M","?","?","M","PTL","PTL","M"],"character_chosen":"DEFECT","items_purchased":[],"campfire_rested":1,"item_purchase_floors":[],"current_hp_per_floor":[75,75,75,69,69,49,49,23,33,32,22,22,20,18,43,13,85,75,75,75,18,18,18,0,0],"gold":511,"neow_bonus":"THREE_ENEMY_KILL","is_daily":false,"chose_seed":false,"campfire_upgraded":2,"win_rate":0.0,"timestamp":1614353448,"path_taken":["M","M","M","M","?","E","R","E","T","M","?","R","M","?","R","BOSS","M","?","?","M","PTL","PTL","?"],"items_purchased_type":[],"build_version":"2020-12-13","purchased_purges":0,"victory":false,"max_hp_per_floor":[75,75,75,75,75,75,75,75,85,85,85,85,85,85,85,85,85,85,85,85,85,85,85,85,85],"card_choices":[{"not_picked":["Rip and Tear","Coolheaded"],"picked":"Sweeping Beam","floor":1},{"not_picked":["Conserve Battery","Hologram"],"picked":"Defragment","floor":2},{"not_picked":["Sweeping Beam","Leap"],"picked":"Panic Button","floor":3},{"not_picked":["Cold Snap","Stack"],"picked":"ReplayTheSpireMod:System Scan","floor":4},{"not_picked":["Coolheaded","Force Field"],"picked":"Electrodynamics","floor":6},{"not_picked":["Beam Cell","Compile Driver","Coolheaded"],"picked":"SKIP","floor":8},{"not_picked":["Coolheaded","Streamline","Beam Cell"],"picked":"SKIP","floor":10},{"not_picked":["Streamline","Compile Driver"],"picked":"Conserve Battery","floor":11},{"not_picked":["Blizzard","ReplayTheSpireMod:Repulse"],"picked":"Panic Button","floor":13},{"not_picked":["Doom and Gloom","Streamline"],"picked":"Reboot","floor":14},{"not_picked":["Thunder Strike","Seek"],"picked":"ReplayTheSpireMod:Fabricate Wheel","floor":16},{"not_picked":["Compile Driver","Blizzard"],"picked":"BasicCrystalCard","floor":18},{"not_picked":["Stack+1","ReplayTheSpireMod:Omega Cannon"],"picked":"Panic Button","floor":21},{"not_picked":["Reprogram","Skim","Barrage"],"picked":"SKIP","floor":21}],"player_experience":4772,"relics_obtained":[{"floor":6,"key":"Geode"},{"floor":8,"key":"Letter Opener"},{"floor":9,"key":"Pear"}],"event_choices":[{"damage_healed":0,"gold_gain":0,"cards_transformed":["Strike_B"],"player_choice":"Transformed","damage_taken":0,"max_hp_gain":0,"max_hp_loss":0,"event_name":"Transmorgrifier","floor":5,"gold_loss":0,"cards_obtained":["Panic Button"]},{"damage_healed":0,"gold_gain":0,"player_choice":"Invest 4","damage_taken":0,"max_hp_gain":0,"max_hp_loss":0,"event_name":"conspire:Investor","floor":19,"gold_loss":0},{"damage_healed":0,"gold_gain":275,"player_choice":"Desecrate","damage_taken":0,"max_hp_gain":0,"max_hp_loss":0,"event_name":"Golden Shrine","floor":20,"gold_loss":0,"cards_obtained":["Regret"]}],"is_beta":false,"boss_relics":[{"not_picked":["ReplayTheSpireMod:DimensionalGlitch","conspire:SlowCooker"],"picked":"Black Star"}],"items_purged_floors":[],"is_endless":false,"potions_floor_spawned":[6,11,13,14,16,18],"killed_by":"Shelled Parasite and Fungi","ascension_level":0}}