{"host":"dqhxssgnvgwxkxyk","time":1614357283,"event":{"mods":["BaseMod","Downfall","Hermit","Minty Spire (QoL Compilation)","Replay The Spire","StSLib","The Cursed"],"gold_per_floor":[99,112,126,138,44,54,54,54,54,74,100,112,122,136,154,249,249,249,268,268,268,268],"floor_reached":20,"language":"RUS","playtime":1740,"items_purged":[],"score":180,"play_id":"ee680e97-217b-4425-8bca-fb467dca48a6","local_time":"20210226193443","is_ascension_mode":false,"campfire_choices":[{"data":"Slimebound:Tackle","floor":1,"key":"SMITH"},{"data":"Slimebound:MassRepurpose","floor":18,"key":"SMITH"}],"circlet_count":0,"master_deck":["Slimebound:Strike_Slimebound","Slimebound:Strike_Slimebound","Slimebound:Strike_Slimebound","Slimebound:Tackle+1","Slimebound:Defend_Slimebound","Slimebound:Defend_Slimebound","Slimebound:Defend_Slimebound","Slimebound:Defend_Slimebound","Slimebound:Split","Slimebound:CorrosiveSpit","Slimebound:ViciousTackle","Slimebound:SamplingLick","Slimebound:SplitBruiser","Slimebound:SplitLeeching","Slimebound:RejuvenatingLick+1","Slimebound:SpikyOuterGoop","Slimebound:WasteNot","Slimebound:SlimeTap","Slimebound:LivingWall","Slimebound:MassRepurpose+1","Slimebound:Prepare+1"],"relics":["Slimebound:AbsorbEndCombat","Iron Hammer","Pantograph","Replay:Bottled Eggs","Cursed Key"],"acts_visited":["Exordium","TheCity"],"potions_floor_usage":[11],"damage_taken":[{"damage":3,"enemies":"Cultist","floor":2,"turns":4},{"damage":8,"enemies":"2 Louse","floor":3,"turns":2},{"damage":7,"enemies":"Jaw Worm","floor":4,"turns":3},{"damage":5,"enemies":"downfall:FleeingMerchant","floor":5,"turns":4},{"damage":3,"enemies":"2 Fungi Beasts","floor":6,"turns":2},{"damage":14,"enemies":"Lots of Slimes","floor":10,"turns":3},{"damage":14,"enemies":"3 Sentries","floor":11,"turns":5},{"damage":5,"enemies":"downfall:LooterAlt","floor":12,"turns":3},{"damage":5,"enemies":"Red Slaver","floor":13,"turns":4},{"damage":0,"enemies":"Large Slime","floor":14,"turns":4},{"damage":9,"enemies":"Blue Slaver","floor":15,"turns":3},{"damage":28,"enemies":"DF_ARCHETYPE_STREAMLINE","floor":16,"turns":9},{"damage":14,"enemies":"3 Byrds","floor":19,"turns":5},{"damage":0,"enemies":"Spheric Guardian","floor":20,"turns":2}],"seed_played":"8867050880966749261","potions_obtained":[{"floor":2,"key":"sneckomod:MuddlingPotion"},{"floor":10,"key":"Toxic Potion"},{"floor":12,"key":"Milkshake"},{"floor":13,"key":"Energy Potion"},{"floor":15,"key":"Doom Potion"}],"is_trial":false,"path_per_floor":["R","M","M","M","$","M","T","?","?","M","E","M","M","M","M","B",null,"R","M","M"],"character_chosen":"SLIMEBOUND","items_purchased":["Slimebound:RejuvenatingLick"],"campfire_rested":0,"item_purchase_floors":[5],"current_hp_per_floor":[71,71,63,60,59,60,60,60,60,50,40,37,34,38,33,34,71,71,63,63,63,63],"gold":268,"neow_bonus":"TEN_PERCENT_HP_BONUS","is_daily":false,"chose_seed":false,"campfire_upgraded":2,"win_rate":0.0,"timestamp":1614357283,"path_taken":["R","M","?","M","$","M","T","?","?","M","E","M","M","?","M","BOSS","R","M","M"],"items_purchased_type":["Card"],"build_version":"2020-12-22","purchased_purges":0,"victory":false,"max_hp_per_floor":[71,71,71,71,71,71,71,71,71,71,71,71,71,71,71,71,71,71,71,71,71,71],"card_choices":[{"not_picked":["Slimebound:RejuvenatingLick","Slimebound:RollThrough"],"picked":"Slimebound:ViciousTackle","floor":2},{"not_picked":["Slimebound:BestDefense","Slimebound:Gluttony"],"picked":"Slimebound:SamplingLick","floor":3},{"not_picked":["Slimebound:ForwardTackle","Slimebound:SplitAcid"],"picked":"Slimebound:SplitBruiser","floor":4},{"not_picked":["Slimebound:LeechingTouch","Slimebound:SpikyOuterGoop"],"picked":"Slimebound:SplitLeeching","floor":5},{"not_picked":["Slimebound:LeechEnergy","Slimebound:FinishingTackle","Slimebound:Gluttony"],"picked":"SKIP","floor":6},{"not_picked":["Slimebound:ComboTackle","Slimebound:ViciousTackle"],"picked":"Slimebound:SpikyOuterGoop","floor":10},{"not_picked":["Slimebound:LeechingTouch","Slimebound:SlimeSpikes"],"picked":"Slimebound:WasteNot","floor":11},{"not_picked":["Slimebound:Chomp","Slimebound:Grow"],"picked":"Slimebound:SlimeTap","floor":12},{"not_picked":["Slimebound:Grow","Slimebound:Chomp"],"picked":"Slimebound:LivingWall","floor":13},{"not_picked":["Slimebound:PressTheAttack","Slimebound:ProtectTheBoss","Slimebound:SplitLeeching"],"picked":"SKIP","floor":14},{"not_picked":["Slimebound:SplitLeeching","Slimebound:ViciousTackle","Slimebound:ItLooksTasty"],"picked":"SKIP","floor":15},{"not_picked":["Slimebound:RallyTheTroops","Slimebound:FirmFortitude"],"picked":"Slimebound:MassRepurpose","floor":16},{"not_picked":["Slimebound:LeechingTouch","Slimebound:RollThrough"],"picked":"Slimebound:Prepare+1","floor":19}],"player_experience":518816,"relics_obtained":[{"floor":7,"key":"Iron Hammer"},{"floor":11,"key":"Replay:Bottled Eggs"}],"event_choices":[{"damage_healed":0,"gold_gain":0,"player_choice":"Box","damage_taken":0,"relics_obtained":["Pantograph"],"max_hp_gain":0,"max_hp_loss":0,"event_name":"Big Fish","floor":8,"gold_loss":0,"cards_obtained":["Regret"]},{"cards_removed":["Regret"],"damage_healed":0,"gold_gain":0,"player_choice":"Card Removal","damage_taken":0,"max_hp_gain":0,"max_hp_loss":0,"event_name":"The Cleric","floor":9,"gold_loss":0}],"is_beta":false,"boss_relics":[{"not_picked":["Replay:Bronze Core","bronze:MakeshiftBattery"],"picked":"Cursed Key"}],"items_purged_floors":[],"is_endless":false,"potions_floor_spawned":[2,10,12,13,15,19],"killed_by":"Spheric Guardian","ascension_level":0}}