{"host":"nwyj08ts91jkyezn","time":1614305487,"event":{"mods":["AchievementEnabler","BaseMod","Colored Map","DeckTracker","Minty Spire (QoL Compilation)","Rare Cards Sparkle","StSLib","SuperFastMode","everything is the same but u backflip on backflip"],"gold_per_floor":[112,187,137,62,72,99,122,122,122,134,145,176,176,209,209,311,311,328,13,13,29,39,39,66,79,79,106,106,106,116,128,128,230,230,245,245,263,138,157,157,257,288,288,304,318,318,168,185,185,185,185,185,32,57,57],"floor_reached":56,"language":"KOR","playtime":3036,"items_purged":["Defend_B","Strike_B","Steam+1","Steam Power"],"score":1549,"play_id":"3d5322f5-ea80-4418-aedf-64e1167c08b8","local_time":"20210226111127","is_ascension_mode":true,"campfire_choices":[{"data":"Turbo","floor":8.0,"key":"SMITH"},{"floor":13.0,"key":"REST"},{"data":"Coolheaded","floor":15.0,"key":"SMITH"},{"data":"Meteor Strike","floor":23.0,"key":"SMITH"},{"floor":28.0,"key":"REST"},{"floor":32.0,"key":"REST"},{"data":"Multi-Cast","floor":40.0,"key":"SMITH"},{"floor":49.0,"key":"RECALL"},{"data":"Reboot","floor":52.0,"key":"SMITH"}],"circlet_count":0,"master_deck":["Defend_B+1","Defend_B+1","Dualcast","Coolheaded+1","Turbo+1","Meteor Strike+1","Skim+1","Multi-Cast+1","Hologram","Recycle+1","Reboot+1","Coolheaded+1"],"relics":["Cracked Core","NeowsBlessing","StrikeDummy","War Paint","Shuriken","Happy Flower","Mango","Astrolabe","Medical Kit","Kunai","Matryoshka","Omamori","Letter Opener","Empty Cage","Ornamental Fan","Akabeko","Bag of Preparation","Gambling Chip"],"acts_visited":["Exordium","TheCity","TheBeyond","TheEnding"],"potions_floor_usage":[],"damage_taken":[{"damage":0.0,"enemies":"Small Slimes","floor":1.0,"turns":1.0},{"damage":0.0,"enemies":"Jaw Worm","floor":5.0,"turns":1.0},{"damage":0.0,"enemies":"Lagavulin","floor":6.0,"turns":1.0},{"damage":3.0,"enemies":"Cultist","floor":10.0,"turns":4.0},{"damage":12.0,"enemies":"Gremlin Gang","floor":11.0,"turns":5.0},{"damage":0.0,"enemies":"3 Sentries","floor":12.0,"turns":4.0},{"damage":13.0,"enemies":"Lagavulin","floor":14.0,"turns":4.0},{"damage":14.0,"enemies":"The Guardian","floor":16.0,"turns":10.0},{"damage":0.0,"enemies":"Spheric Guardian","floor":18.0,"turns":7.0},{"damage":0.0,"enemies":"Chosen","floor":21.0,"turns":4.0},{"damage":0.0,"enemies":"Sentry and Sphere","floor":22.0,"turns":5.0},{"damage":37.0,"enemies":"Gremlin Leader","floor":24.0,"turns":6.0},{"damage":4.0,"enemies":"Chosen and Byrds","floor":25.0,"turns":4.0},{"damage":29.0,"enemies":"Slavers","floor":27.0,"turns":5.0},{"damage":1.0,"enemies":"Shelled Parasite and Fungi","floor":30.0,"turns":3.0},{"damage":11.0,"enemies":"Centurion and Healer","floor":31.0,"turns":5.0},{"damage":4.0,"enemies":"Collector","floor":33.0,"turns":4.0},{"damage":0.0,"enemies":"3 Darklings","floor":35.0,"turns":4.0},{"damage":0.0,"enemies":"Orb Walker","floor":37.0,"turns":2.0},{"damage":0.0,"enemies":"Maw","floor":39.0,"turns":2.0},{"damage":0.0,"enemies":"Reptomancer","floor":42.0,"turns":2.0},{"damage":0.0,"enemies":"Writhing Mass","floor":44.0,"turns":1.0},{"damage":0.0,"enemies":"3 Darklings","floor":45.0,"turns":1.0},{"damage":0.0,"enemies":"4 Shapes","floor":48.0,"turns":2.0},{"damage":0.0,"enemies":"Awakened One","floor":50.0,"turns":2.0},{"damage":10.0,"enemies":"Shield and Spear","floor":54.0,"turns":2.0},{"damage":69,"enemies":"The Heart","floor":55,"turns":4}],"seed_played":"8238017516354595188","potions_obtained":[{"floor":10.0,"key":"Strength Potion"},{"floor":11.0,"key":"SneckoOil"},{"floor":14.0,"key":"Ancient Potion"},{"floor":16.0,"key":"Fruit Juice"},{"floor":21.0,"key":"PowerPotion"},{"floor":25.0,"key":"FearPotion"},{"floor":27.0,"key":"BlessingOfTheForge"},{"floor":31.0,"key":"DuplicationPotion"},{"floor":37.0,"key":"SneckoOil"},{"floor":39.0,"key":"Dexterity Potion"},{"floor":45.0,"key":"SneckoOil"}],"is_trial":false,"path_per_floor":["M","?","?","$","M","E","T","R","T","M","M","E","R","E","R","B",null,"M","$","?","M","M","R","E","M","T","E","R","?","M","M","R","B",null,"M","?","M","$","M","R","?","E","T","M","M","?","$","M","R","B",null,"R","$","E","B",null],"character_chosen":"DEFECT","items_purchased":["Medical Kit","Steam Power","Bag of Preparation"],"campfire_rested":3,"item_purchase_floors":[19,19,53],"current_hp_per_floor":[75,64,64,64,64,64,64,64,64,61,49,49,71,72,72,58,89,89,89,89,89,89,89,57,53,53,24,52,52,51,40,68,64,94,94,94,94,94,94,94,94,94,94,94,94,89,89,89,89,89,89,89,89,79,10],"gold":57,"neow_bonus":"THREE_ENEMY_KILL","is_daily":false,"chose_seed":false,"campfire_upgraded":5,"win_rate":0.0,"timestamp":1614305487,"path_taken":["M","?","?","$","M","E","?","R","T","M","?","E","R","E","R","BOSS","M","$","?","M","?","R","E","?","T","E","R","?","M","M","R","BOSS","M","?","M","$","M","R","?","E","T","?","M","?","$","M","R","BOSS","R","$","E","BOSS"],"items_purchased_type":["Relic","Card","Relic"],"build_version":"2020-12-22","purchased_purges":4,"victory":true,"max_hp_per_floor":[75,75,75,75,75,75,75,75,75,75,75,75,75,89,89,89,89,89,89,89,89,89,89,94,94,94,94,94,94,94,94,94,94,94,94,94,94,94,94,94,94,94,94,94,94,89,89,89,89,89,89,89,89,89,89],"card_choices":[{"not_picked":["Cold Snap","Hello World"],"picked":"Coolheaded","floor":1.0},{"not_picked":["Beam Cell","Ball Lightning"],"picked":"Turbo","floor":5.0},{"not_picked":["Steam Power","Leap"],"picked":"Meteor Strike","floor":6.0},{"not_picked":["Cold Snap","Aggregate","Redo"],"picked":"SKIP","floor":10.0},{"not_picked":["FTL","Coolheaded"],"picked":"Skim","floor":11.0},{"not_picked":["Beam Cell","Steam","Sweeping Beam"],"picked":"SKIP","floor":12.0},{"not_picked":["Ball Lightning","Force Field","Melter"],"picked":"SKIP","floor":14.0},{"not_picked":["Amplify","Electrodynamics"],"picked":"Multi-Cast","floor":16.0},{"not_picked":["Aggregate","Rebound","Streamline+1"],"picked":"SKIP","floor":18.0},{"not_picked":["Rebound","Leap+1"],"picked":"Hologram","floor":21.0},{"not_picked":["Consume","Barrage"],"picked":"Recycle+1","floor":22.0},{"not_picked":["Static Discharge","Sweeping Beam","Streamline"],"picked":"SKIP","floor":24.0},{"not_picked":["Sweeping Beam+1","White Noise","Cold Snap"],"picked":"SKIP","floor":25.0},{"not_picked":["Hologram","Sweeping Beam+1","Fission"],"picked":"SKIP","floor":27.0},{"not_picked":["Capacitor+1","Sweeping Beam","Static Discharge+1"],"picked":"SKIP","floor":30.0},{"not_picked":["Redo","Conserve Battery","Stack"],"picked":"SKIP","floor":31.0},{"not_picked":["Melter+1","Turbo+1","Redo+1"],"picked":"SKIP","floor":35.0},{"not_picked":["Gash+1","Sweeping Beam+1","Reprogram"],"picked":"SKIP","floor":37.0},{"not_picked":["Storm+1","Double Energy+1"],"picked":"Reboot","floor":39.0},{"not_picked":["Stack","Blizzard","Electrodynamics"],"picked":"SKIP","floor":42.0},{"not_picked":["Stack","Skim+1","Rip and Tear+1"],"picked":"SKIP","floor":44.0},{"not_picked":["Compile Driver","Sweeping Beam"],"picked":"Coolheaded+1","floor":45.0},{"not_picked":["Leap+1","Chill+1","Reprogram"],"picked":"SKIP","floor":48.0},{"not_picked":["Stack+1","Sweeping Beam+1","Hyperbeam"],"picked":"SKIP","floor":54.0}],"player_experience":1065572,"relics_obtained":[{"floor":6.0,"key":"StrikeDummy"},{"floor":7.0,"key":"War Paint"},{"floor":9.0,"key":"Shuriken"},{"floor":12.0,"key":"Happy Flower"},{"floor":14.0,"key":"Mango"},{"floor":24.0,"key":"Kunai"},{"floor":26.0,"key":"Matryoshka"},{"floor":27.0,"key":"Omamori"},{"floor":42.0,"key":"Ornamental Fan"},{"floor":43.0,"key":"Akabeko"},{"floor":54.0,"key":"Gambling Chip"}],"event_choices":[{"damage_healed":0.0,"max_hp_gain":0.0,"max_hp_loss":0.0,"gold_gain":75.0,"event_name":"World of Goop","player_choice":"Gather Gold","floor":2.0,"gold_loss":0.0,"damage_taken":11.0},{"cards_removed":["Strike_B"],"damage_healed":0.0,"max_hp_gain":0.0,"max_hp_loss":0.0,"gold_gain":0.0,"event_name":"The Cleric","player_choice":"Card Removal","floor":3.0,"gold_loss":50.0,"damage_taken":0.0},{"damage_healed":0.0,"max_hp_gain":0.0,"max_hp_loss":0.0,"gold_gain":0.0,"event_name":"Accursed Blacksmith","player_choice":"Forge","floor":20.0,"gold_loss":0.0,"damage_taken":0.0,"cards_upgraded":["Skim"]},{"damage_healed":0.0,"max_hp_gain":0.0,"max_hp_loss":0.0,"gold_gain":0.0,"event_name":"The Mausoleum","player_choice":"Opened","floor":29.0,"gold_loss":0.0,"damage_taken":0.0,"relics_obtained":["Letter Opener"]},{"cards_removed":["Biased Cognition"],"damage_healed":0.0,"max_hp_gain":0.0,"max_hp_loss":0.0,"gold_gain":0.0,"event_name":"Falling","player_choice":"Removed Power","floor":36.0,"gold_loss":0.0,"damage_taken":0.0},{"damage_healed":0.0,"max_hp_gain":0.0,"max_hp_loss":0.0,"gold_gain":100.0,"event_name":"Golden Shrine","player_choice":"Pray","floor":41.0,"gold_loss":0.0,"damage_taken":0.0},{"damage_healed":0.0,"max_hp_gain":0.0,"max_hp_loss":5.0,"gold_gain":0.0,"event_name":"Winding Halls","player_choice":"Max HP","floor":46.0,"gold_loss":0.0,"damage_taken":0.0}],"is_beta":false,"boss_relics":[{"not_picked":["Runic Dome","Pandora\u0027s Box"],"picked":"Astrolabe"},{"not_picked":["Runic Pyramid","Velvet Choker"],"picked":"Empty Cage"}],"items_purged_floors":[4,19,38,47],"is_endless":false,"potions_floor_spawned":[10,11,14,16,21,25,27,31,37,39,45],"ascension_level":4}}