{"host":"92108ef2q9tm8rod","time":1614358782,"event":{"mods":["BaseMod","Defuse TimeMaze Blight","Minty Spire (QoL Compilation)","StSLib","The Jungle"],"gold_per_floor":[110,126,136,156,81,109,129,156,156,156,156,191,191,203,203,304,304,314,333,333,346,346,346,346,346,346,380,407,422,422,454,454,553,553,568,578,330,350,350,350,350,350,350,384,396,413,444,176,176,176],"floor_reached":51,"language":"ENG","playtime":3316,"items_purged":["Prepared","Setup+1","Armaments+1"],"score":1285,"play_id":"db8a7781-8b86-48ef-b10f-bba890848f4a","local_time":"20210226165942","daily_mods":["SealedDeck","Red Cards","Heirloom","Flight"],"is_ascension_mode":false,"campfire_choices":[{"data":"Armaments","floor":10.0,"key":"SMITH"},{"data":"Adrenaline","floor":11.0,"key":"SMITH"},{"data":"Tactician","floor":15.0,"key":"SMITH"},{"data":"Body Slam","floor":23.0,"key":"SMITH"},{"data":"Metallicize","floor":24.0,"key":"SMITH"},{"data":"Venomology","floor":25.0,"key":"SMITH"},{"data":"Setup","floor":30.0,"key":"SMITH"},{"data":"Backflip","floor":32.0,"key":"SMITH"},{"floor":40.0,"key":"REST"},{"floor":49,"key":"REST"}],"circlet_count":0,"master_deck":["Entrench+1","Backflip+1","Carnage+1","Body Slam+1","Tactician+1","Prepared","Adrenaline+1","Venomology+1"],"relics":["Ring of the Snake","Ice Cream","Bronze Scales","Toy Ornithopter","HornCleat","Nunchaku","HoveringKite","CaptainsWheel","Mummified Hand","Strawberry","SacredBark","Potion Belt","Ginger","Meat on the Bone","Kunai","Anchor"],"acts_visited":["Exordium","Exordium","TheBeyond"],"potions_floor_usage":[45,46,46,50,50,50,50,50,50],"damage_taken":[{"damage":0.0,"enemies":"Cultist","floor":1.0,"turns":3.0},{"damage":0.0,"enemies":"Small Slimes","floor":2.0,"turns":3.0},{"damage":0.0,"enemies":"2 Louse","floor":3.0,"turns":2.0},{"damage":0.0,"enemies":"Red Slaver","floor":4.0,"turns":2.0},{"damage":5.0,"enemies":"3 Sentries","floor":6.0,"turns":6.0},{"damage":0.0,"enemies":"Gremlin Gang","floor":7.0,"turns":4.0},{"damage":0.0,"enemies":"Lagavulin","floor":8.0,"turns":5.0},{"damage":0.0,"enemies":"Gremlin Nob","floor":12.0,"turns":3.0},{"damage":0.0,"enemies":"Blue Slaver","floor":14.0,"turns":1.0},{"damage":0.0,"enemies":"The Guardian","floor":16.0,"turns":5.0},{"damage":0.0,"enemies":"theJungle:GiantWrat","floor":18.0,"turns":1.0},{"damage":0.0,"enemies":"theJungle:5_Spyders","floor":19.0,"turns":4.0},{"damage":0.0,"enemies":"theJungle:2_Snecko_Cultists","floor":21.0,"turns":2.0},{"damage":0.0,"enemies":"theJungle:2_Phrogs","floor":27.0,"turns":4.0},{"damage":0.0,"enemies":"theJungle:MamaSnecko","floor":28.0,"turns":3.0},{"damage":0.0,"enemies":"Snake Plant","floor":29.0,"turns":2.0},{"damage":0.0,"enemies":"theJungle:2_Phrogs","floor":31.0,"turns":4.0},{"damage":0.0,"enemies":"theJungle:QueenSpyder","floor":33.0,"turns":11.0},{"damage":0.0,"enemies":"3 Darklings","floor":35.0,"turns":4.0},{"damage":0.0,"enemies":"3 Shapes","floor":36.0,"turns":2.0},{"damage":0.0,"enemies":"Jaw Worm Horde","floor":38.0,"turns":2.0},{"damage":0,"enemies":"Giant Head","floor":44,"turns":1},{"damage":0,"enemies":"Transient","floor":45,"turns":5},{"damage":0,"enemies":"Maw","floor":46,"turns":3},{"damage":0,"enemies":"Nemesis","floor":47,"turns":3},{"damage":0,"enemies":"Awakened One","floor":50,"turns":4}],"seed_played":"-8079329935649135254","potions_obtained":[{"floor":1.0,"key":"Weak Potion"},{"floor":3.0,"key":"BlessingOfTheForge"},{"floor":6.0,"key":"Block Potion"},{"floor":8.0,"key":"Poison Potion"},{"floor":12.0,"key":"SkillPotion"},{"floor":16.0,"key":"GamblersBrew"},{"floor":19.0,"key":"Swift Potion"},{"floor":27.0,"key":"Block Potion"},{"floor":33.0,"key":"FearPotion"},{"floor":36.0,"key":"Ancient Potion"},{"floor":47,"key":"SteroidPotion"}],"is_trial":true,"path_per_floor":["M","M","M","M","$","E","M","E","T","R","R","E","?","M","R","B",null,"M","M","?","M","$","R","R","R","T","E","E","M","R","E","R","B",null,"M","M","$","M","$","R","?","?","T","E","M","M","E","$","R","B",null],"character_chosen":"THE_SILENT","items_purchased":["Potion Belt","Anchor"],"campfire_rested":2,"item_purchase_floors":[37,48],"current_hp_per_floor":[70,70,70,70,70,65,65,65,65,65,65,65,51,51,51,56,70,70,70,70,70,70,70,70,70,70,70,70,70,70,77,77,77,77,77,77,77,77,77,77,77,77,77,77,77,77,77,77,77,77],"gold":176,"neow_bonus":"","is_daily":false,"chose_seed":false,"campfire_upgraded":8,"win_rate":0.0,"timestamp":1614358782,"path_taken":["M","M","M","M","$","E","?","E","T","R","R","E","?","M","R","BOSS","M","M","?","M","$","R","R","R","T","E","E","?","R","E","R","BOSS","M","M","$","M","$","R","?","?","T","E","?","M","E","$","R","BOSS"],"items_purchased_type":["Relic","Relic"],"build_version":"2020-12-22","purchased_purges":3,"victory":true,"max_hp_per_floor":[70,70,70,70,70,70,70,70,70,70,70,70,70,70,70,70,70,70,70,70,70,70,70,70,70,70,70,70,70,70,77,77,77,77,77,77,77,77,77,77,77,77,77,77,77,77,77,77,77,77],"card_choices":[{"not_picked":["Pommel Strike","Poisoned Stab","Warcry"],"picked":"SKIP","floor":1.0},{"not_picked":["Accuracy","Caltrops","Rupture"],"picked":"SKIP","floor":2.0},{"not_picked":["True Grit","Havoc"],"picked":"Adrenaline","floor":3.0},{"not_picked":["Escape Plan","True Grit","Backstab"],"picked":"SKIP","floor":4.0},{"not_picked":["Seeing Red","Bouncing Flask","Headbutt"],"picked":"SKIP","floor":6.0},{"not_picked":["Flex","True Grit","Entrench"],"picked":"SKIP","floor":7.0},{"not_picked":["Riddle With Holes","Sentinel","Flex"],"picked":"SKIP","floor":8.0},{"not_picked":["Shockwave","Havoc","Noxious Fumes"],"picked":"SKIP","floor":12.0},{"not_picked":["Endless Agony","Shrug It Off","Bane"],"picked":"SKIP","floor":14.0},{"not_picked":["Offering","Grand Finale"],"picked":"Venomology","floor":16.0},{"not_picked":["Slice","Quick Slash","Dagger Throw"],"picked":"SKIP","floor":18.0},{"not_picked":["Sever Soul","Heavy Blade+1","Deadly Poison"],"picked":"SKIP","floor":19.0},{"not_picked":["Shrug It Off+1","Clothesline+1","Quick Slash"],"picked":"SKIP","floor":21.0},{"not_picked":["Sucker Punch","Armaments+1","Dodge and Roll"],"picked":"SKIP","floor":27.0},{"not_picked":["Shrug It Off","Sever Soul+1","Entrench"],"picked":"SKIP","floor":28.0},{"not_picked":["Berserk","PiercingWail+1","Flex"],"picked":"SKIP","floor":29.0},{"not_picked":["Slice","Backflip","Heavy Blade"],"picked":"SKIP","floor":31.0},{"not_picked":["Poisoned Stab+1","Warcry","Slice+1"],"picked":"SKIP","floor":35.0},{"not_picked":["Flying Knee","Rage","Sever Soul+1"],"picked":"SKIP","floor":36.0},{"not_picked":["Outmaneuver+1","Cleave+1","Ghostly Armor+1"],"picked":"SKIP","floor":38.0},{"not_picked":["Flying Knee+1","Twin Strike+1","Battle Trance"],"picked":"SKIP","floor":44},{"not_picked":["True Grit+1","Caltrops+1","Outmaneuver+1"],"picked":"SKIP","floor":45},{"not_picked":["Dash","Immolate","Ghostly Armor"],"picked":"SKIP","floor":46},{"not_picked":["Flying Knee+1","Dodge and Roll+1","Quick Slash+1"],"picked":"SKIP","floor":47}],"player_experience":3469012,"relics_obtained":[{"floor":6.0,"key":"Bronze Scales"},{"floor":8.0,"key":"Toy Ornithopter"},{"floor":9.0,"key":"HornCleat"},{"floor":12.0,"key":"Nunchaku"},{"floor":27.0,"key":"CaptainsWheel"},{"floor":28.0,"key":"Mummified Hand"},{"floor":31.0,"key":"Strawberry"},{"floor":43,"key":"Ginger"},{"floor":44,"key":"Meat on the Bone"},{"floor":47,"key":"Kunai"}],"event_choices":[{"damage_healed":0.0,"max_hp_gain":0.0,"max_hp_loss":0.0,"gold_gain":0.0,"event_name":"Shining Light","player_choice":"Entered Light","floor":13.0,"gold_loss":0.0,"damage_taken":14.0,"cards_upgraded":["Carnage","Entrench"]},{"damage_healed":0.0,"max_hp_gain":0.0,"max_hp_loss":0.0,"gold_gain":0.0,"event_name":"WeMeetAgain","player_choice":"Ignored","floor":20.0,"gold_loss":0.0,"damage_taken":0.0},{"cards_removed":["Metallicize"],"damage_healed":0.0,"max_hp_gain":0.0,"max_hp_loss":0.0,"gold_gain":0.0,"event_name":"Falling","player_choice":"Removed Power","floor":41.0,"gold_loss":0.0,"damage_taken":0.0},{"damage_healed":0,"gold_gain":0,"player_choice":"Ignored","damage_taken":0,"max_hp_gain":0,"max_hp_loss":0,"event_name":"Upgrade Shrine","floor":42,"gold_loss":0}],"is_beta":false,"boss_relics":[{"not_picked":["WristBlade","Astrolabe"],"picked":"HoveringKite"},{"not_picked":["Coffee Dripper","Fusion Hammer"],"picked":"SacredBark"}],"items_purged_floors":[5,37,48],"is_endless":false,"potions_floor_spawned":[1,3,6,8,12,16,19,27,33,36,45,47],"ascension_level":0}}