{"host":"r4j5b3etkqj66d96","time":1614333137,"event":{"mods":["BaseMod","Colored Map","DeckTracker","Highlight Path","Minty Spire (QoL Compilation)","Quick Restart","Relic Stats","StSLib","SuperFastMode"],"gold_per_floor":[114,114,126,137,151,151,161,192,192,192,210,210,210,135,135,229,229,254,274,199,215,215,215],"floor_reached":22,"language":"JPN","playtime":900,"items_purged":["Strike_G"],"score":376,"play_id":"572e0b4e-f58f-4f41-af27-3671aa38ad76","local_time":"20210226185217","is_ascension_mode":true,"campfire_choices":[{"data":"Neutralize","floor":6,"key":"SMITH"},{"floor":10,"key":"REST"},{"floor":12,"key":"REST"},{"data":"Sucker Punch","floor":15,"key":"SMITH"}],"circlet_count":0,"master_deck":["AscendersBane","Strike_G+1","Strike_G+1","Strike_G","Defend_G","Defend_G","Defend_G","Defend_G","Defend_G","Survivor","Neutralize+1","Caltrops","Dagger Throw","Backflip","Predator","Outmaneuver","Heel Hook","Sucker Punch+1","Die Die Die","Quick Slash+1","Deadly Poison"],"relics":["Sozu","Whetstone","PreservedInsect","Golden Idol","Snecko Eye"],"acts_visited":["Exordium","TheCity"],"potions_floor_usage":[],"damage_taken":[{"damage":0,"enemies":"2 Louse","floor":1,"turns":3},{"damage":8,"enemies":"Small Slimes","floor":3,"turns":5},{"damage":0,"enemies":"Jaw Worm","floor":4,"turns":3},{"damage":4,"enemies":"2 Fungi Beasts","floor":5,"turns":4},{"damage":0,"enemies":"Exordium Wildlife","floor":7,"turns":3},{"damage":41,"enemies":"Gremlin Nob","floor":8,"turns":5},{"damage":7,"enemies":"Looter","floor":11,"turns":3},{"damage":31,"enemies":"The Guardian","floor":16,"turns":12},{"damage":12,"enemies":"Shell Parasite","floor":18,"turns":5},{"damage":20,"enemies":"Spheric Guardian","floor":19,"turns":6},{"damage":15,"enemies":"Snecko","floor":21,"turns":6},{"damage":6,"enemies":"Sentry and Sphere","floor":22,"turns":3}],"seed_played":"-3863188495651523206","potions_obtained":[],"is_trial":false,"path_per_floor":["M","?","M","M","M","R","M","E","T","R","M","R","?","?","R","B",null,"M","M","$","M","M"],"character_chosen":"THE_SILENT","items_purchased":[],"campfire_rested":2,"item_purchase_floors":[],"current_hp_per_floor":[59,64,56,56,52,52,52,11,11,32,25,46,46,46,46,15,52,40,20,20,5,0,0],"gold":215,"neow_bonus":"BOSS_RELIC","is_daily":false,"chose_seed":false,"campfire_upgraded":2,"win_rate":0.0,"timestamp":1614333137,"path_taken":["M","?","M","M","M","R","M","E","T","R","M","R","?","?","R","BOSS","M","M","$","M","M"],"items_purchased_type":[],"build_version":"2020-12-22","purchased_purges":1,"victory":false,"max_hp_per_floor":[66,71,71,71,71,71,71,71,71,71,71,71,64,64,64,64,64,64,64,64,64,64,64],"relic_stats":{"Sozu":5,"counters":[12,58],"Golden Idol":31,"Snecko Eye":[43,47,37,42],"PreservedInsect":0,"Whetstone":["Strike_G","Strike_G"],"obtain_stats":[{"Sozu":0,"Golden Idol":13,"Snecko Eye":17,"PreservedInsect":9,"Whetstone":8,"Ring of the Snake":0},{"Sozu":0,"Golden Idol":7,"Snecko Eye":8,"PreservedInsect":6,"Whetstone":6,"Ring of the Snake":0},{"Sozu":0,"Golden Idol":26,"Snecko Eye":38,"PreservedInsect":23,"Whetstone":23,"Ring of the Snake":0}]},"card_choices":[{"not_picked":["Blade Dance","Flechettes"],"picked":"Caltrops","floor":1},{"not_picked":["Dodge and Roll","Reflex"],"picked":"Dagger Throw","floor":3},{"not_picked":["Blade Dance","Dodge and Roll"],"picked":"Backflip","floor":4},{"not_picked":["Die Die Die","Blade Dance"],"picked":"Predator","floor":5},{"not_picked":["Caltrops","Dagger Throw"],"picked":"Outmaneuver","floor":7},{"not_picked":["Skewer","Underhanded Strike"],"picked":"Heel Hook","floor":8},{"not_picked":["Expertise","Quick Slash"],"picked":"Sucker Punch","floor":11},{"not_picked":["Venomology","Bullet Time"],"picked":"Die Die Die","floor":16},{"not_picked":["Accuracy","Escape Plan","Bane"],"picked":"SKIP","floor":18},{"not_picked":["Tactician","Slice"],"picked":"Quick Slash+1","floor":19},{"not_picked":["Blade Dance","Bane"],"picked":"Deadly Poison","floor":21}],"player_experience":1313736,"relics_obtained":[{"floor":8,"key":"Whetstone"},{"floor":9,"key":"PreservedInsect"}],"event_choices":[{"damage_healed":0,"gold_gain":0,"player_choice":"Donut","damage_taken":0,"max_hp_gain":5,"max_hp_loss":0,"event_name":"Big Fish","floor":2,"gold_loss":0},{"damage_healed":0,"gold_gain":0,"player_choice":"Lose Max HP","damage_taken":0,"relics_obtained":["Golden Idol"],"max_hp_gain":0,"max_hp_loss":7,"event_name":"Golden Idol","floor":13,"gold_loss":0},{"cards_removed":["Strike_G"],"damage_healed":0,"gold_gain":0,"player_choice":"Card Removal","damage_taken":0,"max_hp_gain":0,"max_hp_loss":0,"event_name":"The Cleric","floor":14,"gold_loss":75}],"is_beta":false,"boss_relics":[{"not_picked":["Pandora\u0027s Box","Philosopher\u0027s Stone"],"picked":"Snecko Eye"}],"items_purged_floors":[20],"is_endless":false,"potions_floor_spawned":[3,4,7,11,21],"killed_by":"Sentry and Sphere","ascension_level":20}}