{"host":"n2sr453jcjz6vvl4","time":1614298980,"event":{"mods":["BaseMod","Colored Map","Minty Spire (QoL Compilation)","Permanent Neow","Relic Stats","StSLib"],"gold_per_floor":[113,188,188,91,110,141,141,153,153,178,178,178,32,66,66,169,169,187,65,82,82,82,116,116,151,151,161,81,81,114,214,214,312,312,322,422,90,101,121,150,150,150,174,49,0,34,34,68,68,68],"floor_reached":51,"language":"ENG","playtime":2560,"items_purged":["Strike_R","Strike_R+1","Clash"],"score":1184,"play_id":"73c7af8a-d007-4886-ab6a-0c63939c5d9e","local_time":"20210225202300","is_ascension_mode":true,"campfire_choices":[{"data":"Feed","floor":7,"key":"SMITH"},{"data":"Shrug It Off","floor":12,"key":"SMITH"},{"data":"Infernal Blade","floor":15,"key":"SMITH"},{"data":"Metallicize","floor":24,"key":"SMITH"},{"data":"Juggernaut","floor":29,"key":"SMITH"},{"data":"Sentinel","floor":32,"key":"SMITH"},{"data":"Demon Form","floor":47,"key":"SMITH"},{"data":"Juggernaut","floor":49,"key":"SMITH"}],"circlet_count":0,"master_deck":["Strike_R+1","Strike_R+1","Strike_R+1","Defend_R+1","Defend_R+1","Defend_R+1","Defend_R+1","Bash","Shrug It Off+1","Feed+1","Clothesline+1","Armaments","Infernal Blade+1","Juggernaut+1","Whirlwind+1","Metallicize+1","True Grit+1","Juggernaut+1","Sentinel+1","Demon Form+1","Metallicize+1","Battle Trance","Metallicize"],"relics":["Burning Blood","NeowsBlessing","Gremlin Horn","Omamori","PreservedInsect","Chemical X","The Courier","Snecko Eye","Juzu Bracelet","MealTicket","Ornamental Fan","Gambling Chip","Self Forming Clay","Mango","Sundial","Velvet Choker","Thread and Needle","Bronze Scales","Centennial Puzzle","Brimstone","Red Mask","Dead Branch","Paper Frog"],"acts_visited":["Exordium","TheCity","TheBeyond"],"potions_floor_usage":[16,16,33,33,50],"damage_taken":[{"damage":0,"enemies":"Jaw Worm","floor":1,"turns":1},{"damage":0,"enemies":"Cultist","floor":5,"turns":1},{"damage":0,"enemies":"Gremlin Nob","floor":6,"turns":1},{"damage":0,"enemies":"Small Slimes","floor":8,"turns":2},{"damage":32,"enemies":"Lagavulin","floor":10,"turns":7},{"damage":4,"enemies":"3 Sentries","floor":14,"turns":6},{"damage":49,"enemies":"Slime Boss","floor":16,"turns":11},{"damage":26,"enemies":"Shell Parasite","floor":18,"turns":8},{"damage":22,"enemies":"3 Byrds","floor":20,"turns":4},{"damage":0,"enemies":"Gremlin Leader","floor":23,"turns":3},{"damage":0,"enemies":"Slavers","floor":25,"turns":1},{"damage":0,"enemies":"Centurion and Healer","floor":27,"turns":3},{"damage":0,"enemies":"Gremlin Leader","floor":30,"turns":4},{"damage":4,"enemies":"Colosseum Slavers","floor":31,"turns":2},{"damage":0,"enemies":"Colosseum Nobs","floor":31,"turns":2},{"damage":25,"enemies":"Champ","floor":33,"turns":8},{"damage":13,"enemies":"3 Shapes","floor":35,"turns":1},{"damage":0,"enemies":"3 Darklings","floor":38,"turns":2},{"damage":27,"enemies":"4 Shapes","floor":39,"turns":2},{"damage":0,"enemies":"Giant Head","floor":40,"turns":5},{"damage":0,"enemies":"Reptomancer","floor":46,"turns":3},{"damage":9,"enemies":"Nemesis","floor":48,"turns":3},{"damage":61,"enemies":"Donu and Deca","floor":50,"turns":5}],"seed_played":"3019234545090888544","potions_obtained":[{"floor":10,"key":"ColorlessPotion"},{"floor":14,"key":"SpeedPotion"},{"floor":20,"key":"BloodPotion"},{"floor":25,"key":"SkillPotion"},{"floor":27,"key":"Explosive Potion"},{"floor":38,"key":"Regen Potion"},{"floor":40,"key":"Regen Potion"},{"floor":46,"key":"SpeedPotion"}],"is_trial":false,"path_per_floor":["M","?","?","$","M","E","R","M","T","E","?","R","$","E","R","B",null,"M","$","M","?","?","E","R","E","T","M","$","R","E","?","R","B",null,"M","?","$","M","M","E","?","$","T","$","?","E","R","E","R","B",null],"character_chosen":"IRONCLAD","items_purchased":["Shrug It Off","Chemical X","Juzu Bracelet","Thread and Needle","Brimstone"],"campfire_rested":0,"item_purchase_floors":[4,13,19,37,44],"current_hp_per_floor":[80,69,53,53,59,65,65,71,71,45,45,45,45,51,51,8,84,68,68,56,56,56,62,62,68,68,74,89,89,92,106,106,91,110,103,103,110,110,89,95,95,110,110,110,110,110,110,111,111,66],"gold":68,"neow_bonus":"THREE_ENEMY_KILL","is_daily":false,"chose_seed":false,"campfire_upgraded":8,"win_rate":0.0,"timestamp":1614298980,"path_taken":["M","?","?","$","?","E","R","?","T","E","?","R","$","E","R","BOSS","M","$","M","?","?","E","R","E","T","M","$","R","E","?","R","BOSS","M","?","$","M","M","E","?","?","T","$","?","E","R","E","R","BOSS"],"items_purchased_type":["Card","Relic","Relic","Relic","Relic"],"build_version":"2020-12-22","purchased_purges":3,"victory":true,"max_hp_per_floor":[80,80,80,80,80,80,80,80,80,80,80,80,80,84,84,84,84,88,88,92,92,92,92,92,92,92,92,92,92,92,106,106,110,110,110,110,110,110,110,110,110,110,110,110,110,110,110,114,114,114],"relic_stats":{"Gremlin Horn":[23,23],"counters":[23,85],"Self Forming Clay":[27],"Dead Branch":[4],"PreservedInsect":437,"Juzu Bracelet":2,"Burning Blood":109,"Centennial Puzzle":[6],"Ornamental Fan":[24],"Sundial":[6],"Gambling Chip":[51],"Bronze Scales":[25],"Snecko Eye":[118,95,114,127],"MealTicket":37,"Chemical X":[25],"obtain_stats":[{"NeowsBlessing":0,"Gremlin Horn":6,"Self Forming Clay":30,"Dead Branch":46,"Velvet Choker":34,"Mango":31,"Thread and Needle":37,"PreservedInsect":10,"The Courier":14,"Omamori":9,"Juzu Bracelet":19,"Burning Blood":0,"Centennial Puzzle":43,"Ornamental Fan":25,"Sundial":31,"Brimstone":44,"Gambling Chip":26,"Bronze Scales":40,"Snecko Eye":17,"MealTicket":23,"Red Mask":45,"Chemical X":13,"Paper Frog":48},{"NeowsBlessing":0,"Gremlin Horn":3,"Self Forming Clay":13,"Dead Branch":21,"Velvet Choker":16,"Mango":15,"Thread and Needle":17,"PreservedInsect":5,"The Courier":6,"Omamori":4,"Juzu Bracelet":8,"Burning Blood":0,"Centennial Puzzle":20,"Ornamental Fan":11,"Sundial":15,"Brimstone":20,"Gambling Chip":11,"Bronze Scales":20,"Snecko Eye":7,"MealTicket":10,"Red Mask":20,"Chemical X":5,"Paper Frog":22},{"NeowsBlessing":0,"Gremlin Horn":3,"Self Forming Clay":52,"Dead Branch":77,"Velvet Choker":64,"Mango":56,"Thread and Needle":65,"PreservedInsect":12,"The Courier":18,"Omamori":5,"Juzu Bracelet":37,"Burning Blood":0,"Centennial Puzzle":74,"Ornamental Fan":45,"Sundial":56,"Brimstone":74,"Gambling Chip":45,"Bronze Scales":74,"Snecko Eye":29,"MealTicket":44,"Red Mask":74,"Chemical X":12,"Paper Frog":80}]},"card_choices":[{"not_picked":["Sever Soul","Havoc"],"picked":"Clash","floor":1},{"not_picked":["Rupture","Iron Wave"],"picked":"Feed","floor":5},{"not_picked":["Combust","Clash"],"picked":"Clothesline","floor":6},{"not_picked":["Warcry","Perfected Strike","Heavy Blade"],"picked":"SKIP","floor":8},{"not_picked":["Sentinel","Wild Strike"],"picked":"Armaments","floor":10},{"not_picked":["Dropkick","Body Slam"],"picked":"Infernal Blade","floor":14},{"not_picked":["Brutality","Impervious"],"picked":"Juggernaut","floor":16},{"not_picked":["Body Slam","Evolve"],"picked":"Whirlwind","floor":18},{"not_picked":["Flex","Body Slam+1"],"picked":"Metallicize","floor":20},{"not_picked":["Headbutt","Thunderclap+1"],"picked":"True Grit+1","floor":23},{"not_picked":["Body Slam","True Grit","Warcry"],"picked":"SKIP","floor":25},{"not_picked":["Anger","Heavy Blade","Iron Wave"],"picked":"SKIP","floor":27},{"not_picked":["Thunderclap","Pommel Strike"],"picked":"Juggernaut","floor":30},{"not_picked":["Flex+1","Clash"],"picked":"Sentinel","floor":31},{"not_picked":["Corruption","Bludgeon"],"picked":"Demon Form","floor":33},{"not_picked":["Havoc","Inflame+1","Evolve"],"picked":"SKIP","floor":35},{"not_picked":["Armaments","Flex+1","Sword Boomerang+1"],"picked":"SKIP","floor":38},{"not_picked":["Infernal Blade+1","Flex"],"picked":"Metallicize+1","floor":39},{"not_picked":["Pommel Strike","Second Wind+1"],"picked":"Battle Trance","floor":40},{"not_picked":["Wild Strike+1","Headbutt+1","Infernal Blade+1"],"picked":"SKIP","floor":46},{"not_picked":["Shrug It Off+1","Clash","Flame Barrier"],"picked":"SKIP","floor":48}],"player_experience":252354,"relics_obtained":[{"floor":6,"key":"Gremlin Horn"},{"floor":9,"key":"Omamori"},{"floor":10,"key":"PreservedInsect"},{"floor":14,"key":"The Courier"},{"floor":23,"key":"MealTicket"},{"floor":25,"key":"Ornamental Fan"},{"floor":26,"key":"Gambling Chip"},{"floor":30,"key":"Self Forming Clay"},{"floor":31,"key":"Mango"},{"floor":31,"key":"Sundial"},{"floor":40,"key":"Bronze Scales"},{"floor":43,"key":"Centennial Puzzle"},{"floor":46,"key":"Dead Branch"},{"floor":48,"key":"Paper Frog"}],"event_choices":[{"damage_healed":0,"gold_gain":75,"player_choice":"Gather Gold","damage_taken":11,"max_hp_gain":0,"max_hp_loss":0,"event_name":"World of Goop","floor":2,"gold_loss":0},{"damage_healed":0,"gold_gain":0,"player_choice":"Entered Light","damage_taken":16,"max_hp_gain":0,"max_hp_loss":0,"event_name":"Shining Light","floor":3,"gold_loss":0,"cards_upgraded":["Defend_R","Strike_R"]},{"damage_healed":0,"gold_gain":0,"player_choice":"Grow","damage_taken":0,"max_hp_gain":0,"max_hp_loss":0,"event_name":"Living Wall","floor":11,"gold_loss":0,"cards_upgraded":["Clothesline"]},{"damage_healed":0,"gold_gain":0,"player_choice":"Upgraded","damage_taken":0,"max_hp_gain":0,"max_hp_loss":0,"event_name":"Upgrade Shrine","floor":21,"gold_loss":0,"cards_upgraded":["Whirlwind"]},{"damage_healed":0,"gold_gain":0,"player_choice":"Simplicity","damage_taken":0,"max_hp_gain":0,"max_hp_loss":0,"event_name":"Back to Basics","floor":22,"gold_loss":0,"cards_upgraded":["Strike_R","Strike_R","Strike_R","Defend_R","Defend_R","Defend_R"]},{"damage_healed":0,"gold_gain":0,"player_choice":"Fight","damage_taken":0,"max_hp_gain":0,"max_hp_loss":0,"event_name":"Colosseum","floor":31,"gold_loss":0},{"damage_healed":0,"gold_gain":0,"player_choice":"Fought Nobs","damage_taken":0,"max_hp_gain":0,"max_hp_loss":0,"event_name":"Colosseum","floor":31,"gold_loss":0},{"damage_healed":0,"gold_gain":100,"player_choice":"Pray","damage_taken":0,"max_hp_gain":0,"max_hp_loss":0,"event_name":"Golden Shrine","floor":36,"gold_loss":0},{"damage_healed":0,"gold_gain":0,"player_choice":"1 cards matched","damage_taken":0,"max_hp_gain":0,"max_hp_loss":0,"event_name":"Match and Keep!","floor":41,"gold_loss":0,"cards_obtained":["Metallicize"]},{"damage_healed":0,"gold_gain":0,"player_choice":"Paid","damage_taken":0,"relics_obtained":["Red Mask"],"max_hp_gain":0,"max_hp_loss":0,"event_name":"Tomb of Lord Red Mask","floor":45,"gold_loss":49}],"is_beta":false,"boss_relics":[{"not_picked":["Runic Pyramid","Tiny House"],"picked":"Snecko Eye"},{"not_picked":["Astrolabe","Sozu"],"picked":"Velvet Choker"}],"items_purged_floors":[4,28,37],"is_endless":false,"potions_floor_spawned":[10,14,20,25,27,31,31,38,40,46],"ascension_level":4}}