{"host":"5sw3zovcv0q4yiho","time":1614324878,"event":{"mods":["BaseMod","Gremlin Mod","Minty Spire (QoL Compilation)","Replay The Spire","StSLib"],"gold_per_floor":[116,116,134,146,32,32,46,46,46,63,0,18,48,61,61,164,164,176,190,36,36,36,54,87,36,36,36,36,36,46,77,77,175,175,193,243,258,58,72,72,89,89,89,89,89,119,138,138,138,138,138],"floor_reached":50,"language":"ENG","playtime":13637,"items_purged":["Gremlin:Defend","Gremlin:Defend","Gremlin:Strike"],"score":587,"play_id":"b8ec4458-9ef5-441b-9e45-2185d7a7c6eb","local_time":"20210226013438","is_ascension_mode":false,"campfire_choices":[{"data":"Gremlin:TagTeam","floor":6,"key":"SMITH"},{"floor":15,"key":"REST"},{"data":"Gremlin:CounterStrike","floor":27,"key":"SMITH"},{"data":"Gremlin:Revel","floor":29,"key":"SMITH"},{"floor":42,"key":"RECALL"},{"floor":44,"key":"REST"},{"data":"Gremlin:SecondVolley","floor":49,"key":"SMITH"}],"circlet_count":0,"master_deck":["Gremlin:Strike","Gremlin:Defend","Gremlin:Defend+1","Gremlin:TagTeam+1","Gremlin:GremlinDance","Gremlin:PourSalt","Gremlin:CounterStrike+1","Gremlin:Revel+1","Gremlin:Changeo+1","Gremlin:Enthusiasm","Gremlin:Jeer","Gremlin:ProperTools","Gremlin:Exacerbate","Gremlin:Pickpocket","Gremlin:BubbleBarrier","Gremlin:Tadah","Gremlin:Duplicate+1","Gremlin:Glimmer+1","Gremlin:BubbleBarrier+1","Gremlin:Changeo","Gremlin:Glimmer+1","Gremlin:Wizardry","Gremlin:Rhythm+1","Gremlin:SecondVolley+1","Gremlin:Irritability+1","Gremlin:Polish","Finesse","Writhe"],"relics":["Gremlin:GremlinKnob","Replay:Kaleidoscope","Odd Mushroom","ChewingGum","Vajra","Replay:Accelerometer","Torii","Smiling Mask","Philosopher\u0027s Stone","Replay:Multitool","Bronze Scales","War Paint"],"acts_visited":["Exordium","TheCity","TheBeyond"],"potions_floor_usage":[16,16,16,31,33,33,39,46,47,47],"damage_taken":[{"damage":6,"enemies":"Jaw Worm","floor":1,"turns":4},{"damage":0,"enemies":"Cultist","floor":3,"turns":4},{"damage":0,"enemies":"Small Slimes","floor":4,"turns":4},{"damage":1,"enemies":"Exordium Wildlife","floor":7,"turns":3},{"damage":0,"enemies":"Large Slime","floor":10,"turns":5},{"damage":0,"enemies":"Gremlin Nob","floor":11,"turns":1},{"damage":0,"enemies":"2 Fungi Beasts","floor":12,"turns":3},{"damage":8,"enemies":"The Mushroom Lair","floor":13,"turns":4},{"damage":2,"enemies":"Blue Slaver","floor":14,"turns":3},{"damage":20,"enemies":"Hexaghost","floor":16,"turns":14},{"damage":8,"enemies":"2 Thieves","floor":18,"turns":4},{"damage":8,"enemies":"Shell Parasite","floor":19,"turns":4},{"damage":13,"enemies":"3 Cultists","floor":23,"turns":5},{"damage":0,"enemies":"Gremlin Leader","floor":24,"turns":8},{"damage":14,"enemies":"Centurion and Healer","floor":30,"turns":5},{"damage":0,"enemies":"Replay:Snechameleon","floor":31,"turns":5},{"damage":34,"enemies":"Champ","floor":33,"turns":16},{"damage":0,"enemies":"3 Shapes","floor":35,"turns":2},{"damage":0,"enemies":"Mind Bloom Boss Battle","floor":36,"turns":8},{"damage":1,"enemies":"3 Darklings","floor":37,"turns":3},{"damage":7,"enemies":"4 Shapes","floor":39,"turns":4},{"damage":6,"enemies":"Spire Growth","floor":41,"turns":3},{"damage":8,"enemies":"Giant Head","floor":46,"turns":9},{"damage":0,"enemies":"Transient","floor":47,"turns":5},{"damage":121,"enemies":"Time Eater","floor":50,"turns":13}],"seed_played":"1509710403074503888","potions_obtained":[{"floor":1,"key":"FearPotion"},{"floor":4,"key":"AttackPotion"},{"floor":11,"key":"SneckoOil"},{"floor":12,"key":"LifebloodPotion"},{"floor":14,"key":"Fire Potion"},{"floor":19,"key":"Explosive Potion"},{"floor":24,"key":"GamblersBrew"},{"floor":31,"key":"SteroidPotion"},{"floor":33,"key":"Swift Potion"},{"floor":39,"key":"Explosive Potion"},{"floor":41,"key":"Block Potion"},{"floor":46,"key":"Venom Potion"}],"is_trial":false,"path_per_floor":["M","?","M","M","$","R","M","$","T","M","E","M","?","M","R","B",null,"M","M","$","?","?","M","E","$","T","R","?","R","M","E","R","B",null,"M","?","M","$","M","R","M","R","T","R","?","E","M","?","R","B"],"character_chosen":"GREMLIN","items_purchased":["Gremlin:Enthusiasm","Gremlin:Changeo","Gremlin:Wizardry","Bronze Scales"],"campfire_rested":2,"item_purchase_floors":[5,20,25,38],"current_hp_per_floor":[15,15,20,20,20,20,20,20,20,20,20,20,20,18,20,16,20,20,18,18,20,20,14,12,12,12,12,12,12,12,13,19,19,20,20,20,20,20,20,19,13,13,13,18,18,11,19,19,19,0,0],"gold":138,"neow_bonus":"TRANSFORM_CARD","is_daily":false,"chose_seed":false,"campfire_upgraded":4,"win_rate":0.0,"timestamp":1614324878,"path_taken":["M","?","M","M","$","R","?","$","T","M","E","M","?","M","R","BOSS","M","M","$","?","?","M","E","?","T","R","?","R","M","E","R","BOSS","M","?","M","$","M","R","M","R","T","R","?","E","?","?","R","BOSS"],"items_purchased_type":["Card","Card","Card","Relic"],"build_version":"2020-12-22","purchased_purges":3,"victory":false,"max_hp_per_floor":[20,20,20,20,20,20,20,20,20,20,20,20,20,20,20,20,20,20,20,20,20,20,20,20,20,20,20,20,20,20,20,20,20,20,20,20,20,20,20,19,19,19,19,19,19,19,19,19,19,19,19],"card_choices":[{"not_picked":["Gremlin:Heckle","Gremlin:ToeStub"],"picked":"Gremlin:CounterStrike","floor":1},{"not_picked":["Gremlin:Tricksy","Gremlin:Astound"],"picked":"Gremlin:Revel","floor":3},{"not_picked":["Gremlin:DaggerDance","Gremlin:BubbleBarrier"],"picked":"Gremlin:Changeo","floor":4},{"not_picked":["Gremlin:Irritability","Gremlin:Unforgiving"],"picked":"Gremlin:Jeer","floor":7},{"not_picked":["Gremlin:BubbleBarrier","Gremlin:CatScratch"],"picked":"Gremlin:ProperTools","floor":10},{"not_picked":["Gremlin:GremlinMeal","Gremlin:CatScratch"],"picked":"Gremlin:Exacerbate","floor":11},{"not_picked":["Gremlin:GlitterGuard","Gremlin:Raid"],"picked":"Gremlin:Pickpocket","floor":12},{"not_picked":["Gremlin:MakeshiftArmor","Gremlin:CatScratch"],"picked":"Gremlin:BubbleBarrier","floor":13},{"not_picked":["Gremlin:BurlyBlow","Gremlin:ArmsTheft"],"picked":"Gremlin:Tadah","floor":14},{"not_picked":["Gremlin:BrokenShin","Gremlin:FlipOut"],"picked":"Gremlin:Duplicate","floor":16},{"not_picked":["Gremlin:PourSalt","Gremlin:ToeStub"],"picked":"Gremlin:Glimmer+1","floor":18},{"not_picked":["Gremlin:GremlinToss","Gremlin:Tadah+1"],"picked":"Gremlin:BubbleBarrier+1","floor":19},{"not_picked":["Gremlin:IrksomeBlow+1","Gremlin:BulkUp"],"picked":"Gremlin:Glimmer+1","floor":23},{"not_picked":["Gremlin:Kablamo","Gremlin:Duplicate","Gremlin:FeelTheAudience"],"picked":"SKIP","floor":24},{"not_picked":["Gremlin:ToeStub","Gremlin:GremlinArms","Gremlin:ShankStone+1"],"picked":"SKIP","floor":30},{"not_picked":["Gremlin:Pinprick","Gremlin:BulkUp+1"],"picked":"Gremlin:Rhythm+1","floor":31},{"not_picked":["Gremlin:Necromancy","Gremlin:BrokenShin"],"picked":"Gremlin:SecondVolley","floor":33},{"not_picked":["Gremlin:GremlinArms","Gremlin:DaggerDance"],"picked":"Gremlin:Irritability+1","floor":35},{"not_picked":["Gremlin:DaggerDance+1","Gremlin:GremlinArms","Gremlin:InfiniteBlocks+1"],"picked":"SKIP","floor":37},{"not_picked":["Gremlin:GlitterGuard","Gremlin:Heckle+1"],"picked":"Gremlin:Polish","floor":39},{"not_picked":["Gremlin:PourSalt+1","Gremlin:DaggerDance","Gremlin:Jeer+1"],"picked":"SKIP","floor":41},{"not_picked":["Purity","Specialist"],"picked":"Finesse","floor":45},{"not_picked":["Gremlin:CatScratch+1","Gremlin:ShankStone","Gremlin:FanOfKnives+1"],"picked":"SKIP","floor":46},{"not_picked":["Gremlin:ToeStub","Gremlin:Tricksy","Gremlin:Presto"],"picked":"SKIP","floor":47}],"player_experience":365970,"relics_obtained":[{"floor":9,"key":"Replay:Kaleidoscope"},{"floor":13,"key":"Odd Mushroom"},{"floor":24,"key":"Replay:Accelerometer"},{"floor":26,"key":"Torii"},{"floor":31,"key":"Smiling Mask"},{"floor":36,"key":"Replay:Multitool"},{"floor":46,"key":"War Paint"}],"event_choices":[{"cards_removed":["Gremlin:Strike"],"damage_healed":0,"gold_gain":0,"player_choice":"Purged","damage_taken":0,"max_hp_gain":0,"max_hp_loss":0,"event_name":"Purifier","floor":2,"gold_loss":0},{"damage_healed":0,"gold_gain":0,"player_choice":"Fought Mushrooms","damage_taken":0,"max_hp_gain":0,"max_hp_loss":0,"event_name":"Mushrooms","floor":13,"gold_loss":0},{"damage_healed":7,"gold_gain":0,"player_choice":"Heal","damage_taken":0,"max_hp_gain":0,"max_hp_loss":0,"event_name":"The Library","floor":21,"gold_loss":0},{"damage_healed":0,"gold_gain":0,"player_choice":"Fight","damage_taken":0,"max_hp_gain":0,"max_hp_loss":0,"event_name":"MindBloom","floor":36,"gold_loss":0},{"damage_healed":0,"gold_gain":0,"player_choice":"Memory 1","damage_taken":0,"max_hp_gain":0,"max_hp_loss":0,"event_name":"SensoryStone","floor":45,"gold_loss":0},{"damage_healed":5,"gold_gain":0,"player_choice":"Writhe","damage_taken":0,"max_hp_gain":0,"max_hp_loss":0,"event_name":"Winding Halls","floor":48,"gold_loss":0,"cards_obtained":["Writhe"]}],"is_beta":false,"boss_relics":[{"not_picked":["Velvet Choker","Painkiller Herb"],"picked":"ChewingGum"},{"not_picked":["Abe\u0027s Treasure","Kintsugi"],"picked":"Philosopher\u0027s Stone"}],"items_purged_floors":[5,20,38],"is_endless":false,"potions_floor_spawned":[1,4,11,12,14,19,24,31,33,39,41,46],"killed_by":"Time Eater","ascension_level":0}}