{"host":"j4g6ia6asvpyu2b0","time":1614351298,"event":{"mods":["BaseMod","Colored Map","Infinite Spire","Minty Spire (QoL Compilation)","Permanent Neow","Quick Restart","Relic Stats","StSLib","Unceasing Turn Reminder"],"gold_per_floor":[114,114,114,124,142,171,171,171,171],"floor_reached":8,"language":"ENG","playtime":171,"items_purged":[],"score":62,"play_id":"9317e6a4-de97-4030-9eff-cf11f9329df0","local_time":"20210226075458","is_ascension_mode":true,"campfire_choices":[{"floor":7.0,"key":"REST"}],"circlet_count":0,"master_deck":["Strike_G","Strike_G","Strike_G","Strike_G","Strike_G+1","Defend_G+1","Defend_G","Defend_G+1","Defend_G","Defend_G","Survivor","Neutralize","Strike_G","Dagger Spray","Blur+1","Predator"],"relics":["Ring of the Snake","Bag of Marbles","War Paint"],"acts_visited":["Exordium"],"potions_floor_usage":[],"damage_taken":[{"damage":1.0,"enemies":"Jaw Worm","floor":1.0,"turns":5.0},{"damage":0.0,"enemies":"2 Louse","floor":4.0,"turns":2.0},{"damage":1.0,"enemies":"Cultist","floor":5.0,"turns":3.0},{"damage":42.0,"enemies":"Lagavulin","floor":6.0,"turns":9.0},{"damage":0,"enemies":"3 Sentries","floor":8,"turns":1}],"seed_played":"3556958364395141229","potions_obtained":[{"floor":4.0,"key":"Swift Potion"},{"floor":5.0,"key":"LiquidBronze"}],"is_trial":false,"path_per_floor":["M","?","?","M","M","E","R","E"],"character_chosen":"THE_SILENT","items_purchased":[],"campfire_rested":1,"item_purchase_floors":[],"current_hp_per_floor":[69,55,55,55,54,12,33,33,33],"gold":171,"neow_bonus":"RANDOM_COMMON_RELIC","is_daily":false,"chose_seed":false,"campfire_upgraded":0,"win_rate":0.0,"timestamp":1614351298,"path_taken":["M","?","?","?","M","E","R","E"],"items_purchased_type":[],"build_version":"2020-12-22","purchased_purges":0,"victory":false,"max_hp_per_floor":[70,70,70,70,70,70,70,70,70],"relic_stats":{"counters":[5,19],"War Paint":["Defend_G","Blur"],"obtain_stats":[{"Bag of Marbles":0,"War Paint":6,"Ring of the Snake":0},{"Bag of Marbles":0,"War Paint":4,"Ring of the Snake":0},{"Bag of Marbles":0,"War Paint":19,"Ring of the Snake":0}],"Ring of the Snake":[8]},"card_choices":[{"not_picked":["Outmaneuver","Sucker Punch"],"picked":"Well Laid Plans","floor":1.0},{"not_picked":["Setup","Accuracy"],"picked":"Dagger Spray","floor":4.0},{"not_picked":["Dodge and Roll","Dagger Spray"],"picked":"Blur","floor":5.0},{"not_picked":["Backflip","Dash"],"picked":"Predator","floor":6.0}],"player_experience":1271982,"relics_obtained":[{"floor":6.0,"key":"War Paint"}],"event_choices":[{"damage_healed":0.0,"max_hp_gain":0.0,"max_hp_loss":0.0,"gold_gain":0.0,"event_name":"Shining Light","player_choice":"Entered Light","floor":2.0,"gold_loss":0.0,"damage_taken":14.0,"cards_upgraded":["Strike_G","Defend_G"]},{"cards_removed":["Well Laid Plans"],"damage_healed":0.0,"max_hp_gain":0.0,"max_hp_loss":0.0,"gold_gain":0.0,"event_name":"NoteForYourself","player_choice":"Took Card","floor":3.0,"gold_loss":0.0,"damage_taken":0.0,"cards_obtained":["Strike_G"]}],"is_beta":false,"boss_relics":[],"items_purged_floors":[],"is_endless":false,"potions_floor_spawned":[4,5],"killed_by":"3 Sentries","ascension_level":2}}