{"host":"36t3qd3wjvajtu1z","time":1614304559,"event":{"mods":["2.2 Compatiblity","AchievementEnabler","BaseMod","Bestiary","Block Reminder","Colored Powertips","Curses Come First","Filter the Spire","Highlight Path","Minty Spire (QoL Compilation)","Permanent Neow","Quick Restart","Random Character Button","Rare Cards Sparkle","Relic Stats","Slay-I","StSLib"],"gold_per_floor":[16,26,37,50,63,63,79,104,104,104,118,130,95,130,130,204,204,215,230,72,72,72,72],"floor_reached":22,"language":"ENG","playtime":805,"items_purged":[],"score":380,"play_id":"e14c93d1-5b0f-4601-8308-28d9be677e45","local_time":"20210225175559","is_ascension_mode":true,"campfire_choices":[{"floor":6,"key":"REST"},{"data":"Zap","floor":10,"key":"SMITH"},{"data":"Static Discharge","floor":15,"key":"SMITH"}],"circlet_count":0,"master_deck":["AscendersBane","Strike_B","Strike_B","Defend_B","Defend_B","Defend_B","Defend_B","Zap+1","Dualcast","Biased Cognition","FTL","Doom and Gloom","Biased Cognition","Go for the Eyes","Lockon","Conserve Battery","Lockon","Beam Cell","Static Discharge+1","Force Field","Thunder Strike","Aggregate","Go for the Eyes+1","Darkness","Rip and Tear"],"relics":["Cracked Core","Orichalcum","Bottled Lightning","InkBottle","Philosopher\u0027s Stone","Toolbox"],"acts_visited":["Exordium","TheCity"],"potions_floor_usage":[11,14,14,14,16],"damage_taken":[{"damage":7,"enemies":"Jaw Worm","floor":1,"turns":3},{"damage":9,"enemies":"2 Louse","floor":2,"turns":2},{"damage":0,"enemies":"Small Slimes","floor":3,"turns":2},{"damage":20,"enemies":"3 Louse","floor":4,"turns":3},{"damage":15,"enemies":"Large Slime","floor":5,"turns":5},{"damage":7,"enemies":"Looter","floor":7,"turns":3},{"damage":3,"enemies":"Gremlin Nob","floor":8,"turns":3},{"damage":0,"enemies":"Lots of Slimes","floor":11,"turns":2},{"damage":12,"enemies":"Exordium Thugs","floor":12,"turns":4},{"damage":8,"enemies":"3 Sentries","floor":14,"turns":4},{"damage":12,"enemies":"Hexaghost","floor":16,"turns":6},{"damage":41,"enemies":"3 Byrds","floor":18,"turns":4},{"damage":1,"enemies":"Chosen","floor":19,"turns":3},{"damage":6,"enemies":"Snecko","floor":22,"turns":3}],"seed_played":"7646146609793755240","potions_obtained":[{"floor":3,"key":"DistilledChaos"},{"floor":4,"key":"Dexterity Potion"},{"floor":7,"key":"EntropicBrew"},{"floor":12,"key":"Ancient Potion"},{"floor":14,"key":"LiquidBronze"},{"floor":16,"key":"Energy Potion"}],"is_trial":false,"path_per_floor":["M","M","M","M","M","R","M","E","T","R","M","M","?","E","R","B",null,"M","M","$","?","M"],"character_chosen":"DEFECT","items_purchased":["Toolbox"],"campfire_rested":1,"item_purchase_floors":[20],"current_hp_per_floor":[57,48,48,28,13,34,27,24,24,24,24,12,29,21,21,9,56,15,14,14,14,8,8],"gold":72,"neow_bonus":"THREE_RARE_CARDS","is_daily":false,"chose_seed":false,"campfire_upgraded":2,"win_rate":0.0,"timestamp":1614304559,"path_taken":["M","M","M","M","M","R","M","E","T","R","M","M","?","E","R","BOSS","M","M","$","?","M"],"items_purchased_type":["Relic"],"build_version":"2020-12-22","purchased_purges":0,"victory":false,"max_hp_per_floor":[71,71,71,71,71,71,71,71,71,71,71,71,71,71,71,71,71,71,71,71,71,71,71],"relic_stats":{"counters":[14,47],"Orichalcum":[72],"obtain_stats":[{"Toolbox":20,"Philosopher\u0027s Stone":17,"Bottled Lightning":9,"Orichalcum":8,"Cracked Core":0,"InkBottle":14},{"Toolbox":13,"Philosopher\u0027s Stone":11,"Bottled Lightning":7,"Orichalcum":7,"Cracked Core":0,"InkBottle":10},{"Toolbox":44,"Philosopher\u0027s Stone":37,"Bottled Lightning":21,"Orichalcum":21,"Cracked Core":0,"InkBottle":31}],"InkBottle":[6]},"card_choices":[{"not_picked":["Meteor Strike","All For One"],"picked":"Biased Cognition","floor":0},{"not_picked":["Cold Snap","Compile Driver"],"picked":"FTL","floor":1},{"not_picked":["Beam Cell","Redo"],"picked":"Doom and Gloom","floor":2},{"not_picked":["Steam","Hologram"],"picked":"Biased Cognition","floor":3},{"not_picked":["Coolheaded","Fusion"],"picked":"Go for the Eyes","floor":4},{"not_picked":["BootSequence","Steam Power"],"picked":"Lockon","floor":5},{"not_picked":["Blizzard","Turbo"],"picked":"Conserve Battery","floor":7},{"not_picked":["Go for the Eyes","Hologram"],"picked":"Lockon","floor":8},{"not_picked":["Conserve Battery","Coolheaded"],"picked":"Beam Cell","floor":11},{"not_picked":["Consume","Meteor Strike"],"picked":"Static Discharge","floor":12},{"not_picked":["Rebound","Sunder"],"picked":"Force Field","floor":14},{"not_picked":["Buffer","Reboot"],"picked":"Thunder Strike","floor":16},{"not_picked":["Leap","Stack"],"picked":"Aggregate","floor":18},{"not_picked":["Doom and Gloom","Cold Snap"],"picked":"Go for the Eyes+1","floor":19}],"player_experience":577926,"relics_obtained":[{"floor":8,"key":"Orichalcum"},{"floor":9,"key":"Bottled Lightning"},{"floor":14,"key":"InkBottle"}],"event_choices":[{"damage_healed":17,"gold_gain":0,"player_choice":"Healed","damage_taken":0,"max_hp_gain":0,"max_hp_loss":0,"event_name":"The Cleric","floor":13,"gold_loss":35},{"damage_healed":0,"gold_gain":0,"cards_transformed":["Strike_B","Strike_B"],"player_choice":"Became Test Subject","damage_taken":0,"max_hp_gain":0,"max_hp_loss":0,"event_name":"Drug Dealer","floor":21,"gold_loss":0,"cards_obtained":["Darkness","Rip and Tear"]}],"is_beta":false,"boss_relics":[{"not_picked":["Tiny House","SacredBark"],"picked":"Philosopher\u0027s Stone"}],"items_purged_floors":[],"is_endless":false,"potions_floor_spawned":[3,4,7,12,14,16,18],"killed_by":"Snecko","ascension_level":18}}