{"host":"yowpvcuvjo60m519","time":1614376307,"event":{"mods":["BaseMod","Minty Spire (QoL Compilation)"],"gold_per_floor":[409,409,424,43,43,70,70,70,70,86,37,53,73,73,73,170,170,189,206,31,31,43,43,75,75,75,107,123,123,123,142,142,238,238,254,43,43,93,47,78,78,128,128,156,6,26,45,60,60,60],"floor_reached":51,"language":"ENG","playtime":4775,"items_purged":["Strike_R","Strike_R","Strike_R","Strike_R"],"score":768,"play_id":"05263789-c145-4041-89d3-b01f3c781c7e","local_time":"20210226225147","is_ascension_mode":false,"campfire_choices":[{"floor":7,"key":"REST"},{"data":"Barricade","floor":15,"key":"SMITH"},{"data":"Entrench","floor":23,"key":"SMITH"},{"floor":30,"key":"REST"},{"floor":32,"key":"REST"},{"data":"Body Slam","floor":41,"key":"SMITH"},{"data":"Blood for Blood","floor":49,"key":"SMITH"}],"circlet_count":0,"master_deck":["Strike_R","Defend_R","Defend_R","Defend_R","Defend_R+1","Bash","Wild Strike","Bash","Clothesline","Shockwave+1","Shrug It Off","Bludgeon","Infernal Blade","Whirlwind","Barricade+1","Impervious","Body Slam+1","Shockwave","Inflame","Entrench+1","Immolate","Blood for Blood","Spot Weakness+1","Flex+1","Inflame+1","Infernal Blade","Demon Form","Ghostly Armor","Evolve","Clothesline","Power Through+1","Body Slam+1","Clash","Shockwave","Rage","Blood for Blood+1","Combust","Clothesline"],"relics":["Black Blood","Old Coin","DollysMirror","Lantern","Orichalcum","Bottled Flame","Mark of Pain","War Paint","Happy Flower","Mercury Hourglass","Dream Catcher","Ice Cream","Anchor","Torii","Ornamental Fan","Self Forming Clay"],"acts_visited":["Exordium","TheCity","TheBeyond"],"potions_floor_usage":[6,22,24,27,27,31,38,47],"damage_taken":[{"damage":2,"enemies":"2 Louse","floor":1,"turns":3},{"damage":5,"enemies":"Small Slimes","floor":3,"turns":4},{"damage":58,"enemies":"3 Sentries","floor":6,"turns":13},{"damage":0,"enemies":"Cultist","floor":10,"turns":3},{"damage":0,"enemies":"Blue Slaver","floor":12,"turns":3},{"damage":5,"enemies":"Lots of Slimes","floor":13,"turns":6},{"damage":43,"enemies":"The Guardian","floor":16,"turns":13},{"damage":24,"enemies":"Spheric Guardian","floor":18,"turns":7},{"damage":5,"enemies":"Shell Parasite","floor":19,"turns":4},{"damage":2,"enemies":"3 Cultists","floor":22,"turns":5},{"damage":34,"enemies":"Book of Stabbing","floor":24,"turns":7},{"damage":24,"enemies":"Slavers","floor":27,"turns":5},{"damage":6,"enemies":"Snecko","floor":28,"turns":4},{"damage":12,"enemies":"Centurion and Healer","floor":31,"turns":4},{"damage":31,"enemies":"Champ","floor":33,"turns":14},{"damage":18,"enemies":"3 Darklings","floor":35,"turns":6},{"damage":6,"enemies":"Mind Bloom Boss Battle","floor":38,"turns":7},{"damage":33,"enemies":"Reptomancer","floor":40,"turns":7},{"damage":15,"enemies":"2 Orb Walkers","floor":42,"turns":4},{"damage":18,"enemies":"Nemesis","floor":44,"turns":7},{"damage":0,"enemies":"Orb Walker","floor":46,"turns":2},{"damage":1,"enemies":"4 Shapes","floor":47,"turns":5},{"damage":0,"enemies":"Writhing Mass","floor":48,"turns":5},{"damage":51,"enemies":"Time Eater","floor":50,"turns":11}],"seed_played":"-7451349393590707444","potions_obtained":[{"floor":3,"key":"SpeedPotion"},{"floor":13,"key":"DistilledChaos"},{"floor":16,"key":"DistilledChaos"},{"floor":19,"key":"Swift Potion"},{"floor":22,"key":"LiquidMemories"},{"floor":27,"key":"Explosive Potion"},{"floor":35,"key":"LiquidBronze"},{"floor":44,"key":"SkillPotion"}],"is_trial":false,"path_per_floor":["M","?","M","$","?","E","R","?","T","M","$","M","M","?","R","B",null,"M","M","$","?","M","R","E","?","T","E","M","?","R","M","R","B",null,"M","$","$","?","$","E","R","?","T","E","$","M","M","M","R","B",null],"character_chosen":"IRONCLAD","items_purchased":["DollysMirror","Lantern","Shrug It Off","Inflame","Evolve","Clothesline","Body Slam"],"campfire_rested":3,"item_purchase_floors":[4,4,11,20,36,36,39],"current_hp_per_floor":[72,77,77,77,77,25,48,53,53,59,59,65,66,66,66,29,77,59,60,60,60,64,64,36,36,36,18,18,18,41,35,58,33,77,71,71,71,77,77,56,56,53,53,47,47,59,70,77,77,38],"gold":60,"neow_bonus":"ONE_RARE_RELIC","is_daily":false,"chose_seed":false,"campfire_upgraded":4,"win_rate":0.0,"timestamp":1614376307,"path_taken":["M","?","M","$","?","E","R","?","T","M","$","M","?","?","R","BOSS","M","M","?","?","M","R","E","?","T","E","?","?","R","M","R","BOSS","M","?","$","?","$","E","R","?","T","E","?","M","?","?","R","BOSS"],"items_purchased_type":["Relic","Relic","Card","Card","Card","Card","Card"],"build_version":"2020-12-22","purchased_purges":4,"victory":true,"max_hp_per_floor":[72,77,77,77,77,77,77,77,77,77,77,77,77,77,77,77,77,77,77,77,77,77,77,77,77,77,77,77,77,77,77,77,77,77,77,77,77,77,77,77,77,77,77,77,77,77,77,77,77,77],"card_choices":[{"not_picked":["Sword Boomerang","True Grit"],"picked":"Wild Strike","floor":1},{"not_picked":["Clash","Wild Strike"],"picked":"Clothesline","floor":3},{"not_picked":["Body Slam","Thunderclap"],"picked":"Clothesline","floor":6},{"not_picked":["Seeing Red","Headbutt"],"picked":"Shockwave","floor":10},{"not_picked":["Ghostly Armor","Pummel"],"picked":"Bludgeon","floor":12},{"not_picked":["Iron Wave","Shrug It Off"],"picked":"Infernal Blade","floor":13},{"not_picked":["Corruption","Offering"],"picked":"Impervious","floor":16},{"not_picked":["Sword Boomerang","Iron Wave"],"picked":"Body Slam","floor":18},{"not_picked":["Sword Boomerang+1","Anger"],"picked":"Shockwave","floor":19},{"not_picked":["Wild Strike","Iron Wave"],"picked":"Entrench","floor":22},{"not_picked":["Shrug It Off","Burning Pact"],"picked":"Immolate","floor":24},{"not_picked":["Thunderclap","Heavy Blade+1"],"picked":"Blood for Blood","floor":27},{"not_picked":["Armaments","Flex"],"picked":"Spot Weakness+1","floor":28},{"not_picked":["Perfected Strike","Burning Pact"],"picked":"Flex+1","floor":30},{"not_picked":["Spot Weakness","Headbutt+1"],"picked":"Inflame+1","floor":31},{"not_picked":["Armaments","Battle Trance"],"picked":"Infernal Blade","floor":32},{"not_picked":["Feed","Brutality"],"picked":"Demon Form","floor":33},{"not_picked":["Anger+1","Shrug It Off"],"picked":"Ghostly Armor","floor":35},{"not_picked":["Headbutt","Clash"],"picked":"Power Through+1","floor":38},{"not_picked":["Cleave+1","Twin Strike+1"],"picked":"Clash","floor":40},{"not_picked":["Pommel Strike+1","Heavy Blade+1"],"picked":"Shockwave","floor":42},{"not_picked":["Entrench+1","Flex"],"picked":"Rage","floor":44},{"not_picked":["Dual Wield","Demon Form"],"picked":"Blood for Blood","floor":46},{"not_picked":["Headbutt","Havoc+1"],"picked":"Combust","floor":47},{"not_picked":["Armaments","Reckless Charge+1"],"picked":"Clothesline","floor":48}],"player_experience":129456,"relics_obtained":[{"floor":6,"key":"Orichalcum"},{"floor":9,"key":"Bottled Flame"},{"floor":24,"key":"Happy Flower"},{"floor":26,"key":"Mercury Hourglass"},{"floor":27,"key":"Dream Catcher"},{"floor":38,"key":"Ice Cream"},{"floor":40,"key":"Anchor"},{"floor":42,"key":"Torii"},{"floor":43,"key":"Ornamental Fan"},{"floor":44,"key":"Self Forming Clay"}],"event_choices":[{"damage_healed":0,"gold_gain":0,"player_choice":"Donut","damage_taken":0,"max_hp_gain":5,"max_hp_loss":0,"event_name":"Big Fish","floor":2,"gold_loss":0},{"damage_healed":0,"gold_gain":0,"player_choice":"Leave","damage_taken":0,"max_hp_gain":0,"max_hp_loss":0,"event_name":"The Cleric","floor":5,"gold_loss":0},{"cards_removed":["Clothesline"],"damage_healed":5,"gold_gain":0,"player_choice":"Offered Common","damage_taken":0,"max_hp_gain":0,"max_hp_loss":0,"event_name":"Bonfire Elementals","floor":8,"gold_loss":0},{"cards_removed":["Clothesline"],"damage_healed":5,"gold_gain":0,"player_choice":"Offered Special","damage_taken":0,"max_hp_gain":0,"max_hp_loss":0,"event_name":"Bonfire Elementals","floor":8,"gold_loss":0},{"damage_healed":0,"gold_gain":0,"player_choice":"2 cards matched","damage_taken":0,"max_hp_gain":0,"max_hp_loss":0,"event_name":"Match and Keep!","floor":14,"gold_loss":0,"cards_obtained":["Whirlwind","Barricade"]},{"damage_healed":0,"gold_gain":0,"player_choice":"Opened","damage_taken":0,"relics_obtained":["War Paint"],"max_hp_gain":0,"max_hp_loss":0,"event_name":"The Mausoleum","floor":21,"gold_loss":0,"cards_obtained":["Writhe"]},{"damage_healed":0,"gold_gain":0,"player_choice":"Forge","damage_taken":0,"max_hp_gain":0,"max_hp_loss":0,"event_name":"Accursed Blacksmith","floor":25,"gold_loss":0,"cards_upgraded":["Body Slam"]},{"cards_removed":["Writhe"],"damage_healed":0,"gold_gain":0,"player_choice":"Removed Curses","damage_taken":0,"max_hp_gain":0,"max_hp_loss":0,"event_name":"Fountain of Cleansing","floor":29,"gold_loss":0},{"damage_healed":0,"gold_gain":0,"player_choice":"Fight","damage_taken":0,"max_hp_gain":0,"max_hp_loss":0,"event_name":"MindBloom","floor":38,"gold_loss":0},{"damage_healed":0,"gold_gain":0,"player_choice":"Fight","damage_taken":0,"max_hp_gain":0,"max_hp_loss":0,"event_name":"Mysterious Sphere","floor":42,"gold_loss":0}],"is_beta":false,"boss_relics":[{"not_picked":["Fusion Hammer","Snecko Eye"],"picked":"Mark of Pain"},{"not_picked":["Calling Bell","Runic Cube"],"picked":"Black Blood"}],"items_purged_floors":[4,20,36,45],"is_endless":false,"potions_floor_spawned":[3,13,16,19,22,27,35,44],"ascension_level":0}}