{"host":"py7qdianp3jrm8dm","time":1614376302,"event":{"mods":["AchievementEnabler","BaseMod","Bestiary","Highlight Path","Minty Spire (QoL Compilation)","Relic Stats","StSLib"],"gold_per_floor":[109,7,24,24,38,73,93,51,75,107,117,117,132,143,143,248,248,266,283,295,33,47,72,0,0,0],"floor_reached":25,"language":"ENG","playtime":1772,"items_purged":[],"score":341,"play_id":"288253d4-7465-4e4f-83e7-6f4cb15a934c","local_time":"20210226215142","is_ascension_mode":true,"campfire_choices":[{"floor":12,"key":"REST"},{"floor":15,"key":"REST"}],"circlet_count":0,"master_deck":["Strike_P","Strike_P","Strike_P","Strike_P","Defend_P","Defend_P","Defend_P","Defend_P","Eruption","Vigilance","Wireheading","CutThroughFate","FlyingSleeves","Conclude","Study","Crescendo","Nirvana+1","Blasphemy","BowlingBash","Meditate","TalkToTheHand","ForeignInfluence","JustLucky","LessonLearned","Halt","BattleHymn","CrushJoints","FlurryOfBlows","Evaluate"],"relics":["Black Star","Ancient Tea Set","Potion Belt","Strawberry","Lantern","Dream Catcher","Fusion Hammer","Pantograph","Mercury Hourglass","Vajra"],"acts_visited":["Exordium","TheCity"],"potions_floor_usage":[7,10,16,25,25],"damage_taken":[{"damage":1,"enemies":"Small Slimes","floor":1,"turns":5},{"damage":2,"enemies":"Jaw Worm","floor":3,"turns":3},{"damage":7,"enemies":"2 Louse","floor":5,"turns":4},{"damage":30,"enemies":"3 Sentries","floor":6,"turns":5},{"damage":3,"enemies":"Blue Slaver","floor":7,"turns":2},{"damage":16,"enemies":"Gremlin Nob","floor":10,"turns":3},{"damage":9,"enemies":"2 Fungi Beasts","floor":11,"turns":4},{"damage":9,"enemies":"Exordium Thugs","floor":13,"turns":2},{"damage":0,"enemies":"Looter","floor":14,"turns":3},{"damage":24,"enemies":"The Guardian","floor":16,"turns":10},{"damage":17,"enemies":"Spheric Guardian","floor":18,"turns":6},{"damage":0,"enemies":"2 Thieves","floor":19,"turns":1},{"damage":28,"enemies":"Snake Plant","floor":20,"turns":4},{"damage":1,"enemies":"Cultist and Chosen","floor":22,"turns":4},{"damage":0,"enemies":"Gremlin Leader","floor":23,"turns":6},{"damage":19,"enemies":"Slavers","floor":25,"turns":2}],"seed_played":"1900115288851026503","potions_obtained":[{"floor":1,"key":"Dexterity Potion"},{"floor":3,"key":"DuplicationPotion"},{"floor":5,"key":"BlessingOfTheForge"},{"floor":14,"key":"Fire Potion"},{"floor":16,"key":"EntropicBrew"},{"floor":20,"key":"StancePotion"},{"floor":23,"key":"Swift Potion"}],"is_trial":false,"path_per_floor":["M","$","M","?","M","E","M","?","T","E","M","R","M","M","R","B",null,"M","M","M","$","M","E","?","E"],"character_chosen":"WATCHER","items_purchased":["CutThroughFate","FlyingSleeves","Pantograph"],"campfire_rested":2,"item_purchase_floors":[2,2,21],"current_hp_per_floor":[64,64,62,62,55,25,22,22,29,13,4,27,18,18,41,17,64,47,47,19,19,18,18,18,0,0],"gold":0,"neow_bonus":"BOSS_RELIC","is_daily":false,"chose_seed":false,"campfire_upgraded":0,"win_rate":0.0,"timestamp":1614376302,"path_taken":["M","$","M","?","M","E","M","?","T","E","M","R","?","M","R","BOSS","M","M","M","$","M","E","?","E"],"items_purchased_type":["Card","Card","Relic"],"build_version":"2020-12-22","purchased_purges":0,"victory":false,"max_hp_per_floor":[72,72,72,72,72,72,72,72,79,79,79,79,79,79,79,79,79,79,79,79,79,79,79,79,79,79],"relic_stats":{"Dream Catcher":2,"counters":[16,64],"Pantograph":0,"Black Star":3,"obtain_stats":[{"Potion Belt":6,"Lantern":10,"Dream Catcher":10,"Strawberry":9,"Pantograph":21,"Vajra":23,"Fusion Hammer":17,"Black Star":0,"PureWater":0,"Ancient Tea Set":6,"Mercury Hourglass":23},{"Potion Belt":4,"Lantern":6,"Dream Catcher":6,"Strawberry":5,"Pantograph":13,"Vajra":15,"Fusion Hammer":10,"Black Star":0,"PureWater":0,"Ancient Tea Set":4,"Mercury Hourglass":15},{"Potion Belt":17,"Lantern":22,"Dream Catcher":22,"Strawberry":19,"Pantograph":52,"Vajra":62,"Fusion Hammer":41,"Black Star":0,"PureWater":0,"Ancient Tea Set":17,"Mercury Hourglass":62}],"Mercury Hourglass":[18]},"card_choices":[{"not_picked":["InnerPeace","Protect"],"picked":"Wireheading","floor":1},{"not_picked":["Adaptation","CutThroughFate"],"picked":"Conclude","floor":3},{"not_picked":["Swivel","FollowUp"],"picked":"Study","floor":5},{"not_picked":["PathToVictory","Protect"],"picked":"Crescendo","floor":6},{"not_picked":["Protect","ClearTheMind"],"picked":"Nirvana","floor":7},{"not_picked":["Study","Adaptation"],"picked":"Blasphemy","floor":10},{"not_picked":["Protect","CutThroughFate"],"picked":"BowlingBash","floor":11},{"not_picked":["FlurryOfBlows","EmptyFist"],"picked":"Meditate","floor":12},{"not_picked":["Evaluate","Prostrate"],"picked":"TalkToTheHand","floor":13},{"not_picked":["MentalFortress","WaveOfTheHand"],"picked":"ForeignInfluence","floor":14},{"not_picked":["BowlingBash","Crescendo"],"picked":"JustLucky","floor":15},{"not_picked":["SpiritShield","Judgement"],"picked":"LessonLearned","floor":16},{"not_picked":["DeceiveReality","BowlingBash"],"picked":"Halt","floor":18},{"not_picked":["Meditate","Swivel"],"picked":"BattleHymn","floor":19},{"not_picked":["Conclude","WreathOfFlame"],"picked":"CrushJoints","floor":20},{"not_picked":["Collect","ClearTheMind"],"picked":"FlurryOfBlows","floor":22},{"not_picked":["Sanctity","WaveOfTheHand"],"picked":"Evaluate","floor":23}],"player_experience":596100,"relics_obtained":[{"floor":6,"key":"Ancient Tea Set"},{"floor":6,"key":"Potion Belt"},{"floor":9,"key":"Strawberry"},{"floor":10,"key":"Lantern"},{"floor":10,"key":"Dream Catcher"},{"floor":23,"key":"Mercury Hourglass"},{"floor":23,"key":"Vajra"}],"event_choices":[{"damage_healed":0,"gold_gain":0,"player_choice":"Ignored","damage_taken":0,"max_hp_gain":0,"max_hp_loss":0,"event_name":"Liars Game","floor":4,"gold_loss":0},{"damage_healed":0,"gold_gain":0,"player_choice":"Left Gold","damage_taken":0,"max_hp_gain":0,"max_hp_loss":0,"event_name":"World of Goop","floor":8,"gold_loss":42},{"damage_healed":0,"gold_gain":0,"player_choice":"Paid Fearfully","damage_taken":0,"max_hp_gain":0,"max_hp_loss":0,"event_name":"Masked Bandits","floor":24,"gold_loss":72}],"is_beta":false,"boss_relics":[{"not_picked":["Ectoplasm","Coffee Dripper"],"picked":"Fusion Hammer"}],"items_purged_floors":[],"is_endless":false,"potions_floor_spawned":[1,3,5,14,16,20,23],"killed_by":"Slavers","ascension_level":6}}