{"host":"rwiy0nr47d6nmxat","time":1614364638,"event":{"mods":["2.2 Compatiblity","AchievementEnabler","Act Like it!","Aspiration","BaseMod","Better Note","Better Sensory Stone","Block Reminder","Challenge The Spire","Colored Map","Colored Powertips","Conspire","Curses Come First","Elementarium","Highlight Path","Hubris","Infinite Spire","Mad Scientist","Minty Spire (QoL Compilation)","Permanent Neow","Quick Restart","Rare Cards Sparkle","Reliquary","Replay The Spire","Ruina","Spire Arcade","StSLib","SuperFastMode","The Cursed","TheFirefly","slay the spire mod where everything is the same but ironclad has a cowboy hat"],"gold_per_floor":[114,114,124,143,157,184,184,201,201,221,221,19,49,64,64,159,159,174,193,193,193,193],"floor_reached":21,"language":"ENG","playtime":822,"items_purged":[],"score":203,"play_id":"9342acdb-d36f-465f-92b6-755fa2e51995","local_time":"20210226133718","is_ascension_mode":true,"campfire_choices":[{"floor":7,"key":"REST"},{"floor":11,"key":"REST"},{"floor":15,"key":"REST"}],"circlet_count":0,"master_deck":["Strike_B","Strike_B","Strike_B","Strike_B","Defend_B","Defend_B","Defend_B","Defend_B","Zap","Dualcast","ReplayTheSpireMod:Uncanny Aura","Leap","Conserve Battery","Tempest","ReplaySolidLightProjector","Electrodynamics","Redo","BasicCrystalCard","Heatsinks","Sunder","Conserve Battery","Static Discharge","Turbo","Machine Learning","ReplayTheSpireMod:Restless Dread","TheCursedMod:Dregs","hubris:Disease","Self Repair","Conserve Battery","Pain"],"relics":["Cracked Core","reliquary:TuningFork","Kunai","Oddly Smooth Stone","Replay:Ancient Bell","PreservedInsect","infinitespire:Bottled Soul","FossilizedHelix","Durian"],"acts_visited":["Exordium","Exordium"],"potions_floor_usage":[6,6,13,18,19,21],"damage_taken":[{"damage":3,"enemies":"Small Slimes","floor":1,"turns":3},{"damage":5,"enemies":"Jaw Worm","floor":3,"turns":4},{"damage":2,"enemies":"2 Louse","floor":4,"turns":3},{"damage":12,"enemies":"Blue Slaver","floor":5,"turns":3},{"damage":29,"enemies":"Gremlin Nob","floor":6,"turns":5},{"damage":12,"enemies":"3 Louse","floor":8,"turns":2},{"damage":0,"enemies":"Large Slime","floor":10,"turns":5},{"damage":19,"enemies":"Lagavulin","floor":13,"turns":5},{"damage":14,"enemies":"Looter","floor":14,"turns":4},{"damage":16,"enemies":"Fading Forest","floor":16,"turns":11},{"damage":43,"enemies":"ruina:Nosferatu","floor":18,"turns":6},{"damage":18,"enemies":"ruina:BadWolf","floor":19,"turns":7},{"damage":43,"enemies":"ruina:Nos_and_Bat","floor":21,"turns":3}],"seed_played":"-2393292393102007764","potions_obtained":[{"floor":3,"key":"SteroidPotion"},{"floor":5,"key":"ColorlessPotion"},{"floor":10,"key":"Fire Potion"},{"floor":16,"key":"PotionOfCapacity"},{"floor":18,"key":"EssenceOfSteel"},{"floor":19,"key":"GamblersBrew"}],"is_trial":false,"path_per_floor":["M","?","M","M","M","E","R","M","T","M","R","$","E","M","R","B",null,"M","M","?","M"],"character_chosen":"DEFECT","items_purchased":["Heatsinks","Sunder","Conserve Battery"],"campfire_rested":3,"item_purchase_floors":[12,12,12],"current_hp_per_floor":[72,72,67,65,53,24,46,34,34,34,56,56,37,23,45,39,75,32,21,26,0,0],"gold":193,"neow_bonus":"RANDOM_COLORLESS","is_daily":false,"chose_seed":false,"campfire_upgraded":0,"win_rate":0.0,"timestamp":1614364638,"path_taken":["M","?","M","M","M","E","R","M","T","M","R","$","E","M","R","BOSS","M","M","?","M"],"items_purchased_type":["Card","Card","Card"],"build_version":"2020-12-22","purchased_purges":0,"victory":false,"max_hp_per_floor":[75,75,75,75,75,75,75,75,75,75,75,75,75,75,75,75,75,75,75,80,80,80],"card_choices":[{"not_picked":["Mind Blast","PanicButton"],"picked":"ReplayTheSpireMod:Uncanny Aura","floor":0},{"not_picked":["Gash","Hologram"],"picked":"Leap","floor":1},{"not_picked":["Stack","Crystallizer"],"picked":"Conserve Battery","floor":3},{"not_picked":["Stack","Cold Snap"],"picked":"Tempest","floor":4},{"not_picked":["Cold Snap","Compile Driver"],"picked":"ReplaySolidLightProjector","floor":5},{"not_picked":["Steam Power","Fission"],"picked":"Electrodynamics","floor":6},{"not_picked":["Streamline","Conserve Battery"],"picked":"Redo","floor":8},{"not_picked":["Beam Cell","ReplaySolidLightProjector"],"picked":"BasicCrystalCard","floor":10},{"not_picked":["hubris:Ukulele","Gash"],"picked":"Static Discharge","floor":13},{"not_picked":["Glacier","Coolheaded"],"picked":"Turbo","floor":14},{"not_picked":["Core Surge","Echo Form"],"picked":"Machine Learning","floor":16},{"not_picked":["Spreading Infection","Replay:Hysterical Blindness"],"picked":"ReplayTheSpireMod:Restless Dread","floor":17},{"not_picked":["ReplayTheSpireMod:Doomed","hubris:Despair"],"picked":"TheCursedMod:Dregs","floor":17},{"not_picked":["Overencumbered","hubris:Wrath"],"picked":"hubris:Disease","floor":17},{"not_picked":["Force Field","Coolheaded"],"picked":"Self Repair","floor":18},{"not_picked":["ReplayTheSpireMod:System Scan+1","Force Field"],"picked":"Conserve Battery","floor":19}],"player_experience":77342,"relics_obtained":[{"floor":6,"key":"reliquary:TuningFork"},{"floor":9,"key":"Kunai"},{"floor":13,"key":"Oddly Smooth Stone"}],"event_choices":[{"damage_healed":0,"gold_gain":0,"player_choice":"Leave","damage_taken":0,"max_hp_gain":0,"max_hp_loss":0,"event_name":"conspire:Investor","floor":2,"gold_loss":0}],"is_beta":false,"boss_relics":[{"not_picked":["Replay:Wanted Poster","aspiration:RunicSpoon"],"picked":"Replay:Ancient Bell"},{"not_picked":["Toy Ornithopter","aspiration:EnhancedActuators"],"picked":"PreservedInsect"},{"not_picked":["conspire:Flyswatter","Replay:Accelerometer"],"picked":"infinitespire:Bottled Soul"},{"not_picked":["hubris:Teleporter","Turnip"],"picked":"FossilizedHelix"}],"items_purged_floors":[],"is_endless":false,"potions_floor_spawned":[3,5,10,16,18,19],"killed_by":"ruina:Nos_and_Bat","ascension_level":1}}