{"host":"87w2793jpavfbt1o","time":1614322363,"event":{"mods":["AchievementEnabler","Aspiration","BaseMod","Better Altar","Better Match","Better Note","Better Sensory Stone","Better Skull","Better Third Choice","Better Vampires","BetterRewards","Conspire","Displayed Cursed Tome","Downfall","Energized Spire","Filter the Spire","Halation","Highlight Path","Hubris","Infinite Spire","Marked Mod","Minty Spire (QoL Compilation)","Practice Mode","Prisma Mod","Relic Filter","Relic Sorter","Replay The Spire","Shop Mod","StSLib","TestMod","??????REMEMod"],"gold_per_floor":[117,117,117,128,128,128,143,143,167,182,207,207,51,63,63,63,63],"floor_reached":16,"language":"ENG","playtime":1580,"items_purged":[],"score":213,"play_id":"a1d7189c-2382-4930-b49a-21ba76302dbb","local_time":"20210225225243","is_ascension_mode":true,"campfire_choices":[{"floor":6,"key":"REST"}],"circlet_count":0,"master_deck":["Strike_P","Strike_P","Strike_P","Defend_P","Defend_P","Defend_P","Defend_P","Eruption","Vigilance","MarkedMod:OneThousandNeedles","ReplayTheSpireMod:Brewmster","Nirvana","JustLucky","hubris:Despair","Writhe","hubris:InfiniteBlow","MarkedMod:GentlePulse+1","Omniscience","MarkedMod:Acupuncture"],"relics":["PureWater","REME_ComplimentaryCards","testmod-TestBox","testmod-DragonStarHat","hubris:TenFootPole","REME_HandOfSuture","HandDrill"],"acts_visited":["Exordium"],"potions_floor_usage":[1,4,7,7,10,10,10,11,11,11,11,11,11,12,16,16,16],"damage_taken":[{"damage":13,"enemies":"Small Slimes","floor":1,"turns":6},{"damage":12,"enemies":"Cultist","floor":4,"turns":3},{"damage":7,"enemies":"2 Louse","floor":7,"turns":4},{"damage":18,"enemies":"2 Fungi Beasts","floor":10,"turns":4},{"damage":23,"enemies":"Lagavulin","floor":11,"turns":9},{"damage":0,"enemies":"Exordium Thugs","floor":12,"turns":1},{"damage":0,"enemies":"Lots of Slimes","floor":14,"turns":2},{"damage":36,"enemies":"The Guardian","floor":16,"turns":5}],"seed_played":"-8872615136075411723","potions_obtained":[{"floor":7,"key":"Venom Potion"},{"floor":10,"key":"Dexterity Potion"}],"is_trial":false,"path_per_floor":["M","?","$","M","?","R","M","?","T","M","E","M","$","M","R","B"],"character_chosen":"WATCHER","items_purchased":["ReplayTheSpireMod:Brewmster","HandDrill"],"campfire_rested":1,"item_purchase_floors":[0,13],"current_hp_per_floor":[47,47,47,35,35,56,49,49,49,31,8,8,8,8,29,0,0],"gold":63,"neow_bonus":"","is_daily":false,"chose_seed":false,"campfire_upgraded":0,"win_rate":0.0,"timestamp":1614322363,"path_taken":["M","?","?","M","?","R","M","?","T","M","E","?","$","M","R","BOSS"],"items_purchased_type":["Card","Relic"],"build_version":"2020-12-22","purchased_purges":0,"victory":false,"max_hp_per_floor":[72,72,72,72,72,72,72,72,72,72,72,72,72,72,72,72,72],"card_choices":[{"not_picked":["EmptyFist","Worship","CrushJoints"],"picked":"SKIP","floor":1},{"not_picked":["WindmillStrike","FlyingSleeves"],"picked":"Nirvana","floor":4},{"not_picked":["Consecrate","LikeWater"],"picked":"JustLucky","floor":7},{"not_picked":["infinitespire:Gouge","infinitespire:SealOfDarkness+"],"picked":"hubris:InfiniteBlow","floor":8},{"not_picked":["WindmillStrike","Blasphemy"],"picked":"MarkedMod:GentlePulse","floor":10},{"not_picked":["ClearTheMind","Crescendo"],"picked":"Omniscience","floor":11},{"not_picked":["Consecrate","JustLucky"],"picked":"MarkedMod:Acupuncture","floor":14}],"player_experience":652496,"relics_obtained":[{"floor":9,"key":"hubris:TenFootPole"},{"floor":11,"key":"REME_HandOfSuture"}],"event_choices":[{"cards_removed":["Strike_P"],"damage_healed":0,"gold_gain":0,"player_choice":"Purged","damage_taken":0,"max_hp_gain":0,"max_hp_loss":0,"event_name":"Purifier","floor":2,"gold_loss":0},{"damage_healed":0,"gold_gain":0,"player_choice":"Ignored","damage_taken":0,"max_hp_gain":0,"max_hp_loss":0,"event_name":"Golden Wing","floor":5,"gold_loss":0}],"is_beta":false,"boss_relics":[],"items_purged_floors":[],"is_endless":false,"potions_floor_spawned":[7,10,12],"killed_by":"The Guardian","ascension_level":8}}