{"host":"5hj512uv6i1x1iks","time":1614357095,"event":{"mods":["BaseMod","Block Reminder","Colored Powertips","Minty Spire (QoL Compilation)","Random Character Button","Relic Stats","Slay the Relics Exporter","ojb\u0027s Info Mod: The sequel"],"gold_per_floor":[110,110,126,142,160,186,18,18,45,45,73,73,84,109,109,109,109],"floor_reached":16,"language":"ENG","playtime":382,"items_purged":[],"score":204,"play_id":"4ffd665d-95c5-4e49-8c28-6eab5f707821","local_time":"20210226103135","is_ascension_mode":true,"campfire_choices":[{"data":"Uppercut","floor":8,"key":"SMITH"},{"data":"Spot Weakness","floor":10,"key":"SMITH"},{"data":"Sever Soul","floor":12,"key":"SMITH"},{"data":"Cleave","floor":15,"key":"SMITH"}],"circlet_count":0,"master_deck":["AscendersBane","Strike_R","Strike_R","Strike_R","Strike_R","Strike_R","Defend_R","Defend_R","Defend_R","Defend_R","Bash+1","Reaper","Sever Soul+1","Twin Strike","Spot Weakness+1","Cleave+1","Thunderclap","Uppercut+1","Shrug It Off","Inflame"],"relics":["Burning Blood","Red Skull","Orrery","Potion Belt","Odd Mushroom","Boot"],"acts_visited":["Exordium"],"potions_floor_usage":[6,11,14,16],"damage_taken":[{"damage":8,"enemies":"2 Louse","floor":1,"turns":4},{"damage":5,"enemies":"Small Slimes","floor":3,"turns":3},{"damage":7,"enemies":"Cultist","floor":4,"turns":4},{"damage":21,"enemies":"Blue Slaver","floor":5,"turns":3},{"damage":32,"enemies":"Gremlin Nob","floor":6,"turns":4},{"damage":0,"enemies":"The Mushroom Lair","floor":11,"turns":2},{"damage":21,"enemies":"Lots of Slimes","floor":13,"turns":3},{"damage":30,"enemies":"3 Sentries","floor":14,"turns":6},{"damage":41,"enemies":"Slime Boss","floor":16,"turns":7}],"seed_played":"-2481530504716832636","potions_obtained":[{"floor":1,"key":"Explosive Potion"},{"floor":3,"key":"AttackPotion"},{"floor":6,"key":"SkillPotion"},{"floor":14,"key":"FearPotion"}],"is_trial":false,"path_per_floor":["M","?","M","M","M","E","$","R","T","R","?","R","M","E","R","B"],"character_chosen":"IRONCLAD","items_purchased":["Orrery"],"campfire_rested":0,"item_purchase_floors":[7],"current_hp_per_floor":[66,66,68,67,52,32,32,32,32,32,38,38,47,39,39,0,0],"gold":109,"neow_bonus":"THREE_RARE_CARDS","is_daily":false,"chose_seed":false,"campfire_upgraded":4,"win_rate":0.0,"timestamp":1614357095,"path_taken":["M","?","M","M","M","E","$","R","T","R","?","R","M","E","R","BOSS"],"items_purchased_type":["Relic"],"build_version":"2020-12-22","purchased_purges":0,"victory":false,"max_hp_per_floor":[68,68,68,68,68,68,68,68,68,68,68,68,68,68,68,68,68],"relic_stats":{"counters":[9,36],"Boot":[0],"obtain_stats":[{"Potion Belt":9,"Orrery":7,"Odd Mushroom":11,"Boot":14,"Burning Blood":0,"Red Skull":6},{"Potion Belt":5,"Orrery":5,"Odd Mushroom":6,"Boot":8,"Burning Blood":0,"Red Skull":5},{"Potion Belt":18,"Orrery":18,"Odd Mushroom":20,"Boot":29,"Burning Blood":0,"Red Skull":18}],"Burning Blood":45},"card_choices":[{"not_picked":["Offering","Berserk"],"picked":"Reaper","floor":0},{"not_picked":["Sword Boomerang","Rampage"],"picked":"Sever Soul","floor":1},{"not_picked":["Sever Soul","Iron Wave","Clothesline"],"picked":"SKIP","floor":3},{"not_picked":["Battle Trance","Power Through"],"picked":"Twin Strike","floor":4},{"not_picked":["Berserk","Armaments"],"picked":"Spot Weakness","floor":5},{"not_picked":["Power Through","Sword Boomerang","Wild Strike"],"picked":"SKIP","floor":6},{"not_picked":["Bloodletting","Heavy Blade"],"picked":"Cleave","floor":7},{"not_picked":["Hemokinesis","Armaments"],"picked":"Thunderclap","floor":7},{"not_picked":["Cleave","Iron Wave"],"picked":"Uppercut","floor":7},{"not_picked":["Clothesline","Flex"],"picked":"Shrug It Off","floor":11},{"not_picked":["Power Through","Warcry","Spot Weakness"],"picked":"SKIP","floor":13},{"not_picked":["Juggernaut","Searing Blow"],"picked":"Inflame","floor":14}],"player_experience":663314,"relics_obtained":[{"floor":6,"key":"Red Skull"},{"floor":9,"key":"Potion Belt"},{"floor":11,"key":"Odd Mushroom"},{"floor":14,"key":"Boot"}],"event_choices":[{"damage_healed":0,"gold_gain":0,"player_choice":"Grow","damage_taken":0,"max_hp_gain":0,"max_hp_loss":0,"event_name":"Living Wall","floor":2,"gold_loss":0,"cards_upgraded":["Bash"]},{"damage_healed":0,"gold_gain":0,"player_choice":"Fought Mushrooms","damage_taken":0,"max_hp_gain":0,"max_hp_loss":0,"event_name":"Mushrooms","floor":11,"gold_loss":0}],"is_beta":false,"boss_relics":[],"items_purged_floors":[],"is_endless":false,"potions_floor_spawned":[1,3,6,14],"killed_by":"Slime Boss","ascension_level":17}}