{"host":"cfv8orgc8997ql4r","time":1614351597,"event":{"mods":["AchievementEnabler","BaseMod","DeckTracker","Keyboard Shortcuts","Minty Spire (QoL Compilation)"],"gold_per_floor":[115,133,83,13,23,23,55,69,141,61,78,178,196,208,208,313,313,330,330,48,48,68,68,109,69,94,94,94,94],"floor_reached":28,"language":"KOR","playtime":1349,"items_purged":["Strike_R"],"score":263,"play_id":"109b4f62-c345-43fb-98d4-8718f64f635e","local_time":"20210226235957","is_ascension_mode":false,"campfire_choices":[{"data":"Seeing Red","floor":6,"key":"SMITH"},{"data":"Limit Break","floor":15,"key":"SMITH"},{"data":"Limit Break","floor":23,"key":"SMITH"},{"floor":27,"key":"RECALL"}],"circlet_count":0,"master_deck":["Strike_R","Strike_R","Strike_R","Strike_R","Defend_R","Defend_R","Defend_R","Bash","Twin Strike","Spot Weakness","Seeing Red+1","Limit Break+1","Armaments","Inflame","Clothesline","Burning Pact","Limit Break+1","Shrug It Off+1","Ghostly","Ghostly","Ghostly","Ghostly","Ghostly","Apotheosis","Sword Boomerang","Flex","Perfected Strike"],"relics":["Burning Blood","Champion Belt","Black Star","CeramicFish","Gambling Chip","Akabeko"],"acts_visited":["Exordium","TheCity"],"potions_floor_usage":[7,7,16],"damage_taken":[{"damage":0,"enemies":"Small Slimes","floor":1,"turns":3},{"damage":6,"enemies":"Cultist","floor":2,"turns":3},{"damage":1,"enemies":"2 Louse","floor":5,"turns":2},{"damage":6,"enemies":"Gremlin Nob","floor":7,"turns":3},{"damage":7,"enemies":"Blue Slaver","floor":8,"turns":3},{"damage":17,"enemies":"Exordium Thugs","floor":11,"turns":3},{"damage":5,"enemies":"2 Fungi Beasts","floor":13,"turns":3},{"damage":7,"enemies":"3 Louse","floor":14,"turns":4},{"damage":37,"enemies":"The Guardian","floor":16,"turns":8},{"damage":41,"enemies":"2 Thieves","floor":18,"turns":4},{"damage":8,"enemies":"Chosen","floor":22,"turns":6},{"damage":21,"enemies":"Slavers","floor":24,"turns":6},{"damage":24,"enemies":"Snecko","floor":28,"turns":5}],"seed_played":"-5592583194625978354","potions_obtained":[{"floor":2,"key":"ColorlessPotion"},{"floor":5,"key":"DuplicationPotion"},{"floor":8,"key":"LiquidBronze"},{"floor":14,"key":"Strength Potion"},{"floor":24,"key":"BlessingOfTheForge"}],"is_trial":false,"path_per_floor":["M","M","?","$","M","R","E","M","T","$","M","?","M","M","R","B",null,"M","?","$","?","M","R","E","$","T","R","M"],"character_chosen":"IRONCLAD","items_purchased":["Seeing Red","Inflame","Apotheosis","Sword Boomerang","Perfected Strike"],"campfire_rested":0,"item_purchase_floors":[4,10,20,20,25],"current_hp_per_floor":[80,80,80,80,80,80,80,79,79,79,68,68,69,68,68,37,80,45,40,40,40,38,38,23,23,23,23,0,0],"gold":94,"neow_bonus":"RANDOM_COLORLESS","is_daily":false,"chose_seed":false,"campfire_upgraded":3,"win_rate":0.0,"timestamp":1614351597,"path_taken":["M","M","?","$","M","R","E","M","T","$","M","?","?","?","R","BOSS","M","?","$","?","M","R","E","$","T","R","M"],"items_purchased_type":["Card","Card","Card","Card","Card"],"build_version":"2020-12-22","purchased_purges":1,"victory":false,"max_hp_per_floor":[80,80,80,80,80,80,80,80,80,80,80,80,80,80,80,80,80,80,40,40,40,40,40,40,40,40,40,40,40],"card_choices":[{"not_picked":["Shrug It Off","True Grit"],"picked":"Twin Strike","floor":1},{"not_picked":["Cleave","Dark Embrace"],"picked":"Spot Weakness","floor":2},{"not_picked":["Seeing Red","Wild Strike","Rampage"],"picked":"SKIP","floor":5},{"not_picked":["Sword Boomerang","Shrug It Off"],"picked":"Limit Break","floor":7},{"not_picked":["Cleave","Twin Strike"],"picked":"Armaments","floor":8},{"not_picked":["Flame Barrier","Seeing Red"],"picked":"Clothesline","floor":11},{"not_picked":["Clash","Rampage","Warcry"],"picked":"SKIP","floor":13},{"not_picked":["Blood for Blood","Cleave"],"picked":"Burning Pact","floor":14},{"not_picked":["Impervious","Corruption"],"picked":"Limit Break","floor":16},{"not_picked":["Dark Embrace+1","Second Wind"],"picked":"Shrug It Off+1","floor":18},{"not_picked":["Clash","Body Slam","Cleave+1"],"picked":"SKIP","floor":22},{"not_picked":["Headbutt","Sever Soul"],"picked":"Flex","floor":24}],"player_experience":217336,"relics_obtained":[{"floor":7,"key":"Champion Belt"},{"floor":24,"key":"CeramicFish"},{"floor":24,"key":"Gambling Chip"},{"floor":26,"key":"Akabeko"}],"event_choices":[{"cards_removed":["Defend_R"],"damage_healed":0,"gold_gain":0,"player_choice":"Card Removal","damage_taken":0,"max_hp_gain":0,"max_hp_loss":0,"event_name":"The Cleric","floor":3,"gold_loss":50},{"damage_healed":0,"gold_gain":100,"player_choice":"Pray","damage_taken":0,"max_hp_gain":0,"max_hp_loss":0,"event_name":"Golden Shrine","floor":12,"gold_loss":0},{"damage_healed":0,"gold_gain":0,"player_choice":"Became a Ghost","damage_taken":0,"max_hp_gain":0,"max_hp_loss":40,"event_name":"Ghosts","floor":19,"gold_loss":0,"cards_obtained":["Ghostly","Ghostly","Ghostly","Ghostly","Ghostly"]},{"damage_healed":0,"gold_gain":0,"player_choice":"Ignored","damage_taken":0,"max_hp_gain":0,"max_hp_loss":0,"event_name":"Vampires","floor":21,"gold_loss":0}],"is_beta":false,"boss_relics":[{"not_picked":["Cursed Key","Snecko Eye"],"picked":"Black Star"}],"items_purged_floors":[20],"is_endless":false,"potions_floor_spawned":[2,5,8,14,24],"killed_by":"Snecko","ascension_level":0}}