{"host":"rjfefv2ruvigm2gb","time":1614379358,"event":{"mods":["Act Like it!","AlwaysNeverKeys","BaseMod","Better Note","Better Third Choice","BetterRewards","Block Reminder","Bossed Relics","Colored Map","Colored Powertips","Conspire","Curses Come First","Displayed Cursed Tome","Downfall","Elementarium","Fox Events","GifTheSpireLib","Gold Saver","Googly Eyes","HexUI Lib","Highlight Path","Hubris","Infinite Spire","Minty Spire (QoL Compilation)","Monster B Gone","Permanent Neow","Poor People Problems","Quick Restart","Relic Filter","Relic Stats","Reliquary","Replay The Spire","Ruina","Shop Mod","Small Relic Pack","Spire Arcade","StS++","StSLib","Stuff the Spire","SuperFastMode","The Blue Laboratory","Transform Curses","Uncapped","Virulent Crown"],"gold_per_floor":[766,781,799,810,810,829,856,889,902,937,947,962,975,198,213,213,213,213],"floor_reached":16,"language":"ENG","playtime":857,"items_purged":["bronze:Strike"],"score":207,"play_id":"dd8b68e8-a225-4ee6-9356-9bfedd210a14","local_time":"20210226164238","is_ascension_mode":true,"campfire_choices":[{"floor":1.0,"key":"DIG"}],"circlet_count":0,"master_deck":["AscendersBane","bronze:Strike","bronze:Strike","bronze:Strike","bronze:Defend","bronze:Defend","bronze:Defend","bronze:Defend","bronze:Replicate+1","bronze:Goto+1","bronze:CutThrough","bronze:InfiniteBeams","bronze:ChosenStrike+1","bronze:MaxOutput","bronze:Branch","bronze:BugBarrage","bronze:ItsAFeature","bronze:DelayedGuard"],"relics":["bronze:BronzeCore","hubris:Zylophone","downfall:HeartBlessingRed","downfall:HeartBlessingGreen","downfall:HeartBlessingBlue","Durian","StuffTheSpire:OldFever","Orichalcum","reliquary:Boomerang","relicPack:SpireResearchBook","StuffTheSpire:ForceGauntlet","Pen Nib"],"acts_visited":["Exordium"],"potions_floor_usage":[4,4,15],"damage_taken":[{"damage":0.0,"enemies":"Small Slimes","floor":2.0,"turns":3.0},{"damage":14,"enemies":"infinitespire:Voidling","floor":3,"turns":4},{"damage":14,"enemies":"2 Louse","floor":4,"turns":3},{"damage":5,"enemies":"downfall:LooterAlt","floor":6,"turns":2},{"damage":10,"enemies":"Lagavulin","floor":8,"turns":6},{"damage":0,"enemies":"2 Fungi Beasts","floor":9,"turns":2},{"damage":10,"enemies":"Gremlin Nob","floor":10,"turns":3},{"damage":9,"enemies":"Exordium Thugs","floor":11,"turns":6},{"damage":0,"enemies":"3 Louse","floor":12,"turns":3},{"damage":6,"enemies":"Large Slime","floor":13,"turns":4},{"damage":4,"enemies":"downfall:FleeingMerchant","floor":14,"turns":4},{"damage":5,"enemies":"Lots of Slimes","floor":15,"turns":4},{"damage":11,"enemies":"WA_ARCHETYPE_RETAIN","floor":16,"turns":4}],"seed_played":"-5930725646233705318","potions_obtained":[{"floor":2.0,"key":"Energy Potion"},{"floor":3,"key":"blueLaboratory:AbyssPotion"},{"floor":11,"key":"Dexterity Potion"}],"is_trial":false,"path_per_floor":["R_BF","M","M","M","?","M","T","E","M","E","M","M","M","$","M","B"],"character_chosen":"THE_AUTOMATON","items_purchased":["bronze:BugBarrage","bronze:ItsAFeature","relicPack:SpireResearchBook","StuffTheSpire:ForceGauntlet","Pen Nib"],"campfire_rested":0,"item_purchase_floors":[14,14,14,14,14],"current_hp_per_floor":[72,72,67,53,53,48,48,38,38,28,19,19,13,9,4,0,0,0],"gold":213,"neow_bonus":"ONE_RARE_RELIC","is_daily":false,"chose_seed":false,"campfire_upgraded":0,"win_rate":0.0,"timestamp":1614379358,"path_taken":["R_BF","M","M","M","?","M","T","E","M","E","M","M","M","$","M","BOSS"],"items_purchased_type":["Card","Card","Relic","Relic","Relic"],"build_version":"2020-12-22","purchased_purges":1,"victory":false,"max_hp_per_floor":[72,72,72,72,72,72,72,72,72,72,72,72,72,72,72,72,72,72],"relic_stats":{"counters":[13,48],"Pen Nib":[1],"Orichalcum":[72],"obtain_stats":[{"hubris:Zylophone":0,"bronze:BronzeCore":0,"reliquary:Boomerang":10,"downfall:HeartBlessingRed":1,"downfall:HeartBlessingBlue":1,"StuffTheSpire:ForceGauntlet":14,"downfall:HeartBlessingGreen":1,"Pen Nib":14,"Durian":1,"Orichalcum":8,"StuffTheSpire:OldFever":7,"relicPack:SpireResearchBook":14},{"hubris:Zylophone":0,"bronze:BronzeCore":0,"reliquary:Boomerang":7,"downfall:HeartBlessingRed":0,"downfall:HeartBlessingBlue":0,"StuffTheSpire:ForceGauntlet":11,"downfall:HeartBlessingGreen":0,"Pen Nib":11,"Durian":0,"Orichalcum":5,"StuffTheSpire:OldFever":4,"relicPack:SpireResearchBook":11},{"hubris:Zylophone":0,"bronze:BronzeCore":0,"reliquary:Boomerang":23,"downfall:HeartBlessingRed":0,"downfall:HeartBlessingBlue":0,"StuffTheSpire:ForceGauntlet":40,"downfall:HeartBlessingGreen":0,"Pen Nib":40,"Durian":0,"Orichalcum":18,"StuffTheSpire:OldFever":12,"relicPack:SpireResearchBook":40}]},"card_choices":[{"not_picked":["bronze:Deprecate","bronze:GetLatest"],"picked":"bronze:CutThrough","floor":2.0},{"not_picked":["bronze:CloningBeam","bronze:Backtrace"],"picked":"bronze:InfiniteBeams","floor":3},{"not_picked":["bronze:Branch","bronze:Invalidate"],"picked":"bronze:ChosenStrike","floor":4},{"not_picked":["bronze:Flail","bronze:BitShift","bronze:ShipIt"],"picked":"SKIP","floor":6},{"not_picked":["bronze:CutThrough","bronze:GetLatest","bronze:Turbo"],"picked":"SKIP","floor":8},{"not_picked":["bronze:Optimize","bronze:WhirlingStrike","bronze:CutThrough"],"picked":"SKIP","floor":9},{"not_picked":["bronze:CutThrough","bronze:InfiniteLoop","bronze:NullPointer"],"picked":"SKIP","floor":10},{"not_picked":["bronze:Frontload","bronze:Overheat","bronze:WhirlingStrike"],"picked":"SKIP","floor":11},{"not_picked":["bronze:OilSpill","bronze:Constructor","bronze:Safeguard"],"picked":"SKIP","floor":12},{"not_picked":["bronze:Shield","bronze:Deprecate"],"picked":"bronze:MaxOutput","floor":13},{"not_picked":["bronze:ForceShield","bronze:Deprecate"],"picked":"bronze:Branch","floor":14},{"not_picked":["bronze:DigitalCarnage","bronze:Turbo"],"picked":"bronze:DelayedGuard","floor":15}],"player_experience":1176331,"relics_obtained":[{"floor":1.0,"key":"Durian"},{"floor":7,"key":"StuffTheSpire:OldFever"},{"floor":8,"key":"Orichalcum"},{"floor":10,"key":"reliquary:Boomerang"}],"event_choices":[],"is_beta":false,"boss_relics":[],"items_purged_floors":[14],"is_endless":false,"potions_floor_spawned":[2,3,6,11,12],"killed_by":"WA_ARCHETYPE_RETAIN","ascension_level":15}}