{"host":"1vxemzms76200xsp","time":1614368217,"event":{"mods":["AchievementEnabler","BaseMod","Better Synergies","Card Forge","Friendly Minions","Highlight Path","Minty Spire (QoL Compilation)","StSLib"],"gold_per_floor":[20,20,195,195,218,218,168,184,232,272,285,90,111,135,135,135,135],"floor_reached":16,"language":"ENG","playtime":753,"items_purged":["Doubt"],"score":127,"play_id":"150db895-7043-425e-9ae7-e53cecf83752","local_time":"20210226213657","is_ascension_mode":false,"campfire_choices":[{"data":"Caltrops","floor":6,"key":"SMITH"},{"data":"Bouncing Flask","floor":15,"key":"SMITH"}],"circlet_count":0,"master_deck":["Strike_G","Strike_G","Strike_G","Strike_G","Strike_G","Defend_G","Defend_G","Defend_G","Defend_G","Defend_G","Neutralize","Riddle With Holes","Caltrops+1","Deflect","Bouncing Flask+1","Bouncing Flask","Bane","Bouncing Flask"],"relics":["Ring of the Snake","Hammer of Thor","Seething Fire","Anvil of the Gods","Golden Idol","Boot","Strawberry"],"acts_visited":["Exordium"],"potions_floor_usage":[],"damage_taken":[{"damage":0,"enemies":"Small Slimes","floor":1,"turns":3},{"damage":0,"enemies":"2 Louse","floor":5,"turns":3},{"damage":4,"enemies":"Cultist","floor":8,"turns":5},{"damage":10,"enemies":"Gremlin Nob","floor":10,"turns":4},{"damage":7,"enemies":"3 Louse","floor":11,"turns":3},{"damage":14,"enemies":"Exordium Thugs","floor":13,"turns":4},{"damage":5,"enemies":"Large Slime","floor":14,"turns":5},{"damage":49,"enemies":"Slime Boss","floor":16,"turns":7}],"seed_played":"1094513907646378596","potions_obtained":[{"floor":5,"key":"Fire Potion"},{"floor":10,"key":"AttackPotion"}],"is_trial":false,"path_per_floor":["M","?","?","?","M","R","?","M","T","E","M","$","M","M","R","B"],"character_chosen":"THE_SILENT","items_purchased":["Bane","Bouncing Flask"],"campfire_rested":0,"item_purchase_floors":[12,12],"current_hp_per_floor":[84,78,78,78,78,78,78,74,74,71,64,64,50,45,45,0,0],"gold":135,"neow_bonus":"TWENTY_PERCENT_HP_BONUS","is_daily":false,"chose_seed":false,"campfire_upgraded":2,"win_rate":0.0,"timestamp":1614368217,"path_taken":["M","?","?","?","?","R","?","M","T","E","M","?","M","M","R","BOSS"],"items_purchased_type":["Card","Card"],"build_version":"2020-12-22","purchased_purges":1,"victory":false,"max_hp_per_floor":[84,78,78,78,78,78,78,78,78,85,85,85,85,85,85,85,85],"card_choices":[{"not_picked":["Underhanded Strike","Calculated Gamble"],"picked":"Riddle With Holes","floor":1},{"not_picked":["Prepared","Outmaneuver"],"picked":"Caltrops","floor":5},{"not_picked":["Backflip","Underhanded Strike"],"picked":"Deflect","floor":8},{"not_picked":["Cloak And Dagger","Phantasmal Killer"],"picked":"Bouncing Flask","floor":10},{"not_picked":["Outmaneuver","Predator"],"picked":"Bouncing Flask","floor":11},{"not_picked":["Dagger Spray","Blade Dance","Accuracy"],"picked":"SKIP","floor":13},{"not_picked":["PiercingWail","Calculated Gamble","Skewer"],"picked":"SKIP","floor":14}],"player_experience":32387,"relics_obtained":[{"floor":9,"key":"Boot"},{"floor":10,"key":"Strawberry"}],"event_choices":[{"damage_healed":0,"gold_gain":0,"player_choice":"Lose Max HP","damage_taken":0,"relics_obtained":["Golden Idol"],"max_hp_gain":0,"max_hp_loss":6,"event_name":"Golden Idol","floor":2,"gold_loss":0},{"damage_healed":0,"gold_gain":175,"player_choice":"AGREE","damage_taken":0,"max_hp_gain":0,"max_hp_loss":0,"event_name":"Liars Game","floor":3,"gold_loss":0,"cards_obtained":["Doubt"]},{"damage_healed":0,"gold_gain":0,"player_choice":"Full Heal","damage_taken":0,"max_hp_gain":0,"max_hp_loss":0,"event_name":"Wheel of Change","floor":4,"gold_loss":0},{"cards_removed":["Survivor"],"damage_healed":0,"gold_gain":0,"player_choice":"Card Removal","damage_taken":0,"max_hp_gain":0,"max_hp_loss":0,"event_name":"The Cleric","floor":7,"gold_loss":50}],"is_beta":false,"boss_relics":[],"items_purged_floors":[12],"is_endless":false,"potions_floor_spawned":[5,10],"killed_by":"Slime Boss","ascension_level":0}}