{"host":"75labscqqrd170u0","time":1614355177,"event":{"mods":["BaseMod","Minty Spire (QoL Compilation)","Replay The Spire","StSLib"],"gold_per_floor":[113,63,80,80,90,90,154,165,165,155,224,95,122,139,139,239,239,258,328,378,338,351,351,386,456,536,548,598,598,665,678,678,779,879,891,555,575,591,641,641,674,704,704,715,781,831,881,891,891,891,891,891,566,597,597,597],"floor_reached":55,"language":"ENG","playtime":3741,"items_purged":["Strike_B","ReplaySolidLightProjector","Strike_B+1"],"score":725,"play_id":"2a74b8f5-bc89-4f96-856b-16f7e64911a4","local_time":"20210226105937","is_ascension_mode":false,"campfire_choices":[{"data":"Defragment","floor":6,"key":"SMITH"},{"data":"ReplayTheSpireMod:Calculation Training","floor":15,"key":"SMITH"},{"floor":23,"key":"RECALL"},{"floor":29,"key":"REST"},{"data":"Strike_B","floor":32,"key":"PURGE"},{"floor":40,"key":"REST"},{"data":"Loop","floor":52,"key":"SMITH"}],"circlet_count":0,"master_deck":["Defend_B","Defend_B","Defend_B","Defend_B","Zap","Defragment+1","Seek","Hologram","Thunder Strike","ReplayTheSpireMod:Calculation Training+1","Seek","Cold Snap","Cold Snap","Loop+1","Pot Of Greed","Pot Of Greed","Tempest+1","Coolheaded","Coolheaded","Thunder Strike+1","Defragment+1","Compile Driver","Sweeping Beam+1","Pot Of Greed","Flash of Steel","Ball Lightning+1","Streamline","Chaos+1"],"relics":["Cracked Core","SsserpentHead","Solar Panel","Incense Burner","Matryoshka","Inserter","MutagenicStrength","Omamori","Grinning Jar","Replay:Wanted Poster","Strawberry","ReplayTheSpireMod:Ninjato","Blood Vial","Mirror","Medical Kit","Gremlin Food"],"acts_visited":["Exordium","TheCity","TheBeyond","TheEnding"],"potions_floor_usage":[8,18,22,24,27,33,41,44,45,48,50],"damage_taken":[{"damage":10,"enemies":"Small Slimes","floor":1,"turns":3},{"damage":6,"enemies":"Jaw Worm","floor":3,"turns":3},{"damage":1,"enemies":"Cultist","floor":5,"turns":4},{"damage":4,"enemies":"2 Fungi Beasts","floor":7,"turns":4},{"damage":0,"enemies":"Lots of Slimes","floor":8,"turns":1},{"damage":6,"enemies":"Blue Slaver","floor":11,"turns":4},{"damage":7,"enemies":"Replay:BlueRogue","floor":13,"turns":5},{"damage":5,"enemies":"Red Slaver","floor":14,"turns":4},{"damage":36,"enemies":"Hexaghost","floor":16,"turns":8},{"damage":0,"enemies":"Spheric Guardian","floor":18,"turns":4},{"damage":4,"enemies":"Chosen","floor":19,"turns":5},{"damage":0,"enemies":"Centurion and Healer","floor":22,"turns":8},{"damage":22,"enemies":"Replay:Snechameleon","floor":24,"turns":8},{"damage":20,"enemies":"Snecko","floor":25,"turns":7},{"damage":15,"enemies":"3 Cultists","floor":27,"turns":5},{"damage":16,"enemies":"Centurion and Healer","floor":30,"turns":7},{"damage":20,"enemies":"Snake Plant","floor":31,"turns":4},{"damage":12,"enemies":"Automaton","floor":33,"turns":11},{"damage":52,"enemies":"3 Darklings","floor":35,"turns":6},{"damage":0,"enemies":"3 Shapes","floor":37,"turns":5},{"damage":30,"enemies":"Spire Growth","floor":38,"turns":5},{"damage":7,"enemies":"Nemesis","floor":41,"turns":9},{"damage":23,"enemies":"3 Darklings","floor":44,"turns":4},{"damage":15,"enemies":"Sphere and 2 Shapes","floor":45,"turns":5},{"damage":25,"enemies":"Jaw Worm Horde","floor":48,"turns":3},{"damage":32,"enemies":"Awakened One","floor":50,"turns":12},{"damage":71,"enemies":"Shield and Spear","floor":54,"turns":8},{"damage":43,"enemies":"The Heart","floor":55,"turns":3}],"seed_played":"4590472925363571717","potions_obtained":[{"floor":3,"key":"Explosive Potion"},{"floor":11,"key":"ColorlessPotion"},{"floor":13,"key":"LiquidBronze"},{"floor":16,"key":"AttackPotion"},{"floor":18,"key":"Dexterity Potion"},{"floor":19,"key":"LifebloodPotion"},{"floor":30,"key":"SteroidPotion"},{"floor":33,"key":"Weak Potion"},{"floor":38,"key":"Flashbang"},{"floor":41,"key":"LiquidMemories"},{"floor":42,"key":"Ancient Potion"},{"floor":44,"key":"SkillPotion"}],"is_trial":false,"path_per_floor":["M","?","M","?","M","R","M","M","T","?","M","$","E","M","R","B",null,"M","M","?","?","M","R","E","M","T","M","?","R","M","M","R","B",null,"M","$","M","M","?","R","E","?","T","M","M","?","?","M","R","B",null,"R","$","E","B"],"character_chosen":"DEFECT","items_purchased":["Hologram","Defragment","Strawberry","Medical Kit","Streamline"],"campfire_rested":2,"item_purchase_floors":[12,36,36,53,53],"current_hp_per_floor":[72,72,66,66,65,65,61,61,61,61,59,59,56,57,57,27,82,82,82,82,82,82,82,68,54,54,45,45,69,59,45,45,37,82,34,41,51,27,27,53,54,54,54,41,32,32,32,17,43,19,89,89,89,30,0,0],"gold":597,"neow_bonus":"TEN_PERCENT_HP_BONUS","is_daily":false,"chose_seed":false,"campfire_upgraded":3,"win_rate":0.0,"timestamp":1614355177,"path_taken":["M","?","M","?","M","R","?","M","T","?","?","$","E","M","R","BOSS","M","?","?","?","M","R","E","?","T","M","?","R","?","M","R","BOSS","M","$","M","M","?","R","E","?","T","M","?","?","?","M","R","BOSS","R","$","E","BOSS"],"items_purchased_type":["Card","Card","Relic","Relic","Card"],"build_version":"2020-12-13","purchased_purges":3,"victory":false,"max_hp_per_floor":[82,82,82,82,82,82,82,82,82,82,82,82,82,82,82,82,82,82,82,82,82,82,82,82,82,82,82,82,82,82,82,82,82,82,82,89,89,89,89,89,89,89,89,89,89,89,89,89,89,89,89,89,89,89,89,89],"card_choices":[{"not_picked":["Panic Button","ReplayTheSpireMod:GoodbyeWorld","Beam Cell"],"picked":"SKIP","floor":1},{"not_picked":["Ball Lightning","ReplayTheSpireMod:System Scan"],"picked":"Defragment","floor":3},{"not_picked":["Fusion","Rebound","Beam Cell"],"picked":"SKIP","floor":5},{"not_picked":["Leap","Turbo","Steam"],"picked":"SKIP","floor":7},{"not_picked":["Storm","Consume"],"picked":"Seek","floor":8},{"not_picked":["Redo","Steam","Sunder"],"picked":"SKIP","floor":11},{"not_picked":["Steam","Aggregate"],"picked":"Thunder Strike","floor":13},{"not_picked":["Hello World","FTL"],"picked":"ReplayTheSpireMod:Calculation Training","floor":14},{"not_picked":["All For One","ReplayTheSpireMod:Fabricate Wheel"],"picked":"Seek","floor":16},{"not_picked":["ReplaySolidLightProjector","BootSequence+1","Leap"],"picked":"SKIP","floor":18},{"not_picked":["Loop","Compile Driver+1"],"picked":"Cold Snap","floor":19},{"not_picked":["ReplayTheSpireMod:System Scan+1","Streamline","Reprogram"],"picked":"SKIP","floor":22},{"not_picked":["Steam","Beam Cell"],"picked":"Cold Snap","floor":24},{"not_picked":["Aggregate+1","Skim+1"],"picked":"Loop","floor":25},{"not_picked":["Steam Power","Redo+1"],"picked":"Tempest+1","floor":27},{"not_picked":["ReplayTheSpireMod:Repulse","Time Bomb"],"picked":"Coolheaded","floor":30},{"not_picked":["Beam Cell+1","BootSequence","Go for the Eyes+1"],"picked":"SKIP","floor":31},{"not_picked":["Mirror Shield","Echo Form"],"picked":"Thunder Strike","floor":33},{"not_picked":["Auto Shields","Cold Snap","Gash"],"picked":"SKIP","floor":35},{"not_picked":["Cold Snap+1","BootSequence+1","Stack+1"],"picked":"SKIP","floor":37},{"not_picked":["Glacier","ReplayGash+1"],"picked":"Compile Driver","floor":38},{"not_picked":["Conserve Battery+1","Amplify","ReplayTheSpireMod:Reroute Power+1"],"picked":"SKIP","floor":41},{"not_picked":["Turbo+1","BootSequence","Gash"],"picked":"SKIP","floor":44},{"not_picked":["Streamline","Stack+1"],"picked":"Sweeping Beam+1","floor":45},{"not_picked":["ReplayTheSpireMod:Necrogeddon","Dark Shackles"],"picked":"Flash of Steel","floor":46},{"not_picked":["Go for the Eyes","Redo"],"picked":"Ball Lightning+1","floor":48},{"not_picked":["Auto Shields+1","Hello World"],"picked":"Chaos+1","floor":54}],"player_experience":111504,"relics_obtained":[{"floor":9,"key":"Solar Panel"},{"floor":13,"key":"Matryoshka"},{"floor":24,"key":"Omamori"},{"floor":26,"key":"Grinning Jar"},{"floor":41,"key":"ReplayTheSpireMod:Ninjato"},{"floor":43,"key":"Blood Vial"},{"floor":43,"key":"Mirror"},{"floor":54,"key":"Gremlin Food"}],"event_choices":[{"cards_removed":["Strike_B"],"damage_healed":0,"gold_gain":0,"player_choice":"Card Removal","damage_taken":0,"max_hp_gain":0,"max_hp_loss":0,"event_name":"The Cleric","floor":2,"gold_loss":50},{"damage_healed":0,"gold_gain":0,"player_choice":"Trade","damage_taken":0,"relics_obtained":["SsserpentHead"],"max_hp_gain":0,"max_hp_loss":0,"event_name":"FaceTrader","floor":4,"gold_loss":0},{"damage_healed":0,"gold_gain":0,"player_choice":"Paid Gold","damage_taken":0,"relics_obtained":["Incense Burner"],"max_hp_gain":0,"max_hp_loss":0,"event_name":"WeMeetAgain","floor":10,"gold_loss":60},{"damage_healed":0,"gold_gain":0,"player_choice":"Inject Mutagens","damage_taken":0,"relics_obtained":["MutagenicStrength"],"max_hp_gain":0,"max_hp_loss":0,"event_name":"Drug Dealer","floor":20,"gold_loss":0},{"cards_removed":["Dualcast"],"damage_healed":0,"gold_gain":0,"player_choice":"Upgrade and Remove","damage_taken":0,"max_hp_gain":0,"max_hp_loss":0,"event_name":"Designer","floor":21,"gold_loss":90,"cards_upgraded":["Strike_B"]},{"damage_healed":0,"gold_gain":0,"player_choice":"2 cards matched","damage_taken":0,"max_hp_gain":0,"max_hp_loss":0,"event_name":"Match and Keep!","floor":28,"gold_loss":0,"cards_obtained":["Coolheaded","ReplaySolidLightProjector"]},{"damage_healed":0,"gold_gain":0,"player_choice":"Ignored","damage_taken":0,"max_hp_gain":0,"max_hp_loss":0,"event_name":"The Moai Head","floor":39,"gold_loss":0},{"damage_healed":0,"gold_gain":0,"player_choice":"Bought 1 Potion","damage_taken":0,"max_hp_gain":0,"max_hp_loss":0,"event_name":"The Woman in Blue","floor":42,"gold_loss":0},{"damage_healed":0,"gold_gain":0,"player_choice":"Memory 1","damage_taken":0,"max_hp_gain":0,"max_hp_loss":0,"event_name":"SensoryStone","floor":46,"gold_loss":0},{"damage_healed":0,"gold_gain":0,"player_choice":"Upgraded","damage_taken":0,"max_hp_gain":0,"max_hp_loss":0,"event_name":"Upgrade Shrine","floor":47,"gold_loss":0,"cards_upgraded":["Defragment"]}],"is_beta":false,"boss_relics":[{"not_picked":["Fusion Hammer","Runic Pyramid"],"picked":"Inserter"},{"not_picked":["Replay:Grab Bag","Tiny House"],"picked":"Replay:Wanted Poster"}],"items_purged_floors":[12,36,53],"is_endless":false,"potions_floor_spawned":[3,11,13,16,18,19,30,33,38,41,44],"killed_by":"The Heart","ascension_level":0}}