{"host":"zp8jvycvinn13jdb","time":1614370802,"event":{"mods":["BaseMod","Better Match","Colored Powertips","Downfall","Googly Eyes","Hermit","Minty Spire (QoL Compilation)","Rare Cards Sparkle","Relic Stats","StSLib","SuperFastMode","Synergy Search","The Bug Knight","The Cursed"],"gold_per_floor":[116,132,143,156,168,168,182,182,182,201,277,297,316,94,94,225,225,245,239,239,53,71,71,71,71],"floor_reached":24,"language":"ENG","playtime":893,"items_purged":["Strike_B"],"score":194,"play_id":"3de7e1ed-1ce1-45c3-aa94-ff9412409f33","local_time":"20210226152002","is_ascension_mode":false,"campfire_choices":[{"floor":6,"key":"REST"},{"floor":15,"key":"REST"},{"floor":23,"key":"REST"}],"circlet_count":0,"master_deck":["Strike_B","Strike_B","Strike_B","Defend_B","Defend_B","Defend_B","Defend_B","Zap","Dualcast","Core Surge","Darkness","Conserve Battery","Darkness","Cold Snap","Buffer","Echo Form","Cold Snap","Static Discharge","Redo"],"relics":["Cracked Core","Golden Idol","Matryoshka","Orichalcum","SlaversCollar","Toolbox"],"acts_visited":["Exordium","TheCity"],"potions_floor_usage":[],"damage_taken":[{"damage":5,"enemies":"Small Slimes","floor":1,"turns":3},{"damage":3,"enemies":"Cultist","floor":2,"turns":5},{"damage":11,"enemies":"Jaw Worm","floor":3,"turns":3},{"damage":16,"enemies":"3 Louse","floor":4,"turns":3},{"damage":10,"enemies":"Exordium Thugs","floor":5,"turns":5},{"damage":2,"enemies":"2 Fungi Beasts","floor":7,"turns":4},{"damage":3,"enemies":"Large Slime","floor":10,"turns":5},{"damage":17,"enemies":"Exordium Wildlife","floor":12,"turns":5},{"damage":7,"enemies":"2 Fungi Beasts","floor":13,"turns":3},{"damage":33,"enemies":"The Guardian","floor":16,"turns":13},{"damage":4,"enemies":"Spheric Guardian","floor":18,"turns":4},{"damage":22,"enemies":"2 Thieves","floor":19,"turns":4},{"damage":31,"enemies":"Centurion and Healer","floor":22,"turns":7},{"damage":33,"enemies":"Snake Plant","floor":24,"turns":4}],"seed_played":"-8846834170115517675","potions_obtained":[{"floor":1,"key":"Explosive Potion"},{"floor":3,"key":"Block Potion"},{"floor":5,"key":"FearPotion"}],"is_trial":false,"path_per_floor":["M","M","M","M","M","R","M","?","T","M","?","M","M","$","R","B",null,"M","M","?","$","M","R","M"],"character_chosen":"DEFECT","items_purchased":["Orichalcum","Toolbox","Static Discharge"],"campfire_rested":3,"item_purchase_floors":[14,21,21],"current_hp_per_floor":[70,67,56,40,30,52,50,50,50,47,47,30,23,23,43,10,69,65,43,43,43,12,32,0,0],"gold":71,"neow_bonus":"ONE_RANDOM_RARE_CARD","is_daily":false,"chose_seed":false,"campfire_upgraded":0,"win_rate":0.0,"timestamp":1614370802,"path_taken":["M","M","M","M","M","R","M","?","T","M","?","M","M","$","R","BOSS","M","M","?","$","M","R","M"],"items_purchased_type":["Relic","Relic","Card"],"build_version":"2020-12-22","purchased_purges":1,"victory":false,"max_hp_per_floor":[75,75,75,75,75,75,75,69,69,69,69,69,69,69,69,69,69,69,69,69,69,69,69,69,69],"relic_stats":{"counters":[14,68],"Golden Idol":51,"Orichalcum":[90],"obtain_stats":[{"SlaversCollar":17,"Matryoshka":9,"Golden Idol":8,"Toolbox":21,"Orichalcum":14,"Cracked Core":0},{"SlaversCollar":10,"Matryoshka":6,"Golden Idol":6,"Toolbox":12,"Orichalcum":9,"Cracked Core":0},{"SlaversCollar":49,"Matryoshka":23,"Golden Idol":23,"Toolbox":57,"Orichalcum":36,"Cracked Core":0}]},"card_choices":[{"not_picked":["Force Field","Skim"],"picked":"Darkness","floor":1},{"not_picked":["Aggregate","Coolheaded","Streamline"],"picked":"SKIP","floor":2},{"not_picked":["Tempest","Rebound","Ball Lightning"],"picked":"SKIP","floor":3},{"not_picked":["BootSequence","Sweeping Beam"],"picked":"Conserve Battery","floor":4},{"not_picked":["Cold Snap","Hello World"],"picked":"Darkness","floor":5},{"not_picked":["Streamline","Recycle","Sweeping Beam"],"picked":"SKIP","floor":7},{"not_picked":["Coolheaded","Hologram"],"picked":"Cold Snap","floor":10},{"not_picked":["Gash","Auto Shields","Force Field"],"picked":"SKIP","floor":12},{"not_picked":["Force Field","Skim"],"picked":"Buffer","floor":13},{"not_picked":["Buffer","Creative AI"],"picked":"Echo Form","floor":16},{"not_picked":["Turbo","Barrage","Go for the Eyes"],"picked":"SKIP","floor":18},{"not_picked":["Scrape","Compile Driver"],"picked":"Cold Snap","floor":19},{"not_picked":["Hologram","Beam Cell+1"],"picked":"Redo","floor":22}],"player_experience":217455,"relics_obtained":[{"floor":9,"key":"Matryoshka"}],"event_choices":[{"damage_healed":0,"gold_gain":0,"player_choice":"Lose Max HP","damage_taken":0,"relics_obtained":["Golden Idol"],"max_hp_gain":0,"max_hp_loss":6,"event_name":"Golden Idol","floor":8,"gold_loss":0},{"damage_healed":0,"gold_gain":76,"player_choice":"Gained Gold","damage_taken":0,"max_hp_gain":0,"max_hp_loss":0,"event_name":"Golden Wing","floor":11,"gold_loss":0},{"damage_healed":0,"gold_gain":0,"player_choice":"Ignored","damage_taken":0,"max_hp_gain":0,"max_hp_loss":0,"event_name":"NoteForYourself","floor":20,"gold_loss":0}],"is_beta":false,"boss_relics":[{"not_picked":["Sozu","Black Star"],"picked":"SlaversCollar"}],"items_purged_floors":[14],"is_endless":false,"potions_floor_spawned":[1,3,5,16,18,19],"killed_by":"Snake Plant","ascension_level":0}}