{"host":"mychigd5o98hbqtx","time":1614375563,"event":{"mods":["2.2 Compatiblity","Act Like it!","Aspiration","BaseMod","Better Sensory Stone","Better Third Choice","BetterRewards","Block Reminder","Bossed Relics","Fox Events","Friendly Minions","GifTheSpireLib","Jedi Mod","Minty Spire (QoL Compilation)","Pale of the Ancients","Reliquary","Replay The Spire","Ruina","StSLib","SuperFastMode","Wandering Minibosses"],"gold_per_floor":[113,113,125,143,162,192,192,227,306,39,55,73,104,101,101,200,200,209,220,234,6,818,853,853,853,887,902,902,576,609,609,635,661,661,787,787,808,391,491,540,540,603,638,638,638,638,690,746,746,795,795,837,881,943,943,777,777,813,813,635,635,659],"floor_reached":63,"language":"RUS","playtime":3218,"items_purged":["Strike_R","Strike_R","Strike_R","Strike_R","Bash","Strike_R","Sword Boomerang","jedi:bloodyhammer+1","Intimidate+1","Rampage+1"],"score":1882,"play_id":"ac098141-f713-49c1-ae47-d57dc366f525","local_time":"20210227003923","is_ascension_mode":false,"campfire_choices":[{"floor":7,"key":"REST"},{"data":"Rampage","floor":15,"key":"SMITH"},{"data":"Armaments","floor":31,"key":"SMITH"},{"data":"Inflame","floor":34,"key":"SMITH"},{"floor":44,"key":"RECALL"},{"data":"Searing Blow+3","floor":49,"key":"SMITH"},{"data":"Searing Blow+4","floor":51,"key":"SMITH"},{"data":"Searing Blow+7","floor":57,"key":"SMITH"},{"data":"Searing Blow+8","floor":59,"key":"SMITH"}],"circlet_count":0,"master_deck":["Defend_R+1","Defend_R+1","Defend_R+1","Defend_R+1","Armaments+1","Bludgeon+1","Battle Trance+1","Dramatic Entrance+1","Feed+1","Searing Blow+9","Replay:Undeath\u0027s Touch+1","Inflame+1","ruina:GoldRush+1","Disarm+1","Seeing Red+1","Replay:Undeath\u0027s Touch+1","ruina:Thirst+1","Master of Strategy+1","jedi:forcepush+1","ReplayUltimateDefense+1","Shockwave+1","Replay:Undeath\u0027s Touch+1","Demon Form+1","Dramatic Entrance+1","Heavy Blade+1","Replay:Undeath\u0027s Touch+1","Replay:Undeath\u0027s Touch+1","Inflame+1","Replay:Undeath\u0027s Touch+1","ruina:GoldRush+1"],"relics":["Burning Blood","Golden Egg","Pear","aspiration:HummingbirdHeart","Smiling Mask","Velvet Choker","Membership Card","wanderingMiniBosses:MasterThiefsPresence","reliquary:TridentHead","MealTicket","jedi:cryingmask","ReplayTheSpireMod:ShopPack","Replay:Bandana","Pandora\u0027s Box","aspiration:Lifesprig","Mercury Hourglass","Lee\u0027s Waffle","ReplayTheSpireMod:Ring of Collecting","ReplayTheSpireMod:Ring of Addiction","Chameleon Ring","Toy Ornithopter","Thread and Needle","Ring of Searing","Replay:Bottled Eggs","reliquary:TatteredRug","Bottled Tornado","paleoftheancients:Timepiece","paleoftheancients:KeyRelic","paleoftheancients:SoulOfTheVixen","DollysMirror"],"acts_visited":["Exordium","Exordium","TheBeyond","TheBeyond"],"potions_floor_usage":[6,6,26,50,58,62,62],"damage_taken":[{"damage":2,"enemies":"Small Slimes","floor":1,"turns":5},{"damage":1,"enemies":"Cultist","floor":3,"turns":3},{"damage":2,"enemies":"2 Louse","floor":4,"turns":3},{"damage":39,"enemies":"Exordium Thugs","floor":5,"turns":7},{"damage":44,"enemies":"Lagavulin","floor":6,"turns":9},{"damage":9,"enemies":"3 Sentries","floor":8,"turns":6},{"damage":0,"enemies":"Looter","floor":11,"turns":2},{"damage":0,"enemies":"Exordium Wildlife","floor":12,"turns":2},{"damage":3,"enemies":"Gremlin Nob","floor":13,"turns":3},{"damage":0,"enemies":"Blue Slaver","floor":14,"turns":5},{"damage":22,"enemies":"Slime Boss","floor":16,"turns":9},{"damage":14,"enemies":"ruina:3_Bats","floor":18,"turns":5},{"damage":1,"enemies":"ruina:Nosferatu","floor":19,"turns":3},{"damage":16,"enemies":"ruina:Woodsman","floor":20,"turns":4},{"damage":20,"enemies":"ruina:KingOfGreed","floor":22,"turns":6},{"damage":4,"enemies":"ruina:ServantOfWrath","floor":23,"turns":3},{"damage":1,"enemies":"ruina:Mountain","floor":26,"turns":4},{"damage":0,"enemies":"ruina:QueenOfHate","floor":27,"turns":3},{"damage":29,"enemies":"ruina:ServantOfWrath","floor":30,"turns":5},{"damage":8,"enemies":"ruina:KnightOfDespair","floor":32,"turns":2},{"damage":8,"enemies":"ruina:Woodsman","floor":33,"turns":5},{"damage":57,"enemies":"ruina:Red_and_Wolf","floor":35,"turns":9},{"damage":8,"enemies":"Orb Walker","floor":37,"turns":5},{"damage":31,"enemies":"3 Darklings","floor":40,"turns":5},{"damage":21,"enemies":"R_Hoarder","floor":42,"turns":7},{"damage":40,"enemies":"Writhing Mass","floor":43,"turns":4},{"damage":0,"enemies":"Jaw Worm Horde","floor":47,"turns":2},{"damage":0,"enemies":"Giant Head","floor":48,"turns":3},{"damage":0,"enemies":"Reptomancer","floor":50,"turns":2},{"damage":38,"enemies":"Donu and Deca","floor":52,"turns":4},{"damage":18,"enemies":"Donu and Deca","floor":53,"turns":3},{"damage":58,"enemies":"Donu and Deca","floor":54,"turns":4},{"damage":15,"enemies":"Donu and Deca","floor":58,"turns":4},{"damage":97,"enemies":"paleoftheancients:N","floor":62,"turns":6}],"seed_played":"4358610248895041199","potions_obtained":[{"floor":3,"key":"Languid Potion"},{"floor":4,"key":"FearPotion"},{"floor":6,"key":"LiquidBronze"},{"floor":14,"key":"SpeedPotion"},{"floor":16,"key":"Ancient Potion"},{"floor":18,"key":"DuplicationPotion"},{"floor":26,"key":"Block Potion"},{"floor":35,"key":"LiquidMemories"},{"floor":43,"key":"Adrenaline Potion"},{"floor":54,"key":"Block Potion"},{"floor":58,"key":"jedi:StrikingPotion"}],"is_trial":false,"path_per_floor":["M","?","M","M","M","E","R","E","T","$","M","M","E","M","R","B",null,"M","M","M","$","M","E","PTL","PTL","E","M","T","$","E","R","M","M","R","B",null,"M","$","?","M","?","E","M","R","T","?","M","E","R","E","R","B","M","M","?","$","R","M","R","$","?","B",null],"character_chosen":"IRONCLAD","items_purchased":["Golden Egg","Battle Trance","Dramatic Entrance","Membership Card","ruina:GoldRush","jedi:cryingmask","ruina:Thirst","ReplayTheSpireMod:ShopPack","aspiration:Lifesprig","Mercury Hourglass","Lee\u0027s Waffle","Dramatic Entrance","Inflame","Replay:Undeath\u0027s Touch","DollysMirror"],"campfire_rested":1,"item_purchase_floors":[0,10,10,21,21,29,29,29,38,38,38,38,56,56,60],"current_hp_per_floor":[72,80,80,80,47,19,46,43,43,43,49,55,58,64,64,48,90,86,95,89,89,79,81,81,81,86,92,92,111,92,92,94,96,96,45,123,121,135,135,110,110,95,61,61,61,61,67,73,73,84,84,131,125,102,107,127,127,128,128,137,137,95],"gold":659,"neow_bonus":"","is_daily":false,"chose_seed":false,"campfire_upgraded":7,"win_rate":0.0,"timestamp":1614375563,"path_taken":["M","?","M","M","M","E","R","E","T","$","?","M","E","M","R","BOSS","M","M","M","$","M","E","PTL","PTL","E","?","T","$","E","R","M","M","R","BOSS","M","?","?","?","?","E","M","R","T","?","M","E","R","E","R","BOSS","M","M","?","$","R","M","R","$","?","BOSS"],"items_purchased_type":["Relic","Card","Card","Relic","Card","Relic","Card","Relic","Relic","Relic","Relic","Card","Card","Card","Relic"],"build_version":"2020-12-22","purchased_purges":10,"victory":true,"max_hp_per_floor":[80,80,80,80,80,90,90,90,90,90,90,90,90,90,90,90,90,94,98,102,102,106,106,106,106,106,106,106,111,115,115,119,123,123,123,123,123,135,135,135,135,135,135,135,133,133,133,131,131,131,131,131,131,129,129,134,132,132,132,137,137,135],"card_choices":[{"not_picked":["jedi:suffering","Perfected Strike"],"picked":"Sword Boomerang","floor":1},{"not_picked":["Flex","Pommel Strike","True Grit"],"picked":"SKIP","floor":3},{"not_picked":["Warcry","Perfected Strike"],"picked":"Armaments","floor":4},{"not_picked":["Body Slam","Havoc","Blood for Blood"],"picked":"SKIP","floor":5},{"not_picked":["Exhume","Combust"],"picked":"Bludgeon","floor":6},{"not_picked":["Flex","Carnage"],"picked":"Iron Wave","floor":8},{"not_picked":["Sever Soul","Run Through","jedi:fear"],"picked":"SKIP","floor":11},{"not_picked":["Evolve","Dropkick"],"picked":"Rampage","floor":12},{"not_picked":["True Grit","ReplayTheSpireMod:LeadingStrike","Body Slam"],"picked":"SKIP","floor":13},{"not_picked":["Burning Pact","Run Through"],"picked":"Intimidate","floor":14},{"not_picked":["Reaper","Double Tap"],"picked":"Feed","floor":16},{"not_picked":["Thunderclap","Heavy Blade"],"picked":"Searing Blow+1","floor":18},{"not_picked":["Clash","Dark Embrace"],"picked":"Replay:Undeath\u0027s Touch+1","floor":19},{"not_picked":["Ghostly Armor","Wild Strike"],"picked":"Inflame","floor":20},{"not_picked":["Immolate","ReplayTheSpireMod:Stacked"],"picked":"Disarm","floor":22},{"not_picked":["Run Through","jedi:suffering+1"],"picked":"Seeing Red","floor":23},{"not_picked":["Pommel Strike","Wild Strike"],"picked":"jedi:bloodyhammer","floor":26},{"not_picked":["Ghostly Armor","Clothesline+1"],"picked":"Replay:Undeath\u0027s Touch","floor":27},{"not_picked":["jedi:RedIncense","Secret Weapon"],"picked":"Master of Strategy","floor":29},{"not_picked":["Blind","Survey Options"],"picked":"jedi:forcepush","floor":29},{"not_picked":["Dark Shackles","Replay:Sssssssssstrike"],"picked":"ReplayUltimateDefense","floor":29},{"not_picked":["ReplayTheSpireMod:LeadingStrike","Iron Wave"],"picked":"Shockwave+1","floor":30},{"not_picked":["Havoc","Perfected Strike","Wild Strike"],"picked":"SKIP","floor":32},{"not_picked":["Clash","Twin Strike+1"],"picked":"Replay:Undeath\u0027s Touch","floor":33},{"not_picked":["Exhume","Berserk"],"picked":"Demon Form","floor":35},{"not_picked":["Thunderclap","Run Through+1","Headbutt"],"picked":"SKIP","floor":37},{"not_picked":["Clash+1","jedi:fear+1","Flame Barrier"],"picked":"SKIP","floor":40},{"not_picked":["jedi:fear","Evolve+1","Perfected Strike"],"picked":"SKIP","floor":42},{"not_picked":["Body Slam","Anger+1","Cleave"],"picked":"SKIP","floor":43},{"not_picked":["Pommel Strike+1","Cleave+1"],"picked":"Heavy Blade+1","floor":47},{"not_picked":["Headbutt","Thunderclap+1"],"picked":"Replay:Undeath\u0027s Touch+1","floor":48},{"not_picked":["Cleave","Run Through"],"picked":"Replay:Undeath\u0027s Touch+1","floor":50},{"not_picked":["Bludgeon","Dual Wield+1","Perfected Strike"],"picked":"SKIP","floor":53},{"not_picked":["Defy Death+1","Headbutt","ReplayTheSpireMod:Stacked+1"],"picked":"SKIP","floor":54},{"not_picked":["Perfected Strike","Flex+1","Clothesline"],"picked":"SKIP","floor":58}],"player_experience":181622,"relics_obtained":[{"floor":6,"key":"Pear"},{"floor":8,"key":"aspiration:HummingbirdHeart"},{"floor":13,"key":"Smiling Mask"},{"floor":22,"key":"wanderingMiniBosses:MasterThiefsPresence"},{"floor":23,"key":"reliquary:TridentHead"},{"floor":28,"key":"MealTicket"},{"floor":30,"key":"Replay:Bandana"},{"floor":41,"key":"ReplayTheSpireMod:Ring of Collecting"},{"floor":41,"key":"ReplayTheSpireMod:Ring of Addiction"},{"floor":41,"key":"Chameleon Ring"},{"floor":41,"key":"Toy Ornithopter"},{"floor":42,"key":"Thread and Needle"},{"floor":45,"key":"Ring of Searing"},{"floor":45,"key":"Replay:Bottled Eggs"},{"floor":48,"key":"reliquary:TatteredRug"},{"floor":50,"key":"Bottled Tornado"},{"floor":58,"key":"paleoftheancients:SoulOfTheVixen"}],"event_choices":[{"damage_healed":0,"gold_gain":100,"player_choice":"Pray","damage_taken":0,"max_hp_gain":0,"max_hp_loss":0,"event_name":"Golden Shrine","floor":39,"gold_loss":0},{"damage_healed":0,"gold_gain":0,"player_choice":"Ignored","damage_taken":0,"max_hp_gain":0,"max_hp_loss":0,"event_name":"The Moai Head","floor":46,"gold_loss":0},{"cards_removed":["Iron Wave"],"damage_healed":5,"gold_gain":0,"player_choice":"Offered Common","damage_taken":0,"max_hp_gain":0,"max_hp_loss":0,"event_name":"Bonfire Elementals","floor":55,"gold_loss":0},{"cards_removed":["Iron Wave"],"damage_healed":5,"gold_gain":0,"player_choice":"Offered Special","damage_taken":0,"max_hp_gain":0,"max_hp_loss":0,"event_name":"Bonfire Elementals","floor":55,"gold_loss":0}],"is_beta":false,"boss_relics":[{"not_picked":["reliquary:ThirdArm","Runic Cube"],"picked":"Velvet Choker"},{"not_picked":["reliquary:KinkedSpring","Replay:Drink Me"],"picked":"Pandora\u0027s Box"}],"items_purged_floors":[0,10,29,29,38,38,56,56,60,60],"is_endless":false,"potions_floor_spawned":[3,4,6,14,16,18,20,26,32,35,37,40,43,54,58],"ascension_level":0}}