{"host":"ffjrj7fisyni1ebk","time":1614350230,"event":{"mods":["2.2 Compatiblity","BaseMod","Bestiary","Colored Map","Colored Powertips","Curses Come First","Highlight Path","Keyboard Shortcuts","Minty Spire (QoL Compilation)","Relic Stats","Slay the Relics Exporter","StSLib","SuperFastMode"],"gold_per_floor":[110,120,70,70,83,83,109,109,109,109,109],"floor_reached":10,"language":"ENG","playtime":377,"items_purged":[],"score":66,"play_id":"30c3132a-fe0a-4955-abde-3d1bdc36afd9","local_time":"20210226163710","is_ascension_mode":false,"campfire_choices":[{"data":"Fasting2","floor":6,"key":"SMITH"},{"data":"Nirvana","floor":8,"key":"SMITH"}],"circlet_count":0,"master_deck":["Strike_P","Strike_P","Strike_P","Defend_P","Defend_P","Defend_P","Defend_P","Eruption","Vigilance","Fasting2+1","Nirvana+1","Prostrate","InnerPeace"],"relics":["Coffee Dripper","Blue Candle","Bird Faced Urn"],"acts_visited":["Exordium"],"potions_floor_usage":[],"damage_taken":[{"damage":1,"enemies":"Jaw Worm","floor":1,"turns":4},{"damage":0,"enemies":"Small Slimes","floor":2,"turns":2},{"damage":5,"enemies":"Cultist","floor":5,"turns":6},{"damage":49,"enemies":"Gremlin Nob","floor":7,"turns":4},{"damage":27,"enemies":"3 Sentries","floor":10,"turns":9}],"seed_played":"525195671982191990","potions_obtained":[{"floor":1,"key":"SteroidPotion"},{"floor":7,"key":"Ancient Potion"}],"is_trial":false,"path_per_floor":["M","M","?","?","M","R","E","R","T","E"],"character_chosen":"WATCHER","items_purchased":[],"campfire_rested":0,"item_purchase_floors":[],"current_hp_per_floor":[71,71,71,71,66,66,17,17,17,0,0],"gold":109,"neow_bonus":"BOSS_RELIC","is_daily":false,"chose_seed":false,"campfire_upgraded":2,"win_rate":0.0,"timestamp":1614350230,"path_taken":["M","M","?","?","M","R","E","R","T","E"],"items_purchased_type":[],"build_version":"2020-12-22","purchased_purges":0,"victory":false,"max_hp_per_floor":[72,72,72,72,72,72,72,72,72,72,72],"relic_stats":{"counters":[5,25],"Blue Candle":[0],"Bird Faced Urn":[4],"obtain_stats":[{"Blue Candle":4,"Bird Faced Urn":7,"Coffee Dripper":0,"PureWater":0},{"Blue Candle":2,"Bird Faced Urn":4,"Coffee Dripper":0,"PureWater":0},{"Blue Candle":6,"Bird Faced Urn":16,"Coffee Dripper":0,"PureWater":0}]},"card_choices":[{"not_picked":["JustLucky","EmptyBody"],"picked":"Fasting2","floor":1},{"not_picked":["Halt","Crescendo"],"picked":"Nirvana","floor":2},{"not_picked":["Protect","FearNoEvil"],"picked":"Prostrate","floor":5},{"not_picked":["SpiritShield","Wallop"],"picked":"InnerPeace","floor":7}],"player_experience":346567,"relics_obtained":[{"floor":7,"key":"Bird Faced Urn"}],"event_choices":[{"cards_removed":["Strike_P"],"damage_healed":0,"gold_gain":0,"player_choice":"Card Removal","damage_taken":0,"max_hp_gain":0,"max_hp_loss":0,"event_name":"The Cleric","floor":3,"gold_loss":50},{"damage_healed":0,"gold_gain":0,"player_choice":"Gave Potion","damage_taken":0,"relics_obtained":["Blue Candle"],"max_hp_gain":0,"max_hp_loss":0,"event_name":"WeMeetAgain","floor":4,"gold_loss":0}],"is_beta":false,"boss_relics":[],"items_purged_floors":[],"is_endless":false,"potions_floor_spawned":[1,7],"killed_by":"3 Sentries","ascension_level":0}}