{"host":"kh6fvhxn285ncg0o","time":1614325949,"event":{"mods":["Act Like it!","BaseMod","Colored Map","Friendly Minions","Keyboard Shortcuts","Minty Spire (QoL Compilation)","Quick Restart","Relic Stats","StSLib","SuperFastMode","UnlockEverythingMod"],"gold_per_floor":[119,194,194,214,233,264,264,299,299,299,316,154,181,195,195,274,274,288,21,36,36,36,36,66,36,81,135,161,180,206,225,225,225,225],"floor_reached":33,"language":"KOR","playtime":1014,"items_purged":["Strike_R","Strike_R"],"score":650,"play_id":"80eab74d-b001-4714-bcde-7275cf3ad5fa","local_time":"20210226165229","is_ascension_mode":true,"campfire_choices":[{"data":"Blood for Blood","floor":7.0,"key":"SMITH"},{"floor":10.0,"key":"REST"},{"data":"Evolve","floor":15.0,"key":"SMITH"},{"data":"Immolate","floor":23.0,"key":"SMITH"},{"data":"Second Wind","floor":32,"key":"SMITH"}],"circlet_count":0,"master_deck":["AscendersBane","Strike_R","Defend_R","Defend_R","Defend_R","Defend_R","Bash","Pain","Shockwave","Blood for Blood+1","Uppercut","Second Wind+1","Dual Wield","Evolve+1","Immolate+1","Intimidate"],"relics":["Burning Blood","Bag of Marbles","Dead Branch","Question Card","InkBottle","Busted Crown","Toolbox","Turnip","Toy Ornithopter","Meat on the Bone","Bottled Flame"],"acts_visited":["Exordium","TheCity"],"potions_floor_usage":[28,31,33,33],"damage_taken":[{"damage":10.0,"enemies":"Small Slimes","floor":1.0,"turns":6.0},{"damage":9.0,"enemies":"2 Louse","floor":4.0,"turns":3.0},{"damage":6.0,"enemies":"Cultist","floor":5.0,"turns":3.0},{"damage":10.0,"enemies":"Gremlin Nob","floor":6.0,"turns":3.0},{"damage":27.0,"enemies":"Lagavulin","floor":8.0,"turns":6.0},{"damage":14.0,"enemies":"3 Louse","floor":11.0,"turns":4.0},{"damage":24.0,"enemies":"3 Sentries","floor":13.0,"turns":6.0},{"damage":6.0,"enemies":"Blue Slaver","floor":14.0,"turns":2.0},{"damage":16.0,"enemies":"Hexaghost","floor":16.0,"turns":8.0},{"damage":7.0,"enemies":"2 Thieves","floor":18.0,"turns":4.0},{"damage":2.0,"enemies":"3 Byrds","floor":20.0,"turns":2.0},{"damage":12.0,"enemies":"Book of Stabbing","floor":24.0,"turns":3.0},{"damage":1.0,"enemies":"Cultist and Chosen","floor":27.0,"turns":3.0},{"damage":49,"enemies":"Gremlin Leader","floor":28,"turns":6},{"damage":1,"enemies":"Snake Plant","floor":29,"turns":2},{"damage":17,"enemies":"Slavers","floor":30,"turns":3},{"damage":9,"enemies":"3 Cultists","floor":31,"turns":4},{"damage":57,"enemies":"Champ","floor":33,"turns":11}],"seed_played":"3360232280518944688","potions_obtained":[{"floor":4.0,"key":"Fire Potion"},{"floor":11.0,"key":"Regen Potion"},{"floor":13.0,"key":"FairyPotion"},{"floor":14.0,"key":"EntropicBrew"},{"floor":24.0,"key":"SpeedPotion"},{"floor":25.0,"key":"SneckoOil"},{"floor":27.0,"key":"Weak Potion"},{"floor":30,"key":"Weak Potion"},{"floor":31,"key":"DistilledChaos"}],"is_trial":false,"path_per_floor":["M","?","?","M","M","E","R","E","T","R","M","$","E","M","R","B",null,"M","$","M","?","?","R","E","?","T","M","E","M","E","M","R","B"],"character_chosen":"IRONCLAD","items_purchased":["Evolve","Toolbox"],"campfire_rested":1,"item_purchase_floors":[12,19],"current_hp_per_floor":[64,53,53,50,50,46,46,25,25,47,39,39,21,21,21,26,63,62,62,66,66,45,45,39,39,39,49,11,28,29,43,43,0,0],"gold":225,"neow_bonus":"TRANSFORM_TWO_CARDS","is_daily":false,"chose_seed":false,"campfire_upgraded":4,"win_rate":0.0,"timestamp":1614325949,"path_taken":["M","?","?","?","M","E","R","E","T","R","M","$","E","M","R","BOSS","M","$","M","?","?","R","E","?","T","?","E","M","E","M","R","BOSS"],"items_purchased_type":["Card","Relic"],"build_version":"2020-12-22","purchased_purges":2,"victory":false,"max_hp_per_floor":[75,75,75,75,75,75,75,75,75,75,75,75,75,75,75,75,75,75,75,75,75,80,80,80,80,80,80,80,80,80,80,80,80,80],"relic_stats":{"Busted Crown":16,"counters":[18,79],"Dead Branch":[100],"Turnip":[4],"Question Card":12,"obtain_stats":[{"Bottled Flame":30,"Busted Crown":17,"Dead Branch":8,"Toolbox":19,"Turnip":24,"Bag of Marbles":6,"Question Card":9,"Burning Blood":0,"InkBottle":13,"Toy Ornithopter":26,"Meat on the Bone":28},{"Bottled Flame":16,"Busted Crown":9,"Dead Branch":5,"Toolbox":10,"Turnip":12,"Bag of Marbles":4,"Question Card":5,"Burning Blood":0,"InkBottle":7,"Toy Ornithopter":12,"Meat on the Bone":14},{"Bottled Flame":64,"Busted Crown":41,"Dead Branch":21,"Toolbox":45,"Turnip":50,"Bag of Marbles":15,"Question Card":21,"Burning Blood":0,"InkBottle":31,"Toy Ornithopter":50,"Meat on the Bone":59}],"Burning Blood":102,"InkBottle":[17],"Toy Ornithopter":25,"Meat on the Bone":36},"card_choices":[{"not_picked":["Rage","Anger"],"picked":"Blood for Blood","floor":1.0},{"not_picked":["Armaments","Clothesline"],"picked":"Uppercut","floor":4.0},{"not_picked":["Intimidate","True Grit"],"picked":"Second Wind","floor":6.0},{"not_picked":["Havoc","Warcry"],"picked":"Dual Wield","floor":8.0},{"not_picked":["Havoc","Inflame","Wild Strike","Limit Break"],"picked":"SKIP","floor":11.0},{"not_picked":["Headbutt","Armaments","Whirlwind","Perfected Strike"],"picked":"SKIP","floor":13.0},{"not_picked":["Searing Blow","Dual Wield","Iron Wave","Ghostly Armor"],"picked":"SKIP","floor":14.0},{"not_picked":["Reaper","Feed","Corruption"],"picked":"Immolate","floor":16.0},{"not_picked":["Whirlwind"],"picked":"Intimidate","floor":20.0},{"not_picked":["Sever Soul","Thunderclap"],"picked":"SKIP","floor":24.0},{"not_picked":["Clothesline","Havoc+1"],"picked":"SKIP","floor":27.0},{"not_picked":["Sever Soul","Sword Boomerang"],"picked":"SKIP","floor":28},{"not_picked":["Perfected Strike","Thunderclap"],"picked":"SKIP","floor":29},{"not_picked":["Cleave","Pommel Strike"],"picked":"SKIP","floor":30},{"not_picked":["Clothesline","Bloodletting+1"],"picked":"SKIP","floor":31}],"player_experience":1557671,"relics_obtained":[{"floor":6.0,"key":"Bag of Marbles"},{"floor":8.0,"key":"Dead Branch"},{"floor":9.0,"key":"Question Card"},{"floor":13.0,"key":"InkBottle"},{"floor":24.0,"key":"Turnip"},{"floor":26.0,"key":"Toy Ornithopter"},{"floor":28,"key":"Meat on the Bone"},{"floor":30,"key":"Bottled Flame"}],"event_choices":[{"damage_healed":0.0,"max_hp_gain":0.0,"max_hp_loss":0.0,"gold_gain":75.0,"event_name":"World of Goop","player_choice":"Gather Gold","floor":2.0,"gold_loss":0.0,"damage_taken":11.0},{"cards_removed":["Clash"],"damage_healed":0.0,"max_hp_gain":0.0,"max_hp_loss":0.0,"gold_gain":0.0,"event_name":"Purifier","player_choice":"Purged","floor":3.0,"gold_loss":0.0,"damage_taken":0.0},{"damage_healed":0.0,"max_hp_gain":0.0,"max_hp_loss":0.0,"gold_gain":0.0,"event_name":"Ghosts","player_choice":"Ignored","floor":21.0,"gold_loss":0.0,"damage_taken":0.0},{"damage_healed":0.0,"max_hp_gain":5.0,"max_hp_loss":0.0,"gold_gain":0.0,"event_name":"Forgotten Altar","player_choice":"Shed Blood","floor":22.0,"gold_loss":0.0,"damage_taken":26.0},{"damage_healed":0.0,"max_hp_gain":0.0,"max_hp_loss":0.0,"gold_gain":0.0,"event_name":"The Woman in Blue","player_choice":"Bought 2 Potions","floor":25.0,"gold_loss":0.0,"damage_taken":0.0}],"is_beta":false,"boss_relics":[{"not_picked":["Calling Bell","Fusion Hammer"],"picked":"Busted Crown"}],"items_purged_floors":[12,19],"is_endless":false,"potions_floor_spawned":[4,11,13,14,24,27,30,31],"killed_by":"Champ","ascension_level":20}}