{"host":"dkr0dog13pegamnp","time":1614318060,"event":{"mods":["AchievementEnabler","BaseMod","Minty Spire (QoL Compilation)","Rare Cards Sparkle","StSLib","SuperFastMode","everything is the same but u backflip on backflip"],"gold_per_floor":[113,59,6,6,17,52,52,82,150,169,180,180,198,216,216,216,216],"floor_reached":16,"language":"KOR","playtime":294,"items_purged":[],"score":233,"play_id":"6dca1846-2e16-48ce-bf84-a4ed11b02259","local_time":"20210226144100","is_ascension_mode":true,"campfire_choices":[{"data":"Terror","floor":7,"key":"SMITH"},{"floor":12,"key":"REST"},{"data":"Blade Dance","floor":15,"key":"SMITH"}],"circlet_count":0,"master_deck":["AscendersBane","Strike_G","Strike_G","Strike_G","Strike_G","Strike_G","Defend_G","Defend_G","Defend_G","Defend_G","Defend_G","Survivor","Neutralize","Terror+1","Blade Dance+1","Cloak And Dagger","Crippling Poison","Backflip","Backflip"],"relics":["Ring of the Snake","NeowsBlessing","MealTicket","The Courier","Omamori","Shuriken"],"acts_visited":["Exordium"],"potions_floor_usage":[8,13,14,16,16],"damage_taken":[{"damage":0,"enemies":"Cultist","floor":1,"turns":1},{"damage":0,"enemies":"2 Louse","floor":5,"turns":1},{"damage":0,"enemies":"3 Sentries","floor":6,"turns":1},{"damage":42,"enemies":"Gremlin Nob","floor":8,"turns":5},{"damage":0,"enemies":"Jaw Worm","floor":10,"turns":3},{"damage":5,"enemies":"2 Fungi Beasts","floor":11,"turns":4},{"damage":2,"enemies":"Lots of Slimes","floor":13,"turns":4},{"damage":8,"enemies":"Gremlin Gang","floor":14,"turns":5},{"damage":17,"enemies":"Slime Boss","floor":16,"turns":4}],"seed_played":"7799359205730683329","potions_obtained":[{"floor":6,"key":"CultistPotion"},{"floor":10,"key":"Poison Potion"},{"floor":11,"key":"DistilledChaos"},{"floor":13,"key":"ColorlessPotion"},{"floor":14,"key":"Strength Potion"}],"is_trial":false,"path_per_floor":["M","$","$","?","M","E","R","E","T","M","M","R","M","M","R","B"],"character_chosen":"THE_SILENT","items_purchased":["Blade Dance","Cloak And Dagger"],"campfire_rested":1,"item_purchase_floors":[2,3],"current_hp_per_floor":[59,59,59,52,52,52,52,10,10,10,5,24,22,14,14,0,0],"gold":216,"neow_bonus":"THREE_ENEMY_KILL","is_daily":false,"chose_seed":false,"campfire_upgraded":2,"win_rate":0.0,"timestamp":1614318060,"path_taken":["M","?","$","?","M","E","R","E","T","M","?","R","M","M","R","BOSS"],"items_purchased_type":["Card","Card"],"build_version":"2020-12-22","purchased_purges":0,"victory":false,"max_hp_per_floor":[66,66,66,66,66,66,66,66,66,66,66,66,66,66,66,66,66],"card_choices":[{"not_picked":["Bane","Prepared"],"picked":"Terror","floor":1},{"not_picked":["Endless Agony","Poisoned Stab"],"picked":"Crippling Poison","floor":5},{"not_picked":["Doppelganger","Underhanded Strike"],"picked":"Backflip","floor":6},{"not_picked":["Distraction","Expertise"],"picked":"Backflip","floor":8},{"not_picked":["Quick Slash","Distraction","PiercingWail"],"picked":"SKIP","floor":10},{"not_picked":["Expertise","Poisoned Stab","Deflect"],"picked":"SKIP","floor":11},{"not_picked":["Eviscerate","Outmaneuver","Deflect"],"picked":"SKIP","floor":13},{"not_picked":["Deadly Poison","Underhanded Strike","Dagger Throw"],"picked":"SKIP","floor":14}],"player_experience":117418,"relics_obtained":[{"floor":6,"key":"The Courier"},{"floor":8,"key":"Omamori"},{"floor":9,"key":"Shuriken"}],"event_choices":[{"damage_healed":0,"gold_gain":0,"player_choice":"Success","damage_taken":7,"relics_obtained":["MealTicket"],"max_hp_gain":0,"max_hp_loss":0,"event_name":"Scrap Ooze","floor":4,"gold_loss":0}],"is_beta":false,"boss_relics":[],"items_purged_floors":[],"is_endless":false,"potions_floor_spawned":[6,10,11,13,14],"killed_by":"Slime Boss","ascension_level":14}}