{"host":"onfdonezo2qmaex3","time":1614367007,"event":{"mods":["2.2 Compatiblity","AchievementEnabler","Act Like it!","Aspiration","Bard","BaseMod","Colored Powertips","Downfall","Elementarium","Friendly Minions","Gensokyo","Hallownest","Hermit","Highlight Path","Jorbs\u0027s Wanderer Trilogy","Marisa????????","Marked Mod","Menagerie","Minty Spire (QoL Compilation)","Pale of the Ancients","Permanent Neow","Quick Restart","Reliquary","Ruina","Shop Mod","StSLib","The Bug Knight","The Disciple","The Hayseed","The Hierophant","The Marked","The Runesmith"],"gold_per_floor":[110,110,122,122,138,138,154,154,154],"floor_reached":8,"language":"ENG","playtime":302,"items_purged":[],"score":50,"play_id":"95f1e61e-323e-488d-9bfe-b5d126fe7dd9","local_time":"20210226201647","is_ascension_mode":true,"campfire_choices":[{"data":"Runesmith:Permafrost","floor":6,"key":"SMITH"}],"circlet_count":0,"master_deck":["Strike_R","Strike_R","Strike_R","Strike_R","Defend_R","Defend_R","Defend_R","Defend_R","Bash","Runesmith:Permafrost+1","Runesmith:BackupBattery","Shrug It Off"],"relics":["aspiration:RunesmithSkillbook"],"acts_visited":["Menagerie:Menagerie"],"potions_floor_usage":[5],"damage_taken":[{"damage":1,"enemies":"Menagerie:StygianBoar","floor":1,"turns":3},{"damage":6,"enemies":"Menagerie:WhisperingWraith","floor":3,"turns":6},{"damage":13,"enemies":"Menagerie:MonstrousExperiment","floor":5,"turns":6},{"damage":18,"enemies":"Menagerie:EntropyWarlock","floor":7,"turns":4},{"damage":0,"enemies":"Menagerie:MaskedSummoner","floor":8,"turns":1}],"seed_played":"-9085091451869210572","potions_obtained":[{"floor":5,"key":"BloodPotion"}],"is_trial":false,"path_per_floor":["M","?","M","?","M","R","M","E"],"character_chosen":"IRONCLAD","items_purchased":[],"campfire_rested":0,"item_purchase_floors":[],"current_hp_per_floor":[79,79,73,73,76,76,58,58,58],"gold":154,"neow_bonus":"BOSS_RELIC","is_daily":false,"chose_seed":false,"campfire_upgraded":1,"win_rate":0.0,"timestamp":1614367007,"path_taken":["M","?","?","?","M","R","M","E"],"items_purchased_type":[],"build_version":"2020-12-22","purchased_purges":0,"victory":false,"max_hp_per_floor":[80,80,80,80,80,80,80,80,80],"card_choices":[{"not_picked":["Runesmith:Repurpose","Runesmith:CraftMagma","Shockwave"],"picked":"Runesmith:Permafrost","floor":1},{"not_picked":["Headbutt","Dual Wield","Heavy Blade","Perfected Strike"],"picked":"SKIP","floor":3},{"not_picked":["Perfected Strike","Runesmith:Overpower","Bludgeon"],"picked":"Runesmith:BackupBattery","floor":5},{"not_picked":["Runesmith:BackupBattery","Runesmith:EnergizedChisel","Iron Wave"],"picked":"Shrug It Off","floor":7}],"player_experience":250469,"relics_obtained":[],"event_choices":[{"damage_healed":0,"gold_gain":0,"player_choice":"Ignored","damage_taken":0,"max_hp_gain":0,"max_hp_loss":0,"event_name":"Menagerie:SpiderNest","floor":2,"gold_loss":0},{"cards_removed":["Strike_R"],"damage_healed":0,"gold_gain":0,"player_choice":"Wisdom","damage_taken":0,"max_hp_gain":0,"max_hp_loss":0,"event_name":"Menagerie:CloudVision","floor":4,"gold_loss":0}],"is_beta":false,"boss_relics":[],"items_purged_floors":[],"is_endless":false,"potions_floor_spawned":[5],"killed_by":"Menagerie:MaskedSummoner","ascension_level":1}}