{"host":"y4fuci1jk2rsxnep","time":1614358515,"event":{"mods":["AchievementEnabler","BaseMod","Colored Powertips","Custom Start","Defuse TimeMaze Blight","Dio Mod","Downfall","Hermit","Hero for Fun","Hubris","Hunter ??","Infinite Spire","Minty Spire (QoL Compilation)","Quick Restart","Reliquary","Remove Card Discount Mod","Replay The Spire","StSLib","The Blackbeard","The Bug Knight","The Mystic","The Runesmith"],"gold_per_floor":[112,129,152,152,169,169,181,181,181,215,211,230,261,109,109,109,109],"floor_reached":16,"language":"ENG","playtime":884,"items_purged":["hermit:Defend_Hermit","hermit:Strike_Hermit"],"score":132,"play_id":"96f9c7bb-fd60-4301-a89d-3b02cee1d0f6","local_time":"20210226175515","is_ascension_mode":true,"campfire_choices":[{"data":"hermit:Manifest","floor":6,"key":"SMITH"},{"data":"hermit:Deadeye","floor":8,"key":"SMITH"},{"data":"hermit:LoneWolf","floor":15,"key":"SMITH"}],"circlet_count":0,"master_deck":["hermit:Strike_Hermit","hermit:Strike_Hermit","hermit:Strike_Hermit","hermit:Defend_Hermit+1","hermit:Defend_Hermit","hermit:Defend_Hermit","hermit:Snapshot","hermit:Covet","hermit:LoneWolf+1","hermit:Manifest+1","hermit:GoldenBullet","hermit:Deadeye+1","hermit:ShadowCloak","hermit:HoleUp","hermit:RoundhouseKick","hermit:ShadowCloak","Flash of Steel"],"relics":["hermit:Momento","Ancient Tea Set","reliquary:Knoch","Ornamental Fan","WingedGreaves"],"acts_visited":["Exordium"],"potions_floor_usage":[16,16],"damage_taken":[{"damage":1,"enemies":"Cultist","floor":1,"turns":3},{"damage":4,"enemies":"2 Louse","floor":2,"turns":3},{"damage":0,"enemies":"Jaw Worm","floor":5,"turns":3},{"damage":0,"enemies":"3 Louse","floor":7,"turns":7},{"damage":26,"enemies":"Gremlin Nob","floor":10,"turns":4},{"damage":3,"enemies":"2 Fungi Beasts","floor":12,"turns":4},{"damage":8,"enemies":"3 Sentries","floor":13,"turns":13},{"damage":35,"enemies":"Slime Boss","floor":16,"turns":9}],"seed_played":"2884160672346315307","potions_obtained":[{"floor":5,"key":"Swift Potion"},{"floor":10,"key":"Dexterity Potion"},{"floor":12,"key":"SkillPotion"},{"floor":13,"key":"hexamod:SoulburnPotion"}],"is_trial":false,"path_per_floor":["M","M","T","?","M","R","M","R","T","E","$","M","E","$","R","B"],"character_chosen":"HERMIT","items_purchased":["hermit:ShadowCloak","Flash of Steel"],"campfire_rested":0,"item_purchase_floors":[14,14],"current_hp_per_floor":[74,70,70,70,70,70,70,70,70,44,44,41,33,33,33,0,0],"gold":109,"neow_bonus":"RANDOM_EVENT","is_daily":false,"chose_seed":false,"campfire_upgraded":3,"win_rate":0.0,"timestamp":1614358515,"path_taken":["M","M","?","?","?","R","?","R","T","E","$","M","E","$","R","BOSS"],"items_purchased_type":["Card","Card"],"build_version":"2020-12-22","purchased_purges":2,"victory":false,"max_hp_per_floor":[75,75,75,75,75,75,75,75,75,75,75,75,75,75,75,75,75],"card_choices":[{"not_picked":["hermit:Vantage","hermit:Coalescence"],"picked":"hermit:LoneWolf","floor":1},{"not_picked":["hermit:Coalescence","hermit:Combo"],"picked":"hermit:Manifest","floor":2},{"not_picked":["hermit:Roulette","hermit:Headshot"],"picked":"hermit:GoldenBullet","floor":5},{"not_picked":["hermit:CalledShot","hermit:Manifest"],"picked":"hermit:Deadeye","floor":7},{"not_picked":["hermit:Quickdraw","hermit:Headshot"],"picked":"hermit:ShadowCloak","floor":10},{"not_picked":["hermit:Vantage","hermit:EyeOfTheStorm"],"picked":"hermit:HoleUp","floor":12},{"not_picked":["hermit:NoHoldsBarred","hermit:ItchyTrigger"],"picked":"hermit:RoundhouseKick","floor":13}],"player_experience":724559,"relics_obtained":[{"floor":3,"key":"Ancient Tea Set"},{"floor":4,"key":"reliquary:Knoch"},{"floor":10,"key":"Ornamental Fan"},{"floor":13,"key":"WingedGreaves"}],"event_choices":[{"damage_healed":0,"gold_gain":0,"player_choice":"Relic","damage_taken":0,"max_hp_gain":0,"max_hp_loss":0,"event_name":"Wheel of Change","floor":4,"gold_loss":0}],"is_beta":false,"boss_relics":[],"items_purged_floors":[11,11],"is_endless":false,"potions_floor_spawned":[5,10,12,13],"killed_by":"Slime Boss","ascension_level":4}}