{"host":"p9xedk00duaz8l9n","time":1614336018,"event":{"mods":["BaseMod","Colored Map","DeckTracker","Highlight Path","Minty Spire (QoL Compilation)","Relic Stats","SuperFastMode"],"gold_per_floor":[115,40,115,115,40,66,90,104,104,104,136,136,165,183,183,255,255,274,290,102,102,117,144,144,12,39,66,78,365,411,443,455,546,558,586,612,51,51,65,97,97,132,132,143,159,193,214,258,258,258,258,258,258,22,22,22],"floor_reached":55,"language":"JPN","playtime":2521,"items_purged":["Strike_R","Strike_R","Perfected Strike"],"score":2247,"play_id":"a64784ff-d816-4524-9119-f097a57a3dec","local_time":"20210226194018","is_ascension_mode":true,"campfire_choices":[{"data":"Rampage","floor":10.0,"key":"SMITH"},{"data":"Whirlwind","floor":12.0,"key":"SMITH"},{"data":"Bash","floor":15.0,"key":"SMITH"},{"data":"Fiend Fire","floor":24.0,"key":"SMITH"},{"data":"Dual Wield","floor":32.0,"key":"SMITH"},{"data":"Flame Barrier","floor":41,"key":"SMITH"},{"floor":49,"key":"RECALL"},{"data":"Dual Wield","floor":53,"key":"SMITH"}],"circlet_count":0,"master_deck":["AscendersBane","Defend_R","Defend_R","Bash+1","Whirlwind+1","Thunderclap","Rampage+1","Metallicize","Seeing Red","Fiend Fire+1","Inflame","Flame Barrier+1","Blood for Blood","Flame Barrier+1","Dual Wield+1","Exhume","Reaper","Reaper","Dual Wield+1","Anger","True Grit+1","Battle Trance","Clothesline+1","Bludgeon","Uppercut+1"],"relics":["Burning Blood","NeowsBlessing","Meat on the Bone","Omamori","Nunchaku","Bag of Preparation","Letter Opener","Snecko Eye","Potion Belt","Vajra","MawBank","Bag of Marbles","Velvet Choker","Brimstone","Paper Frog","Blood Vial","Eternal Feather","CeramicFish","White Beast Statue","Orrery"],"acts_visited":["Exordium","TheCity","TheBeyond","TheEnding"],"potions_floor_usage":[42,51],"damage_taken":[{"damage":0.0,"enemies":"Jaw Worm","floor":1.0,"turns":1.0},{"damage":0.0,"enemies":"Lagavulin","floor":6.0,"turns":1.0},{"damage":0.0,"enemies":"2 Louse","floor":8.0,"turns":1.0},{"damage":40.0,"enemies":"3 Sentries","floor":11.0,"turns":6.0},{"damage":26.0,"enemies":"Gremlin Nob","floor":13.0,"turns":4.0},{"damage":0.0,"enemies":"Cultist","floor":14.0,"turns":2.0},{"damage":40.0,"enemies":"The Guardian","floor":16.0,"turns":10.0},{"damage":27.0,"enemies":"Chosen","floor":18.0,"turns":4.0},{"damage":0.0,"enemies":"Shell Parasite","floor":19.0,"turns":1.0},{"damage":8.0,"enemies":"Centurion and Healer","floor":22.0,"turns":5.0},{"damage":14.0,"enemies":"Gremlin Leader","floor":23.0,"turns":3.0},{"damage":4.0,"enemies":"Slavers","floor":27.0,"turns":3.0},{"damage":0.0,"enemies":"Gremlin Leader","floor":30.0,"turns":2.0},{"damage":0.0,"enemies":"3 Cultists","floor":31.0,"turns":3.0},{"damage":47.0,"enemies":"Champ","floor":33.0,"turns":9.0},{"damage":36,"enemies":"3 Darklings","floor":35,"turns":5},{"damage":11,"enemies":"Orb Walker","floor":36,"turns":3},{"damage":0,"enemies":"Maw","floor":39,"turns":4},{"damage":0,"enemies":"Reptomancer","floor":40,"turns":3},{"damage":14,"enemies":"Nemesis","floor":42,"turns":3},{"damage":0,"enemies":"Spire Growth","floor":44,"turns":2},{"damage":78,"enemies":"4 Shapes","floor":45,"turns":2},{"damage":59,"enemies":"Reptomancer","floor":46,"turns":5},{"damage":9,"enemies":"Transient","floor":47,"turns":6},{"damage":0,"enemies":"Nemesis","floor":48,"turns":2},{"damage":134,"enemies":"Donu and Deca","floor":50,"turns":7},{"damage":124,"enemies":"Awakened One","floor":51,"turns":7},{"damage":105,"enemies":"Shield and Spear","floor":55,"turns":3}],"seed_played":"7557959819855818289","potions_obtained":[{"floor":6.0,"key":"Strength Potion"},{"floor":8.0,"key":"LiquidBronze"},{"floor":13.0,"key":"SneckoOil"},{"floor":18.0,"key":"SpeedPotion"},{"floor":27.0,"key":"DistilledChaos"},{"floor":31.0,"key":"Block Potion"},{"floor":35,"key":"PowerPotion"},{"floor":39,"key":"ElixirPotion"},{"floor":42,"key":"Ancient Potion"},{"floor":44,"key":"Explosive Potion"},{"floor":45,"key":"SpeedPotion"}],"is_trial":false,"path_per_floor":["M","$","?","?","?","E","T","M","T","R","E","R","E","M","R","B",null,"M","M","$","?","M","E","R","$","T","E","?","?","E","M","R","B",null,"M","M","$","?","M","E","R","E","T","M","M","E","M","E","R","B","B",null,"R","$","E"],"character_chosen":"IRONCLAD","items_purchased":["Blood for Blood","Dual Wield","PowerPotion","Brimstone","Paper Frog","Orrery","LiquidBronze"],"campfire_rested":0,"item_purchase_floors":[20,25,25,37,37,54,54],"current_hp_per_floor":[74,74,63,56,56,62,62,68,68,68,46,46,38,44,44,22,62,53,59,59,38,48,52,52,52,52,54,54,54,60,80,80,58,75,80,80,80,80,80,80,80,72,72,80,80,64,80,80,80,45,51,73,80,80,0,0],"gold":22,"neow_bonus":"THREE_ENEMY_KILL","is_daily":false,"chose_seed":false,"campfire_upgraded":7,"win_rate":0.0,"timestamp":1614336018,"path_taken":["M","$","?","?","?","E","?","?","T","R","E","R","E","M","R","BOSS","M","?","?","?","M","E","R","$","T","E","?","?","E","M","R","BOSS","M","?","$","?","M","E","R","E","T","?","M","E","M","E","R","BOSS","BOSS","R","$","E"],"items_purchased_type":["Card","Card","Potion","Relic","Relic","Relic","Potion"],"build_version":"2020-12-22","purchased_purges":3,"victory":false,"max_hp_per_floor":[75,75,75,75,75,75,75,75,75,75,75,75,75,75,75,75,75,75,75,75,80,80,80,80,80,80,80,80,80,80,80,80,80,80,80,80,80,80,80,80,80,80,80,80,80,80,80,80,80,80,80,80,80,80,80,80],"relic_stats":{"Blood Vial":6,"Nunchaku":[18],"counters":[28,107],"CeramicFish":27,"Snecko Eye":[121,155,146,140],"Eternal Feather":7,"Bag of Preparation":[48],"Letter Opener":[108],"MawBank":120,"obtain_stats":[{"Potion Belt":23,"NeowsBlessing":0,"CeramicFish":46,"Vajra":26,"Velvet Choker":34,"Eternal Feather":42,"Omamori":7,"Bag of Preparation":11,"Letter Opener":13,"MawBank":27,"Burning Blood":0,"White Beast Statue":48,"Blood Vial":40,"Nunchaku":9,"Brimstone":37,"Snecko Eye":17,"Orrery":54,"Bag of Marbles":30,"Meat on the Bone":6,"Paper Frog":37},{"Potion Belt":11,"NeowsBlessing":0,"CeramicFish":23,"Vajra":11,"Velvet Choker":15,"Eternal Feather":20,"Omamori":2,"Bag of Preparation":4,"Letter Opener":5,"MawBank":12,"Burning Blood":0,"White Beast Statue":25,"Blood Vial":19,"Nunchaku":3,"Brimstone":17,"Snecko Eye":7,"Orrery":27,"Bag of Marbles":13,"Meat on the Bone":2,"Paper Frog":17},{"Potion Belt":38,"NeowsBlessing":0,"CeramicFish":82,"Vajra":38,"Velvet Choker":55,"Eternal Feather":73,"Omamori":2,"Bag of Preparation":9,"Letter Opener":13,"MawBank":41,"Burning Blood":0,"White Beast Statue":90,"Blood Vial":70,"Nunchaku":3,"Brimstone":63,"Snecko Eye":25,"Orrery":104,"Bag of Marbles":43,"Meat on the Bone":2,"Paper Frog":63}],"Burning Blood":117,"Meat on the Bone":108},"card_choices":[{"not_picked":["Cleave","Shrug It Off"],"picked":"Whirlwind","floor":1.0},{"not_picked":["Havoc","Twin Strike"],"picked":"Thunderclap","floor":6.0},{"not_picked":["Headbutt","Pommel Strike"],"picked":"Rampage","floor":8.0},{"not_picked":["Pommel Strike","Entrench"],"picked":"Metallicize","floor":11.0},{"not_picked":["Clash","Blood for Blood"],"picked":"Seeing Red","floor":13.0},{"not_picked":["Carnage","Havoc","Sentinel"],"picked":"SKIP","floor":14.0},{"not_picked":["Exhume","Limit Break"],"picked":"Fiend Fire","floor":16.0},{"not_picked":["Cleave","Sword Boomerang"],"picked":"Inflame","floor":18.0},{"not_picked":["Anger","Body Slam"],"picked":"Flame Barrier+1","floor":19.0},{"not_picked":["Heavy Blade","Metallicize"],"picked":"Flame Barrier","floor":22.0},{"not_picked":["Combust","Iron Wave","Intimidate"],"picked":"SKIP","floor":23.0},{"not_picked":["Havoc","Iron Wave","Body Slam+1"],"picked":"SKIP","floor":27.0},{"not_picked":["Uppercut","Dual Wield"],"picked":"Reaper","floor":30.0},{"not_picked":["Twin Strike","Pommel Strike","Dual Wield"],"picked":"SKIP","floor":31.0},{"not_picked":["Juggernaut","Limit Break"],"picked":"Reaper","floor":33.0},{"not_picked":["Warcry","Intimidate","Dual Wield"],"picked":"SKIP","floor":35},{"not_picked":["Warcry","Intimidate"],"picked":"Dual Wield","floor":35},{"not_picked":["Pummel+1","Clash","True Grit"],"picked":"SKIP","floor":36},{"not_picked":["Cleave+1","Anger","Seeing Red+1"],"picked":"SKIP","floor":39},{"not_picked":["Cleave","Twin Strike+1","Perfected Strike+1"],"picked":"SKIP","floor":40},{"not_picked":["Sword Boomerang","Fiend Fire"],"picked":"True Grit+1","floor":42},{"not_picked":["Combust","Body Slam","Flex+1"],"picked":"SKIP","floor":44},{"not_picked":["Heavy Blade","Inflame"],"picked":"Battle Trance","floor":45},{"not_picked":["Warcry","Combust","Carnage"],"picked":"SKIP","floor":46},{"not_picked":["Evolve+1","Anger"],"picked":"Clothesline+1","floor":47},{"not_picked":["Pommel Strike+1","Shrug It Off"],"picked":"Bludgeon","floor":48},{"not_picked":["Feel No Pain","Twin Strike"],"picked":"Uppercut+1","floor":54}],"player_experience":875803,"relics_obtained":[{"floor":6.0,"key":"Meat on the Bone"},{"floor":7.0,"key":"Omamori"},{"floor":9.0,"key":"Nunchaku"},{"floor":11.0,"key":"Bag of Preparation"},{"floor":13.0,"key":"Letter Opener"},{"floor":23.0,"key":"Potion Belt"},{"floor":26.0,"key":"Vajra"},{"floor":27.0,"key":"MawBank"},{"floor":30.0,"key":"Bag of Marbles"},{"floor":40,"key":"Blood Vial"},{"floor":42,"key":"Eternal Feather"},{"floor":46,"key":"CeramicFish"},{"floor":48,"key":"White Beast Statue"}],"event_choices":[{"damage_healed":0.0,"max_hp_gain":0.0,"max_hp_loss":0.0,"gold_gain":75.0,"event_name":"World of Goop","player_choice":"Gather Gold","floor":3.0,"gold_loss":0.0,"damage_taken":11.0},{"cards_removed":["Defend_R"],"damage_healed":0.0,"max_hp_gain":0.0,"max_hp_loss":0.0,"gold_gain":0.0,"event_name":"Golden Wing","player_choice":"Card Removal","floor":4.0,"gold_loss":0.0,"damage_taken":7.0},{"cards_removed":["Strike_R"],"damage_healed":0.0,"max_hp_gain":0.0,"max_hp_loss":0.0,"gold_gain":0.0,"event_name":"The Cleric","player_choice":"Card Removal","floor":5.0,"gold_loss":75.0,"damage_taken":0.0},{"damage_healed":0.0,"max_hp_gain":5.0,"max_hp_loss":0.0,"gold_gain":0.0,"event_name":"Forgotten Altar","player_choice":"Shed Blood","floor":21.0,"gold_loss":0.0,"damage_taken":26.0},{"damage_healed":0.0,"max_hp_gain":0.0,"max_hp_loss":0.0,"gold_gain":0.0,"cards_transformed":["Strike_R","Strike_R"],"event_name":"Drug Dealer","player_choice":"Became Test Subject","floor":28.0,"gold_loss":0.0,"damage_taken":0.0,"cards_obtained":["Exhume","Perfected Strike"]},{"damage_healed":0.0,"max_hp_gain":0.0,"max_hp_loss":0.0,"gold_gain":275.0,"event_name":"Golden Shrine","player_choice":"Desecrate","floor":29.0,"gold_loss":0.0,"damage_taken":0.0,"cards_obtained":["Regret"]},{"damage_healed":0,"gold_gain":0,"cards_transformed":["Defend_R"],"player_choice":"Transformed","damage_taken":0,"max_hp_gain":0,"max_hp_loss":0,"event_name":"Transmorgrifier","floor":38,"gold_loss":0,"cards_obtained":["Anger"]}],"is_beta":false,"boss_relics":[{"not_picked":["Mark of Pain","Ectoplasm"],"picked":"Snecko Eye"},{"not_picked":["Astrolabe","Runic Pyramid"],"picked":"Velvet Choker"}],"items_purged_floors":[2,20,37],"is_endless":false,"potions_floor_spawned":[6,8,13,18,27,31,35,39,42,44,45],"killed_by":"Shield and Spear","ascension_level":20}}