{"host":"xa0kvhbb1ful01xu","time":1614352892,"event":{"mods":["BaseMod","BetterRewards","Custom Start","Downfall","Hubris","Marisa????????","Minty Spire (QoL Compilation)","READ ME - Snecko Mod","StSLib"],"gold_per_floor":[99,99,110,123,123,23,23,39,64,75,75,85,85,100,116,211,211,211,221,221,231,242,242,242,260,294,294,194,212,235,249,269,366,366,366,378,389,229,244,244,244,276,288,313,325,356,368,390,414,426],"floor_reached":51,"language":"POL","playtime":4687,"items_purged":[],"score":779,"play_id":"1a60b755-d739-4814-8fac-93a4a11e601b","local_time":"20210226162132","is_ascension_mode":false,"campfire_choices":[{"floor":1,"key":"RECALL"},{"data":"Guardian:TwinSlam","floor":6,"key":"SMITH"},{"data":"Guardian:PrismaticBeam","floor":11,"key":"SMITH"},{"data":"Guardian:CrystalBeam","floor":13,"key":"SMITH"},{"data":"Guardian:GemFinder","floor":18,"key":"SMITH"},{"data":"Guardian:DonusPower","floor":23,"key":"SMITH"},{"data":"Guardian:DecasProtection","floor":28,"key":"SMITH"},{"data":"Guardian:EvasiveProtocol","floor":35,"key":"SMITH"},{"data":"Guardian:TwinSlam","floor":43,"key":"SMITH"},{"data":"Guardian:BaubleBeam","floor":45,"key":"SMITH"},{"data":"Guardian:RollAttack","floor":47,"key":"SMITH"}],"circlet_count":0,"master_deck":["Guardian:Strike_Guardian","Guardian:Strike_Guardian","Guardian:Strike_Guardian","Guardian:Strike_Guardian","Guardian:Defend_Guardian","Guardian:Defend_Guardian","Guardian:Defend_Guardian","Guardian:Defend_Guardian","Guardian:CurlUp","Guardian:TwinSlam+1","Guardian:TwinSlam+1","Guardian:PrismaticBeam+1","Guardian:DonusPower+1","Guardian:CrystalBeam+1","Guardian:RollAttack","Guardian:ChargeCore","Guardian:GemFinder+1","Guardian:DecasProtection+1","Guardian:SentryBeam","Guardian:RollAttack+1","Guardian:WalkerClaw","Guardian:RollAttack+1","downfall:Bewildered","Guardian:BodySlam+1","Guardian:SentryBeam+1","Guardian:PrismaticBeam+1","Guardian:EvasiveProtocol+1","Guardian:VentSteam","Guardian:RollAttack","Guardian:BaubleBeam+1","Guardian:Orbwalk+1","Guardian:ShieldCharger","Panache+1","Parasite","Guardian:Gem_Red","Guardian:CrystalBeam+1","Guardian:Gem_Cyan","Guardian:Recover+1","Guardian:Gem_Red"],"relics":["Guardian:ModeShifterPlus","downfall:ShatteredFragment","downfall:HeartBlessingRed","hubris:PeanutButter","hubris:BundleOfHerbs","hubris:Icosahedron","TungstenRod","Bottled Lightning","sneckomod:BabySnecko","downfall:HeartBlessingGreen","DollysMirror","Frozen Egg 2","hubris:GrandSneckoEye","hubris:CuriousFeather","MawBank"],"acts_visited":["Exordium","TheCity","TheBeyond"],"potions_floor_usage":[15,26,33,49,50,50,50],"damage_taken":[{"damage":0,"enemies":"Cultist","floor":3,"turns":3},{"damage":7,"enemies":"Small Slimes","floor":4,"turns":3},{"damage":0,"enemies":"2 Louse","floor":8,"turns":2},{"damage":10,"enemies":"Lagavulin","floor":9,"turns":5},{"damage":0,"enemies":"Exordium Wildlife","floor":10,"turns":1},{"damage":0,"enemies":"downfall:LooterAlt","floor":12,"turns":2},{"damage":0,"enemies":"2 Fungi Beasts","floor":14,"turns":2},{"damage":0,"enemies":"3 Louse","floor":15,"turns":2},{"damage":11,"enemies":"WA_ARCHETYPE_RETAIN","floor":16,"turns":4},{"damage":0,"enemies":"Chosen","floor":19,"turns":3},{"damage":0,"enemies":"Spheric Guardian","floor":21,"turns":3},{"damage":2,"enemies":"Snake Plant","floor":22,"turns":3},{"damage":0,"enemies":"3 Cultists","floor":25,"turns":3},{"damage":5,"enemies":"Slavers","floor":26,"turns":5},{"damage":0,"enemies":"Shelled Parasite and Fungi","floor":29,"turns":4},{"damage":0,"enemies":"downfall:FleeingMerchant","floor":30,"turns":4},{"damage":0,"enemies":"Chosen and Byrds","floor":31,"turns":3},{"damage":0,"enemies":"Cultist and Chosen","floor":32,"turns":5},{"damage":4,"enemies":"IC_MUSHROOM_ARCHETYPE","floor":33,"turns":5},{"damage":0,"enemies":"3 Shapes","floor":36,"turns":3},{"damage":0,"enemies":"Orb Walker","floor":37,"turns":2},{"damage":0,"enemies":"downfall:FleeingMerchant","floor":38,"turns":1},{"damage":0,"enemies":"Spire Growth","floor":39,"turns":3},{"damage":0,"enemies":"Writhing Mass","floor":42,"turns":4},{"damage":0,"enemies":"Maw","floor":44,"turns":5},{"damage":8,"enemies":"3 Darklings","floor":46,"turns":3},{"damage":0,"enemies":"Transient","floor":48,"turns":5},{"damage":0,"enemies":"Writhing Mass","floor":49,"turns":3},{"damage":0,"enemies":"DF_ARCHETYPE_ORBS","floor":50,"turns":5}],"seed_played":"1898205866947051275","potions_obtained":[{"floor":8,"key":"Regen Potion"},{"floor":10,"key":"Guardian:DefensiveModePotion"},{"floor":12,"key":"Swift Potion"},{"floor":21,"key":"Dexterity Potion"},{"floor":22,"key":"hexamod:SoulburnPotion"},{"floor":31,"key":"Regen Potion"},{"floor":33,"key":"AttackPotion"},{"floor":46,"key":"Energy Potion"},{"floor":48,"key":"Fruit Juice"},{"floor":49,"key":"AttackPotion"}],"is_trial":false,"path_per_floor":["R","?","M","M","?","R","T","M","E","M","R","M","R","M","M","B",null,"R","M","?","M","M","R","T","M","E","?","R","M","$","M","M","B",null,"R","M","M","$","M","?","T","M","R","M","R","M","R","M","M","B",null],"character_chosen":"GUARDIAN","items_purchased":["DollysMirror","Guardian:EvasiveProtocol","Frozen Egg 2","hubris:CuriousFeather","Panache+1"],"campfire_rested":0,"item_purchase_floors":[30,30,30,38,38],"current_hp_per_floor":[80,56,56,49,49,49,49,49,39,39,39,39,39,39,39,68,80,80,80,80,80,78,78,78,78,73,73,73,73,80,80,80,76,80,80,80,80,80,80,80,80,80,80,80,80,72,72,72,77,77],"gold":438,"neow_bonus":"ONE_RANDOM_RARE_CARD","is_daily":false,"chose_seed":false,"campfire_upgraded":10,"win_rate":0.0,"timestamp":1614352892,"path_taken":["R","?","M","M","?","R","T","M","E","M","R","M","R","M","M","BOSS","R","M","?","M","M","R","T","M","E","?","R","M","?","M","M","BOSS","R","M","M","$","M","?","T","M","R","M","R","M","R","M","M","BOSS"],"items_purchased_type":["Relic","Card","Relic","Relic","Card"],"build_version":"2020-12-22","purchased_purges":0,"victory":true,"max_hp_per_floor":[80,80,80,80,80,80,80,80,80,80,80,80,80,80,80,80,80,80,80,80,80,80,80,80,80,80,80,80,80,80,80,80,80,80,80,80,80,80,80,80,80,80,80,80,80,80,80,80,85,85],"card_choices":[{"not_picked":["Guardian:Gem_Lightblue","Guardian:MultiBeam"],"picked":"Guardian:Gem_Crimson","floor":3},{"not_picked":["Guardian:Repulse","Guardian:Gem_Green"],"picked":"Guardian:Gem_Cyan","floor":4},{"not_picked":["Guardian:WalkerClaw","Guardian:Orbwalk"],"picked":"Guardian:PrismaticBeam","floor":8},{"not_picked":["Guardian:RollAttack","Guardian:CrystalBeam"],"picked":"Guardian:Gem_White","floor":9},{"not_picked":["Guardian:Gem_Green","Guardian:TemporalShield"],"picked":"Guardian:DonusPower","floor":10},{"not_picked":["Guardian:Gem_Blue","Guardian:Suspension"],"picked":"Guardian:CrystalBeam","floor":12},{"not_picked":["Guardian:Gem_Lightblue","Guardian:MultiBeam"],"picked":"Guardian:RollAttack","floor":14},{"not_picked":["Guardian:Emergency","Guardian:RollAttack"],"picked":"Guardian:ChargeCore","floor":15},{"not_picked":["Guardian:RevengeProtocol","Guardian:ExploitGems"],"picked":"Guardian:GemFinder","floor":16},{"not_picked":["Guardian:Gem_Green","Guardian:Gem_Cyan"],"picked":"Guardian:Gem_Red","floor":19},{"not_picked":["Guardian:Recover","Guardian:Suspension+1"],"picked":"Guardian:DecasProtection","floor":19},{"not_picked":["Guardian:Gem_Red","Guardian:Gem_Lightblue"],"picked":"Guardian:Gem_Cyan","floor":21},{"not_picked":["Guardian:Planning","Guardian:CrystalBeam"],"picked":"Guardian:SentryBeam","floor":21},{"not_picked":["Guardian:Harden+1","Guardian:Recover"],"picked":"Guardian:RollAttack","floor":22},{"not_picked":["Guardian:Gem_Red","Guardian:Gem_Lightblue"],"picked":"Guardian:Gem_Cyan","floor":25},{"not_picked":["Guardian:CrystalBeam+1","Guardian:GatlingBeam"],"picked":"Guardian:WalkerClaw","floor":25},{"not_picked":["Guardian:Gem_Green","Guardian:Gem_Lightblue"],"picked":"Guardian:Gem_Red","floor":26},{"not_picked":["Guardian:Gem_Red","Guardian:Gem_Cyan"],"picked":"Guardian:RollAttack+1","floor":26},{"not_picked":["Guardian:PrimingBeam+1","Guardian:Emergency"],"picked":"Guardian:BodySlam+1","floor":29},{"not_picked":["Guardian:Gem_Red","Guardian:Gem_Lightblue"],"picked":"Guardian:Gem_Green","floor":29},{"not_picked":["Guardian:Gem_Green","Guardian:Gem_Red"],"picked":"Guardian:Gem_Cyan","floor":30},{"not_picked":["Guardian:GemFinder","Guardian:Incinerate+1"],"picked":"Guardian:SentryBeam+1","floor":30},{"not_picked":["Guardian:Gem_Lightblue","Guardian:Gem_Green"],"picked":"Guardian:Gem_Cyan","floor":31},{"not_picked":["Guardian:Orbwalk+1","Guardian:MultiBeam"],"picked":"Guardian:VentSteam","floor":31},{"not_picked":["Guardian:ChargeCore","Guardian:Preprogram"],"picked":"Guardian:RollAttack","floor":32},{"not_picked":["Guardian:ConstructionForm+1","Guardian:FierceBash"],"picked":"Guardian:BaubleBeam","floor":33},{"not_picked":["Guardian:TimeCapacitor+1","Guardian:RefractedBeam+1"],"picked":"Guardian:Orbwalk+1","floor":36},{"not_picked":["Guardian:Gem_Yellow","Guardian:Reroute","Guardian:Preprogram+1"],"picked":"SKIP","floor":37},{"not_picked":["Guardian:Gem_Yellow","Guardian:CrystalBeam"],"picked":"Guardian:ShieldCharger","floor":38},{"not_picked":["Guardian:RefractedBeam","Guardian:PiercingHide"],"picked":"Guardian:Gem_Fragmented","floor":39},{"not_picked":["Guardian:Reroute+1","Guardian:Planning+1"],"picked":"Guardian:Gem_Green","floor":42},{"not_picked":["Guardian:Gem_Lightblue","Guardian:Gem_Green"],"picked":"Guardian:Gem_Cyan","floor":44},{"not_picked":["Guardian:CrystalBeam","Guardian:Gem_Cyan"],"picked":"Guardian:Gem_Orange","floor":44},{"not_picked":["Guardian:Gem_Lightblue","Guardian:Gem_Green"],"picked":"Guardian:Gem_Red","floor":46},{"not_picked":["Guardian:VentSteam+1","Guardian:Gem_Blue"],"picked":"Guardian:CrystalBeam+1","floor":46},{"not_picked":["Guardian:Gem_Green","Guardian:Gem_Lightblue"],"picked":"Guardian:Gem_Cyan","floor":48},{"not_picked":["Guardian:Gem_Lightblue","Guardian:Reroute+1"],"picked":"Guardian:Recover+1","floor":48},{"not_picked":["Guardian:Suspension+1","Guardian:Gem_Lightblue"],"picked":"Guardian:Gem_Red","floor":49}],"player_experience":157886,"relics_obtained":[{"floor":7,"key":"hubris:PeanutButter"},{"floor":9,"key":"hubris:BundleOfHerbs"},{"floor":24,"key":"TungstenRod"},{"floor":26,"key":"Bottled Lightning"},{"floor":41,"key":"MawBank"}],"event_choices":[],"is_beta":false,"boss_relics":[{"not_picked":["bronze:MakeshiftBattery","Runic Dome"],"picked":"Guardian:ModeShifterPlus"},{"not_picked":["hubris:Stopwatch","Calling Bell"],"picked":"hubris:GrandSneckoEye"}],"items_purged_floors":[],"is_endless":false,"potions_floor_spawned":[8,10,12,21,22,31,32,33,36,42,44,46,48,49],"ascension_level":0}}