{"host":"rsokn1b2nrspb1iw","time":1614327575,"event":{"mods":["BaseMod","Better Altar","Better Match","Better Note","Better Sensory Stone","Better Skull","Better Third Choice","Better Vampires","BetterRewards","Block Reminder","Colored Map","Colored Powertips","Curses Come First","Custom Start","GifTheSpireLib","Hermit","Minty Spire (QoL Compilation)","Quick Restart","Rare Cards Sparkle","Relic Stats","Spire Birthday Party","StSLib","Unceasing Turn Reminder"],"gold_per_floor":[119,138,138,153,228,256,256,256,282,316,332,345,345,361,361,458,458,475,435,449,449,167,167,183,131,157,185,185,185,185],"floor_reached":29,"language":"ENG","playtime":1179,"items_purged":["Parasite"],"score":253,"play_id":"bf47a216-72a2-4cfc-a4f9-68d5657dade5","local_time":"20210226011935","is_ascension_mode":false,"campfire_choices":[{"data":"Underhanded Strike","floor":7.0,"key":"SMITH"},{"floor":15,"key":"REST"},{"floor":23,"key":"REST"}],"circlet_count":0,"master_deck":["Strike_G","Strike_G+1","Strike_G+1","Strike_G","Strike_G+1","Defend_G","Defend_G","Defend_G","Defend_G+1","Defend_G","Survivor","Neutralize","All Out Attack+1","Underhanded Strike+1","Acrobatics","Backstab","Prepared","Tools of the Trade","Underhanded Strike","Slice","Underhanded Strike"],"relics":["SlaversCollar","Whetstone","Lantern","Centennial Puzzle","WristBlade","Molten Egg 2","Pen Nib"],"acts_visited":["Exordium","TheCity"],"potions_floor_usage":[29],"damage_taken":[{"damage":8.0,"enemies":"Jaw Worm","floor":1.0,"turns":5.0},{"damage":0.0,"enemies":"2 Louse","floor":2.0,"turns":3.0},{"damage":0.0,"enemies":"Cultist","floor":4.0,"turns":4.0},{"damage":26.0,"enemies":"Gremlin Nob","floor":6.0,"turns":5.0},{"damage":19,"enemies":"3 Sentries","floor":10,"turns":5},{"damage":0,"enemies":"2 Fungi Beasts","floor":11,"turns":2},{"damage":0,"enemies":"3 Louse","floor":12,"turns":3},{"damage":3,"enemies":"Exordium Thugs","floor":14,"turns":4},{"damage":38,"enemies":"Hexaghost","floor":16,"turns":12},{"damage":22,"enemies":"Shell Parasite","floor":18,"turns":6},{"damage":0,"enemies":"Chosen","floor":20,"turns":4},{"damage":4,"enemies":"Shelled Parasite and Fungi","floor":24,"turns":6},{"damage":51,"enemies":"Gremlin Leader","floor":27,"turns":9},{"damage":15,"enemies":"Cultist and Chosen","floor":29,"turns":4}],"seed_played":"-2894083484991911752","potions_obtained":[{"floor":4.0,"key":"SkillPotion"},{"floor":6.0,"key":"Ancient Potion"},{"floor":10,"key":"BlessingOfTheForge"},{"floor":24,"key":"EssenceOfSteel"}],"is_trial":false,"path_per_floor":["M","M","?","M","?","E","R","?","T","E","M","M","?","M","R","B",null,"M","?","M","?","$","R","M","$","T","E","T","M"],"character_chosen":"THE_SILENT","items_purchased":["Tools of the Trade","Underhanded Strike","Underhanded Strike"],"campfire_rested":2,"item_purchase_floors":[22,22,25],"current_hp_per_floor":[62,62,62,62,51,25,25,25,25,6,6,6,23,20,41,3,70,48,48,48,48,48,67,63,63,63,12,12,0,0],"gold":185,"neow_bonus":"BOSS_RELIC","is_daily":false,"chose_seed":false,"campfire_upgraded":1,"win_rate":0.0,"timestamp":1614327575,"path_taken":["M","M","?","?","?","E","R","?","T","E","?","M","?","M","R","BOSS","M","?","?","?","$","R","?","$","T","E","?","M"],"items_purchased_type":["Card","Card","Card"],"build_version":"2020-12-22","purchased_purges":1,"victory":false,"max_hp_per_floor":[70,70,70,70,70,70,70,70,70,70,70,70,70,70,70,70,70,70,70,70,70,67,67,67,67,67,67,67,67,67],"relic_stats":{"Centennial Puzzle":[18],"counters":[14,72],"Pen Nib":[1],"Whetstone":["Strike_G","Strike_G"],"obtain_stats":[{"SlaversCollar":0,"Lantern":9,"Centennial Puzzle":10,"WristBlade":17,"Molten Egg 2":27,"Pen Nib":28,"Whetstone":6,"Ring of the Snake":0},{"SlaversCollar":0,"Lantern":4,"Centennial Puzzle":5,"WristBlade":9,"Molten Egg 2":13,"Pen Nib":13,"Whetstone":4,"Ring of the Snake":0},{"SlaversCollar":0,"Lantern":17,"Centennial Puzzle":22,"WristBlade":43,"Molten Egg 2":68,"Pen Nib":68,"Whetstone":17,"Ring of the Snake":0}]},"card_choices":[{"not_picked":["Sucker Punch","PiercingWail","Dagger Throw"],"picked":"SKIP","floor":1.0},{"not_picked":["Infinite Blades","Backflip"],"picked":"All Out Attack","floor":2.0},{"not_picked":["Skewer","Slice"],"picked":"Underhanded Strike","floor":4.0},{"not_picked":["Reflex","Poisoned Stab"],"picked":"Acrobatics","floor":6.0},{"not_picked":["PiercingWail","Poisoned Stab","Skewer"],"picked":"SKIP","floor":10},{"not_picked":["Bouncing Flask","Caltrops"],"picked":"Backstab","floor":11},{"not_picked":["Deflect","Dagger Throw"],"picked":"Prepared","floor":12},{"not_picked":["Flying Knee","Dodge and Roll","Outmaneuver"],"picked":"SKIP","floor":14},{"not_picked":["Expertise","Backflip","PiercingWail"],"picked":"SKIP","floor":18},{"not_picked":["PiercingWail","Expertise+1","Predator"],"picked":"SKIP","floor":20},{"not_picked":["Masterful Stab+1","Deadly Poison"],"picked":"Slice","floor":24},{"not_picked":["Dodge and Roll","Quick Slash+1","Flying Knee+1"],"picked":"SKIP","floor":27}],"player_experience":201928,"relics_obtained":[{"floor":6.0,"key":"Whetstone"},{"floor":9.0,"key":"Lantern"},{"floor":10,"key":"Centennial Puzzle"},{"floor":27,"key":"Molten Egg 2"},{"floor":28,"key":"Pen Nib"}],"event_choices":[{"damage_healed":0.0,"max_hp_gain":0.0,"max_hp_loss":0.0,"gold_gain":1.0,"event_name":"betterStone:BetterStone","player_choice":"1","floor":3.0,"gold_loss":0.0,"damage_taken":0.0},{"damage_healed":0.0,"max_hp_gain":0.0,"max_hp_loss":0.0,"gold_gain":75.0,"event_name":"betterThird:BetterGoop","player_choice":"Gold","floor":5.0,"gold_loss":0.0,"damage_taken":11.0},{"damage_healed":0.0,"max_hp_gain":0.0,"max_hp_loss":0.0,"gold_gain":0.0,"event_name":"Living Wall","player_choice":"Grow","floor":8.0,"gold_loss":0.0,"damage_taken":0.0,"cards_upgraded":["All Out Attack"]},{"damage_healed":17,"gold_gain":0,"player_choice":"Healed and dodged fight","damage_taken":0,"max_hp_gain":0,"max_hp_loss":0,"event_name":"Mushrooms","floor":13,"gold_loss":0,"cards_obtained":["Parasite"]},{"damage_healed":0,"gold_gain":0,"player_choice":"Upgraded Two","damage_taken":0,"max_hp_gain":0,"max_hp_loss":0,"event_name":"Designer","floor":19,"gold_loss":40,"cards_upgraded":["Defend_G","Strike_G"]},{"damage_healed":0,"gold_gain":0,"player_choice":"Ignored","damage_taken":0,"max_hp_gain":0,"max_hp_loss":0,"event_name":"betterNote:BetterNote","floor":21,"gold_loss":0,"cards_obtained":["Static Discharge"]}],"is_beta":false,"boss_relics":[{"not_picked":["Cursed Key","Coffee Dripper"],"picked":"WristBlade"}],"items_purged_floors":[22],"is_endless":false,"potions_floor_spawned":[4,6,10,16,24,27],"killed_by":"Cultist and Chosen","ascension_level":0}}