{"host":"dhv3u8yhd2rnugsp","time":1614319836,"event":{"mods":["BaseMod","Block Reminder","Colored Map","Googly Eyes","Highlight Path","Minty Spire (QoL Compilation)","Permanent Neow","Quick Restart","Random Character Button","StSLib"],"gold_per_floor":[110,128,147,147,164,196,196,267,267,267,286,286,211,226,226,226,226],"floor_reached":16,"language":"ENG","playtime":486,"items_purged":[],"score":204,"play_id":"84dd809d-ff81-41f0-83a9-1a002ad426fc","local_time":"20210226001036","is_ascension_mode":true,"campfire_choices":[{"floor":7,"key":"REST"},{"data":"Blade Dance","floor":10,"key":"SMITH"},{"data":"Cloak And Dagger","floor":12,"key":"SMITH"},{"data":"Crippling Poison","floor":15,"key":"SMITH"}],"circlet_count":0,"master_deck":["AscendersBane","Strike_G","Strike_G","Strike_G","Strike_G","Defend_G+1","Defend_G","Defend_G","Defend_G+1","Defend_G","Survivor","Neutralize","Infinite Blades","Dagger Spray","Backflip","Blade Dance+1","Crippling Poison+1","Cloak And Dagger+1","PiercingWail"],"relics":["Black Star","Du-Vu Doll","Snake Skull","Bottled Lightning","HornCleat"],"acts_visited":["Exordium"],"potions_floor_usage":[6,6,16],"damage_taken":[{"damage":1,"enemies":"Jaw Worm","floor":1,"turns":7},{"damage":1,"enemies":"Small Slimes","floor":2,"turns":4},{"damage":2,"enemies":"2 Louse","floor":3,"turns":3},{"damage":7,"enemies":"Red Slaver","floor":5,"turns":4},{"damage":22,"enemies":"Lagavulin","floor":6,"turns":7},{"damage":0,"enemies":"Blue Slaver","floor":11,"turns":4},{"damage":0,"enemies":"Exordium Thugs","floor":14,"turns":3},{"damage":26,"enemies":"The Guardian","floor":16,"turns":13}],"seed_played":"-4598355692617605052","potions_obtained":[{"floor":1,"key":"SteroidPotion"},{"floor":2,"key":"SmokeBomb"},{"floor":5,"key":"LiquidBronze"},{"floor":6,"key":"SneckoOil"}],"is_trial":false,"path_per_floor":["M","M","M","?","M","E","R","T","T","R","M","R","?","M","R","B"],"character_chosen":"THE_SILENT","items_purchased":[],"campfire_rested":1,"item_purchase_floors":[],"current_hp_per_floor":[58,57,55,35,28,6,25,25,25,25,25,25,25,25,25,0,0],"gold":226,"neow_bonus":"BOSS_RELIC","is_daily":false,"chose_seed":false,"campfire_upgraded":3,"win_rate":0.0,"timestamp":1614319836,"path_taken":["M","M","M","?","M","E","R","?","T","R","M","R","?","M","R","BOSS"],"items_purchased_type":[],"build_version":"2020-12-22","purchased_purges":0,"victory":false,"max_hp_per_floor":[66,66,66,66,66,66,66,66,66,66,66,66,66,66,66,66,66],"card_choices":[{"not_picked":["Outmaneuver","Terror"],"picked":"Infinite Blades","floor":1},{"not_picked":["Concentrate","Bane"],"picked":"Dagger Spray","floor":2},{"not_picked":["Acrobatics","Sucker Punch"],"picked":"Backflip","floor":3},{"not_picked":["Acrobatics","Underhanded Strike"],"picked":"Blade Dance","floor":5},{"not_picked":["Deadly Poison","Slice"],"picked":"Crippling Poison","floor":6},{"not_picked":["Acrobatics","Deflect"],"picked":"Cloak And Dagger","floor":11},{"not_picked":["Infinite Blades","Predator"],"picked":"PiercingWail","floor":14}],"player_experience":1715968,"relics_obtained":[{"floor":6,"key":"Du-Vu Doll"},{"floor":6,"key":"Snake Skull"},{"floor":8,"key":"Bottled Lightning"},{"floor":9,"key":"HornCleat"}],"event_choices":[{"damage_healed":0,"gold_gain":0,"player_choice":"Entered Light","damage_taken":20,"max_hp_gain":0,"max_hp_loss":0,"event_name":"Shining Light","floor":4,"gold_loss":0,"cards_upgraded":["Defend_G","Defend_G"]},{"cards_removed":["Strike_G"],"damage_healed":0,"gold_gain":0,"player_choice":"Card Removal","damage_taken":0,"max_hp_gain":0,"max_hp_loss":0,"event_name":"The Cleric","floor":13,"gold_loss":75}],"is_beta":false,"boss_relics":[],"items_purged_floors":[],"is_endless":false,"potions_floor_spawned":[1,2,5,6],"killed_by":"The Guardian","ascension_level":20}}