{"host":"ibckqdmmf9y74ymf","time":1614305117,"event":{"mods":["2.2 Compatiblity","Ascension Unlocker","BaseMod","Colored Map","Curses Come First","Highlight Path","Minty Spire (QoL Compilation)","Quick Restart","Rare Cards Sparkle","Relic Stats","StSLib"],"gold_per_floor":[12,12,12,33,33,72,72,72,72],"floor_reached":8,"language":"ENG","playtime":276,"items_purged":[],"score":108,"play_id":"fda3445c-b6b5-431f-b652-a67e6c3c71f5","local_time":"20210226030517","is_ascension_mode":true,"campfire_choices":[{"data":"CarveReality","floor":7,"key":"SMITH"}],"circlet_count":0,"master_deck":["AscendersBane","Strike_P","Strike_P","Strike_P","Strike_P","Defend_P","Defend_P","Defend_P","Eruption","Vigilance","FlyingSleeves","CutThroughFate","CarveReality+1"],"relics":["PureWater","Incense Burner","Golden Idol","Bag of Marbles"],"acts_visited":["Exordium"],"potions_floor_usage":[8],"damage_taken":[{"damage":0,"enemies":"Cultist","floor":1,"turns":3},{"damage":4,"enemies":"Small Slimes","floor":4,"turns":4},{"damage":8,"enemies":"Lagavulin","floor":6,"turns":6},{"damage":37,"enemies":"3 Sentries","floor":8,"turns":7}],"seed_played":"2263993088784345669","potions_obtained":[{"floor":4,"key":"GamblersBrew"}],"is_trial":false,"path_per_floor":["M","?","?","M","?","E","R","E"],"character_chosen":"WATCHER","items_purchased":[],"campfire_rested":0,"item_purchase_floors":[],"current_hp_per_floor":[61,61,61,57,50,42,42,5,5],"gold":72,"neow_bonus":"ONE_RARE_RELIC","is_daily":false,"chose_seed":false,"campfire_upgraded":1,"win_rate":0.0,"timestamp":1614305117,"path_taken":["M","?","?","M","?","E","R","E"],"items_purchased_type":[],"build_version":"2020-12-22","purchased_purges":0,"victory":false,"max_hp_per_floor":[68,62,62,62,62,62,62,62,62],"relic_stats":{"counters":[4,19],"Golden Idol":12,"obtain_stats":[{"Golden Idol":2,"Incense Burner":0,"Bag of Marbles":6,"PureWater":0},{"Golden Idol":1,"Incense Burner":0,"Bag of Marbles":3,"PureWater":0},{"Golden Idol":3,"Incense Burner":0,"Bag of Marbles":13,"PureWater":0}]},"card_choices":[{"not_picked":["PathToVictory","FollowUp"],"picked":"FlyingSleeves","floor":1},{"not_picked":["ClearTheMind","Protect"],"picked":"CutThroughFate","floor":4},{"not_picked":["InnerPeace","WaveOfTheHand"],"picked":"CarveReality","floor":6}],"player_experience":573615,"relics_obtained":[{"floor":6,"key":"Bag of Marbles"}],"event_choices":[{"damage_healed":0,"gold_gain":0,"player_choice":"Lose Max HP","damage_taken":0,"relics_obtained":["Golden Idol"],"max_hp_gain":0,"max_hp_loss":6,"event_name":"Golden Idol","floor":2,"gold_loss":0},{"damage_healed":0,"gold_gain":0,"player_choice":"Ignored","damage_taken":0,"max_hp_gain":0,"max_hp_loss":0,"event_name":"Liars Game","floor":3,"gold_loss":0},{"cards_removed":["Defend_P"],"damage_healed":0,"gold_gain":0,"player_choice":"Card Removal","damage_taken":7,"max_hp_gain":0,"max_hp_loss":0,"event_name":"Golden Wing","floor":5,"gold_loss":0}],"is_beta":false,"boss_relics":[],"items_purged_floors":[],"is_endless":false,"potions_floor_spawned":[4],"killed_by":"3 Sentries","ascension_level":20}}