{"host":"o70jlri6sl1lb4ns","time":1614315510,"event":{"mods":["(人物)100% Spire Juice","(人物)Astrologer","(人物)Chen/陈","(人物)KinomotoSakura/木之本樱","(人物)Marisa/F雨魔理沙","(人物)Reimu/博丽灵梦","(人物)Remilia/蕾米莉亚","(人物)The Bug Knight/空洞骑士","(人物)The Gatherer/采集者","(人物)The Hierophant/圣职者","(人物)The Immortal/藤原妹红","(人物)The Servant/D夜","(人物)WarShipGirlsR/战舰少女R","(人物)Youmu/魂魄妖梦","(人物)Yuyuko/幽幽子","(前置)Act Like it!","(前置)CapriCore","(前置)StSLib","(功能)Colored Map/彩色地图","(功能)Curses Come First/诅咒卡牌显示","(功能)Energized Spire/能量尖塔","(功能)Highlight Path/选择路径","(功能)RumiaBox-露米娅的神秘盒子","(功能)Spicy Shops/更好的商店","(功能)Waifu the Spire/萌化","(大型)LobotomyExtend/脑叶拓展","(大型)Replay The Spire/重游尖塔","(辅助)Colored Powertips/buff提示","(辅助)Quick Restart/便捷重启","ATMod(阿瑾Mod)","BaseMod","Lobotomy","Minty Spire (QoL Compilation)","Reliquary","The Marked","Yakumo Yukari mod","【功能Mod】混沌之环修复补丁"],"gold_per_floor":[115,134,134,47,76,26,26,26,26],"floor_reached":8,"language":"ZHS","playtime":499,"items_purged":[],"score":44,"play_id":"4abbf099-f255-4b42-bebd-6de24770c93c","local_time":"20210226125830","is_ascension_mode":false,"campfire_choices":[{"data":"Sunlight","floor":7,"key":"SMITH"}],"circlet_count":0,"master_deck":["Strike_S","Strike_S","Strike_S","Strike_S","Defend_S","Defend_S","Defend_S","Defend_S","KidneyShot","Exchange","AT_FamilyPortrait","Advance","Bloodbath","MeatLantern","Revamp+1","BottledTime+1","Ricochet","Sunlight+1","FastForward"],"relics":["Uniform","AT_ATBox","CogitoBucket","LetterFromLob","Baka2"],"acts_visited":["Exordium"],"potions_floor_usage":[],"damage_taken":[{"damage":6,"enemies":"Cultist","floor":1,"turns":6},{"damage":0,"enemies":"Small Slimes","floor":2,"turns":3},{"damage":10,"enemies":"3 Sentries","floor":8,"turns":2}],"seed_played":"4497868728771837569","potions_obtained":[{"floor":5,"key":"FearPotion"},{"floor":5,"key":"Energy Potion"},{"floor":5,"key":"Dexterity Potion"}],"is_trial":false,"path_per_floor":["M","M","?","$","?","$","R","E"],"character_chosen":"THE_SERVANT","items_purchased":["BottledTime+1","Ricochet","FastForward"],"campfire_rested":0,"item_purchase_floors":[4,4,6],"current_hp_per_floor":[59,59,59,59,59,59,59,61,61],"gold":26,"neow_bonus":"","is_daily":false,"chose_seed":false,"campfire_upgraded":1,"win_rate":0.0,"timestamp":1614315510,"path_taken":["M","M","?","$","?","?","R","E"],"items_purchased_type":["Card","Card","Card"],"build_version":"2020-12-22","purchased_purges":0,"victory":false,"max_hp_per_floor":[65,65,65,65,65,65,65,65,65],"card_choices":[{"not_picked":["Hightail","Replace"],"picked":"Advance","floor":1},{"not_picked":["ShyLook","VoidDream"],"picked":"Bloodbath","floor":1},{"not_picked":["FieryBird","SingingMachine"],"picked":"MeatLantern","floor":2},{"not_picked":["InstantArmor","Unruled"],"picked":"Revamp","floor":2},{"not_picked":["ShatteredReality","Defy"],"picked":"Sunlight","floor":5}],"player_experience":40723,"relics_obtained":[{"floor":1,"key":"LetterFromLob"},{"floor":1,"key":"Baka"},{"floor":2,"key":"Baka2"}],"event_choices":[{"damage_healed":0,"gold_gain":0,"player_choice":"Grow","damage_taken":0,"max_hp_gain":0,"max_hp_loss":0,"event_name":"Living Wall","floor":3,"gold_loss":0,"cards_upgraded":["Revamp"]}],"is_beta":false,"boss_relics":[],"items_purged_floors":[],"is_endless":false,"potions_floor_spawned":[],"killed_by":"3 Sentries","ascension_level":0}}