{"host":"8piv3t5bmy3h6dgk","time":1614304416,"event":{"mods":["AchievementEnabler","Astrologer","Bard","BaseMod","Better Altar","Better Match","BetterRewards","Colored Map","Colored Powertips","Faster Ascension Climbing","Gold Saver","Hermit","Minty Spire (QoL Compilation)","Remove Card Discount Mod","StSLib","The Disciple","The Hierophant","The Marked","The Necromancer","The Problem Sleuth","The Valiant","The Wild Card"],"gold_per_floor":[112,112,112,131,141,166,166,185,185,260,277,335,355,210,210,313,313,324,339,358,310,325,357,368,368,440,473,485,485,513,530,530,629,629,643,691,708,708,708,708,718,737,818,525,536,536,554,564,564,564,564],"floor_reached":50,"language":"ENG","playtime":1831,"items_purged":["Defend_R","Defend_R","Defend_R","Defend_R"],"score":610,"play_id":"9fb21206-efa5-4af7-ae8b-c44ae08b154e","local_time":"20210225205336","is_ascension_mode":false,"campfire_choices":[{"data":"Apotheosis","floor":7,"key":"SMITH"},{"data":"Flex","floor":15,"key":"SMITH"},{"floor":25,"key":"REST"},{"floor":29,"key":"REST"},{"floor":32,"key":"REST"},{"data":"Limit Break","floor":40,"key":"SMITH"},{"floor":46,"key":"REST"},{"floor":49,"key":"REST"}],"circlet_count":0,"master_deck":["Strike_R","Strike_R+1","Strike_R","Strike_R","Strike_R","Bash","Flex","Heavy Blade","Flex","Apotheosis+1","Flex+1","Clash","Heavy Blade","Cleave","Flex+1","Limit Break+1","Feed+1"],"relics":["Burning Blood","Singing Bowl","Du-Vu Doll","Chemical X","Runic Cube","TungstenRod","Letter Opener","Ornamental Fan","Gremlin Horn","Mango","theSleuth:Tectrixcalibur","Shuriken","Membership Card","Whetstone"],"acts_visited":["Exordium","TheCity","TheBeyond"],"potions_floor_usage":[6,27,27,27,41,50,50,50],"damage_taken":[{"damage":11,"enemies":"Jaw Worm","floor":1,"turns":2},{"damage":0,"enemies":"Cultist","floor":4,"turns":2},{"damage":5,"enemies":"2 Louse","floor":5,"turns":2},{"damage":27,"enemies":"3 Sentries","floor":6,"turns":5},{"damage":12,"enemies":"2 Fungi Beasts","floor":8,"turns":3},{"damage":0,"enemies":"3 Louse","floor":11,"turns":2},{"damage":0,"enemies":"Exordium Wildlife","floor":13,"turns":2},{"damage":37,"enemies":"The Guardian","floor":16,"turns":5},{"damage":0,"enemies":"Spheric Guardian","floor":18,"turns":2},{"damage":10,"enemies":"Chosen","floor":19,"turns":3},{"damage":32,"enemies":"Centurion and Healer","floor":20,"turns":4},{"damage":12,"enemies":"3 Cultists","floor":22,"turns":3},{"damage":27,"enemies":"Gremlin Leader","floor":23,"turns":6},{"damage":8,"enemies":"Chosen and Byrds","floor":24,"turns":4},{"damage":34,"enemies":"Slavers","floor":27,"turns":3},{"damage":40,"enemies":"Shelled Parasite and Fungi","floor":28,"turns":3},{"damage":33,"enemies":"Gremlin Leader","floor":30,"turns":5},{"damage":0,"enemies":"Snecko","floor":31,"turns":2},{"damage":30,"enemies":"Champ","floor":33,"turns":4},{"damage":20,"enemies":"3 Darklings","floor":35,"turns":3},{"damage":50,"enemies":"2 Orb Walkers","floor":36,"turns":3},{"damage":26,"enemies":"Orb Walker","floor":37,"turns":3},{"damage":9,"enemies":"Jaw Worm Horde","floor":41,"turns":2},{"damage":5,"enemies":"Transient","floor":42,"turns":5},{"damage":18,"enemies":"Maw","floor":45,"turns":5},{"damage":17,"enemies":"4 Shapes","floor":47,"turns":2},{"damage":41,"enemies":"Spire Growth","floor":48,"turns":4},{"damage":54,"enemies":"Awakened One","floor":50,"turns":5}],"seed_played":"1831519987396640320","potions_obtained":[{"floor":5,"key":"BloodPotion"},{"floor":6,"key":"SpeedPotion"},{"floor":8,"key":"Fire Potion"},{"floor":16,"key":"SpeedPotion"},{"floor":18,"key":"Energy Potion"},{"floor":30,"key":"BlessingOfTheForge"},{"floor":35,"key":"SpeedPotion"},{"floor":41,"key":"Ancient Potion"},{"floor":45,"key":"Explosive Potion"}],"is_trial":false,"path_per_floor":["M","?","$","M","M","E","R","M","T","?","M","?","M","$","R","B",null,"M","M","M","$","M","E","M","R","T","E","M","R","E","M","R","B",null,"M","?","M","?","?","R","M","M","T","$","M","R","M","M","R","B"],"character_chosen":"IRONCLAD","items_purchased":["Flex","Heavy Blade","Flex","Apotheosis","Flex","Chemical X","Swift Potion","Membership Card","Feed","Whetstone"],"campfire_rested":5,"item_purchase_floors":[0,0,0,0,0,14,21,44,44,44],"current_hp_per_floor":[75,75,75,80,80,77,77,73,73,62,70,70,78,78,78,49,90,90,88,64,64,60,41,41,71,71,43,9,39,14,22,53,31,106,94,66,48,48,48,48,47,50,50,50,40,79,74,41,83,29,29],"gold":564,"neow_bonus":"","is_daily":false,"chose_seed":false,"campfire_upgraded":3,"win_rate":0.0,"timestamp":1614304416,"path_taken":["M","?","?","M","M","E","R","?","T","?","M","?","M","$","R","BOSS","M","M","M","$","M","E","M","R","T","E","M","R","E","M","R","BOSS","M","?","M","?","?","R","?","M","T","$","M","R","M","M","R","BOSS"],"items_purchased_type":["Card","Card","Card","Card","Card","Relic","Potion","Relic","Card","Relic"],"build_version":"2020-12-22","purchased_purges":4,"victory":false,"max_hp_per_floor":[80,80,80,80,80,82,82,84,84,84,86,86,88,88,88,90,90,90,92,94,94,96,98,100,100,100,100,100,100,102,104,104,106,106,108,124,126,126,126,126,128,130,130,130,132,132,138,140,140,140,140],"card_choices":[{"not_picked":["Fire Breathing","Seeing Red","Perfected Strike"],"picked":"SKIP","floor":1},{"not_picked":["Intimidate","Body Slam"],"picked":"Clash","floor":4},{"not_picked":["Dark Embrace","Havoc"],"picked":"Heavy Blade","floor":5},{"not_picked":["Hemokinesis","Pummel","Combust"],"picked":"Singing Bowl","floor":6},{"not_picked":["Body Slam","Fire Breathing","Anger"],"picked":"Singing Bowl","floor":8},{"not_picked":["Ghostly Armor","Clothesline","Shrug It Off"],"picked":"Singing Bowl","floor":11},{"not_picked":["Body Slam","Perfected Strike","Ghostly Armor"],"picked":"Singing Bowl","floor":13},{"not_picked":["Reaper","Bludgeon","Corruption"],"picked":"Singing Bowl","floor":16},{"not_picked":["Heavy Blade","Headbutt+1"],"picked":"Cleave","floor":18},{"not_picked":["Twin Strike","Havoc","Disarm"],"picked":"Singing Bowl","floor":19},{"not_picked":["Armaments","Dropkick","Sword Boomerang+1"],"picked":"Singing Bowl","floor":20},{"not_picked":["Anger","Spot Weakness","Sword Boomerang"],"picked":"Singing Bowl","floor":22},{"not_picked":["Headbutt","Sword Boomerang","Evolve"],"picked":"Singing Bowl","floor":23},{"not_picked":["Iron Wave","Seeing Red+1","Blood for Blood+1"],"picked":"Singing Bowl","floor":24},{"not_picked":["Dual Wield+1","Iron Wave"],"picked":"Flex+1","floor":27},{"not_picked":["Perfected Strike","Combust"],"picked":"Limit Break","floor":28},{"not_picked":["Cleave","Perfected Strike","Blood for Blood"],"picked":"Singing Bowl","floor":30},{"not_picked":["Havoc","Body Slam+1","Dual Wield"],"picked":"Singing Bowl","floor":31},{"not_picked":["Barricade","Reaper","Brutality"],"picked":"Singing Bowl","floor":33},{"not_picked":["Spot Weakness","Shockwave+1","Ghostly Armor+1"],"picked":"Singing Bowl","floor":35},{"not_picked":["Wild Strike","True Grit","Burning Pact"],"picked":"Singing Bowl","floor":36},{"not_picked":["Spot Weakness+1","Seeing Red","Wild Strike+1"],"picked":"Singing Bowl","floor":37},{"not_picked":["Headbutt+1","Flame Barrier","Thunderclap+1"],"picked":"Singing Bowl","floor":41},{"not_picked":["Intimidate+1","Body Slam","Infernal Blade+1"],"picked":"Singing Bowl","floor":42},{"not_picked":["True Grit+1","Disarm+1","Searing Blow+1"],"picked":"Singing Bowl","floor":45},{"not_picked":["Battle Trance","Searing Blow","Second Wind+1"],"picked":"Singing Bowl","floor":47},{"not_picked":["Warcry","Havoc+1","Juggernaut"],"picked":"Singing Bowl","floor":48}],"player_experience":166476,"relics_obtained":[{"floor":6,"key":"Singing Bowl"},{"floor":9,"key":"Du-Vu Doll"},{"floor":23,"key":"TungstenRod"},{"floor":26,"key":"Letter Opener"},{"floor":27,"key":"Ornamental Fan"},{"floor":30,"key":"Gremlin Horn"},{"floor":36,"key":"Mango"},{"floor":43,"key":"Shuriken"}],"event_choices":[{"damage_healed":0,"gold_gain":0,"player_choice":"Ignored","damage_taken":0,"max_hp_gain":0,"max_hp_loss":0,"event_name":"WeMeetAgain","floor":2,"gold_loss":0},{"damage_healed":0,"gold_gain":75,"player_choice":"Gather Gold","damage_taken":11,"max_hp_gain":0,"max_hp_loss":0,"event_name":"World of Goop","floor":10,"gold_loss":0},{"damage_healed":0,"gold_gain":58,"player_choice":"Gained Gold","damage_taken":0,"max_hp_gain":0,"max_hp_loss":0,"event_name":"Golden Wing","floor":12,"gold_loss":0},{"damage_healed":0,"gold_gain":0,"player_choice":"Fight","damage_taken":0,"max_hp_gain":0,"max_hp_loss":0,"event_name":"Mysterious Sphere","floor":36,"gold_loss":0},{"damage_healed":0,"gold_gain":0,"player_choice":"Ignored","damage_taken":0,"max_hp_gain":0,"max_hp_loss":0,"event_name":"NoteForYourself","floor":39,"gold_loss":0}],"is_beta":false,"boss_relics":[{"not_picked":["Busted Crown","Coffee Dripper"],"picked":"Runic Cube"},{"not_picked":["Velvet Choker","Cursed Key","Astrolabe"]}],"items_purged_floors":[0,0,0,0],"is_endless":false,"potions_floor_spawned":[5,6,8,16,18,19,23,24,30,35,41,45],"killed_by":"Awakened One","ascension_level":0}}