{"host":"sqt6c5vt7d1y5xtt","time":1614310740,"event":{"mods":["AchievementEnabler","BaseMod","Block Reminder","Lobotomy","Minty Spire (QoL Compilation)","Quick Restart"],"gold_per_floor":[118,138,154,167,184,213,213,23,49,49,49,59,59,59],"floor_reached":13,"language":"KOR","playtime":494,"items_purged":[],"score":87,"play_id":"e39671f6-0a0f-40cf-b9e0-00d9d4a72f59","local_time":"20210226003900","is_ascension_mode":false,"campfire_choices":[{"data":"Havoc","floor":7,"key":"SMITH"},{"data":"Battle Trance","floor":10,"key":"SMITH"}],"circlet_count":0,"master_deck":["Strike_R","Strike_R","Strike_R","Strike_R","Strike_R","Defend_R","Defend_R","Defend_R","Defend_R","Mercenary","Flex","OSAHOGD","Rampage","Battle Trance+1","Alriune","Headbutt","LongBird","Havoc+1","Sever Soul","Feel No Pain","True Grit","NakedNest"],"relics":["Burning Blood","CogitoBucket","Happy Flower","Omamori","SkinProphecy"],"acts_visited":["Exordium"],"potions_floor_usage":[12,13],"damage_taken":[{"damage":9,"enemies":"Cultist","floor":1,"turns":4},{"damage":2,"enemies":"Small Slimes","floor":2,"turns":4},{"damage":1,"enemies":"Jaw Worm","floor":3,"turns":4},{"damage":14,"enemies":"Blue Slaver","floor":4,"turns":3},{"damage":15,"enemies":"Looter","floor":5,"turns":3},{"damage":21,"enemies":"3 Sentries","floor":6,"turns":5},{"damage":42,"enemies":"Large Slime","floor":12,"turns":8},{"damage":12,"enemies":"Lagavulin","floor":13,"turns":2}],"seed_played":"-5998019607149020322","potions_obtained":[{"floor":1,"key":"SpeedPotion"},{"floor":2,"key":"LiquidMemories"},{"floor":5,"key":"Strength Potion"},{"floor":12,"key":"Block Potion"}],"is_trial":false,"path_per_floor":["M","M","M","M","M","E","R","$","T","R","?","M","E"],"character_chosen":"IRONCLAD","items_purchased":["Sever Soul","Feel No Pain","True Grit"],"campfire_rested":0,"item_purchase_floors":[8,8,8],"current_hp_per_floor":[77,80,80,72,63,48,48,48,48,48,48,12,0,0],"gold":59,"neow_bonus":"","is_daily":false,"chose_seed":false,"campfire_upgraded":2,"win_rate":0.0,"timestamp":1614310740,"path_taken":["M","M","?","M","M","E","R","?","T","R","?","M","E"],"items_purchased_type":["Card","Card","Card"],"build_version":"2020-12-22","purchased_purges":0,"victory":false,"max_hp_per_floor":[80,80,80,80,80,80,80,80,80,80,80,80,82,82],"card_choices":[{"not_picked":["Wellcheers","Bloodbath"],"picked":"Mercenary","floor":1},{"not_picked":["Shrug It Off","Body Slam"],"picked":"Flex","floor":1},{"not_picked":["BigBird","UniverseFragment","MeatLantern"],"picked":"Singing Bowl","floor":2},{"not_picked":["VoidDream","Freischutz"],"picked":"OSAHOGD","floor":2},{"not_picked":["Feel No Pain","Metallicize"],"picked":"Rampage","floor":2},{"not_picked":["UniverseFragment","CrumblingArmor","FairyFestival"],"picked":"Singing Bowl","floor":3},{"not_picked":["Headbutt","Shrug It Off"],"picked":"Battle Trance","floor":3},{"not_picked":["OldLady","VoidDream"],"picked":"Alriune","floor":4},{"not_picked":["Combust","Armaments"],"picked":"Headbutt","floor":4},{"not_picked":["Scorched","MHz"],"picked":"LongBird","floor":5},{"not_picked":["Sentinel","Iron Wave","Body Slam"],"picked":"SKIP","floor":5},{"not_picked":["Sentinel","Iron Wave","Body Slam"],"picked":"SKIP","floor":5},{"not_picked":["GreedKing","BeautyBeast","GalaxyChild"],"picked":"Singing Bowl","floor":6},{"not_picked":["Immolate","Seeing Red"],"picked":"Havoc","floor":6},{"not_picked":["Wellcheers","WallGazer","SpiderBud"],"picked":"Singing Bowl","floor":12},{"not_picked":["Bloodbath","OldLady"],"picked":"NakedNest","floor":12},{"not_picked":["Body Slam","Wild Strike","Heavy Blade"],"picked":"SKIP","floor":12},{"not_picked":["Body Slam","Wild Strike","Heavy Blade"],"picked":"SKIP","floor":12}],"player_experience":163610,"relics_obtained":[{"floor":6,"key":"Happy Flower"},{"floor":9,"key":"Omamori"}],"event_choices":[{"cards_removed":["Bash"],"damage_healed":0,"gold_gain":0,"player_choice":"Forget","damage_taken":0,"max_hp_gain":0,"max_hp_loss":0,"event_name":"Living Wall","floor":11,"gold_loss":0}],"is_beta":false,"boss_relics":[],"items_purged_floors":[],"is_endless":false,"potions_floor_spawned":[1,2,5,12],"killed_by":"Lagavulin","ascension_level":0}}