{"host":"9gxprskaw0c5jpbt","time":1614380717,"event":{"mods":["AchievementEnabler","BaseMod","Colored Map","Highlight Path","KOR Keyword Fix","Minty Spire (QoL Compilation)","Rare Cards Sparkle","StSLib","SuperFastMode","everything is the same but u backflip on backflip"],"gold_per_floor":[109,109,34,34,184,184,195,195,195],"floor_reached":8,"language":"KOR","playtime":297,"items_purged":["Strike_R"],"score":88,"play_id":"572b55b7-ad4a-427a-9182-4d316583e96a","local_time":"20210227080517","is_ascension_mode":true,"campfire_choices":[{"data":"Evolve","floor":6,"key":"SMITH"}],"circlet_count":0,"master_deck":["AscendersBane","Strike_R","Strike_R","Strike_R","Defend_R","Defend_R","Defend_R","Defend_R","Bash","Evolve+1","Metallicize","Doubt","Armaments","Shrug It Off"],"relics":["Burning Blood","Prayer Wheel"],"acts_visited":["Exordium"],"potions_floor_usage":[8],"damage_taken":[{"damage":6,"enemies":"Cultist","floor":1,"turns":3},{"damage":20,"enemies":"Jaw Worm","floor":7,"turns":6},{"damage":25,"enemies":"Gremlin Nob","floor":8,"turns":4}],"seed_played":"-6315912892687176805","potions_obtained":[{"floor":1,"key":"ElixirPotion"},{"floor":7,"key":"LiquidBronze"}],"is_trial":false,"path_per_floor":["M","?","$","?","?","R","M","E"],"character_chosen":"IRONCLAD","items_purchased":[],"campfire_rested":0,"item_purchase_floors":[],"current_hp_per_floor":[50,50,50,43,43,43,29,4,4],"gold":195,"neow_bonus":"ONE_RARE_RELIC","is_daily":false,"chose_seed":false,"campfire_upgraded":1,"win_rate":0.0,"timestamp":1614380717,"path_taken":["M","?","$","?","?","R","M","E"],"items_purchased_type":[],"build_version":"2020-12-22","purchased_purges":1,"victory":false,"max_hp_per_floor":[75,75,75,75,75,75,75,75,75],"card_choices":[{"not_picked":["Blood for Blood","Perfected Strike"],"picked":"Evolve","floor":1},{"not_picked":["Clash","Clothesline"],"picked":"Metallicize","floor":1},{"not_picked":["Heavy Blade","True Grit"],"picked":"Armaments","floor":7},{"not_picked":["Body Slam","Headbutt"],"picked":"Shrug It Off","floor":7}],"player_experience":996053,"relics_obtained":[],"event_choices":[{"damage_healed":0,"gold_gain":0,"player_choice":"Ignored","damage_taken":0,"max_hp_gain":0,"max_hp_loss":0,"event_name":"Shining Light","floor":2,"gold_loss":0},{"cards_removed":["Strike_R"],"damage_healed":0,"gold_gain":0,"player_choice":"Card Removal","damage_taken":7,"max_hp_gain":0,"max_hp_loss":0,"event_name":"Golden Wing","floor":4,"gold_loss":0},{"damage_healed":0,"gold_gain":150,"player_choice":"AGREE","damage_taken":0,"max_hp_gain":0,"max_hp_loss":0,"event_name":"Liars Game","floor":5,"gold_loss":0,"cards_obtained":["Doubt"]}],"is_beta":false,"boss_relics":[],"items_purged_floors":[3],"is_endless":false,"potions_floor_spawned":[1,7],"killed_by":"Gremlin Nob","ascension_level":20}}