{"host":"jt67skv49snb75sm","time":1614331252,"event":{"mods":["BaseMod","Bestiary","Minty Spire (QoL Compilation)","Relic Stats"],"gold_per_floor":[111,129,142,217,217,542,542,572,572,572,601,601,3,18,18,94,94,112,27,27,1,1,1,35,35,59,86,105,6,6,20,20,20,20],"floor_reached":33,"language":"ENG","playtime":1273,"items_purged":[],"score":648,"play_id":"8ae54180-2521-48da-b48b-75bc642e9b56","local_time":"20210226102052","is_ascension_mode":true,"campfire_choices":[{"floor":7.0,"key":"REST"},{"floor":10.0,"key":"REST"},{"floor":15.0,"key":"REST"},{"data":"Ghostly","floor":23.0,"key":"SMITH"},{"data":"Seek","floor":25,"key":"SMITH"},{"floor":30,"key":"REST"},{"data":"Ghostly","floor":32,"key":"SMITH"}],"circlet_count":0,"master_deck":["AscendersBane","Strike_B","Strike_B","Strike_B+1","Defend_B","Defend_B","Defend_B","Defend_B","Zap","Dualcast","Ball Lightning","Reinforced Body","Doom and Gloom","Seek+1","FTL+1","Ball Lightning","Electrodynamics+1","Capacitor+1","Ghostly","Ghostly+1","Ghostly+1","Coolheaded","Genetic Algorithm","Redo+1","Turbo","Loop+1","Coolheaded","Coolheaded"],"relics":["Cracked Core","Vajra","Old Coin","Ornamental Fan","Frozen Egg 2","Pen Nib","Cables","Gambling Chip","Philosopher\u0027s Stone","Incense Burner","Boot","Whetstone","Sundial"],"acts_visited":["Exordium","TheCity"],"potions_floor_usage":[24,24,24,33],"damage_taken":[{"damage":7.0,"enemies":"2 Louse","floor":1.0,"turns":2.0},{"damage":0.0,"enemies":"Small Slimes","floor":2.0,"turns":2.0},{"damage":7.0,"enemies":"Jaw Worm","floor":3.0,"turns":3.0},{"damage":11.0,"enemies":"Gremlin Nob","floor":6.0,"turns":3.0},{"damage":23.0,"enemies":"3 Sentries","floor":8.0,"turns":6.0},{"damage":23.0,"enemies":"Lagavulin","floor":11.0,"turns":6.0},{"damage":0.0,"enemies":"Blue Slaver","floor":14.0,"turns":4.0},{"damage":19.0,"enemies":"The Guardian","floor":16.0,"turns":11.0},{"damage":0.0,"enemies":"Spheric Guardian","floor":18.0,"turns":1.0},{"damage":0,"enemies":"Book of Stabbing","floor":24,"turns":7},{"damage":3,"enemies":"Gremlin Leader","floor":27,"turns":5},{"damage":2,"enemies":"2 Thieves","floor":28,"turns":4},{"damage":3,"enemies":"Snake Plant","floor":31,"turns":3},{"damage":32,"enemies":"Automaton","floor":33,"turns":10}],"seed_played":"6918497511632776118","potions_obtained":[{"floor":6.0,"key":"Strength Potion"},{"floor":11.0,"key":"AttackPotion"},{"floor":16.0,"key":"PotionOfCapacity"},{"floor":18.0,"key":"EntropicBrew"},{"floor":27,"key":"Dexterity Potion"}],"is_trial":false,"path_per_floor":["M","M","M","?","?","E","R","E","T","R","E","?","$","M","R","B",null,"M","?","?","$","?","R","E","R","T","E","M","$","R","M","R","B"],"character_chosen":"DEFECT","items_purchased":["Cables","Gambling Chip","Coolheaded","Loop+1","Coolheaded"],"campfire_rested":4,"item_purchase_floors":[13,13,21,29,29],"current_hp_per_floor":[57,57,50,39,32,21,42,19,19,40,17,17,17,17,38,19,58,58,58,35,35,28,28,28,28,28,25,23,23,35,32,32,0,0],"gold":20,"neow_bonus":"RANDOM_COMMON_RELIC","is_daily":false,"chose_seed":false,"campfire_upgraded":3,"win_rate":0.0,"timestamp":1614331252,"path_taken":["M","M","M","?","?","E","R","E","T","R","E","?","?","M","R","BOSS","M","?","?","$","?","R","E","R","T","E","M","?","R","M","R","BOSS"],"items_purchased_type":["Relic","Relic","Card","Card","Card"],"build_version":"2020-12-22","purchased_purges":0,"victory":false,"max_hp_per_floor":[71,71,71,71,71,71,71,71,71,71,71,71,71,71,71,71,71,71,71,35,35,40,40,40,40,40,40,40,40,40,40,40,40,40],"relic_stats":{"counters":[14,67],"Ornamental Fan":[28],"Sundial":[2],"Gambling Chip":[28],"Pen Nib":[6],"Whetstone":["FTL","Strike_B"],"Boot":[4],"obtain_stats":[{"Vajra":0,"Pen Nib":11,"Incense Burner":19,"Whetstone":26,"Frozen Egg 2":9,"Boot":24,"Old Coin":6,"Cables":13,"Ornamental Fan":8,"Sundial":27,"Gambling Chip":13,"Philosopher\u0027s Stone":17,"Cracked Core":0},{"Vajra":0,"Pen Nib":6,"Incense Burner":9,"Whetstone":10,"Frozen Egg 2":5,"Boot":10,"Old Coin":4,"Cables":6,"Ornamental Fan":5,"Sundial":11,"Gambling Chip":6,"Philosopher\u0027s Stone":8,"Cracked Core":0},{"Vajra":0,"Pen Nib":22,"Incense Burner":38,"Whetstone":45,"Frozen Egg 2":16,"Boot":45,"Old Coin":10,"Cables":22,"Ornamental Fan":16,"Sundial":50,"Gambling Chip":22,"Philosopher\u0027s Stone":37,"Cracked Core":0}],"Cables":[39,34,5,0,0]},"card_choices":[{"not_picked":["Coolheaded","Compile Driver"],"picked":"Ball Lightning","floor":1.0},{"not_picked":["Hello World","Compile Driver"],"picked":"Reinforced Body","floor":2.0},{"not_picked":["Darkness","Gash"],"picked":"Doom and Gloom","floor":3.0},{"not_picked":["Hologram","Streamline"],"picked":"Seek","floor":6.0},{"not_picked":["Hologram","Steam","Stack"],"picked":"SKIP","floor":8.0},{"not_picked":["Beam Cell","Rebound"],"picked":"FTL","floor":11.0},{"not_picked":["Chaos","Sweeping Beam"],"picked":"Ball Lightning","floor":14.0},{"not_picked":["Buffer+1","Multi-Cast"],"picked":"Electrodynamics+1","floor":16.0},{"not_picked":["Glacier","Force Field"],"picked":"Capacitor+1","floor":18.0},{"not_picked":["Sunder","Rebound"],"picked":"Genetic Algorithm","floor":24},{"not_picked":["Chaos+1","Leap"],"picked":"Redo+1","floor":27},{"not_picked":["Doom and Gloom","Barrage"],"picked":"Turbo","floor":28},{"not_picked":["Redo","Gash"],"picked":"Coolheaded","floor":31}],"player_experience":915670,"relics_obtained":[{"floor":6.0,"key":"Old Coin"},{"floor":8.0,"key":"Ornamental Fan"},{"floor":9.0,"key":"Frozen Egg 2"},{"floor":11.0,"key":"Pen Nib"},{"floor":24,"key":"Boot"},{"floor":26,"key":"Whetstone"},{"floor":27,"key":"Sundial"}],"event_choices":[{"damage_healed":0.0,"max_hp_gain":0.0,"max_hp_loss":0.0,"gold_gain":75.0,"event_name":"World of Goop","player_choice":"Gather Gold","floor":4.0,"gold_loss":0.0,"damage_taken":11.0},{"cards_removed":["Strike_B"],"damage_healed":0.0,"max_hp_gain":0.0,"max_hp_loss":0.0,"gold_gain":0.0,"event_name":"Golden Wing","player_choice":"Card Removal","floor":5.0,"gold_loss":0.0,"damage_taken":7.0},{"damage_healed":0.0,"max_hp_gain":0.0,"max_hp_loss":0.0,"gold_gain":0.0,"event_name":"Shining Light","player_choice":"Ignored","floor":12.0,"gold_loss":0.0,"damage_taken":0.0},{"damage_healed":0.0,"max_hp_gain":0.0,"max_hp_loss":0.0,"gold_gain":0.0,"event_name":"Addict","player_choice":"Obtained Relic","floor":19.0,"gold_loss":85.0,"damage_taken":0.0,"relics_obtained":["Incense Burner"]},{"damage_healed":0.0,"max_hp_gain":0.0,"max_hp_loss":36.0,"gold_gain":0.0,"event_name":"Ghosts","player_choice":"Became a Ghost","floor":20.0,"gold_loss":0.0,"damage_taken":0.0,"cards_obtained":["Ghostly","Ghostly","Ghostly"]},{"damage_healed":0.0,"max_hp_gain":5.0,"max_hp_loss":0.0,"gold_gain":0.0,"event_name":"Forgotten Altar","player_choice":"Shed Blood","floor":22.0,"gold_loss":0.0,"damage_taken":12.0}],"is_beta":false,"boss_relics":[{"not_picked":["Black Star","Tiny House"],"picked":"Philosopher\u0027s Stone"}],"items_purged_floors":[],"is_endless":false,"potions_floor_spawned":[6,11,16,18,27,31],"killed_by":"Automaton","ascension_level":20}}