{"host":"28wgp68li8o525n6","time":1614369416,"event":{"mods":["BaseMod","Minty Spire (QoL Compilation)","StSLib","The Marked"],"gold_per_floor":[117,117,44,44,60,91,91,166,166,203,228,228,254,281,281,390,390,415,415,444,463,479,479,499,499,508,543,117,117,151,162,162,275,275,293,1310,1330,394,443,474,474,474,509,524,533,533,6,33,33,33],"floor_reached":51,"language":"ENG","playtime":3669,"items_purged":["theMarked:Strike","theMarked:Strike","Writhe"],"score":880,"play_id":"913b33d4-199b-4813-b97d-832b017e7f3f","local_time":"20210226205656","is_ascension_mode":false,"campfire_choices":[{"data":"theMarked:DispelDoubt","floor":7,"key":"SMITH"},{"data":"theMarked:Improvise","floor":12,"key":"SMITH"},{"data":"theMarked:Static","floor":15,"key":"SMITH"},{"data":"theMarked:Abjuration","floor":23,"key":"SMITH"},{"data":"theMarked:Toughness","floor":25,"key":"SMITH"},{"floor":32,"key":"REST"},{"floor":42,"key":"REST"},{"floor":46,"key":"REST"},{"floor":49,"key":"REST"}],"circlet_count":0,"master_deck":["theMarked:Strike","theMarked:Strike","theMarked:Defend","theMarked:Defend+1","theMarked:Defend+1","theMarked:Defend","theMarked:SoldierOfQuellstein","theMarked:Improvise+1","theMarked:DispelDoubt+1","Pain","theMarked:Parry","theMarked:ContemptForTheProud","theMarked:Vacuum","theMarked:Memento","theMarked:Toughness+1","theMarked:Static+1","theMarked:Abjuration+1","theMarked:TheMission","theMarked:LightningStrikesTwice+1","Decay","theMarked:Vacuum","Normality","Normality","Pain","Regret","theMarked:Reabsorb+1"],"relics":["theMarked:ArtifactOfAir","NeowsBlessing","Matryoshka","WarpedTongs","Tiny Chest","CeramicFish","The Courier","Akabeko","Cursed Key","Bag of Marbles","Incense Burner","Juzu Bracelet","theMarked:DemonDagger","theMarked:Winder","Centennial Puzzle","War Paint","Busted Crown","Lantern","White Beast Statue","HornCleat","Kunai","Nunchaku","Pocketwatch","Toxic Egg 2","PreservedInsect","Pear","theMarked:Gun","TheAbacus","Pen Nib"],"acts_visited":["Exordium","TheCity","TheBeyond"],"potions_floor_usage":[18,24,27,27,33,40,50,50],"damage_taken":[{"damage":0,"enemies":"Cultist","floor":1,"turns":1},{"damage":0,"enemies":"Jaw Worm","floor":5,"turns":1},{"damage":2,"enemies":"Lagavulin","floor":6,"turns":1},{"damage":0,"enemies":"Gremlin Nob","floor":10,"turns":3},{"damage":1,"enemies":"2 Louse","floor":11,"turns":1},{"damage":6,"enemies":"Looter","floor":13,"turns":2},{"damage":8,"enemies":"Gremlin Gang","floor":14,"turns":5},{"damage":15,"enemies":"Slime Boss","floor":16,"turns":9},{"damage":4,"enemies":"2 Thieves","floor":18,"turns":2},{"damage":10,"enemies":"Chosen","floor":20,"turns":2},{"damage":6,"enemies":"Centurion and Healer","floor":21,"turns":5},{"damage":7,"enemies":"Chosen and Byrds","floor":22,"turns":4},{"damage":0,"enemies":"Cultist and Chosen","floor":24,"turns":5},{"damage":13,"enemies":"Gremlin Leader","floor":27,"turns":4},{"damage":2,"enemies":"Snecko","floor":31,"turns":2},{"damage":15,"enemies":"Champ","floor":33,"turns":7},{"damage":2,"enemies":"3 Darklings","floor":35,"turns":9},{"damage":1,"enemies":"Orb Walker","floor":37,"turns":2},{"damage":40,"enemies":"2 Orb Walkers","floor":39,"turns":4},{"damage":5,"enemies":"Giant Head","floor":40,"turns":6},{"damage":7,"enemies":"Writhing Mass","floor":44,"turns":4},{"damage":8,"enemies":"4 Shapes","floor":48,"turns":6},{"damage":41,"enemies":"Donu and Deca","floor":50,"turns":8}],"seed_played":"-1575399365585079012","potions_obtained":[{"floor":5,"key":"Swift Potion"},{"floor":6,"key":"Swift Potion"},{"floor":14,"key":"Energy Potion"},{"floor":20,"key":"Explosive Potion"},{"floor":24,"key":"LiquidBronze"},{"floor":27,"key":"DistilledChaos"},{"floor":35,"key":"FearPotion"},{"floor":39,"key":"GamblersBrew"},{"floor":40,"key":"DuplicationPotion"},{"floor":48,"key":"FearPotion"}],"is_trial":false,"path_per_floor":["M","T","$","?","M","E","R","?","T","E","M","R","M","M","R","B",null,"M","?","M","M","M","R","M","R","T","E","$","?","T","M","R","B",null,"M","?","M","$","?","E","?","R","T","M","T","R","$","M","R","B",null],"character_chosen":"THE_DEFAULT","items_purchased":["theMarked:DispelDoubt","theMarked:DemonDagger","theMarked:Winder","Centennial Puzzle","Lantern","White Beast Statue","HornCleat","Kunai","Nunchaku","theMarked:Gun","TheAbacus","Pen Nib"],"campfire_rested":4,"item_purchase_floors":[3,28,28,28,38,38,38,38,38,47,47,47],"current_hp_per_floor":[72,72,72,72,72,70,70,59,59,59,58,58,52,44,44,29,72,68,68,58,52,45,45,45,45,45,32,32,32,32,30,51,36,72,70,70,69,69,29,24,24,45,45,38,48,72,72,64,82,41],"gold":33,"neow_bonus":"THREE_ENEMY_KILL","is_daily":false,"chose_seed":false,"campfire_upgraded":5,"win_rate":0.0,"timestamp":1614369416,"path_taken":["M","?","$","?","?","E","R","?","T","E","M","R","M","M","R","BOSS","M","?","M","M","M","R","M","R","T","E","$","?","?","M","R","BOSS","M","?","M","$","?","E","?","R","T","M","?","R","$","M","R","BOSS"],"items_purchased_type":["Card","Relic","Relic","Relic","Relic","Relic","Relic","Relic","Relic","Relic","Relic","Relic"],"build_version":"2020-12-22","purchased_purges":3,"victory":true,"max_hp_per_floor":[72,72,72,72,72,72,72,72,72,72,72,72,72,72,72,72,72,72,72,72,72,72,72,72,72,72,72,72,72,72,72,72,72,72,72,72,72,72,72,72,72,72,72,72,82,82,82,82,82,82],"card_choices":[{"not_picked":["theMarked:EmpowerWeapon","theMarked:Aftermath"],"picked":"theMarked:Improvise","floor":1},{"not_picked":["theMarked:WardOff","theMarked:Frustration"],"picked":"theMarked:Parry","floor":5},{"not_picked":["theMarked:Improvise","theMarked:BanishingStrike"],"picked":"theMarked:ContemptForTheProud","floor":6},{"not_picked":["theMarked:Convert","theMarked:WardOff"],"picked":"theMarked:Vacuum","floor":10},{"not_picked":["theMarked:Parkour","theMarked:TwofoldDefense"],"picked":"theMarked:Memento","floor":11},{"not_picked":["theMarked:HeightenedSenses","theMarked:TakeCover"],"picked":"theMarked:Toughness","floor":13},{"not_picked":["theMarked:EmpowerWeapon","theMarked:Generate"],"picked":"theMarked:Static","floor":14},{"not_picked":["theMarked:MagusForm","theMarked:EternalStudent"],"picked":"theMarked:Abjuration","floor":16},{"not_picked":["theMarked:EmpowerWeapon","theMarked:Parkour+1"],"picked":"theMarked:TheMission","floor":18},{"not_picked":["theMarked:PowerFlow","theMarked:Parkour+1"],"picked":"theMarked:LightningStrikesTwice+1","floor":20},{"not_picked":["theMarked:SwordAndMagic","theMarked:Memento","theMarked:Improvise"],"picked":"SKIP","floor":21},{"not_picked":["theMarked:BanishingStrike","theMarked:Parkour","theMarked:Snap"],"picked":"SKIP","floor":22},{"not_picked":["theMarked:ElectricStrings+1","theMarked:Aftermath","theMarked:Opportunist+1"],"picked":"SKIP","floor":24},{"not_picked":["theMarked:WardOff","theMarked:ElectricStrings","theMarked:Convert"],"picked":"SKIP","floor":27},{"not_picked":["theMarked:Memento","theMarked:BanishingStrike+1","theMarked:SwordAndMagic"],"picked":"SKIP","floor":31},{"not_picked":["theMarked:BiggerThanFate","theMarked:Defy"],"picked":"theMarked:Vacuum","floor":33},{"not_picked":["theMarked:Convert+1"],"picked":"SKIP","floor":35},{"not_picked":["theMarked:ChainLightning+1"],"picked":"SKIP","floor":37},{"not_picked":["theMarked:ChainLightning+1"],"picked":"SKIP","floor":40},{"not_picked":["theMarked:LightningStrikesTwice+1"],"picked":"SKIP","floor":44},{"not_picked":[],"picked":"theMarked:Reabsorb+1","floor":48}],"player_experience":776329,"relics_obtained":[{"floor":2,"key":"Matryoshka"},{"floor":6,"key":"Tiny Chest"},{"floor":9,"key":"CeramicFish"},{"floor":9,"key":"The Courier"},{"floor":10,"key":"Akabeko"},{"floor":26,"key":"Bag of Marbles"},{"floor":26,"key":"Incense Burner"},{"floor":27,"key":"Juzu Bracelet"},{"floor":30,"key":"War Paint"},{"floor":39,"key":"Pocketwatch"},{"floor":40,"key":"Toxic Egg 2"},{"floor":43,"key":"PreservedInsect"},{"floor":45,"key":"Pear"}],"event_choices":[{"damage_healed":0,"gold_gain":0,"player_choice":"Rummage","damage_taken":0,"relics_obtained":["WarpedTongs"],"max_hp_gain":0,"max_hp_loss":0,"event_name":"Accursed Blacksmith","floor":4,"gold_loss":0,"cards_obtained":["Pain"]},{"damage_healed":0,"gold_gain":75,"player_choice":"Gather Gold","damage_taken":11,"max_hp_gain":0,"max_hp_loss":0,"event_name":"World of Goop","floor":8,"gold_loss":0},{"cards_removed":["theMarked:Strike"],"damage_healed":0,"gold_gain":0,"player_choice":"Offered Basic","damage_taken":0,"max_hp_gain":0,"max_hp_loss":0,"event_name":"Bonfire Elementals","floor":19,"gold_loss":0},{"damage_healed":0,"gold_gain":0,"player_choice":"Ignored","damage_taken":0,"max_hp_gain":0,"max_hp_loss":0,"event_name":"Cursed Tome","floor":29,"gold_loss":0},{"damage_healed":0,"gold_gain":999,"player_choice":"Gold","damage_taken":0,"max_hp_gain":0,"max_hp_loss":0,"event_name":"MindBloom","floor":36,"gold_loss":0,"cards_obtained":["Normality","Normality"]},{"damage_healed":0,"gold_gain":0,"player_choice":"Fight","damage_taken":0,"max_hp_gain":0,"max_hp_loss":0,"event_name":"Mysterious Sphere","floor":39,"gold_loss":0},{"damage_healed":0,"gold_gain":0,"player_choice":"Ignored","damage_taken":0,"max_hp_gain":0,"max_hp_loss":0,"event_name":"NoteForYourself","floor":41,"gold_loss":0}],"is_beta":false,"boss_relics":[{"not_picked":["Philosopher\u0027s Stone","Snecko Eye"],"picked":"Cursed Key"},{"not_picked":["SacredBark","Sozu"],"picked":"Busted Crown"}],"items_purged_floors":[28,38,47],"is_endless":false,"potions_floor_spawned":[5,6,14,20,24,27,35,39,40,44,48],"ascension_level":0}}