{"host":"gn4zoccfnie4id9c","time":1614357258,"event":{"mods":["AchievementEnabler","BaseMod","Colored Map","Minty Spire (QoL Compilation)"],"gold_per_floor":[119,119,132,49,68,94,114,146,225,225,225,225,239,252,252,349,349,366,366,381,435,43,74,74,74,98,112,211,211,211],"floor_reached":29,"language":"ENG","playtime":1682,"items_purged":[],"score":253,"play_id":"a8ca06d9-600b-4bd1-97a4-d33888ff1add","local_time":"20210226113418","is_ascension_mode":false,"campfire_choices":[{"floor":11,"key":"REST"},{"floor":15,"key":"REST"},{"floor":24,"key":"REST"}],"circlet_count":0,"master_deck":["Strike_G","Strike_G+1","Strike_G","Strike_G","Strike_G","Defend_G","Defend_G","Defend_G","Defend_G","Defend_G","Survivor+1","Neutralize","Finisher","Deflect","Dramatic Entrance","Grand Finale","Expertise","Deadly Poison+1","Blade Dance","Flying Knee","Noxious Fumes","Venomology+1","CurseOfTheBell","Bane","Eviscerate+1","Concentrate","Glass Knife","Terror+1","Slice+1","Setup"],"relics":["Ring of the Snake","Tiny Chest","Incense Burner","Ornamental Fan","Calling Bell","Art of War","White Beast Statue","StoneCalendar","Toy Ornithopter","War Paint","Pantograph","Prayer Wheel","Anchor"],"acts_visited":["Exordium","TheCity"],"potions_floor_usage":[6,6,6,6,8,8,8,23,23,23,27,27,29,29],"damage_taken":[{"damage":5,"enemies":"Jaw Worm","floor":1,"turns":4},{"damage":6,"enemies":"Cultist","floor":3,"turns":3},{"damage":0,"enemies":"Small Slimes","floor":5,"turns":2},{"damage":19,"enemies":"Gremlin Nob","floor":6,"turns":5},{"damage":0,"enemies":"Looter","floor":7,"turns":3},{"damage":5,"enemies":"Lagavulin","floor":8,"turns":7},{"damage":3,"enemies":"Red Slaver","floor":13,"turns":3},{"damage":8,"enemies":"Blue Slaver","floor":14,"turns":2},{"damage":48,"enemies":"The Guardian","floor":16,"turns":10},{"damage":2,"enemies":"Chosen","floor":18,"turns":4},{"damage":25,"enemies":"3 Byrds","floor":20,"turns":5},{"damage":42,"enemies":"Book of Stabbing","floor":23,"turns":4},{"damage":29,"enemies":"3 Cultists","floor":27,"turns":5},{"damage":15,"enemies":"Cultist and Chosen","floor":29,"turns":4}],"seed_played":"-2401787134635147804","potions_obtained":[{"floor":0,"key":"EntropicBrew"},{"floor":0,"key":"Block Potion"},{"floor":0,"key":"Ancient Potion"},{"floor":1,"key":"Fire Potion"},{"floor":7,"key":"EssenceOfSteel"},{"floor":18,"key":"BlessingOfTheForge"},{"floor":20,"key":"Poison Potion"},{"floor":23,"key":"PowerPotion"},{"floor":27,"key":"Poison Potion"}],"is_trial":false,"path_per_floor":["M","?","M","$","M","E","M","E","T","?","R","?","M","M","R","B",null,"M","?","M","T","$","E","R","?","T","M","?","M"],"character_chosen":"THE_SILENT","items_purchased":["Dramatic Entrance","Pantograph","Concentrate","Glass Knife"],"campfire_rested":3,"item_purchase_floors":[4,22,22,22],"current_hp_per_floor":[65,58,52,52,52,33,33,28,28,14,35,58,55,47,68,20,70,68,68,43,43,43,16,37,24,24,5,5,0,0],"gold":211,"neow_bonus":"THREE_SMALL_POTIONS","is_daily":false,"chose_seed":false,"campfire_upgraded":0,"win_rate":0.0,"timestamp":1614357258,"path_taken":["M","?","?","$","M","E","M","E","T","?","R","?","M","M","R","BOSS","M","?","M","?","?","E","R","?","T","M","?","M"],"items_purchased_type":["Card","Relic","Card","Card"],"build_version":"2020-12-22","purchased_purges":0,"victory":false,"max_hp_per_floor":[70,70,70,70,70,70,70,70,70,70,70,70,70,70,70,70,70,70,70,70,70,70,70,70,75,75,75,75,75,75],"card_choices":[{"not_picked":["Choke","Backflip"],"picked":"Finisher","floor":1},{"not_picked":["Sucker Punch","Cloak And Dagger"],"picked":"Deflect","floor":3},{"not_picked":["Dodge and Roll","PiercingWail"],"picked":"Grand Finale","floor":5},{"not_picked":["Noxious Fumes","Caltrops"],"picked":"Expertise","floor":6},{"not_picked":["Poisoned Stab","Dodge and Roll"],"picked":"Deadly Poison","floor":7},{"not_picked":["Heel Hook","Cloak And Dagger"],"picked":"Blade Dance","floor":8},{"not_picked":["Deadly Poison","Quick Slash"],"picked":"Flying Knee","floor":13},{"not_picked":["Sucker Punch","Flying Knee"],"picked":"Noxious Fumes","floor":14},{"not_picked":["Corpse Explosion","Die Die Die"],"picked":"Venomology","floor":16},{"not_picked":["Deflect","Flying Knee"],"picked":"Bane","floor":18},{"not_picked":["Dagger Spray+1","PiercingWail"],"picked":"Eviscerate+1","floor":20},{"not_picked":["Bullet Time","Underhanded Strike"],"picked":"Terror+1","floor":23},{"not_picked":["Sucker Punch","Dagger Spray"],"picked":"Slice+1","floor":27},{"not_picked":["Heel Hook","Escape Plan"],"picked":"Setup","floor":27}],"player_experience":136308,"relics_obtained":[{"floor":6,"key":"Tiny Chest"},{"floor":8,"key":"Incense Burner"},{"floor":9,"key":"Ornamental Fan"},{"floor":17,"key":"Art of War"},{"floor":17,"key":"White Beast Statue"},{"floor":17,"key":"StoneCalendar"},{"floor":21,"key":"War Paint"},{"floor":23,"key":"Prayer Wheel"},{"floor":26,"key":"Anchor"}],"event_choices":[{"damage_healed":0,"gold_gain":0,"player_choice":"Damaged","damage_taken":7,"max_hp_gain":0,"max_hp_loss":0,"event_name":"Wheel of Change","floor":2,"gold_loss":0},{"damage_healed":0,"gold_gain":0,"player_choice":"Entered Light","damage_taken":14,"max_hp_gain":0,"max_hp_loss":0,"event_name":"Shining Light","floor":10,"gold_loss":0,"cards_upgraded":["Deadly Poison","Strike_G"]},{"damage_healed":23,"gold_gain":0,"player_choice":"Banana","damage_taken":0,"max_hp_gain":0,"max_hp_loss":0,"event_name":"Big Fish","floor":12,"gold_loss":0},{"damage_healed":0,"gold_gain":0,"player_choice":"Gave Potion","damage_taken":0,"relics_obtained":["Toy Ornithopter"],"max_hp_gain":0,"max_hp_loss":0,"event_name":"WeMeetAgain","floor":19,"gold_loss":0},{"damage_healed":0,"gold_gain":0,"player_choice":"Shed Blood","damage_taken":18,"max_hp_gain":5,"max_hp_loss":0,"event_name":"Forgotten Altar","floor":25,"gold_loss":0},{"damage_healed":0,"gold_gain":99,"player_choice":"Stole From Cult","damage_taken":0,"max_hp_gain":0,"max_hp_loss":0,"event_name":"Nest","floor":28,"gold_loss":0}],"is_beta":false,"boss_relics":[{"not_picked":["Cursed Key","Empty Cage"],"picked":"Calling Bell"}],"items_purged_floors":[],"is_endless":false,"potions_floor_spawned":[1,5,7,18,20,23,27],"killed_by":"Cultist and Chosen","ascension_level":0}}