{"host":"qc1sjgtdjonvdsd8","time":1614338963,"event":{"mods":["BaseMod","Colored Map","Colored Powertips","Curses Come First","Minty Spire (QoL Compilation)","Replay The Spire","StSLib","The Cursed"],"gold_per_floor":[14,189,189,205,216,216,245,263,263,280,127,127,231,250,250,346,346,358,20,30,48,58,58,58,83,129,139,172,172,182,195,195,297,297,309,319,319,335,14,49,49,80,80,109,158,174,174,224,224,224,224,224,78,104,104],"floor_reached":56,"language":"ENG","playtime":8051,"items_purged":["TheCursedMod:Strike_TheCursed","TheCursedMod:Strike_TheCursed"],"score":1694,"play_id":"9461343d-d1c9-42f2-b351-83795c144130","local_time":"20210226032923","is_ascension_mode":true,"campfire_choices":[{"data":"TheCursedMod:Hemoplague","floor":6,"key":"SMITH"},{"data":"TheCursedMod:CircleOfWindfury","floor":12,"key":"SMITH"},{"floor":15,"key":"REST"},{"data":"TheCursedMod:CollectTribute","floor":23,"key":"SMITH"},{"data":"TheCursedMod:SpitefulPlan","floor":29,"key":"SMITH"},{"floor":32,"key":"REST"},{"data":"TheCursedMod:NeowsMight","floor":41,"key":"SMITH"},{"floor":49,"key":"RECALL"},{"data":"TheCursedMod:HellfireBreathing","floor":52,"key":"SMITH"}],"circlet_count":0,"master_deck":["TheCursedMod:Strike_TheCursed","TheCursedMod:Defend_TheCursed","TheCursedMod:Defend_TheCursed","TheCursedMod:Defend_TheCursed","TheCursedMod:Defend_TheCursed","TheCursedMod:CursedWand","TheCursedMod:CleanUpWorkshop","TheCursedMod:Dregs","TheCursedMod:OutForBlood","TheCursedMod:Hemoplague+1","Doubt","TheCursedMod:CursedSpellbook","TheCursedMod:RapidMovement","TheCursedMod:CircleOfWindfury+1","TheCursedMod:ManaBullet","TheCursedMod:SurpriseAttack","TheCursedMod:StingEye","ReplayTheSpireMod:Splinters","TheCursedMod:SpreadPlague","TheCursedMod:Obscuration","TheCursedMod:SpitefulPlan+1","TheCursedMod:CollectTribute+1","TheCursedMod:Wield","TheCursedMod:LuckyCharm","TheCursedMod:SpitefulStrike","TheCursedMod:SmokeScreen+1","TheCursedMod:CursedShiv+1","TheCursedMod:Mangle","TheCursedMod:SpitefulStrike+1","TheCursedMod:NeowsMight+1","TheCursedMod:LuckyCharm","TheCursedMod:SpitefulStrike","TheCursedMod:VitalStrike+1","TheCursedMod:HellfireBreathing+1","TheCursedMod:SpitefulStrike+1","TheCursedMod:SurpriseAttack","Parasite","TheCursedMod:WearCloak","TheCursedMod:CircleOfAbyss","ReplayTheSpireMod:IOU","Flash of Steel","TheCursedMod:Hemoplague+1"],"relics":["TheCursedMod:BlackMagic101","Blue Candle","Ancient Tea Set","TheCursedMod:OminousMark","ReplayTheSpireMod:Ninjato","Quantum Egg","ReplayTheSpireMod:Lightbulb","Art of War","Replay:Wax Seal","Ring of Chaos","TheCursedMod:PinkPellets","PreservedInsect","TheCursedMod:DemonicMark","Replay:Kaleidoscope","Replay:Rubber Ducky","FossilizedHelix","Ginger","Bag of Preparation","Bronze Scales"],"acts_visited":["Exordium","TheCity","TheBeyond","TheEnding"],"potions_floor_usage":[14,38,42,45,50],"damage_taken":[{"damage":6,"enemies":"2 Louse","floor":1,"turns":3},{"damage":15,"enemies":"Jaw Worm","floor":4,"turns":5},{"damage":6,"enemies":"Cultist","floor":5,"turns":5},{"damage":10,"enemies":"Replay:BlueRogue","floor":7,"turns":9},{"damage":5,"enemies":"Exordium Thugs","floor":8,"turns":6},{"damage":2,"enemies":"Looter","floor":10,"turns":3},{"damage":11,"enemies":"3 Louse","floor":14,"turns":5},{"damage":45,"enemies":"Fading Forest","floor":16,"turns":11},{"damage":8,"enemies":"Spheric Guardian","floor":18,"turns":4},{"damage":2,"enemies":"Shell Parasite","floor":20,"turns":4},{"damage":1,"enemies":"Sentry and Sphere","floor":21,"turns":5},{"damage":0,"enemies":"Snake Plant","floor":22,"turns":4},{"damage":5,"enemies":"Replay:Snechameleon","floor":25,"turns":4},{"damage":10,"enemies":"3 Cultists","floor":27,"turns":5},{"damage":17,"enemies":"Gremlin Leader","floor":28,"turns":7},{"damage":0,"enemies":"Cultist and Chosen","floor":30,"turns":5},{"damage":4,"enemies":"Centurion and Healer","floor":31,"turns":5},{"damage":2,"enemies":"Collector","floor":33,"turns":11},{"damage":0,"enemies":"Orb Walker","floor":35,"turns":3},{"damage":5,"enemies":"3 Shapes","floor":36,"turns":7},{"damage":0,"enemies":"Jaw Worm Horde","floor":38,"turns":3},{"damage":0,"enemies":"Giant Head","floor":40,"turns":4},{"damage":9,"enemies":"Reptomancer","floor":42,"turns":3},{"damage":5,"enemies":"Nemesis","floor":44,"turns":5},{"damage":1,"enemies":"2 Orb Walkers","floor":45,"turns":3},{"damage":0,"enemies":"Writhing Mass","floor":46,"turns":3},{"damage":0,"enemies":"Mind Bloom Boss Battle","floor":48,"turns":3},{"damage":0,"enemies":"Awakened One","floor":50,"turns":6},{"damage":1,"enemies":"Shield and Spear","floor":54,"turns":3},{"damage":38,"enemies":"The Heart","floor":55,"turns":6}],"seed_played":"-7367231148732801091","potions_obtained":[{"floor":5,"key":"BlessingOfTheForge"},{"floor":10,"key":"SkillPotion"},{"floor":14,"key":"Energy Potion"},{"floor":27,"key":"Milkshake"},{"floor":30,"key":"Adrenaline Potion"},{"floor":33,"key":"AttackPotion"},{"floor":38,"key":"Weak Potion"},{"floor":40,"key":"AttackPotion"},{"floor":42,"key":"Energy Potion"},{"floor":54,"key":"SteroidPotion"}],"is_trial":false,"path_per_floor":["M","?","?","M","M","R","E","M","T","M","$","R","?","M","R","B",null,"M","$","M","M","M","R","?","E","T","M","E","R","M","M","R","B",null,"M","M","?","M","$","E","R","E","T","E","?","M","?","?","R","B",null,"R","$","E","B",null],"character_chosen":"THE_CURSED","items_purchased":["TheCursedMod:StingEye","ReplayTheSpireMod:Ninjato","TheCursedMod:LuckyCharm","TheCursedMod:HellfireBreathing","TheCursedMod:PinkPellets","Bag of Preparation","Flash of Steel"],"campfire_rested":2,"item_purchase_floors":[11,19,19,39,39,53,53],"current_hp_per_floor":[69,69,69,54,48,48,38,33,33,31,31,31,31,20,42,7,75,67,67,65,64,64,64,64,59,59,49,32,32,32,28,50,48,75,75,70,70,70,70,70,70,61,61,56,55,55,55,55,55,55,71,71,71,70,32],"gold":104,"neow_bonus":"THREE_RARE_CARDS","is_daily":false,"chose_seed":false,"campfire_upgraded":6,"win_rate":0.0,"timestamp":1614338963,"path_taken":["M","?","?","M","M","R","E","?","T","M","?","R","?","M","R","BOSS","M","$","M","M","?","R","?","E","T","?","E","R","M","M","R","BOSS","M","M","?","M","$","E","R","E","T","E","?","M","?","?","R","BOSS","R","$","E","BOSS"],"items_purchased_type":["Card","Relic","Card","Card","Relic","Relic","Card"],"build_version":"2020-12-22","purchased_purges":2,"victory":true,"max_hp_per_floor":[75,75,75,75,75,75,75,75,75,75,75,75,75,75,75,75,75,75,75,75,75,75,75,75,75,75,75,75,75,75,75,75,75,75,75,75,71,71,71,71,71,71,71,71,71,71,71,71,71,71,71,71,71,71,71],"card_choices":[{"not_picked":["TheCursedMod:UltimatePain","TheCursedMod:DarkBarrier"],"picked":"TheCursedMod:OutForBlood","floor":0},{"not_picked":["TheCursedMod:CursedMace","TheCursedMod:BloodBarrier"],"picked":"TheCursedMod:Hemoplague","floor":1},{"not_picked":["TheCursedMod:Evocation","TheCursedMod:Grudge"],"picked":"TheCursedMod:CursedSpellbook","floor":4},{"not_picked":["TheCursedMod:FleshFromBone","TheCursedMod:Obscuration"],"picked":"TheCursedMod:RapidMovement","floor":5},{"not_picked":["TheCursedMod:OutForBlood","TheCursedMod:StingEye"],"picked":"TheCursedMod:CircleOfWindfury","floor":7},{"not_picked":["TheCursedMod:CircleOfWindfury","TheCursedMod:PrepareRite"],"picked":"TheCursedMod:ManaBullet","floor":8},{"not_picked":["TheCursedMod:RavingStaff","TheCursedMod:ReleasedKnowledge"],"picked":"TheCursedMod:SurpriseAttack","floor":10},{"not_picked":["TheCursedMod:CircleOfFlame","TheCursedMod:SmokeScreen"],"picked":"TheCursedMod:SpreadPlague","floor":13},{"not_picked":["TheCursedMod:Stigma","TheCursedMod:CursedAmulet"],"picked":"TheCursedMod:Obscuration","floor":13},{"not_picked":["TheCursedMod:ReleasedKnowledge","TheCursedMod:RavingStaff"],"picked":"TheCursedMod:SpitefulPlan","floor":14},{"not_picked":["TheCursedMod:AntiAging","TheCursedMod:ParallelWorld"],"picked":"TheCursedMod:CollectTribute","floor":16},{"not_picked":["TheCursedMod:ReleasedKnowledge+1","TheCursedMod:SmokeScreen"],"picked":"TheCursedMod:Wield","floor":18},{"not_picked":["TheCursedMod:ManaBullet","TheCursedMod:CursedStaff"],"picked":"TheCursedMod:SpitefulStrike","floor":20},{"not_picked":["TheCursedMod:Stigma+1","TheCursedMod:AshesToAshes"],"picked":"TheCursedMod:SmokeScreen+1","floor":21},{"not_picked":["TheCursedMod:Stretching","TheCursedMod:CircleOfFlame+1"],"picked":"TheCursedMod:CursedShiv+1","floor":22},{"not_picked":["TheCursedMod:ReleasedKnowledge","TheCursedMod:Stigma","TheCursedMod:DoubleShield"],"picked":"SKIP","floor":25},{"not_picked":["TheCursedMod:CircleOfFlame+1","TheCursedMod:Obscuration","TheCursedMod:FleshFromBone"],"picked":"SKIP","floor":27},{"not_picked":["TheCursedMod:AntiAging","TheCursedMod:Wield","TheCursedMod:CursedMace"],"picked":"SKIP","floor":28},{"not_picked":["TheCursedMod:ManaBullet","TheCursedMod:SpitefulPray"],"picked":"TheCursedMod:Mangle","floor":30},{"not_picked":["TheCursedMod:Torture","TheCursedMod:SpitefulPlan"],"picked":"TheCursedMod:SpitefulStrike+1","floor":31},{"not_picked":["TheCursedMod:CursedRelics","TheCursedMod:DarkBarrier"],"picked":"TheCursedMod:NeowsMight","floor":33},{"not_picked":["TheCursedMod:CircleOfFlame+1","TheCursedMod:TroublousMinions+1"],"picked":"TheCursedMod:LuckyCharm","floor":35},{"not_picked":["TheCursedMod:Torture+1","TheCursedMod:CircleOfWindfury+1"],"picked":"TheCursedMod:SpitefulStrike","floor":36},{"not_picked":["TheCursedMod:SmokeScreen+1","TheCursedMod:Stretching+1"],"picked":"TheCursedMod:VitalStrike+1","floor":38},{"not_picked":["TheCursedMod:FuryStrike+1","TheCursedMod:VitalStrike"],"picked":"TheCursedMod:SpitefulStrike+1","floor":40},{"not_picked":["TheCursedMod:AntiAging","TheCursedMod:RavingStaff","TheCursedMod:SpitefulStrike+1"],"picked":"SKIP","floor":42},{"not_picked":["TheCursedMod:CursedStaff","TheCursedMod:CircleOfBlood+1"],"picked":"TheCursedMod:SurpriseAttack","floor":44},{"not_picked":["TheCursedMod:CursedArmor+1","TheCursedMod:SoulReap"],"picked":"TheCursedMod:WearCloak","floor":46},{"not_picked":["TheCursedMod:LuckyCharm","TheCursedMod:Wield+1"],"picked":"TheCursedMod:CircleOfAbyss","floor":48},{"not_picked":["TheCursedMod:ReleasedKnowledge","TheCursedMod:TacticalStrike+1"],"picked":"TheCursedMod:Hemoplague+1","floor":54}],"player_experience":379971,"relics_obtained":[{"floor":7,"key":"Blue Candle"},{"floor":13,"key":"Ancient Tea Set"},{"floor":24,"key":"Quantum Egg"},{"floor":25,"key":"ReplayTheSpireMod:Lightbulb"},{"floor":26,"key":"Art of War"},{"floor":28,"key":"Replay:Wax Seal"},{"floor":40,"key":"PreservedInsect"},{"floor":42,"key":"TheCursedMod:DemonicMark"},{"floor":43,"key":"Replay:Kaleidoscope"},{"floor":44,"key":"Replay:Rubber Ducky"},{"floor":45,"key":"FossilizedHelix"},{"floor":48,"key":"Ginger"},{"floor":54,"key":"Bronze Scales"}],"event_choices":[{"damage_healed":0,"gold_gain":175,"player_choice":"AGREE","damage_taken":0,"max_hp_gain":0,"max_hp_loss":0,"event_name":"Liars Game","floor":2,"gold_loss":0,"cards_obtained":["Doubt"]},{"cards_removed":["TheCursedMod:Strike_TheCursed"],"damage_healed":0,"gold_gain":0,"player_choice":"Card Removal","damage_taken":0,"max_hp_gain":0,"max_hp_loss":0,"event_name":"Wheel of Change","floor":3,"gold_loss":0},{"damage_healed":0,"gold_gain":0,"player_choice":"Relic","damage_taken":0,"max_hp_gain":0,"max_hp_loss":0,"event_name":"Wheel of Change","floor":24,"gold_loss":0},{"damage_healed":0,"gold_gain":0,"player_choice":"Max HP","damage_taken":0,"max_hp_gain":0,"max_hp_loss":4,"event_name":"Winding Halls","floor":37,"gold_loss":0},{"damage_healed":0,"gold_gain":0,"player_choice":"Fight","damage_taken":0,"max_hp_gain":0,"max_hp_loss":0,"event_name":"Mysterious Sphere","floor":45,"gold_loss":0},{"damage_healed":0,"gold_gain":0,"player_choice":"Ignored","damage_taken":0,"max_hp_gain":0,"max_hp_loss":0,"event_name":"Tomb of Lord Red Mask","floor":47,"gold_loss":0},{"damage_healed":0,"gold_gain":0,"player_choice":"Fight","damage_taken":0,"max_hp_gain":0,"max_hp_loss":0,"event_name":"MindBloom","floor":48,"gold_loss":0}],"is_beta":false,"boss_relics":[{"not_picked":["Velvet Choker","ReplayTheSpireMod:DimensionalGlitch"],"picked":"TheCursedMod:OminousMark"},{"not_picked":["Honey Jar","Abe\u0027s Treasure"],"picked":"Ring of Chaos"}],"items_purged_floors":[11,39],"is_endless":false,"potions_floor_spawned":[5,10,14,27,30,31,33,38,40,42,44,54],"ascension_level":2}}