{"host":"uv5ws9rdk87e8i5k","time":1614371014,"event":{"mods":["AchievementEnabler","BaseMod","Colored Map","Minty Spire (QoL Compilation)","Permanent Neow","Quick Restart","StSLib","SuperFastMode","The Necromancer","The Saiyan"],"gold_per_floor":[167,181,181,193,213,239,251,251,276,286,286,317,317,348,348,450,450,450],"floor_reached":17,"language":"ENG","playtime":303,"items_purged":[],"score":353,"play_id":"d37c422b-b675-4653-b914-7bdbefa5674e","local_time":"20210226142334","is_ascension_mode":true,"campfire_choices":[{"data":"Buffer","floor":8,"key":"SMITH"},{"data":"Defragment","floor":13,"key":"SMITH"},{"data":"Static Discharge","floor":15,"key":"SMITH"}],"circlet_count":0,"master_deck":["Strike_B+1","Defend_B+1","Defend_B","Defend_B+1","Defend_B","Zap+1","Dualcast+1","Genetic Algorithm+1","FTL","Static Discharge+1","Darkness","Doom and Gloom","Buffer+1","Ball Lightning","Defragment+1","White Noise","Amplify","Meteor Strike+1","Gash+1","Glacier+1"],"relics":["Tiny House","DataDisk","Bag of Marbles","PreservedInsect","War Paint","Astrolabe"],"acts_visited":["Exordium","TheCity"],"potions_floor_usage":[6,12,12,16],"damage_taken":[{"damage":0.0,"enemies":"Small Slimes","floor":1.0,"turns":4.0},{"damage":1.0,"enemies":"Cultist","floor":2.0,"turns":3.0},{"damage":4.0,"enemies":"Jaw Worm","floor":4.0,"turns":3.0},{"damage":0.0,"enemies":"Large Slime","floor":5.0,"turns":5.0},{"damage":10,"enemies":"Gremlin Nob","floor":6,"turns":3},{"damage":3,"enemies":"Blue Slaver","floor":7,"turns":4},{"damage":4,"enemies":"3 Louse","floor":10,"turns":3},{"damage":10,"enemies":"3 Sentries","floor":12,"turns":4},{"damage":0,"enemies":"Gremlin Nob","floor":14,"turns":4},{"damage":0,"enemies":"Slime Boss","floor":16,"turns":6}],"seed_played":"-2746608569730646285","potions_obtained":[{"floor":0.0,"key":"EssenceOfDarkness"},{"floor":4.0,"key":"ColorlessPotion"},{"floor":5.0,"key":"FocusPotion"},{"floor":6,"key":"Swift Potion"},{"floor":12,"key":"Block Potion"},{"floor":16,"key":"LiquidBronze"}],"is_trial":false,"path_per_floor":["M","M","?","M","M","E","M","R","T","M","?","E","R","E","R","B",null],"character_chosen":"DEFECT","items_purchased":[],"campfire_rested":0,"item_purchase_floors":[],"current_hp_per_floor":[73,72,56,52,52,42,39,39,39,35,35,25,25,25,25,25,66,66],"gold":450,"neow_bonus":"BOSS_RELIC","is_daily":false,"chose_seed":false,"campfire_upgraded":3,"win_rate":0.0,"timestamp":1614371014,"path_taken":["M","M","?","M","M","E","M","R","T","M","?","E","R","E","R","BOSS"],"items_purchased_type":[],"build_version":"2020-12-22","purchased_purges":0,"victory":false,"max_hp_per_floor":[80,80,80,80,80,80,80,80,80,80,80,80,80,80,80,80,80,80],"card_choices":[{"not_picked":["Turbo","Cold Snap"],"picked":"Genetic Algorithm","floor":0.0},{"not_picked":["Double Energy","Coolheaded"],"picked":"FTL","floor":1.0},{"not_picked":["Reprogram","Force Field"],"picked":"Static Discharge","floor":2.0},{"not_picked":["Compile Driver","Auto Shields"],"picked":"Darkness","floor":4.0},{"not_picked":["Rebound","Undo"],"picked":"Doom and Gloom","floor":5.0},{"not_picked":["Recycle","Skim"],"picked":"Buffer","floor":6},{"not_picked":["Streamline","Compile Driver","Rip and Tear"],"picked":"SKIP","floor":7},{"not_picked":["Melter","Hologram"],"picked":"Ball Lightning","floor":10},{"not_picked":["Coolheaded","Chill"],"picked":"Defragment","floor":12},{"not_picked":["Cold Snap","Force Field"],"picked":"White Noise","floor":14},{"not_picked":["Biased Cognition","Hyperbeam"],"picked":"Amplify","floor":16}],"player_experience":238077,"relics_obtained":[{"floor":6,"key":"DataDisk"},{"floor":9,"key":"Bag of Marbles"},{"floor":12,"key":"PreservedInsect"},{"floor":14,"key":"War Paint"}],"event_choices":[{"damage_healed":0.0,"max_hp_gain":0.0,"max_hp_loss":0.0,"gold_gain":0.0,"event_name":"Shining Light","player_choice":"Entered Light","floor":3.0,"gold_loss":0.0,"damage_taken":16.0,"cards_upgraded":["Strike_B","Dualcast"]},{"damage_healed":0,"gold_gain":0,"player_choice":"Upgraded","damage_taken":0,"max_hp_gain":0,"max_hp_loss":0,"event_name":"Upgrade Shrine","floor":11,"gold_loss":0,"cards_upgraded":["Genetic Algorithm"]}],"is_beta":false,"boss_relics":[{"not_picked":["Velvet Choker","SlaversCollar"],"picked":"Astrolabe"}],"items_purged_floors":[],"is_endless":false,"potions_floor_spawned":[4,5,6,10,12,16],"ascension_level":8}}