{"host":"3l94tha3a4jgu0q4","time":1614350239,"event":{"mods":["2.2 Compatiblity","AchievementEnabler","Aspiration","BaseMod","Better Altar","Better Match","Better Note","Better Sensory Stone","Better Skull","Better Third Choice","Colored Map","Colored Powertips","Fox Events","Hermit","Highlight Path","Hubris","Humility","Minty Spire (QoL Compilation)","Monster B Gone","Permanent Neow","Relic Stats","Replay The Spire","StSLib","SuperFastMode","The IronCluck","Wandering Minibosses","slay the spire mod where everything is the same but ironclad has a cowboy hat"],"gold_per_floor":[118,134,209,221,221,254,254,264,264,264,274,274,76,96,96,198,198,214,61,61,77,88,120,120,120,147,160,178,178,194,194,194,297,297,307,307,357,357,370,370,370,370,370,384,3,3,78,109,109,109,109,109,4,34,54,54],"floor_reached":55,"language":"ENG","playtime":1929,"items_purged":["Pain","Strike_G","Strike_G"],"score":740,"play_id":"0132ffc3-8a35-432a-9099-ddc7d20e3359","local_time":"20210226063719","is_ascension_mode":false,"campfire_choices":[{"data":"Cloak And Dagger","floor":7.0,"key":"SMITH"},{"data":"Neutralize","floor":10.0,"key":"SMITH"},{"data":"Dagger Spray","floor":15,"key":"SMITH"},{"data":"ReplayTheSpireMod:Scrap Shanks","floor":25,"key":"SMITH"},{"floor":32,"key":"REST"},{"floor":40,"key":"RECALL"},{"data":"Backflip","floor":42,"key":"SMITH"},{"floor":46,"key":"REST"},{"data":"Toxin Wave","floor":49,"key":"SMITH"},{"data":"Unload","floor":52,"key":"SMITH"}],"circlet_count":0,"master_deck":["Strike_G","Strike_G","Strike_G","Defend_G","Defend_G","Defend_G","Defend_G","Defend_G+1","Survivor+1","Neutralize+1","Escape Plan","Dagger Spray+1","aspiration:Lunge+1","Cloak And Dagger+1","Prepared","ReplayTheSpireMod:Scrap Shanks+1","Dash","Backflip+1","Unload+1","Footwork+1","Blade Dance","Toxin Wave+1","Dagger Throw+1","Crippling Poison","Infinite Blades","Die Die Die","Underhanded Strike+1","PiercingWail","Toxin Wave+1","PiercingWail+1","Predator","Predator","Blade Dance","Escape Plan+1"],"relics":["Ring of the Snake","aspiration:Nostalgia","PureWater","Ninja Scroll","aspiration:SeaSaltIceCream","aspiration:Nostalgia","Cracked Core","WarpedTongs","BargainBundle","Philosopher\u0027s Stone","aspiration:Stabinomicon","Tiny Chest","Enchiridion","hubris:Backtick","FossilizedHelix","Quantum Egg","Du-Vu Doll","War Paint","aspiration:AnachronicSnailShell","Anchor","Bottled Tornado","Replay:Rubber Ducky","Replay:Bandana"],"acts_visited":["Exordium","TheCity","TheBeyond","TheEnding"],"potions_floor_usage":[14,16,21,23,33,33,35,39,50,54,54,55],"damage_taken":[{"damage":2.0,"enemies":"Cultist","floor":1.0,"turns":4.0},{"damage":3.0,"enemies":"2 Louse","floor":2.0,"turns":5.0},{"damage":0.0,"enemies":"Jaw Worm","floor":4.0,"turns":3.0},{"damage":24.0,"enemies":"Lagavulin","floor":6.0,"turns":7.0},{"damage":0.0,"enemies":"Lots of Slimes","floor":8.0,"turns":2.0},{"damage":1.0,"enemies":"3 Louse","floor":11.0,"turns":2.0},{"damage":0,"enemies":"Gremlin Gang","floor":14,"turns":1},{"damage":21,"enemies":"Hexaghost","floor":16,"turns":11},{"damage":0,"enemies":"Chosen","floor":18,"turns":3},{"damage":0,"enemies":"3 Byrds","floor":21,"turns":3},{"damage":18,"enemies":"Centurion and Healer","floor":22,"turns":7},{"damage":12,"enemies":"Book of Stabbing","floor":23,"turns":7},{"damage":0,"enemies":"3 Cultists","floor":27,"turns":5},{"damage":0,"enemies":"Snake Plant","floor":28,"turns":2},{"damage":0,"enemies":"Snecko","floor":30,"turns":3},{"damage":33,"enemies":"Automaton","floor":33,"turns":6},{"damage":11,"enemies":"3 Darklings","floor":35,"turns":4},{"damage":17,"enemies":"Mind Bloom Boss Battle","floor":37,"turns":4},{"damage":0,"enemies":"Mind Bloom Boss Battle","floor":37,"turns":5},{"damage":8,"enemies":"3 Shapes","floor":39,"turns":10},{"damage":0,"enemies":"Maw","floor":44,"turns":4},{"damage":0,"enemies":"Giant Head","floor":48,"turns":6},{"damage":16,"enemies":"hubris:GrandSnecko","floor":50,"turns":8},{"damage":25,"enemies":"Shield and Spear","floor":54,"turns":8},{"damage":61,"enemies":"The Heart","floor":55,"turns":5}],"seed_played":"7004727440764407075","potions_obtained":[{"floor":1.0,"key":"Swift Potion"},{"floor":4.0,"key":"Explosive Potion"},{"floor":8.0,"key":"Death Potion"},{"floor":16,"key":"Flashbang"},{"floor":18,"key":"Strength Potion"},{"floor":27,"key":"SkillPotion"},{"floor":30,"key":"Swift Potion"},{"floor":33,"key":"PowerPotion"},{"floor":35,"key":"LiquidMemories"},{"floor":37,"key":"Regen Potion"},{"floor":39,"key":"SkillPotion"},{"floor":54,"key":"SpeedPotion"}],"is_trial":false,"path_per_floor":["M","M","T","M","?","E","R","M","T","R","M","?","$","M","R","B",null,"M","$","?","M","M","E","?","R","T","M","M","?","M","?","R","B",null,"M","T","?","T","M","R","?","R","T","M","$","R","T","E","R","B",null,"R","$","E","B"],"character_chosen":"THE_SILENT","items_purchased":["BargainBundle","ReplayTheSpireMod:Scrap Shanks","Dash","AttackPotion","Blade Dance","Anchor","Fruit Juice","Predator","Blade Dance"],"campfire_rested":2,"item_purchase_floors":[13,13,13,13,19,45,45,53,53],"current_hp_per_floor":[68,65,65,65,65,41,41,41,41,41,40,40,40,40,40,19,70,70,70,70,70,52,40,44,44,44,44,44,28,28,28,49,16,70,59,59,42,42,34,34,34,34,34,34,34,55,55,55,55,39,70,70,70,60,0,0],"gold":54,"neow_bonus":"NOSTALGIA","is_daily":false,"chose_seed":false,"campfire_upgraded":7,"win_rate":0.0,"timestamp":1614350239,"path_taken":["M","M","?","M","?","E","R","M","T","R","M","?","$","?","R","BOSS","M","$","?","?","M","E","?","R","T","?","M","?","M","?","R","BOSS","M","?","?","?","M","R","?","R","T","M","$","R","?","E","R","BOSS","R","$","E","BOSS"],"items_purchased_type":["Relic","Card","Card","Potion","Card","Relic","Potion","Card","Card"],"build_version":"2020-12-22","purchased_purges":3,"victory":false,"max_hp_per_floor":[70,70,70,70,70,70,70,70,70,70,70,70,70,70,70,70,70,70,70,70,70,70,70,70,70,70,70,70,70,70,70,70,70,70,70,70,70,70,70,70,70,70,70,70,70,70,70,70,70,70,70,70,70,75,75,75],"relic_stats":{"counters":[25,125],"Tiny Chest":2,"War Paint":["Defend_G","Survivor"],"obtain_stats":[{"BargainBundle":13,"aspiration:Nostalgia":0,"Quantum Egg":36,"Enchiridion":29,"aspiration:Stabinomicon":23,"aspiration:SeaSaltIceCream":6,"War Paint":38,"Bottled Tornado":47,"WarpedTongs":12,"Replay:Rubber Ducky":48,"Du-Vu Doll":37,"Anchor":45,"Replay:Bandana":54,"hubris:Backtick":34,"Ninja Scroll":3,"aspiration:AnachronicSnailShell":43,"Philosopher\u0027s Stone":17,"Tiny Chest":26,"PureWater":0,"Cracked Core":6,"FossilizedHelix":34,"Ring of the Snake":0},{"BargainBundle":6,"aspiration:Nostalgia":0,"Quantum Egg":17,"Enchiridion":14,"aspiration:Stabinomicon":12,"aspiration:SeaSaltIceCream":4,"War Paint":19,"Bottled Tornado":21,"WarpedTongs":6,"Replay:Rubber Ducky":22,"Du-Vu Doll":19,"Anchor":21,"Replay:Bandana":24,"hubris:Backtick":16,"Ninja Scroll":2,"aspiration:AnachronicSnailShell":20,"Philosopher\u0027s Stone":8,"Tiny Chest":12,"PureWater":0,"Cracked Core":4,"FossilizedHelix":16,"Ring of the Snake":0},{"BargainBundle":23,"aspiration:Nostalgia":0,"Quantum Egg":75,"Enchiridion":62,"aspiration:Stabinomicon":55,"aspiration:SeaSaltIceCream":19,"War Paint":84,"Bottled Tornado":98,"WarpedTongs":23,"Replay:Rubber Ducky":104,"Du-Vu Doll":84,"Anchor":98,"Replay:Bandana":120,"hubris:Backtick":71,"Ninja Scroll":9,"aspiration:AnachronicSnailShell":94,"Philosopher\u0027s Stone":35,"Tiny Chest":55,"PureWater":0,"Cracked Core":19,"FossilizedHelix":71,"Ring of the Snake":0}],"Ring of the Snake":[16],"WarpedTongs":[101]},"card_choices":[{"not_picked":["Deadly Poison","Riddle With Holes"],"picked":"Escape Plan","floor":1.0},{"not_picked":["Deflect","Dodge and Roll"],"picked":"Dagger Spray","floor":2.0},{"not_picked":["Bane","Endless Agony"],"picked":"aspiration:Lunge","floor":4.0},{"not_picked":["Sneak Up","Acrobatics"],"picked":"Cloak And Dagger","floor":6.0},{"not_picked":["Caltrops","Flechettes","Leg Sweep"],"picked":"SKIP","floor":8.0},{"not_picked":["Underhanded Strike","hubris:Counter"],"picked":"Prepared","floor":11.0},{"not_picked":["Deflect","Replay:Poison Smokescreen"],"picked":"Backflip","floor":14},{"not_picked":["ReplayTheSpireMod:From All Sides","aspiration:Lunge"],"picked":"Unload","floor":16},{"not_picked":["Acrobatics","Outmaneuver"],"picked":"Footwork","floor":18},{"not_picked":["Dagger Spray","Dash+1"],"picked":"Toxin Wave","floor":21},{"not_picked":["Draining Mist+1","Endless Agony"],"picked":"Dagger Throw+1","floor":22},{"not_picked":["Concentrate","Catalyst+1"],"picked":"Crippling Poison","floor":23},{"not_picked":["aspiration:Lunge","Outmaneuver+1","Underhanded Strike+1"],"picked":"SKIP","floor":27},{"not_picked":["Outmaneuver","Deadly Poison","Crippling Poison"],"picked":"SKIP","floor":28},{"not_picked":["Deadly Poison+1","ReplayTheSpireMod:Scrap Shanks"],"picked":"Infinite Blades","floor":30},{"not_picked":["Doppelganger","Unload"],"picked":"Die Die Die","floor":33},{"not_picked":["Slice","Sucker Punch"],"picked":"Underhanded Strike+1","floor":35},{"not_picked":["Cloak And Dagger","Crippling Poison+1"],"picked":"PiercingWail","floor":39},{"not_picked":["Poisoned Stab","Eviscerate"],"picked":"Toxin Wave+1","floor":44},{"not_picked":["hubris:SlightOfHand+1","Escape Plan"],"picked":"PiercingWail+1","floor":48},{"not_picked":["Tactician","Flying Knee+1"],"picked":"Escape Plan+1","floor":54}],"player_experience":1997339,"relics_obtained":[{"floor":3.0,"key":"Ninja Scroll"},{"floor":6.0,"key":"aspiration:SeaSaltIceCream"},{"floor":23,"key":"aspiration:Stabinomicon"},{"floor":26,"key":"Tiny Chest"},{"floor":29,"key":"Enchiridion"},{"floor":36,"key":"Quantum Egg"},{"floor":37,"key":"Du-Vu Doll"},{"floor":38,"key":"War Paint"},{"floor":43,"key":"aspiration:AnachronicSnailShell"},{"floor":47,"key":"Bottled Tornado"},{"floor":48,"key":"Replay:Rubber Ducky"},{"floor":54,"key":"Replay:Bandana"}],"event_choices":[{"damage_healed":0.0,"max_hp_gain":0.0,"max_hp_loss":0.0,"gold_gain":0.0,"event_name":"Accursed Blacksmith","player_choice":"Rummage","floor":12.0,"gold_loss":0.0,"damage_taken":0.0,"relics_obtained":["WarpedTongs"],"cards_obtained":["Pain"]},{"damage_healed":0,"gold_gain":0,"player_choice":"Ignored","damage_taken":0,"max_hp_gain":0,"max_hp_loss":0,"event_name":"betterNote:BetterNote","floor":20,"gold_loss":0,"cards_obtained":["Devotion"]},{"damage_healed":4,"gold_gain":0,"player_choice":"LEAVE ","damage_taken":0,"relics_obtained":[],"max_hp_gain":0,"max_hp_loss":0,"event_name":"betterSkull:BetterSkull","floor":24,"gold_loss":0,"cards_upgraded":[]},{"damage_healed":0,"gold_gain":0,"player_choice":"Obtained Book","damage_taken":16,"max_hp_gain":0,"max_hp_loss":0,"event_name":"Cursed Tome","floor":29,"gold_loss":0},{"damage_healed":0,"gold_gain":0,"player_choice":"Upgraded","damage_taken":0,"max_hp_gain":0,"max_hp_loss":0,"event_name":"Upgrade Shrine","floor":31,"gold_loss":0,"cards_upgraded":["Footwork"]},{"damage_healed":0,"gold_gain":0,"player_choice":"Fight","damage_taken":0,"max_hp_gain":0,"max_hp_loss":0,"event_name":"MindBloom","floor":37,"gold_loss":0},{"damage_healed":0,"gold_gain":0,"player_choice":"Ignored","damage_taken":0,"max_hp_gain":0,"max_hp_loss":0,"event_name":"betterThird:BetterPortal","floor":41,"gold_loss":0}],"is_beta":false,"boss_relics":[{"not_picked":["SacredBark","hubris:CrackedHourglass"],"picked":"Philosopher\u0027s Stone"},{"not_picked":["Fusion Hammer","ReplayTheSpireMod:DimensionalGlitch"],"picked":"hubris:Backtick"}],"items_purged_floors":[13,19,45],"is_endless":false,"potions_floor_spawned":[1,4,8,16,18,27,30,33,35,37,39,44,54],"killed_by":"The Heart","ascension_level":0,"is_humility":true}}