{"host":"5p3yes4p30troaz4","time":1614368846,"event":{"mods":["BaseMod","Colored Map","Colored Powertips","Downfall","Googly Eyes","Hermit","Marisa????????","Minty Spire (QoL Compilation)","Replay The Spire","StSLib","The Cursed","The Servant 0.9.4"],"gold_per_floor":[113,126,201,215,228,258,258,7,7,26,45,45,55,10,10,113,113,130,78,78,89,106,106,125,125,149,174,274,274,274,291,291,391,391,405,405,405,419,432,432,443,443,443,492,492,510,530,29,29,29,29],"floor_reached":50,"language":"ENG","playtime":11740,"items_purged":[],"score":491,"play_id":"3084b703-1427-41e0-8150-d890c5a4c172","local_time":"20210226134726","is_ascension_mode":false,"campfire_choices":[{"floor":7.0,"key":"REST"},{"data":"Immolate","floor":12.0,"key":"SMITH"},{"floor":15.0,"key":"REST"},{"data":"Specialist","floor":45,"key":"SMITH"}],"circlet_count":0,"master_deck":["Strike_R","Strike_R","Strike_R","Strike_R","Strike_R","Defend_R+1","Defend_R","Defend_R+1","Bash","Searing Blow","Clash","Sword Boomerang+1","Whirlwind","Clash+1","Immolate+1","Finesse","ReplayTheSpireMod:Stacked+1","Headbutt","Reaper+1","Clash","Brutality","AbeCurse","CurseOfTheBell","Run Through+1","Combust+1","Warcry+1","ReplayTheSpireMod:Stacked+1","Intimidate+1","Flame Barrier","ReplayTheSpireMod:Muscle Training+1","Berserk","Metallicize","Specialist+1","Replay:Undeath\u0027s Touch+1","Disarm+1","Burning Pact+1","Wild Strike+1","Body Slam+1","Dropkick+1"],"relics":["SlaversCollar","Iron Hammer","Kunai","Replay:Grab Bag","Replay:Bronze Core","Abe\u0027s Treasure","Calling Bell","Bag of Preparation","Matryoshka","Replay:Multitool","Ginger","Another Sword","MealTicket","Replay:Rubber Ducky","Omamori","Pocketwatch","Bottled Tornado","Nilry\u0027s Codex","Empty Cage","Sundial","Gambling Chip","War Paint","ReplayTheSpireMod:Shallot","Letter Opener"],"acts_visited":["Exordium","TheCity","TheBeyond"],"potions_floor_usage":[27,28,33,33,33,39,46,50,50,50,50,50,50],"damage_taken":[{"damage":0.0,"enemies":"Small Slimes","floor":1.0,"turns":3.0},{"damage":10.0,"enemies":"Cultist","floor":2.0,"turns":4.0},{"damage":0.0,"enemies":"2 Louse","floor":4.0,"turns":2.0},{"damage":11.0,"enemies":"Red Slaver","floor":5.0,"turns":4.0},{"damage":30.0,"enemies":"Lagavulin","floor":6.0,"turns":6.0},{"damage":0.0,"enemies":"Blue Slaver","floor":10.0,"turns":2.0},{"damage":0.0,"enemies":"Large Slime","floor":11.0,"turns":3.0},{"damage":5.0,"enemies":"Looter","floor":13.0,"turns":3.0},{"damage":2.0,"enemies":"Fading Forest","floor":16.0,"turns":11.0},{"damage":3.0,"enemies":"Shell Parasite","floor":18.0,"turns":2.0},{"damage":0.0,"enemies":"Spheric Guardian","floor":21.0,"turns":1.0},{"damage":26.0,"enemies":"Centurion and Healer","floor":22.0,"turns":3.0},{"damage":0,"enemies":"Snake Plant","floor":24,"turns":2},{"damage":14,"enemies":"Replay:Snechameleon","floor":27,"turns":7},{"damage":10,"enemies":"Colosseum Slavers","floor":28,"turns":5},{"damage":5,"enemies":"Colosseum Nobs","floor":28,"turns":4},{"damage":9,"enemies":"Snecko","floor":31,"turns":4},{"damage":50,"enemies":"Champ","floor":33,"turns":11},{"damage":12,"enemies":"3 Darklings","floor":35,"turns":3},{"damage":0,"enemies":"3 Shapes","floor":38,"turns":4},{"damage":33,"enemies":"Transient","floor":39,"turns":5},{"damage":32,"enemies":"Writhing Mass","floor":41,"turns":5},{"damage":12,"enemies":"Jaw Worm Horde","floor":46,"turns":4},{"damage":3,"enemies":"Sphere and 2 Shapes","floor":47,"turns":3},{"damage":100,"enemies":"Replay:Hell Engine","floor":50,"turns":10}],"seed_played":"139074538646036032","potions_obtained":[{"floor":1.0,"key":"GamblersBrew"},{"floor":2.0,"key":"LifebloodPotion"},{"floor":5.0,"key":"Regen Potion"},{"floor":6.0,"key":"EssenceOfSteel"},{"floor":13.0,"key":"BlessingOfTheForge"},{"floor":27,"key":"Fire Potion"},{"floor":28,"key":"LiquidBronze"},{"floor":33,"key":"FearPotion"},{"floor":35,"key":"FearPotion"},{"floor":39,"key":"Dexterity Potion"},{"floor":44,"key":"Slimebound:ThreeZeroPotion"},{"floor":44,"key":"EntropicBrew"},{"floor":46,"key":"BloodPotion"}],"is_trial":false,"path_per_floor":["M","M","?","M","M","E","R","$","T","M","M","R","M","$","R","B",null,"M","$","?","M","M","R","M","?","T","E","?","R","?","M","R","B",null,"M","?","?","M","M","R","M","R","T","?","R","M","M","$","R","B"],"character_chosen":"IRONCLAD","items_purchased":["Immolate","Finesse","Clash","Combust+1","ReplayTheSpireMod:Shallot","Letter Opener"],"campfire_rested":2,"item_purchase_floors":[8,8,14,19,48,48],"current_hp_per_floor":[80,70,62,62,51,26,50,50,50,50,50,50,45,45,69,80,80,77,77,77,80,54,78,78,78,78,65,50,74,58,58,80,40,80,68,68,80,80,47,71,39,63,63,63,63,51,48,63,80,0,0],"gold":29,"neow_bonus":"BOSS_RELIC","is_daily":false,"chose_seed":false,"campfire_upgraded":2,"win_rate":0.0,"timestamp":1614368846,"path_taken":["M","M","?","M","M","E","R","?","T","M","M","R","?","$","R","BOSS","M","$","?","M","?","R","M","?","T","E","?","R","?","M","R","BOSS","M","?","?","M","M","R","M","R","T","?","R","M","M","$","R","BOSS"],"items_purchased_type":["Card","Card","Card","Card","Relic","Relic"],"build_version":"2020-12-22","purchased_purges":0,"victory":false,"max_hp_per_floor":[80,80,80,80,80,80,80,80,80,80,80,80,80,80,80,80,80,80,80,80,80,80,80,80,80,80,80,80,80,80,80,80,80,80,80,80,80,80,80,80,80,80,80,80,80,80,80,80,80,80,80],"card_choices":[{"not_picked":["ReplayTheSpireMod:LeadingStrike","Intimidate"],"picked":"Searing Blow","floor":1.0},{"not_picked":["Twin Strike","Dark Embrace"],"picked":"Clash","floor":2.0},{"not_picked":["Evolve","Replay:Undeath\u0027s Touch"],"picked":"Sword Boomerang","floor":4.0},{"not_picked":["Bloodletting","Perfected Strike"],"picked":"Whirlwind","floor":5.0},{"not_picked":["Massacre","Cleave"],"picked":"Clash","floor":6.0},{"not_picked":["Sword Boomerang","Ghostly Armor"],"picked":"ReplayTheSpireMod:Stacked","floor":10.0},{"not_picked":["Pummel","Iron Wave"],"picked":"Headbutt","floor":11.0},{"not_picked":["Abandon","Run Through"],"picked":"Reaper","floor":13.0},{"not_picked":["Impervious","Hemogenesis"],"picked":"Brutality","floor":16.0},{"not_picked":["Warcry+1","Cleave"],"picked":"Run Through+1","floor":18.0},{"not_picked":["Power Through+1","ReplayTheSpireMod:LeadingStrike"],"picked":"Warcry","floor":21.0},{"not_picked":["Clash","Sever Soul"],"picked":"ReplayTheSpireMod:Stacked+1","floor":22.0},{"not_picked":["ReplayTheSpireMod:Strike From Hell+1","Cleave"],"picked":"Intimidate+1","floor":24},{"not_picked":["Demon Form","Pommel Strike"],"picked":"Flame Barrier","floor":27},{"not_picked":["Clothesline+1","Disarm"],"picked":"ReplayTheSpireMod:Muscle Training","floor":28},{"not_picked":["Replay:Undeath\u0027s Touch","Searing Blow","Carnage"],"picked":"SKIP","floor":31},{"not_picked":["Demonic Infusion","Immolate"],"picked":"Berserk","floor":33},{"not_picked":["Heavy Blade","Sword Boomerang"],"picked":"Metallicize","floor":35},{"not_picked":["Secret Technique","Discovery"],"picked":"Specialist","floor":36},{"not_picked":["Sword Boomerang+1","Reckless Charge"],"picked":"Replay:Undeath\u0027s Touch+1","floor":38},{"not_picked":["Run Through+1","Shrug It Off"],"picked":"Disarm+1","floor":39},{"not_picked":["Headbutt","ReplayTheSpireMod:Corrosion Curse+1"],"picked":"Burning Pact+1","floor":41},{"not_picked":["Pommel Strike","Burning Pact+1"],"picked":"Wild Strike+1","floor":44},{"not_picked":["Thunderclap","True Grit"],"picked":"Body Slam+1","floor":46},{"not_picked":["Heavy Blade+1","Uppercut+1"],"picked":"Dropkick+1","floor":47}],"player_experience":165082,"relics_obtained":[{"floor":6.0,"key":"Iron Hammer"},{"floor":9.0,"key":"Kunai"},{"floor":17.0,"key":"Bag of Preparation"},{"floor":17.0,"key":"Matryoshka"},{"floor":17.0,"key":"Replay:Multitool"},{"floor":20.0,"key":"Ginger"},{"floor":26,"key":"MealTicket"},{"floor":26,"key":"Replay:Rubber Ducky"},{"floor":27,"key":"Omamori"},{"floor":28,"key":"Pocketwatch"},{"floor":28,"key":"Bottled Tornado"},{"floor":30,"key":"Nilry\u0027s Codex"},{"floor":43,"key":"Sundial"},{"floor":43,"key":"Gambling Chip"},{"floor":44,"key":"War Paint"}],"event_choices":[{"damage_healed":0.0,"max_hp_gain":0.0,"max_hp_loss":0.0,"gold_gain":75.0,"event_name":"FaceTrader","player_choice":"Touch","floor":3.0,"gold_loss":0.0,"damage_taken":8.0},{"damage_healed":0.0,"max_hp_gain":0.0,"max_hp_loss":0.0,"gold_gain":0.0,"event_name":"Wheel of Change","player_choice":"Relic","floor":20.0,"gold_loss":0.0,"damage_taken":0.0},{"damage_healed":0,"gold_gain":0,"player_choice":"Fight","damage_taken":0,"max_hp_gain":0,"max_hp_loss":0,"event_name":"Colosseum","floor":28,"gold_loss":0},{"damage_healed":0,"gold_gain":0,"player_choice":"Fought Nobs","damage_taken":0,"max_hp_gain":0,"max_hp_loss":0,"event_name":"Colosseum","floor":28,"gold_loss":0},{"damage_healed":0,"gold_gain":0,"player_choice":"Obtained Book","damage_taken":16,"max_hp_gain":0,"max_hp_loss":0,"event_name":"Cursed Tome","floor":30,"gold_loss":0},{"damage_healed":0,"gold_gain":0,"player_choice":"Memory 1","damage_taken":0,"max_hp_gain":0,"max_hp_loss":0,"event_name":"SensoryStone","floor":36,"gold_loss":0},{"damage_healed":20,"gold_gain":0,"player_choice":"Writhe","damage_taken":0,"max_hp_gain":0,"max_hp_loss":0,"event_name":"Winding Halls","floor":37,"gold_loss":0,"cards_obtained":["Writhe"]}],"is_beta":false,"boss_relics":[{"not_picked":["Ring of Chaos","Black Star"],"picked":"Replay:Grab Bag"},{"not_picked":["Electric Blood","Velvet Choker"],"picked":"Replay:Bronze Core"},{"not_picked":["Cursed Key","Sozu"],"picked":"Abe\u0027s Treasure"},{"not_picked":["Replay:Drink Me","SacredBark"],"picked":"Calling Bell"},{"not_picked":["Replay:Ancient Bell","Honey Jar"],"picked":"Empty Cage"}],"items_purged_floors":[],"is_endless":false,"potions_floor_spawned":[1,2,5,6,13,18,27,28,28,33,35,39,46],"killed_by":"Replay:Hell Engine","ascension_level":0}}