{"host":"1lxw72ckkilnkgp7","time":1614347733,"event":{"mods":["ATMod(阿瑾Mod)","BaseMod","BetterRewards","Custom Start","Marisa（F雨　魔理沙）","Minty Spire (QoL Compilation)","Quick Restart","Replay The Spire","Shop Mod","StSLib","The Servant 0.9.4","[IsaacMod]以撒尖塔","[功能]功能增强和修复MOD"],"gold_per_floor":[110,110,126,266,281,324,324,343,343,383,407,427,458,472,472,875,875,900,890,904,920,915,959,972,1016,1039,1039,1075,1089,1089,1084,1084,1497,1497,1511,1511,1527,1512,1536,1575,1575,1606,1606,1601,1601,1739,1739,1877,1877,2077,2077,2077,2077,2312,3012],"floor_reached":56,"language":"ZHS","playtime":2506,"items_purged":["Strike_S","Strike_S","Defend_S","Defend_S","Ricochet","Strike_S+1","Strike_S+1","KidneyShot","Defend_S","Shame","Defend_S","Barrier","Alleviate","FlawlessForm","Potential","Ricochet+1","Starlight","DoctorFetus+1","AT_EmpoweredMortalDraw+1"],"score":2726,"play_id":"1e5dad37-0293-4282-9c3d-7f7818eb9e73","local_time":"20210226215533","is_ascension_mode":true,"campfire_choices":[{"data":"Duplication","floor":7.0,"key":"SMITH"},{"data":"ShiftingGears","floor":15.0,"key":"SMITH"},{"data":"AT_EmpoweredMortalDraw","floor":27.0,"key":"SMITH"},{"floor":30.0,"key":"RECALL"},{"data":"Embodiment","floor":32.0,"key":"SMITH"},{"data":"FloweringNight","floor":45.0,"key":"SMITH"},{"data":"Sunlight","floor":47.0,"key":"SMITH"},{"data":"AT_ChampionStep","floor":49.0,"key":"SMITH"},{"data":"SilverBlades","floor":52.0,"key":"SMITH"}],"circlet_count":0,"master_deck":["Exchange","AT_ChampionStep+1","LightFlow+1","SilverBlades+1","ShiftingGears+1","Moondial","InstantArmor","Rearm+1","BottledTime","Duplication+1","SoulSculpture+1","BottledTime","DualDimension","Barrier+1","BottledTime+1","SpecialFormula+1","Alleviate+1","Embodiment+1","TheWorld+1","FloweringNight+1","FlawlessForm+1","Sunlight+1","TheWorld+1","Embodiment+1","StarChef+1","DualDimension+1","DualDimension+1"],"relics":["Uniform","AT_ATBox","HushsDoor","GuppysPaw","OrangePellets","AT_EbonyIvory","White Beast Statue","Membership Card","SatanicBible","Whetstone","Orrery","TungstenRod","Pan","Sundial","Medical Kit","UnicornStump","PocketWatch","Golden Idol","ReplayTheSpireMod:CursedCoin","AT_BladeRuinedKing","Mirror","Toxic Egg 2","Happy Flower","WingedGreaves","MysterySword","TheAbacus","CaptainsWheel","Bronze Scales","Frozen Egg 2","Mango","Nunchaku","Incense Burner","AT_SunfireAegis","AT_ChloranthyRing","Guide Book","Bag of Preparation","Replay:Bronze Core","Replay:Accelerometer","ReplayTheSpireMod:ShopPack","Strawberry","Eternal Feather","Cauldron","Onion Ring","AT_TimeSand","AT_TheCollector","BargainBundle","AT_ArchangelStaff","Pondfish Scales","Replay:Ringing Soul"],"acts_visited":["Exordium","TheCity","TheBeyond","TheEnding"],"potions_floor_usage":[55],"damage_taken":[{"damage":0.0,"enemies":"Jaw Worm","floor":1.0,"turns":2.0},{"damage":0.0,"enemies":"2 Louse","floor":3.0,"turns":1.0},{"damage":0.0,"enemies":"Cultist","floor":5.0,"turns":2.0},{"damage":0.0,"enemies":"Replay:BlueRogue","floor":6.0,"turns":2.0},{"damage":0.0,"enemies":"Gremlin Gang","floor":8.0,"turns":2.0},{"damage":0.0,"enemies":"Gremlin Nob","floor":10.0,"turns":2.0},{"damage":0.0,"enemies":"Lots of Slimes","floor":11.0,"turns":3.0},{"damage":5.0,"enemies":"3 Louse","floor":12.0,"turns":2.0},{"damage":3.0,"enemies":"3 Sentries","floor":13.0,"turns":3.0},{"damage":0.0,"enemies":"Exordium Thugs","floor":14.0,"turns":1.0},{"damage":0.0,"enemies":"The Guardian","floor":16.0,"turns":2.0},{"damage":0.0,"enemies":"Shell Parasite","floor":18.0,"turns":2.0},{"damage":0.0,"enemies":"2 Thieves","floor":20.0,"turns":1.0},{"damage":0.0,"enemies":"Cultist and Chosen","floor":21.0,"turns":2.0},{"damage":0.0,"enemies":"Book of Stabbing","floor":23.0,"turns":1.0},{"damage":0.0,"enemies":"Snecko","floor":24.0,"turns":1.0},{"damage":0.0,"enemies":"Slavers","floor":25.0,"turns":1.0},{"damage":0.0,"enemies":"Book of Stabbing","floor":28.0,"turns":1.0},{"damage":0.0,"enemies":"Centurion and Healer","floor":29.0,"turns":1.0},{"damage":0.0,"enemies":"Champ","floor":33.0,"turns":2.0},{"damage":0.0,"enemies":"3 Shapes","floor":35.0,"turns":2.0},{"damage":0.0,"enemies":"Orb Walker","floor":37.0,"turns":1.0},{"damage":0.0,"enemies":"Sphere and 2 Shapes","floor":39.0,"turns":1.0},{"damage":0.0,"enemies":"Reptomancer","floor":40.0,"turns":1.0},{"damage":0.0,"enemies":"R_Hoarder","floor":42.0,"turns":2.0},{"damage":0.0,"enemies":"Giant Head","floor":46.0,"turns":1.0},{"damage":0.0,"enemies":"Reptomancer","floor":48.0,"turns":1.0},{"damage":0.0,"enemies":"Donu and Deca","floor":50.0,"turns":2.0},{"damage":0,"enemies":"Shield and Spear","floor":54,"turns":2},{"damage":0,"enemies":"LittleHush","floor":55,"turns":5}],"seed_played":"-5437084429677598581","potions_obtained":[{"floor":1.0,"key":"PowerPotion"},{"floor":1.0,"key":"SneckoOil"},{"floor":3.0,"key":"LiquidMemories"},{"floor":5.0,"key":"GamblersBrew"},{"floor":10.0,"key":"Elixir"},{"floor":20.0,"key":"Fruit Juice"},{"floor":21.0,"key":"EntropicBrew"}],"is_trial":false,"path_per_floor":["M","?","M","$","M","E","R","M","T","E","M","M","E","M","R","B",null,"M","$","M","M","$","E","M","E","T","R","E","M","R","$","R","B",null,"M","?","M","$","M","E","$","E","T","$","R","E","R","E","R","B",null,"R","$","E","B",null],"character_chosen":"THE_SERVANT","items_purchased":["OrangePellets","AT_EbonyIvory","White Beast Statue","LightFlow","Membership Card","SatanicBible","SilverBlades","Whetstone","Alleviate","ShiftingGears","Orrery","TungstenRod","Rearm+1","BottledTime","Ricochet","Ricochet+1","Pan","Duplication","Sundial","Medical Kit","SoulSculpture+1","UnicornStump","DualDimension","ReplayTheSpireMod:CursedCoin","TheAbacus","FloweringNight","CaptainsWheel","Bronze Scales","AT_EmpoweredMortalDraw","Frozen Egg 2","Mango","FlawlessForm+1","AT_ChloranthyRing","Guide Book","StarChef+1","Replay:Accelerometer","ReplayTheSpireMod:ShopPack","Eternal Feather","Cauldron","AT_TimeSand","AT_TheCollector","BargainBundle","DualDimension+1","DuplicationPotion"],"campfire_rested":0,"item_purchase_floors":[0,0,0,0,0,0,0,0,0,0,0,0,0,0,0,0,0,0,0,0,0,0,4,4,19,19,19,19,19,22,22,22,31,31,34,38,38,41,41,44,44,44,44,53],"current_hp_per_floor":[59,59,59,59,59,59,59,59,59,59,59,54,51,59,59,60,60,60,60,65,65,79,79,79,79,79,79,79,79,79,79,79,79,76,76,76,76,76,76,83,83,83,83,83,83,83,83,83,83,83,83,83,83,86,86],"gold":3012,"neow_bonus":"","is_daily":false,"chose_seed":false,"campfire_upgraded":8,"win_rate":0.0,"timestamp":1614347733,"path_taken":["M","?","M","$","M","E","R","?","T","E","M","M","E","M","R","BOSS","M","$","M","?","$","E","M","E","T","R","E","?","R","$","R","BOSS","M","?","M","$","M","E","$","E","T","$","R","E","R","E","R","BOSS","R","$","E","BOSS"],"items_purchased_type":["Relic","Relic","Relic","Card","Relic","Relic","Card","Relic","Card","Card","Relic","Relic","Card","Card","Card","Card","Relic","Card","Relic","Relic","Card","Relic","Card","Relic","Relic","Card","Relic","Relic","Card","Relic","Relic","Card","Relic","Relic","Card","Relic","Relic","Relic","Relic","Relic","Relic","Relic","Card","Potion"],"build_version":"2020-12-22","purchased_purges":19,"victory":true,"max_hp_per_floor":[65,60,60,60,60,60,60,60,60,60,60,60,60,60,60,60,60,60,60,65,65,79,79,79,79,79,79,79,79,79,79,79,79,76,76,76,76,76,76,83,83,83,83,83,83,83,83,83,83,83,83,83,83,86,86],"card_choices":[{"not_picked":[],"picked":"DoctorFetus","floor":0.0},{"not_picked":["Unruled","SilverBlades"],"picked":"Moondial","floor":0.0},{"not_picked":["PendulumOfEternity","WasteNot"],"picked":"InstantArmor","floor":0.0},{"not_picked":["ShatteredReality","SilverBlades"],"picked":"FlawlessForm","floor":0.0},{"not_picked":["ShatteredReality","TimeWarp"],"picked":"Potential","floor":0.0},{"not_picked":["Alleviate","TimeWarp"],"picked":"Starlight","floor":0.0},{"not_picked":["ReturningBlade","DoubleEdge"],"picked":"Barrier","floor":1.0},{"not_picked":["Replace","SpecialFormula"],"picked":"BottledTime","floor":1.0},{"not_picked":["Rearm","Snipe","Alleviate"],"picked":"SKIP","floor":3.0},{"not_picked":["Sabotage","Rewind","Spin"],"picked":"SKIP","floor":3.0},{"not_picked":["Rearm","FlawlessForm","Desolation"],"picked":"SKIP","floor":5.0},{"not_picked":["Read","SurpressingFire","InstantArmor"],"picked":"SKIP","floor":5.0},{"not_picked":["Moonlight","TimeTheft","Starlight"],"picked":"SKIP","floor":6.0},{"not_picked":["Rewind","Starlight","FastForward"],"picked":"SKIP","floor":8.0},{"not_picked":["Ricochet","Revamp","BottledTime"],"picked":"SKIP","floor":8.0},{"not_picked":["KillingDoll","ReturningBlade"],"picked":"Barrier+1","floor":10.0},{"not_picked":["Gouge","ShatteredReality","Replace+1"],"picked":"SKIP","floor":11.0},{"not_picked":["TimeTheft+1","Sabotage","TimeWarp"],"picked":"SKIP","floor":11.0},{"not_picked":["TimeWarp","FastForward+1"],"picked":"BottledTime+1","floor":12.0},{"not_picked":["Ricochet","BottledTime+1","Bomb"],"picked":"SKIP","floor":12.0},{"not_picked":["Bomb","Alleviate+1"],"picked":"SpecialFormula+1","floor":13.0},{"not_picked":["Ricochet","Potential"],"picked":"Alleviate+1","floor":14.0},{"not_picked":["Defy+1","DoubleEdge","FastForward+1"],"picked":"SKIP","floor":14.0},{"not_picked":["KillingDoll","Solidify+1"],"picked":"Embodiment","floor":16.0},{"not_picked":["FlawlessForm","Embodiment"],"picked":"TheWorld+1","floor":16.0},{"not_picked":["TimeTheft+1","Unruled","Ricochet+1"],"picked":"SKIP","floor":18.0},{"not_picked":["Desolation","ShatteredReality+1","Orbit+1"],"picked":"SKIP","floor":18.0},{"not_picked":["FastForward+1","MoonPhase","Rearm+1"],"picked":"SKIP","floor":20.0},{"not_picked":["BottledTime+1","Defy+1","Ricochet+1"],"picked":"SKIP","floor":20.0},{"not_picked":["InstantArmor+1","Alleviate+1","RealityMarble"],"picked":"SKIP","floor":21.0},{"not_picked":["Potential","ShatteredReality","DancingSilver+1"],"picked":"SKIP","floor":21.0},{"not_picked":["Alleviate+1","Spin","BottledTime+1"],"picked":"SKIP","floor":23.0},{"not_picked":["DoubleEdge","BottledTime+1","Snipe"],"picked":"SKIP","floor":24.0},{"not_picked":["Barrier+1","Sabotage","Spin"],"picked":"SKIP","floor":24.0},{"not_picked":["FlawlessForm+1","BottledTime+1","Unruled+1"],"picked":"SKIP","floor":25.0},{"not_picked":["Ricochet+1","FastForward+1","Alleviate+1"],"picked":"SKIP","floor":28.0},{"not_picked":["Deadline+1","ShatteredReality","Replace+1"],"picked":"SKIP","floor":29.0},{"not_picked":["Reset+1","Snipe","Revamp+1"],"picked":"SKIP","floor":29.0},{"not_picked":["ForgedInTime+1","Embodiment+1"],"picked":"Sunlight","floor":33.0},{"not_picked":["FloweringNight+1","KillingDoll"],"picked":"TheWorld+1","floor":33.0},{"not_picked":["Deny+1","Duplication+1"],"picked":"Embodiment+1","floor":33.0},{"not_picked":["Potential","Replace+1","Alleviate+1"],"picked":"SKIP","floor":35.0},{"not_picked":["RealityMarble+1","Moondial+1","SilverMatrix+1"],"picked":"SKIP","floor":35.0},{"not_picked":["Starlight+1","DoubleEdge+1","Ricochet+1"],"picked":"SKIP","floor":37.0},{"not_picked":["ShatteredReality","DancingSilver+1","Replace+1"],"picked":"SKIP","floor":37.0},{"not_picked":["Revamp+1","DoubleEdge","Rearm+1"],"picked":"SKIP","floor":39.0},{"not_picked":["Spin+1","Read+1","Collapse+1"],"picked":"SKIP","floor":39.0},{"not_picked":["Alleviate+1","Spin+1","Replace+1"],"picked":"SKIP","floor":40.0},{"not_picked":["Desolation+1","Rearm+1","Shuttle+1"],"picked":"SKIP","floor":42.0},{"not_picked":["FastForward+1","Defy+1","Rewind+1"],"picked":"SKIP","floor":46.0},{"not_picked":["Read+1","Contraction+1","Initiator"],"picked":"SKIP","floor":48.0},{"not_picked":["Starlight+1","Barrier+1"],"picked":"DualDimension+1","floor":54}],"player_experience":181429,"relics_obtained":[{"floor":6.0,"key":"AT_BladeRuinedKing"},{"floor":9.0,"key":"Mirror"},{"floor":10.0,"key":"Toxic Egg 2"},{"floor":13.0,"key":"Happy Flower"},{"floor":16.0,"key":"WingedGreaves"},{"floor":23.0,"key":"Nunchaku"},{"floor":25.0,"key":"Incense Burner"},{"floor":26.0,"key":"AT_SunfireAegis"},{"floor":33.0,"key":"Bag of Preparation"},{"floor":40.0,"key":"Strawberry"},{"floor":42.0,"key":"Onion Ring"},{"floor":46.0,"key":"AT_ArchangelStaff"},{"floor":48.0,"key":"Pondfish Scales"},{"floor":54,"key":"Replay:Ringing Soul"}],"event_choices":[{"damage_healed":0.0,"max_hp_gain":0.0,"max_hp_loss":5.0,"gold_gain":0.0,"event_name":"Golden Idol","player_choice":"Lose Max HP","floor":2.0,"gold_loss":0.0,"damage_taken":0.0,"relics_obtained":["Golden Idol"]}],"is_beta":false,"boss_relics":[{"not_picked":["Abe\u0027s Treasure","Philosopher\u0027s Stone"],"picked":"MysterySword"},{"not_picked":[]},{"not_picked":["Runic Pyramid","Ring of Chaos"],"picked":"Replay:Bronze Core"},{"not_picked":[]}],"items_purged_floors":[0,0,0,0,0,0,0,0,0,4,4,19,19,22,31,38,38,38,44],"is_endless":false,"potions_floor_spawned":[1,1,3,3,3,5,5,5,6,6,8,8,10,10,10,10,11,11,12,12,12,13,13,13,14,16,18,18,20,20,21,21,21,23,23,23,23,24,24,24,25,25,25,25,28,29,29,29,33,33,35,35,37,37,37,39,39,40,40,40,40,42,42,42,42,46,46,46,48,54,54],"ascension_level":6}}