{"host":"ul3z8ex5o8l5j7mh","time":1614346858,"event":{"mods":["2.2 Compatiblity","AchievementEnabler","BaseMod","Bestiary","Colored Map","Colored Powertips","Curses Come First","DeckTracker","Highlight Path","Keyboard Shortcuts","Minty Spire (QoL Compilation)","Relic Sorter","Relic Stats","StSLib","SuperFastMode"],"gold_per_floor":[118,118,135,60,60,60,60,60,60],"floor_reached":8,"language":"ENG","playtime":151,"items_purged":["Defend_R"],"score":57,"play_id":"68efcc81-6893-4d16-9762-aba26a01fe08","local_time":"20210226144058","is_ascension_mode":true,"campfire_choices":[{"data":"Dark Embrace","floor":6,"key":"SMITH"}],"circlet_count":0,"master_deck":["Strike_R","Strike_R","Strike_R","Strike_R","Defend_R","Defend_R","Bash","Armaments","Dark Embrace+1"],"relics":["Runic Pyramid","Potion Belt"],"acts_visited":["Exordium"],"potions_floor_usage":[],"damage_taken":[{"damage":9,"enemies":"2 Louse","floor":1,"turns":3},{"damage":1,"enemies":"Cultist","floor":3,"turns":3},{"damage":55,"enemies":"Gremlin Nob","floor":8,"turns":4}],"seed_played":"8338922973006477123","potions_obtained":[],"is_trial":false,"path_per_floor":["M","?","M","$","?","R","?","E"],"character_chosen":"IRONCLAD","items_purchased":[],"campfire_rested":0,"item_purchase_floors":[],"current_hp_per_floor":[63,63,62,62,55,55,43,0,0],"gold":60,"neow_bonus":"BOSS_RELIC","is_daily":false,"chose_seed":false,"campfire_upgraded":1,"win_rate":0.0,"timestamp":1614346858,"path_taken":["M","?","?","$","?","R","?","E"],"items_purchased_type":[],"build_version":"2020-12-22","purchased_purges":1,"victory":false,"max_hp_per_floor":[80,80,80,80,80,80,80,80,80],"relic_stats":{"counters":[3,10],"obtain_stats":[{"Potion Belt":7,"Burning Blood":0,"Runic Pyramid":0},{"Potion Belt":2,"Burning Blood":0,"Runic Pyramid":0},{"Potion Belt":6,"Burning Blood":0,"Runic Pyramid":0}]},"card_choices":[{"not_picked":["Warcry","Pummel"],"picked":"Armaments","floor":1},{"not_picked":["Ghostly Armor","Anger"],"picked":"Dark Embrace","floor":3}],"player_experience":441753,"relics_obtained":[],"event_choices":[{"cards_removed":["Defend_R"],"damage_healed":0,"gold_gain":0,"player_choice":"Purged","damage_taken":0,"max_hp_gain":0,"max_hp_loss":0,"event_name":"Purifier","floor":2,"gold_loss":0},{"cards_removed":["Strike_R"],"damage_healed":0,"gold_gain":0,"player_choice":"Card Removal","damage_taken":7,"max_hp_gain":0,"max_hp_loss":0,"event_name":"Golden Wing","floor":5,"gold_loss":0},{"damage_healed":0,"gold_gain":0,"player_choice":"Success","damage_taken":12,"relics_obtained":["Potion Belt"],"max_hp_gain":0,"max_hp_loss":0,"event_name":"Scrap Ooze","floor":7,"gold_loss":0}],"is_beta":false,"boss_relics":[],"items_purged_floors":[4],"is_endless":false,"potions_floor_spawned":[],"killed_by":"Gremlin Nob","ascension_level":6}}