{"host":"0y1696yaafq19vki","time":1614347635,"event":{"mods":["BaseMod","Colored Map","Conspire","Minty Spire (QoL Compilation)","Replay The Spire","StSLib"],"gold_per_floor":[116,134,134,149,166,194,214,214,259,270,270,302,302,7,7,108,108,123,137,147,147,164,198,198,210,281,281,295,72,72,72,72],"floor_reached":31,"language":"ENG","playtime":2237,"items_purged":[],"score":269,"play_id":"aa57fd91-11a2-497b-9a6f-59cf8cad4d30","local_time":"20210226135355","is_ascension_mode":false,"campfire_choices":[{"floor":8,"key":"REST"},{"floor":11,"key":"REST"},{"data":"Anger","floor":15,"key":"SMITH"},{"floor":24,"key":"REST"},{"floor":27,"key":"REST"}],"circlet_count":0,"master_deck":["Strike_R","Strike_R","Strike_R","Strike_R+1","Strike_R","Defend_R+1","Defend_R","Defend_R","Defend_R","Bash","Clothesline+1","Headbutt","ReplayTheSpireMod:Limb From Limb","Rampage","Anger+1","Dropkick+1","Dual Wield","Hemogenesis","Flex","Eclipse","Anger","Spot Weakness","Feed","Massacre","Uppercut","Twin Strike","Pommel Strike+1","Juggernaut","Clothesline","ReplayTheSpireMod:LeadingStrike","Overencumbered"],"relics":["ChewingGum","Snack Pack","ReplayTheSpireMod:Ninjato","Gremlin Food","Happy Flower","Pantograph","conspire:TreasureMap","Philosopher\u0027s Stone","PreservedInsect","conspire:BottledYoYo","Dream Catcher","ReplayTheSpireMod:CursedCoin","Whetstone"],"acts_visited":["Exordium","TheCity"],"potions_floor_usage":[31],"damage_taken":[{"damage":0,"enemies":"Cultist","floor":1,"turns":2},{"damage":8,"enemies":"Jaw Worm","floor":2,"turns":3},{"damage":0,"enemies":"Small Slimes","floor":4,"turns":3},{"damage":22,"enemies":"Exordium Thugs","floor":5,"turns":5},{"damage":16,"enemies":"Lagavulin","floor":6,"turns":5},{"damage":0,"enemies":"Gremlin Gang","floor":7,"turns":4},{"damage":0,"enemies":"2 Fungi Beasts","floor":10,"turns":2},{"damage":10,"enemies":"Gremlin Nob","floor":12,"turns":3},{"damage":43,"enemies":"Fading Forest","floor":16,"turns":11},{"damage":0,"enemies":"Chosen","floor":18,"turns":3},{"damage":14,"enemies":"Shell Parasite","floor":19,"turns":3},{"damage":34,"enemies":"3 Cultists","floor":20,"turns":5},{"damage":23,"enemies":"Snake Plant","floor":22,"turns":3},{"damage":37,"enemies":"Book of Stabbing","floor":23,"turns":5},{"damage":4,"enemies":"Snecko","floor":25,"turns":3},{"damage":43,"enemies":"Cultist and Chosen","floor":28,"turns":6},{"damage":18,"enemies":"Snake Plant","floor":31,"turns":2}],"seed_played":"-7397521401019716057","potions_obtained":[{"floor":2,"key":"HeartOfIron"},{"floor":6,"key":"PowerPotion"},{"floor":12,"key":"Strength Potion"},{"floor":16,"key":"Block Potion"}],"is_trial":false,"path_per_floor":["M","M","?","M","M","E","M","R","T","M","R","E","T","$","R_BF","B",null,"M","M","M","?","M","E","R","M","T","R","M","$","?","M"],"character_chosen":"IRONCLAD","items_purchased":["conspire:TreasureMap","Hemogenesis","Flex","ReplayTheSpireMod:LeadingStrike","Dream Catcher","ReplayTheSpireMod:CursedCoin","Whetstone"],"campfire_rested":4,"item_purchase_floors":[14,14,14,29,29,29,29],"current_hp_per_floor":[80,72,72,72,52,40,42,66,66,70,80,70,70,70,70,68,80,80,70,54,54,35,2,26,26,26,50,11,11,11,0,0],"gold":72,"neow_bonus":"BOSS_RELIC","is_daily":false,"chose_seed":false,"campfire_upgraded":1,"win_rate":0.0,"timestamp":1614347635,"path_taken":["M","M","?","M","?","E","M","R","T","M","R","E","?","$","R_BF","BOSS","M","M","M","?","M","E","R","M","T","R","M","$","?","M"],"items_purchased_type":["Relic","Card","Card","Card","Relic","Relic","Relic"],"build_version":"2020-12-22","purchased_purges":0,"victory":false,"max_hp_per_floor":[80,80,80,80,80,80,80,80,80,80,80,80,80,80,80,80,80,80,80,80,80,80,80,80,80,80,80,80,80,80,80,80],"card_choices":[{"not_picked":["True Grit","ReplayTheSpireMod:Strike From Hell"],"picked":"Clothesline","floor":1},{"not_picked":["Clothesline","Sword Boomerang"],"picked":"Run Through","floor":2},{"not_picked":["Barricade","Feel No Pain"],"picked":"Headbutt","floor":4},{"not_picked":["Cleave","Entrench"],"picked":"ReplayTheSpireMod:Limb From Limb","floor":5},{"not_picked":["Carnage","Armaments"],"picked":"Rampage","floor":6},{"not_picked":["Clothesline","ReplayTheSpireMod:Corrosion Curse"],"picked":"Anger","floor":7},{"not_picked":["Clash","Uppercut"],"picked":"Dropkick","floor":10},{"not_picked":["Twin Strike","Armaments"],"picked":"Dual Wield","floor":12},{"not_picked":["Hemogenesis","Limit Break"],"picked":"Eclipse","floor":16},{"not_picked":["True Grit","Clash"],"picked":"Anger","floor":18},{"not_picked":["Sever Soul","True Grit"],"picked":"Spot Weakness","floor":19},{"not_picked":["Body Slam","Clash"],"picked":"Feed","floor":20},{"not_picked":["Fire Breathing+1","Second Wind"],"picked":"Twin Strike","floor":22},{"not_picked":["Headbutt","Run Through"],"picked":"Pommel Strike","floor":23},{"not_picked":["True Grit+1","Iron Wave"],"picked":"Juggernaut","floor":25},{"not_picked":["Run Through","Fire Breathing"],"picked":"Clothesline","floor":28}],"player_experience":74185,"relics_obtained":[{"floor":6,"key":"ReplayTheSpireMod:Ninjato"},{"floor":9,"key":"Gremlin Food"},{"floor":12,"key":"Happy Flower"},{"floor":13,"key":"Pantograph"},{"floor":23,"key":"PreservedInsect"},{"floor":26,"key":"conspire:BottledYoYo"}],"event_choices":[{"damage_healed":0,"gold_gain":0,"player_choice":"Gave Potion","damage_taken":0,"relics_obtained":["Snack Pack"],"max_hp_gain":0,"max_hp_loss":0,"event_name":"WeMeetAgain","floor":3,"gold_loss":0},{"damage_healed":0,"gold_gain":0,"cards_transformed":["Hemogenesis","Run Through"],"player_choice":"Became Test Subject","damage_taken":0,"max_hp_gain":0,"max_hp_loss":0,"event_name":"Drug Dealer","floor":21,"gold_loss":0,"cards_obtained":["Massacre","Uppercut"]}],"is_beta":false,"boss_relics":[{"not_picked":["Replay:Bronze Core","Kintsugi"],"picked":"Philosopher\u0027s Stone"}],"items_purged_floors":[],"is_endless":false,"potions_floor_spawned":[2,6,12,16,20,23,28],"killed_by":"Snake Plant","ascension_level":0}}