{"host":"lwys0gbp6t40j7jh","time":1614336578,"event":{"mods":["BaseMod","Minty Spire (QoL Compilation)","StSLib","SuperFastMode"],"gold_per_floor":[117,127,52,52,52,77,87,102,129,129,76,76,76,108,108,108,108],"floor_reached":16,"language":"ENG","playtime":294,"items_purged":["Strike_B"],"score":162,"play_id":"848eaec9-fbca-414f-aa26-84f36af98ae9","local_time":"20210226114938","is_ascension_mode":true,"campfire_choices":[{"floor":10,"key":"REST"},{"data":"Gash","floor":12,"key":"SMITH"},{"floor":15,"key":"REST"}],"circlet_count":0,"master_deck":["AscendersBane","Strike_B+1","Strike_B+1","Strike_B","Defend_B","Defend_B","Defend_B","Defend_B","Zap","Dualcast","Beam Cell","Gash+1","Coolheaded"],"relics":["Cracked Core","Whetstone","Vajra","Dream Catcher"],"acts_visited":["Exordium"],"potions_floor_usage":[7,14,14,16],"damage_taken":[{"damage":1,"enemies":"Jaw Worm","floor":1,"turns":4},{"damage":1,"enemies":"2 Louse","floor":2,"turns":3},{"damage":50,"enemies":"3 Sentries","floor":6,"turns":9},{"damage":0,"enemies":"Cultist","floor":7,"turns":2},{"damage":4,"enemies":"2 Fungi Beasts","floor":8,"turns":2},{"damage":20,"enemies":"Lagavulin","floor":14,"turns":5},{"damage":56,"enemies":"Slime Boss","floor":16,"turns":13}],"seed_played":"5463105471068412865","potions_obtained":[{"floor":1,"key":"FocusPotion"},{"floor":7,"key":"Weak Potion"},{"floor":13,"key":"Fire Potion"},{"floor":13,"key":"Weak Potion"}],"is_trial":false,"path_per_floor":["M","M","$","?","?","E","M","M","T","R","$","R","?","E","R","B"],"character_chosen":"DEFECT","items_purchased":["Gash"],"campfire_rested":2,"item_purchase_floors":[11],"current_hp_per_floor":[74,73,73,78,78,28,28,24,24,50,50,50,50,30,56,0,0],"gold":108,"neow_bonus":"TEN_PERCENT_HP_BONUS","is_daily":false,"chose_seed":false,"campfire_upgraded":1,"win_rate":0.0,"timestamp":1614336578,"path_taken":["M","M","$","?","?","E","M","?","T","R","$","R","?","E","R","BOSS"],"items_purchased_type":["Card"],"build_version":"2020-12-22","purchased_purges":1,"victory":false,"max_hp_per_floor":[82,82,82,87,87,87,87,87,87,87,87,87,87,87,87,87,87],"card_choices":[{"not_picked":["Loop","Aggregate"],"picked":"Beam Cell","floor":1},{"not_picked":["Redo","Ball Lightning","Stack"],"picked":"SKIP","floor":2},{"not_picked":["Buffer","Compile Driver","Steam Power"],"picked":"SKIP","floor":6},{"not_picked":["Barrage","Rebound","Static Discharge"],"picked":"SKIP","floor":7},{"not_picked":["Leap","Streamline","Steam"],"picked":"SKIP","floor":8},{"not_picked":["Turbo","Undo","Fission"],"picked":"SKIP","floor":14},{"not_picked":["Darkness","Ball Lightning"],"picked":"Coolheaded","floor":15}],"player_experience":1226427,"relics_obtained":[{"floor":6,"key":"Whetstone"},{"floor":9,"key":"Vajra"},{"floor":14,"key":"Dream Catcher"}],"event_choices":[{"damage_healed":0,"gold_gain":0,"player_choice":"Donut","damage_taken":0,"max_hp_gain":5,"max_hp_loss":0,"event_name":"Big Fish","floor":4,"gold_loss":0},{"damage_healed":0,"gold_gain":0,"player_choice":"Ignored","damage_taken":0,"max_hp_gain":0,"max_hp_loss":0,"event_name":"Transmorgrifier","floor":5,"gold_loss":0},{"damage_healed":0,"gold_gain":0,"player_choice":"Got Potions","damage_taken":0,"max_hp_gain":0,"max_hp_loss":0,"event_name":"Lab","floor":13,"gold_loss":0}],"is_beta":false,"boss_relics":[],"items_purged_floors":[3],"is_endless":false,"potions_floor_spawned":[1,7],"killed_by":"Slime Boss","ascension_level":10}}