{"host":"ve9aztkoyqeblvav","time":1614347175,"event":{"mods":["Act Like it!","Aspiration","BaseMod","Colored Map","Colored Powertips","Highlight Path","Marked Mod","Minty Spire (QoL Compilation)","Pale of the Ancients","Quick Restart","Reorder Act Four","StSLib","The Hierophant","Waifu the Spire","[IsaacMod]ÒÔÈö¼âËþ"],"gold_per_floor":[111,36,111,129,149,149,165,185,235,235,246,246,59,74,74,148,148,162,77,77,77,92,92,106,106,106],"floor_reached":25,"language":"ZHS","playtime":685,"items_purged":["Strike_B","Strike_B","Strike_B"],"score":490,"play_id":"3b6b8b67-eb4f-4905-b66c-f9e26eb2f966","local_time":"20210226214615","is_ascension_mode":true,"campfire_choices":[{"data":"Dualcast","floor":6.0,"key":"SMITH"},{"data":"Distribution","floor":10.0,"key":"SMITH"},{"data":"Zap","floor":12.0,"key":"SMITH"},{"data":"Defragment","floor":15.0,"key":"SMITH"},{"data":"Creative AI","floor":23,"key":"SMITH"}],"circlet_count":0,"master_deck":["AscendersBane","Strike_B","Defend_B","Defend_B","Defend_B","Defend_B","Zap+1","Dualcast+1","Loop","Streamline","Distribution+1","Ball Lightning","Cold Snap","Defragment+1","Seek","Core Surge","Creative AI+1","Recycle"],"relics":["Cracked Core","HushsDoor","TheBible","aspiration:Nostalgia","PureWater","Art of War","Runic Dome","GuppysHairball","TuHaoJin"],"acts_visited":["Exordium","TheCity"],"potions_floor_usage":[24],"damage_taken":[{"damage":2.0,"enemies":"Cultist","floor":1.0,"turns":4.0},{"damage":2.0,"enemies":"Jaw Worm","floor":4.0,"turns":3.0},{"damage":11.0,"enemies":"2 Louse","floor":5.0,"turns":2.0},{"damage":6.0,"enemies":"Looter","floor":7.0,"turns":2.0},{"damage":9.0,"enemies":"Exordium Thugs","floor":8.0,"turns":4.0},{"damage":8.0,"enemies":"Blue Slaver","floor":11.0,"turns":3.0},{"damage":0.0,"enemies":"Lots of Slimes","floor":14.0,"turns":4.0},{"damage":0.0,"enemies":"Hexaghost","floor":16.0,"turns":8.0},{"damage":2.0,"enemies":"Spheric Guardian","floor":18.0,"turns":3.0},{"damage":8,"enemies":"Chosen","floor":22,"turns":4},{"damage":19,"enemies":"Snake Plant","floor":24,"turns":3},{"damage":11,"enemies":"Centurion and Healer","floor":25,"turns":3}],"seed_played":"-1982370523545883018","potions_obtained":[{"floor":1.0,"key":"LiquidMemories"},{"floor":11.0,"key":"Swift Potion"},{"floor":14.0,"key":"SneckoOil"},{"floor":16.0,"key":"Energy Potion"},{"floor":18.0,"key":"LiquidBronze"},{"floor":22,"key":"ColorlessPotion"}],"is_trial":false,"path_per_floor":["M","$","?","M","M","R","M","M","T","R","M","R","$","M","R","B",null,"M","?","$","$","M","R","M","M"],"character_chosen":"DEFECT","items_purchased":["Defragment","Core Surge","Creative AI","GuppysHairball"],"campfire_rested":0,"item_purchase_floors":[13,17,17,17],"current_hp_per_floor":[62,62,51,49,38,38,32,23,23,23,15,15,15,15,15,15,40,38,38,38,38,30,30,11,0,0],"gold":106,"neow_bonus":"NOSTALGIA","is_daily":false,"chose_seed":false,"campfire_upgraded":5,"win_rate":0.0,"timestamp":1614347175,"path_taken":["M","$","?","M","M","R","M","?","T","R","M","R","$","M","R","BOSS","M","?","$","?","M","R","M","M"],"items_purchased_type":["Card","Card","Card","Relic"],"build_version":"2020-12-22","purchased_purges":3,"victory":false,"max_hp_per_floor":[71,71,71,71,71,71,71,71,71,71,71,71,71,71,71,71,48,48,48,48,48,48,48,45,45,45],"card_choices":[{"not_picked":["Leap","Compile Driver","Force Field"],"picked":"SKIP","floor":1.0},{"not_picked":["Rebound","Genetic Algorithm"],"picked":"Loop","floor":4.0},{"not_picked":["Consume","Loop"],"picked":"Streamline","floor":5.0},{"not_picked":["Go for the Eyes","Bomb"],"picked":"Distribution","floor":7.0},{"not_picked":["Undo","Bomb"],"picked":"Ball Lightning","floor":8.0},{"not_picked":["Scrape","Hologram"],"picked":"Cold Snap","floor":11.0},{"not_picked":["Blizzard","Gash"],"picked":"Seek","floor":14.0},{"not_picked":["Stack","Gash","Doom and Gloom"],"picked":"SKIP","floor":18.0},{"not_picked":["Hello World","Sweeping Beam"],"picked":"Recycle","floor":22},{"not_picked":["Redo","Gash","Steam+1"],"picked":"SKIP","floor":24}],"player_experience":1723871,"relics_obtained":[{"floor":9.0,"key":"Art of War"}],"event_choices":[{"damage_healed":0.0,"max_hp_gain":0.0,"max_hp_loss":0.0,"gold_gain":75.0,"event_name":"World of Goop","player_choice":"Gather Gold","floor":3.0,"gold_loss":0.0,"damage_taken":11.0},{"damage_healed":0.0,"max_hp_gain":0.0,"max_hp_loss":0.0,"gold_gain":0.0,"event_name":"Addict","player_choice":"Obtained Relic","floor":19.0,"gold_loss":85.0,"damage_taken":0.0,"relics_obtained":["TuHaoJin"]}],"is_beta":false,"boss_relics":[{"not_picked":["Nuclear Battery","Tiny House"],"picked":"Runic Dome"},{"not_picked":[]}],"items_purged_floors":[2,13,17],"is_endless":false,"potions_floor_spawned":[1,11,14,16,18,22],"killed_by":"Centurion and Healer","ascension_level":20}}