{"host":"u7lm8z2rvb4dg2oo","time":1614312179,"event":{"mods":["AchievementEnabler","BaseMod","Bestiary","Block Reminder","Colored Map","Colored Powertips","Curses Come First","DeckTracker","Googly Eyes","Highlight Path","Minty Spire (QoL Compilation)","Quick Restart","StSLib"],"gold_per_floor":[119,133,133,133,144,144,176,190,213,230,230,246,260,295,295,367,367,380,194,194,58,51,51,51],"floor_reached":23,"language":"ENG","playtime":1753,"items_purged":[],"score":406,"play_id":"308f38e1-9a22-4e15-9a04-55479bff7e9b","local_time":"20210225230259","is_ascension_mode":true,"campfire_choices":[{"data":"Bane","floor":6,"key":"SMITH"},{"data":"Deadly Poison","floor":11,"key":"SMITH"},{"floor":15,"key":"REST"}],"circlet_count":0,"master_deck":["AscendersBane","Strike_G","Strike_G+1","Strike_G","Defend_G","Defend_G","Defend_G","Defend_G","Defend_G","Survivor","Neutralize","Noxious Fumes","Dash+1","Blur","Unload+1","Bane+1","Blur","Deadly Poison+1","Crippling Poison","Wraith Form v2","Noxious Fumes","Apotheosis+1","Blur"],"relics":["Empty Cage","Omamori","Whetstone","Juzu Bracelet","Philosopher\u0027s Stone"],"acts_visited":["Exordium","TheCity"],"potions_floor_usage":[7,12,14,16,16,23,23],"damage_taken":[{"damage":2,"enemies":"2 Louse","floor":1,"turns":8},{"damage":1,"enemies":"Small Slimes","floor":2,"turns":6},{"damage":0,"enemies":"Cultist","floor":5,"turns":4},{"damage":4,"enemies":"3 Sentries","floor":7,"turns":7},{"damage":3,"enemies":"Large Slime","floor":8,"turns":6},{"damage":1,"enemies":"Red Slaver","floor":10,"turns":3},{"damage":11,"enemies":"Exordium Thugs","floor":12,"turns":4},{"damage":8,"enemies":"Lots of Slimes","floor":13,"turns":4},{"damage":2,"enemies":"Lagavulin","floor":14,"turns":7},{"damage":5,"enemies":"Slime Boss","floor":16,"turns":10},{"damage":41,"enemies":"Spheric Guardian","floor":18,"turns":7},{"damage":9,"enemies":"2 Thieves","floor":22,"turns":4},{"damage":14,"enemies":"Slavers","floor":23,"turns":1}],"seed_played":"-4390342138070508547","potions_obtained":[{"floor":1,"key":"AttackPotion"},{"floor":7,"key":"PowerPotion"},{"floor":8,"key":"Poison Potion"},{"floor":13,"key":"Ancient Potion"},{"floor":14,"key":"AttackPotion"},{"floor":16,"key":"Strength Potion"}],"is_trial":false,"path_per_floor":["M","M","?","?","M","R","E","M","T","M","R","M","M","E","R","B",null,"M","$","?","$","M","E"],"character_chosen":"THE_SILENT","items_purchased":["Apotheosis","Poison Potion","Blur"],"campfire_rested":1,"item_purchase_floors":[19,21,21],"current_hp_per_floor":[57,56,56,56,56,56,52,49,49,48,48,37,29,27,46,41,60,19,19,19,19,10,0,0],"gold":51,"neow_bonus":"BOSS_RELIC","is_daily":false,"chose_seed":false,"campfire_upgraded":2,"win_rate":0.0,"timestamp":1614312179,"path_taken":["M","M","?","?","M","R","E","?","T","M","R","M","M","E","R","BOSS","M","$","?","$","M","E"],"items_purchased_type":["Card","Potion","Card"],"build_version":"2020-12-22","purchased_purges":0,"victory":false,"max_hp_per_floor":[66,66,66,66,66,66,66,66,66,66,66,66,66,66,66,66,66,66,66,66,66,66,66,66],"card_choices":[{"not_picked":["Flechettes","Slice"],"picked":"Noxious Fumes","floor":1},{"not_picked":["Dagger Throw","Finisher"],"picked":"Dash","floor":2},{"not_picked":["Deflect","Poisoned Stab"],"picked":"Bane","floor":5},{"not_picked":["Accuracy","Flying Knee"],"picked":"Blur","floor":7},{"not_picked":["Finisher","Setup"],"picked":"Deadly Poison","floor":8},{"not_picked":["Setup","Outmaneuver","Quick Slash"],"picked":"SKIP","floor":10},{"not_picked":["Poisoned Stab","Outmaneuver"],"picked":"Crippling Poison","floor":12},{"not_picked":["Slice","Bane"],"picked":"Wraith Form v2","floor":13},{"not_picked":["Skewer","Riddle With Holes"],"picked":"Noxious Fumes","floor":14},{"not_picked":["Choke","Underhanded Strike","Prepared"],"picked":"SKIP","floor":18},{"not_picked":["Outmaneuver","Backflip","Calculated Gamble"],"picked":"SKIP","floor":22}],"player_experience":2083689,"relics_obtained":[{"floor":7,"key":"Omamori"},{"floor":9,"key":"Whetstone"},{"floor":14,"key":"Juzu Bracelet"}],"event_choices":[{"damage_healed":0,"gold_gain":0,"player_choice":"Grow","damage_taken":0,"max_hp_gain":0,"max_hp_loss":0,"event_name":"Living Wall","floor":3,"gold_loss":0,"cards_upgraded":["Dash"]},{"damage_healed":0,"gold_gain":0,"player_choice":"2 cards matched","damage_taken":0,"max_hp_gain":0,"max_hp_loss":0,"event_name":"Match and Keep!","floor":4,"gold_loss":0,"cards_obtained":["Blur","Unload"]},{"damage_healed":0,"gold_gain":0,"player_choice":"Forge","damage_taken":0,"max_hp_gain":0,"max_hp_loss":0,"event_name":"Accursed Blacksmith","floor":20,"gold_loss":0,"cards_upgraded":["Apotheosis"]}],"is_beta":false,"boss_relics":[{"not_picked":["Astrolabe","Sozu"],"picked":"Philosopher\u0027s Stone"}],"items_purged_floors":[],"is_endless":false,"potions_floor_spawned":[1,7,8,13,14,16],"killed_by":"Slavers","ascension_level":20}}