{"host":"1mv6gj0zv8k9e9tz","time":1614333763,"event":{"mods":["AchievementEnabler","BaseMod","Better Third Choice","Colored Map","DeckTracker","Highlight Path","KOR Keyword Fix","Keyboard Shortcuts","Minty Spire (QoL Compilation)","Permanent Neow","Quick Restart","Rare Cards Sparkle","StSLib","SuperFastMode","everything is the same but u backflip on backflip"],"gold_per_floor":[114,125,50,63,80,80,94,107,154,154,198,221,121,141,141,270,270,291,291,291,166,182,213,213,236,317,317,317,133,149,164,164,294,357,376,376,88,88,112,112,136,136,136,150,166,499,549,569,569,569],"floor_reached":51,"language":"KOR","playtime":1343,"items_purged":["Defend_P","Defend_P","Strike_P","Strike_P"],"score":823,"play_id":"03e901b4-6d71-4d40-b017-71d4796fdc9f","local_time":"20210226190243","is_ascension_mode":false,"campfire_choices":[{"data":"Eruption","floor":6.0,"key":"SMITH"},{"data":"Adaptation","floor":15.0,"key":"SMITH"},{"floor":24.0,"key":"REST"},{"data":"Strike_P","floor":27.0,"key":"SMITH"},{"data":"MentalFortress","floor":32.0,"key":"SMITH"},{"data":"Defend_P+1","floor":40.0,"key":"PURGE"},{"data":"Vigilance+1","floor":42.0,"key":"PURGE"},{"data":"Strike_P+1","floor":49.0,"key":"PURGE"}],"circlet_count":0,"master_deck":["Eruption+1","Adaptation+1","Adaptation+1","MentalFortress+1","InnerPeace+1"],"relics":["PureWater","Vajra","War Paint","Runic Pyramid","Blue Candle","Bag of Preparation","Tiny House","Peace Pipe","Pear","Prayer Wheel"],"acts_visited":["Exordium","TheCity","TheBeyond"],"potions_floor_usage":[50,50,50,50,50,50],"damage_taken":[{"damage":0.0,"enemies":"Cultist","floor":1.0,"turns":4.0},{"damage":0.0,"enemies":"2 Louse","floor":2.0,"turns":2.0},{"damage":0.0,"enemies":"Small Slimes","floor":4.0,"turns":3.0},{"damage":3.0,"enemies":"Exordium Wildlife","floor":5.0,"turns":2.0},{"damage":12.0,"enemies":"Exordium Thugs","floor":7.0,"turns":5.0},{"damage":0.0,"enemies":"Red Slaver","floor":8.0,"turns":3.0},{"damage":5.0,"enemies":"3 Sentries","floor":11.0,"turns":3.0},{"damage":1.0,"enemies":"3 Louse","floor":12.0,"turns":2.0},{"damage":0.0,"enemies":"Blue Slaver","floor":14.0,"turns":2.0},{"damage":14.0,"enemies":"The Guardian","floor":16.0,"turns":10.0},{"damage":0.0,"enemies":"Shell Parasite","floor":18.0,"turns":3.0},{"damage":0.0,"enemies":"3 Byrds","floor":22.0,"turns":5.0},{"damage":16.0,"enemies":"Gremlin Leader","floor":23.0,"turns":4.0},{"damage":0.0,"enemies":"Cultist and Chosen","floor":25.0,"turns":5.0},{"damage":0.0,"enemies":"Snake Plant","floor":30.0,"turns":4.0},{"damage":0.0,"enemies":"Sentry and Sphere","floor":31.0,"turns":4.0},{"damage":0.0,"enemies":"Champ","floor":33.0,"turns":3.0},{"damage":0.0,"enemies":"Orb Walker","floor":35.0,"turns":1.0},{"damage":0.0,"enemies":"3 Darklings","floor":39.0,"turns":2.0},{"damage":0.0,"enemies":"Spire Growth","floor":41.0,"turns":1.0},{"damage":0.0,"enemies":"Transient","floor":44.0,"turns":5.0},{"damage":0.0,"enemies":"Maw","floor":45.0,"turns":1.0},{"damage":0.0,"enemies":"Mind Bloom Boss Battle","floor":47.0,"turns":1.0},{"damage":0.0,"enemies":"4 Shapes","floor":48.0,"turns":1.0},{"damage":62,"enemies":"Time Eater","floor":50,"turns":8}],"seed_played":"999295194527400952","potions_obtained":[{"floor":4.0,"key":"SneckoOil"},{"floor":5.0,"key":"Regen Potion"},{"floor":8.0,"key":"Fire Potion"},{"floor":12.0,"key":"DistilledChaos"},{"floor":16.0,"key":"Fire Potion"},{"floor":22.0,"key":"CultistPotion"},{"floor":33.0,"key":"EntropicBrew"},{"floor":41.0,"key":"FearPotion"},{"floor":47.0,"key":"PowerPotion"}],"is_trial":false,"path_per_floor":["M","M","$","M","M","R","M","M","T","?","E","M","$","M","R","B",null,"M","?","?","$","M","E","R","M","T","R","T","$","M","M","R","B",null,"M","?","$","?","M","R","M","R","T","M","M","?","?","M","R","B",null],"character_chosen":"WATCHER","items_purchased":["MentalFortress","Peace Pipe"],"campfire_rested":1,"item_purchase_floors":[29,37],"current_hp_per_floor":[51,51,51,51,48,48,36,36,36,36,40,39,39,39,39,25,67,67,67,67,67,67,51,67,67,67,67,67,67,67,67,67,67,72,72,72,72,72,72,72,72,72,82,82,82,82,82,82,82,20],"gold":569,"neow_bonus":"REMOVE_TWO","is_daily":false,"chose_seed":false,"campfire_upgraded":4,"win_rate":0.0,"timestamp":1614333763,"path_taken":["M","M","$","?","?","R","M","?","T","?","E","M","$","M","R","BOSS","M","?","?","$","?","E","R","M","T","R","?","$","M","M","R","BOSS","M","?","$","?","M","R","M","R","T","?","M","?","?","M","R","BOSS"],"items_purchased_type":["Card","Relic"],"build_version":"2020-12-22","purchased_purges":4,"victory":true,"max_hp_per_floor":[72,72,72,72,72,72,72,72,72,67,67,67,67,67,67,67,67,67,67,67,67,67,67,67,67,67,67,67,67,67,67,67,67,72,72,72,72,72,72,72,72,72,82,82,82,82,82,82,82,82],"card_choices":[{"not_picked":["Consecrate","WaveOfTheHand","EmptyFist"],"picked":"SKIP","floor":1.0},{"not_picked":["CutThroughFate","SashWhip","FollowUp"],"picked":"SKIP","floor":2.0},{"not_picked":["CutThroughFate","Pray","EmptyFist"],"picked":"SKIP","floor":4.0},{"not_picked":["CarveReality","Halt","FollowUp"],"picked":"SKIP","floor":5.0},{"not_picked":["EmptyBody","Alpha","CutThroughFate"],"picked":"SKIP","floor":7.0},{"not_picked":["ThirdEye","Perseverance","Wireheading"],"picked":"SKIP","floor":8.0},{"not_picked":["MentalFortress","EmptyFist"],"picked":"Adaptation","floor":11.0},{"not_picked":["ForeignInfluence","CutThroughFate","Meditate"],"picked":"SKIP","floor":12.0},{"not_picked":["Nirvana","Consecrate","ThirdEye"],"picked":"SKIP","floor":14.0},{"not_picked":["Meditate","Prostrate","JustLucky"],"picked":"SKIP","floor":18.0},{"not_picked":["TalkToTheHand","CutThroughFate","Evaluate+1"],"picked":"SKIP","floor":22.0},{"not_picked":["Evaluate+1","FollowUp+1","JustLucky"],"picked":"SKIP","floor":23.0},{"not_picked":["SashWhip","CutThroughFate+1","FlyingSleeves"],"picked":"SKIP","floor":25.0},{"not_picked":["SashWhip","ClearTheMind","BowlingBash"],"picked":"SKIP","floor":30.0},{"not_picked":["Weave","CrushJoints+1"],"picked":"InnerPeace","floor":31.0},{"not_picked":["InnerPeace","Protect","LikeWater"],"picked":"SKIP","floor":35.0},{"not_picked":["FlurryOfBlows","Nirvana","EmptyBody"],"picked":"SKIP","floor":39.0},{"not_picked":["Worship","Evaluate+1","Crescendo+1"],"picked":"SKIP","floor":41.0},{"not_picked":["SashWhip","LikeWater+1","FlyingSleeves"],"picked":"SKIP","floor":44.0},{"not_picked":["CutThroughFate+1","MentalFortress+1","Protect+1"],"picked":"SKIP","floor":45.0},{"not_picked":["CarveReality","JustLucky","Swivel"],"picked":"SKIP","floor":48.0},{"not_picked":["CutThroughFate","BowlingBash+1","FlurryOfBlows"],"picked":"SKIP","floor":48.0}],"player_experience":670166,"relics_obtained":[{"floor":9.0,"key":"Vajra"},{"floor":11.0,"key":"War Paint"},{"floor":23.0,"key":"Blue Candle"},{"floor":28.0,"key":"Bag of Preparation"},{"floor":43.0,"key":"Pear"},{"floor":47.0,"key":"Prayer Wheel"}],"event_choices":[{"damage_healed":0.0,"max_hp_gain":0.0,"max_hp_loss":5.0,"gold_gain":0.0,"event_name":"Golden Idol","player_choice":"Lose Max HP","floor":10.0,"gold_loss":0.0,"damage_taken":0.0,"relics_obtained":["Golden Idol"]},{"damage_healed":0.0,"max_hp_gain":0.0,"max_hp_loss":0.0,"gold_gain":0.0,"event_name":"Cursed Tome","player_choice":"Ignored","floor":19.0,"gold_loss":0.0,"damage_taken":0.0},{"damage_healed":0.0,"max_hp_gain":0.0,"max_hp_loss":0.0,"gold_gain":0.0,"event_name":"Duplicator","player_choice":"Copied","floor":20.0,"gold_loss":0.0,"damage_taken":0.0,"cards_obtained":["Adaptation"]},{"damage_healed":0.0,"max_hp_gain":0.0,"max_hp_loss":0.0,"gold_gain":0.0,"event_name":"Tomb of Lord Red Mask","player_choice":"Ignored","floor":36.0,"gold_loss":0.0,"damage_taken":0.0},{"damage_healed":0.0,"max_hp_gain":0.0,"max_hp_loss":0.0,"gold_gain":0.0,"event_name":"Upgrade Shrine","player_choice":"Ignored","floor":38.0,"gold_loss":0.0,"damage_taken":0.0},{"damage_healed":0.0,"max_hp_gain":0.0,"max_hp_loss":0.0,"gold_gain":333.0,"event_name":"The Moai Head","player_choice":"Gave Idol","floor":46.0,"relics_lost":["Golden Idol"],"gold_loss":0.0,"damage_taken":0.0},{"damage_healed":0.0,"max_hp_gain":0.0,"max_hp_loss":0.0,"gold_gain":0.0,"event_name":"MindBloom","player_choice":"Fight","floor":47.0,"gold_loss":0.0,"damage_taken":0.0}],"is_beta":false,"boss_relics":[{"not_picked":["SlaversCollar","Astrolabe"],"picked":"Runic Pyramid"},{"not_picked":["Runic Dome","Black Star"],"picked":"Tiny House"}],"items_purged_floors":[3,13,21,29],"is_endless":false,"potions_floor_spawned":[4,5,8,12,16,22,23,30,33,41,47,48],"ascension_level":0}}