{"host":"kmq7aw60w430zvtx","time":1614327965,"event":{"mods":["Aspiration","BaseMod","Downfall","GifTheSpireLib","Hermit","Hubris","Infinite Spire","Minty Spire (QoL Compilation)","Reliquary","Replay The Spire","Spire Arcade","StSLib","The Construct","The Cursed","The Hierophant","The Jungle","The Necromancer","The Runesmith"],"gold_per_floor":[111,111,129,144,159,192,192,221,221,221,296,296,66,78,78,173,173,193,193,193,193,208,234,234,265,290,290,308,341,341,354,354,449,449,462,462,562,124,142,142,153,153,176,203,203,203,215,215,215],"floor_reached":48,"language":"ENG","playtime":2586,"items_purged":["Strike_B"],"score":655,"play_id":"fb03ed08-98df-462c-abbc-06b1bbed720c","local_time":"20210226092605","is_ascension_mode":true,"campfire_choices":[{"floor":7.0,"key":"RECALL"},{"data":"ReplayTheSpireMod:Fabricate Wheel","floor":10.0,"key":"SMITH"},{"data":"Darkness","floor":15.0,"key":"SMITH"},{"floor":24.0,"key":"REST"},{"floor":30.0,"key":"DIG"},{"data":"Defragment","floor":32.0,"key":"SMITH"},{"data":"Creative AI","floor":40,"key":"SMITH"},{"floor":42,"key":"REST"},{"data":"Buffer","floor":46,"key":"SMITH"}],"circlet_count":0,"master_deck":["Zap","Dualcast","Fusion+1","Chaos","Self Repair+1","FTL","Darkness+1","Echo Form","Consume","Redo","ReplayRNGCard","Conserve Battery+1","Storm","Streamline+1","Chill","Beam Cell","Compile Driver","Stack+1","Ball Lightning","Conserve Battery+1","Cold Snap","Defragment+1","Machine Learning","Sunder","hubris:Ukulele","Rainbow","Buffer+1","Creative AI+1","Reboot","Fission","Glacier+1","Reprogram+1","Redo","Redo","Redo+1","Loop","Ball Lightning","Stack+1","Defragment","hubris:DoWhile","Redo+1"],"relics":["Cracked Core","aspiration:Nostalgia","Vampire_Amulet","Lizard Tail","MealTicket","Blue Candle","infinitespire:Freezer","Prayer Wheel","reliquary:WritOfMandamus","reliquary:CitrusReamer","Shovel","HornCleat","ReplayTheSpireMod:Lightbulb","Bottled Tornado","hubris:FunFungus","Pandora\u0027s Box","reliquary:RosewoodLute","Raider\u0027s Mask","hubris:Reverence","Blood Vial","Orichalcum"],"acts_visited":["Exordium","theJungle:Jungle","TheBeyond"],"potions_floor_usage":[44],"damage_taken":[{"damage":0.0,"enemies":"Small Slimes","floor":1.0,"turns":2.0},{"damage":4.0,"enemies":"Jaw Worm","floor":3.0,"turns":4.0},{"damage":0.0,"enemies":"Cultist","floor":4.0,"turns":3.0},{"damage":16.0,"enemies":"Blue Slaver","floor":5.0,"turns":3.0},{"damage":26.0,"enemies":"Gremlin Nob","floor":6.0,"turns":4.0},{"damage":22.0,"enemies":"Replay:BlueRogue","floor":8.0,"turns":7.0},{"damage":0.0,"enemies":"Large Slime","floor":14.0,"turns":5.0},{"damage":33.0,"enemies":"Fading Forest","floor":16.0,"turns":11.0},{"damage":26.0,"enemies":"Shell Parasite","floor":18.0,"turns":4.0},{"damage":27.0,"enemies":"theJungle:Flameango_and_Byrd","floor":22.0,"turns":5.0},{"damage":86.0,"enemies":"Nightmare","floor":23.0,"turns":10.0},{"damage":21.0,"enemies":"theJungle:2_Phrogs","floor":25.0,"turns":8.0},{"damage":0.0,"enemies":"Snake Plant","floor":28.0,"turns":2.0},{"damage":38.0,"enemies":"theJungle:MamaSnecko","floor":29.0,"turns":6.0},{"damage":4.0,"enemies":"theJungle:Snecko_Cultist_And_Trap","floor":31.0,"turns":4.0},{"damage":32.0,"enemies":"theJungle:TotemBoss","floor":33.0,"turns":12.0},{"damage":9.0,"enemies":"Orb Walker","floor":35.0,"turns":4.0},{"damage":35,"enemies":"3 Shapes","floor":39,"turns":4},{"damage":61,"enemies":"Transient","floor":41,"turns":5},{"damage":3,"enemies":"Nemesis","floor":44,"turns":7},{"damage":31,"enemies":"Writhing Mass","floor":47,"turns":6},{"damage":41,"enemies":"infinitespire:Three Voidlings","floor":48,"turns":4}],"seed_played":"8390503769360923238","potions_obtained":[{"floor":4.0,"key":"Strength Potion"},{"floor":5.0,"key":"bronze:BurnAndBuffPotion"},{"floor":6.0,"key":"Death Potion"},{"floor":14.0,"key":"SkillPotion"},{"floor":23.0,"key":"Cursed Concoction"},{"floor":25.0,"key":"PowerPotion"},{"floor":29.0,"key":"Elixir"},{"floor":39,"key":"PotionOfCapacity"},{"floor":47,"key":"SpeedPotion"}],"is_trial":false,"path_per_floor":["M","?","M","M","M","E","R","E","T","R","?","?","$","M","R","B",null,"M","?","AVR","?","M","NM","R","E","T","?","M","E","R","M","R","B",null,"M","AVR","?","$","M","R","M","R","T","E","?","R","M","?"],"character_chosen":"DEFECT","items_purchased":["infinitespire:Freezer","Raider\u0027s Mask","hubris:Reverence","Redo"],"campfire_rested":2,"item_purchase_floors":[13,38,38,38],"current_hp_per_floor":[75,75,73,75,68,51,51,38,38,38,27,22,37,48,48,48,75,58,58,58,58,45,24,46,39,39,39,71,60,60,75,75,67,75,69,69,69,75,66,66,7,29,29,52,52,52,36,0,0],"gold":215,"neow_bonus":"NOSTALGIA","is_daily":false,"chose_seed":false,"campfire_upgraded":5,"win_rate":0.0,"timestamp":1614327965,"path_taken":["M","?","M","M","M","E","R","E","T","R","?","?","?","?","R","BOSS","M","?","AVR","?","?","NM","R","E","T","?","M","E","R","M","R","BOSS","M","AVR","?","$","?","R","M","R","T","E","?","R","M","?"],"items_purchased_type":["Relic","Relic","Relic","Card"],"build_version":"2020-12-22","purchased_purges":1,"victory":false,"max_hp_per_floor":[75,75,75,75,75,75,75,75,75,75,75,75,75,75,75,75,75,75,75,75,75,75,75,75,75,75,75,75,75,75,75,75,75,75,75,75,75,75,75,75,75,75,75,75,75,75,75,75,75],"card_choices":[{"not_picked":["Stack","Steam Power"],"picked":"Fusion","floor":1.0},{"not_picked":["Steam","Gash"],"picked":"Chaos","floor":3.0},{"not_picked":["Gash","Sweeping Beam"],"picked":"Self Repair","floor":4.0},{"not_picked":["Genetic Algorithm","Beam Cell"],"picked":"FTL","floor":5.0},{"not_picked":["Beam Cell","ReplayGash"],"picked":"Darkness","floor":6.0},{"not_picked":["Stack","Barrage"],"picked":"ReplayTheSpireMod:Fabricate Wheel","floor":8.0},{"not_picked":["Compile Driver","Coolheaded"],"picked":"Consume","floor":14.0},{"not_picked":["Hologram","BasicCrystalCard"],"picked":"Redo","floor":14.0},{"not_picked":["Thunder Strike","Hyperbeam"],"picked":"ReplayRNGCard","floor":16.0},{"not_picked":["Crystallizer","Storm"],"picked":"Conserve Battery+1","floor":18.0},{"not_picked":["Rebound+1","Steam"],"picked":"Storm","floor":18.0},{"not_picked":["Force Field","Compile Driver"],"picked":"Streamline+1","floor":22.0},{"not_picked":["Beam Cell","Sweeping Beam"],"picked":"Chill","floor":22.0},{"not_picked":["Compile Driver","ReplaySolidLightProjector"],"picked":"Beam Cell","floor":23.0},{"not_picked":["Sweeping Beam","Melter+1"],"picked":"Compile Driver","floor":25.0},{"not_picked":["Self Repair","Beam Cell"],"picked":"Stack+1","floor":28.0},{"not_picked":["BasicCrystalCard+1","Compile Driver"],"picked":"Ball Lightning","floor":28.0},{"not_picked":["ReplayGash","Skim+1"],"picked":"Conserve Battery+1","floor":29.0},{"not_picked":["Hello World","Turbo"],"picked":"Cold Snap","floor":31.0},{"not_picked":["Chaos+1","Beam Cell+1"],"picked":"Defragment","floor":31.0},{"not_picked":["Buffer","ReplayRNGCard"],"picked":"Machine Learning","floor":33.0},{"not_picked":["Compile Driver+1","Rebound+1"],"picked":"Glacier+1","floor":35.0},{"not_picked":["Scrape+1","Conserve Battery"],"picked":"Reprogram+1","floor":35.0},{"not_picked":["Skim","Aggregate"],"picked":"Redo+1","floor":39},{"not_picked":["Aggregate","Barrage+1"],"picked":"Loop","floor":39},{"not_picked":["Cold Snap","Tempest"],"picked":"Ball Lightning","floor":41},{"not_picked":["Hologram","BasicCrystalCard"],"picked":"Stack+1","floor":41},{"not_picked":["Storm","Panic Button+1"],"picked":"Defragment","floor":44},{"not_picked":["Crystallizer","Sweeping Beam+1"],"picked":"hubris:DoWhile","floor":47},{"not_picked":["Doom and Gloom","Beam Cell+1"],"picked":"Redo+1","floor":47}],"player_experience":416326,"relics_obtained":[{"floor":6.0,"key":"Lizard Tail"},{"floor":8.0,"key":"MealTicket"},{"floor":23.0,"key":"Shovel"},{"floor":25.0,"key":"HornCleat"},{"floor":26.0,"key":"reliquary:FerryPass"},{"floor":29.0,"key":"ReplayTheSpireMod:Lightbulb"},{"floor":30.0,"key":"Bottled Tornado"},{"floor":33.0,"key":"hubris:FunFungus"},{"floor":43,"key":"Blood Vial"},{"floor":44,"key":"Orichalcum"}],"event_choices":[{"damage_healed":0.0,"max_hp_gain":0.0,"max_hp_loss":0.0,"gold_gain":75.0,"event_name":"World of Goop","player_choice":"Gather Gold","floor":11.0,"gold_loss":0.0,"damage_taken":11.0},{"damage_healed":0.0,"max_hp_gain":0.0,"max_hp_loss":0.0,"gold_gain":0.0,"event_name":"Upgrade Shrine","player_choice":"Upgraded","floor":21.0,"gold_loss":0.0,"damage_taken":0.0,"cards_upgraded":["Self Repair"]},{"damage_healed":0,"gold_gain":100,"player_choice":"Pray","damage_taken":0,"max_hp_gain":0,"max_hp_loss":0,"event_name":"Golden Shrine","floor":37,"gold_loss":0}],"is_beta":false,"boss_relics":[{"not_picked":["hubris:CrackedHourglass","Cursed Key"],"picked":"reliquary:WritOfMandamus"},{"not_picked":["hubris:RunicObelisk","hubris:VirtuousBlindfold"],"picked":"Pandora\u0027s Box"}],"items_purged_floors":[13],"is_endless":true,"potions_floor_spawned":[4,5,6,14,16,18,23,25,29,39,47],"killed_by":"infinitespire:Three Voidlings","ascension_level":3}}