{"host":"6ggzka4dag2kvku2","time":1614350564,"event":{"mods":["AchievementEnabler","BaseMod","DeckTracker","Minty Spire (QoL Compilation)","Permanent Neow","Quick Restart","SuperFastMode"],"gold_per_floor":[114,114,132,132,149,149,178,178,178,204,220,220,235,89,89,185,185,197,197,197,197],"floor_reached":20,"language":"KOR","playtime":1043,"items_purged":[],"score":228,"play_id":"f392ad68-b18d-4538-9946-2667376c2548","local_time":"20210226234244","is_ascension_mode":true,"campfire_choices":[{"data":"Blasphemy","floor":6.0,"key":"SMITH"},{"data":"Adaptation","floor":12.0,"key":"SMITH"},{"floor":15.0,"key":"REST"}],"circlet_count":0,"master_deck":["Strike_P","Strike_P+1","Strike_P","Defend_P","Defend_P","Defend_P","Defend_P","Eruption+1","Vigilance+1","Blasphemy+1","SashWhip","FlyingSleeves","Study+1","Halt","FollowUp","Adaptation+1","Establishment","FlurryOfBlows","LessonLearned","DeusExMachina","BowlingBash+1","FlyingSleeves+1","Bandage Up"],"relics":["PureWater","Vajra","Dream Catcher","Sundial","Prayer Wheel","Cursed Key"],"acts_visited":["Exordium","TheCity"],"potions_floor_usage":[],"damage_taken":[{"damage":0.0,"enemies":"Jaw Worm","floor":1.0,"turns":3.0},{"damage":0.0,"enemies":"2 Louse","floor":3.0,"turns":2.0},{"damage":0.0,"enemies":"Cultist","floor":5.0,"turns":2.0},{"damage":17.0,"enemies":"3 Sentries","floor":7.0,"turns":6.0},{"damage":0.0,"enemies":"Lagavulin","floor":10.0,"turns":4.0},{"damage":0.0,"enemies":"Looter","floor":11.0,"turns":1.0},{"damage":0.0,"enemies":"Exordium Thugs","floor":13.0,"turns":3.0},{"damage":30.0,"enemies":"Hexaghost","floor":16.0,"turns":7.0},{"damage":2.0,"enemies":"Chosen","floor":18.0,"turns":4.0},{"damage":0,"enemies":"2 Thieves","floor":20,"turns":1}],"seed_played":"1977081177466238519","potions_obtained":[{"floor":5.0,"key":"Dexterity Potion"},{"floor":7.0,"key":"SpeedPotion"},{"floor":13.0,"key":"SteroidPotion"},{"floor":16.0,"key":"PowerPotion"}],"is_trial":false,"path_per_floor":["M","?","M","?","M","R","E","?","T","E","M","R","M","$","R","B",null,"M","?","M"],"character_chosen":"WATCHER","items_purchased":["LessonLearned"],"campfire_rested":1,"item_purchase_floors":[14],"current_hp_per_floor":[72,65,65,51,51,51,34,34,34,34,34,34,34,34,55,25,72,70,58,58,58],"gold":197,"neow_bonus":"TRANSFORM_CARD","is_daily":false,"chose_seed":false,"campfire_upgraded":2,"win_rate":0.0,"timestamp":1614350564,"path_taken":["M","?","M","?","M","R","E","?","T","E","?","R","M","$","R","BOSS","M","?","M"],"items_purchased_type":["Card"],"build_version":"2020-12-22","purchased_purges":0,"victory":false,"max_hp_per_floor":[72,72,72,72,72,72,72,72,72,72,72,72,72,72,72,72,72,72,72,72,72],"card_choices":[{"not_picked":["JustLucky","EmptyBody"],"picked":"SashWhip","floor":1.0},{"not_picked":["EmptyBody","Vengeance"],"picked":"FlyingSleeves","floor":3.0},{"not_picked":["JustLucky","Vengeance","PathToVictory"],"picked":"SKIP","floor":5.0},{"not_picked":["CrushJoints","Nirvana"],"picked":"Study","floor":7.0},{"not_picked":["SashWhip","EmptyFist"],"picked":"Halt","floor":10.0},{"not_picked":["JustLucky","Meditate"],"picked":"FollowUp","floor":11.0},{"not_picked":["PathToVictory","CrushJoints"],"picked":"Adaptation","floor":11.0},{"not_picked":["Wallop","SignatureMove"],"picked":"Establishment","floor":13.0},{"not_picked":["SignatureMove","SashWhip"],"picked":"FlurryOfBlows","floor":13.0},{"not_picked":["Judgement","Wish"],"picked":"DeusExMachina","floor":16.0},{"not_picked":["JustLucky+1","FlyingSleeves"],"picked":"BowlingBash+1","floor":18.0},{"not_picked":["Fasting2","Vengeance"],"picked":"FlyingSleeves+1","floor":18.0}],"player_experience":160290,"relics_obtained":[{"floor":7.0,"key":"Dream Catcher"},{"floor":9.0,"key":"Sundial"},{"floor":10.0,"key":"Prayer Wheel"}],"event_choices":[{"damage_healed":0.0,"max_hp_gain":0.0,"max_hp_loss":0.0,"gold_gain":0.0,"event_name":"Scrap Ooze","player_choice":"Success","floor":2.0,"gold_loss":0.0,"damage_taken":7.0,"relics_obtained":["Vajra"]},{"damage_healed":0.0,"max_hp_gain":0.0,"max_hp_loss":0.0,"gold_gain":0.0,"event_name":"Shining Light","player_choice":"Entered Light","floor":4.0,"gold_loss":0.0,"damage_taken":14.0,"cards_upgraded":["Vigilance","Strike_P"]},{"damage_healed":0.0,"max_hp_gain":0.0,"max_hp_loss":0.0,"gold_gain":0.0,"event_name":"Living Wall","player_choice":"Grow","floor":8.0,"gold_loss":0.0,"damage_taken":0.0,"cards_upgraded":["Eruption"]},{"damage_healed":0.0,"max_hp_gain":0.0,"max_hp_loss":0.0,"gold_gain":0.0,"event_name":"Knowing Skull","player_choice":"CARD ","floor":19.0,"potions_obtained":[],"gold_loss":0.0,"damage_taken":12.0,"cards_obtained":["Bandage Up"]}],"is_beta":false,"boss_relics":[{"not_picked":["Runic Pyramid","Runic Dome"],"picked":"Cursed Key"}],"items_purged_floors":[],"is_endless":false,"potions_floor_spawned":[5,7,13,16],"killed_by":"2 Thieves","ascension_level":2}}