{"host":"xgo7i0560n9mwvr8","time":1614378135,"event":{"mods":["BaseMod","Colored Map","Downfall","Minty Spire (QoL Compilation)","Permanent Neow","StSLib"],"gold_per_floor":[99,112,128,138,313,313,313,329,229,229,245,280,380,98,108,204,204,104,116,216,18,18,30,57,57,90,90,90,90,90,104,104,104,104],"floor_reached":32,"language":"ENG","playtime":2778,"items_purged":[],"score":258,"play_id":"ae1f7e48-4b82-47aa-9a37-633378cf1395","local_time":"20210226172215","is_ascension_mode":false,"campfire_choices":[{"data":"champ:HoldFirm","floor":1.0,"key":"SMITH"},{"floor":6.0,"key":"RECALL"},{"data":"champ:Taunt","floor":9.0,"key":"SMITH"},{"data":"champ:ShieldWall","floor":18.0,"key":"SMITH"},{"floor":25.0,"key":"REST"},{"data":"1","floor":28.0,"key":"LIFT"},{"data":"2","floor":30.0,"key":"LIFT"}],"circlet_count":0,"master_deck":["champ:Execute","champ:Taunt+1","champ:HoldFirm+1","champ:FocusedDefense","champ:GutPunch","champ:PreemptiveStrike","Doubt","champ:Haymaker","champ:CrownThrow","champ:ShieldWall","champ:FancyFootwork","champ:ShieldWall+1","expansioncontent:Hexaburn","champ:DeathBlow","champ:SteelEdge","champ:SteelEdge","champ:Haymaker","champ:StrikeOfGenius","champ:ViciousMockery","champ:FlashCut","champ:Parry","champ:CalledShot","champ:DefensiveStyle","champ:DeathBlow","champ:CalledShot","expansioncontent:DashGenerateEvil","champ:TornadoPunch","champ:SkillfulDodge","champ:EnGarde"],"relics":["champ:ChampionCrown","champ:DefensiveTrainingManual","downfall:HeartBlessingRed","Toy Ornithopter","Pandora\u0027s Box","downfall:HeartBlessingGreen","Girya","Enchiridion"],"acts_visited":["Exordium","TheCity"],"potions_floor_usage":[],"damage_taken":[{"damage":10.0,"enemies":"Jaw Worm","floor":2.0,"turns":3.0},{"damage":10.0,"enemies":"2 Louse","floor":3.0,"turns":2.0},{"damage":5.0,"enemies":"Cultist","floor":4.0,"turns":3.0},{"damage":28.0,"enemies":"Large Slime","floor":8.0,"turns":7.0},{"damage":0.0,"enemies":"Exordium Thugs","floor":11.0,"turns":4.0},{"damage":28.0,"enemies":"Lagavulin","floor":12.0,"turns":5.0},{"damage":5.0,"enemies":"downfall:FleeingMerchant","floor":14.0,"turns":4.0},{"damage":0.0,"enemies":"Blue Slaver","floor":15.0,"turns":2.0},{"damage":52.0,"enemies":"SI_SHIV_ARCHETYPE","floor":16.0,"turns":9.0},{"damage":72.0,"enemies":"3 Byrds","floor":19.0,"turns":8.0},{"damage":25.0,"enemies":"downfall:FleeingMerchant","floor":21.0,"turns":4.0},{"damage":10.0,"enemies":"Spheric Guardian","floor":23.0,"turns":3.0},{"damage":19.0,"enemies":"Slavers","floor":26.0,"turns":5.0},{"damage":42.0,"enemies":"Shelled Parasite and Fungi","floor":31.0,"turns":5.0},{"damage":34,"enemies":"3 Cultists","floor":32,"turns":4}],"seed_played":"1976613690416591798","potions_obtained":[{"floor":4.0,"key":"Weak Potion"},{"floor":8.0,"key":"champ:CounterPotion"},{"floor":10.0,"key":"downfall:CursedFountainPotion"},{"floor":11.0,"key":"EssenceOfSteel"},{"floor":15.0,"key":"champ:TechniquePotion"},{"floor":23.0,"key":"FearPotion"},{"floor":26.0,"key":"Fire Potion"}],"is_trial":false,"path_per_floor":["R","M","M","M","?","R","T","M","R","?","M","E","?","$","M","B",null,"R","M","?","$","?","M","T","R","E","?","R","?","R","M","M"],"character_chosen":"THE_CHAMP","items_purchased":["Fruit Juice","champ:ShieldWall","expansioncontent:Hexaburn","expansioncontent:DashGenerateEvil"],"campfire_rested":1,"item_purchase_floors":[14,14,14,21],"current_hp_per_floor":[90,90,90,90,90,90,90,87,87,87,87,69,69,79,79,47,95,95,68,68,53,53,43,43,71,67,67,67,51,51,34,0,0,0],"gold":104,"neow_bonus":"ONE_RANDOM_RARE_CARD","is_daily":false,"chose_seed":false,"campfire_upgraded":3,"win_rate":0.0,"timestamp":1614378135,"path_taken":["R","M","M","M","?","R","T","M","R","?","?","E","?","?","M","BOSS","R","M","?","?","?","M","T","R","E","?","R","?","R","M","M"],"items_purchased_type":["Potion","Card","Card","Card"],"build_version":"2020-12-22","purchased_purges":0,"victory":false,"max_hp_per_floor":[90,90,90,90,90,90,90,90,90,90,90,90,90,95,95,95,95,95,95,95,95,95,95,95,95,95,95,95,95,95,95,95,95,95],"card_choices":[{"not_picked":["champ:FlashCut","champ:StanceDance"],"picked":"champ:FocusedDefense","floor":2.0},{"not_picked":["champ:DefensiveShout","champ:BringItOn"],"picked":"champ:GutPunch","floor":3.0},{"not_picked":["champ:FaceSlap","champ:Parry"],"picked":"champ:PreemptiveStrike","floor":4.0},{"not_picked":["champ:EnGarde","champ:CrownThrow"],"picked":"champ:Haymaker","floor":8.0},{"not_picked":["champ:FocusedBerserking","champ:StanceDance"],"picked":"champ:CrownThrow","floor":11.0},{"not_picked":["champ:EnragedBash","champ:Encircle"],"picked":"champ:ShieldWall","floor":12.0},{"not_picked":["champ:BringItOn","champ:Duel"],"picked":"champ:FancyFootwork","floor":14.0},{"not_picked":["champ:PreemptiveStrike","champ:BerserkersShout"],"picked":"champ:DeathBlow","floor":15.0},{"not_picked":["champ:Improvising","champ:DancingMaster"],"picked":"champ:SteelEdge","floor":16.0},{"not_picked":["champ:Haymaker","champ:Endure"],"picked":"champ:DeathBlow","floor":19.0},{"not_picked":["champ:AdrenalArmor","champ:ShieldSlam"],"picked":"champ:CalledShot","floor":21.0},{"not_picked":["champ:FalseCounter","champ:Haymaker"],"picked":"champ:TornadoPunch","floor":23.0},{"not_picked":["champ:StanceDance","champ:FanOfKnives"],"picked":"champ:SkillfulDodge","floor":26.0},{"not_picked":["champ:DefensiveShout+1","champ:CalledShot+1"],"picked":"champ:EnGarde","floor":31.0}],"player_experience":1086641,"relics_obtained":[{"floor":7.0,"key":"champ:DefensiveTrainingManual"},{"floor":12.0,"key":"Toy Ornithopter"},{"floor":26.0,"key":"Girya"},{"floor":29.0,"key":"Enchiridion"}],"event_choices":[{"damage_healed":0.0,"max_hp_gain":0.0,"max_hp_loss":0.0,"gold_gain":0.0,"event_name":"Vampires","player_choice":"Ignored","floor":22.0,"gold_loss":0.0,"damage_taken":0.0},{"damage_healed":0.0,"max_hp_gain":0.0,"max_hp_loss":0.0,"gold_gain":0.0,"event_name":"Ghosts","player_choice":"Ignored","floor":27.0,"gold_loss":0.0,"damage_taken":0.0}],"is_beta":false,"boss_relics":[{"not_picked":["Coffee Dripper","Black Star"],"picked":"Pandora\u0027s Box"}],"items_purged_floors":[],"is_endless":false,"potions_floor_spawned":[4,8,11,15,23,26],"killed_by":"3 Cultists","ascension_level":0}}