{"host":"d2gh6suihlstufn7","time":1614335588,"event":{"mods":["AchievementEnabler","BaseMod","Colored Map","Colored Powertips","Minty Spire (QoL Compilation)","Permanent Neow","Quick Restart","StSLib","SuperFastMode"],"gold_per_floor":[118,136,136,60,73,104,104,279,305,305,85,104,104,104,104,206,206,222,238,255,255,255,281,281,281,304,304,82,110,127,139,139,243,243,253,253,271,271,271,271,306,306,378,22,22,32,32,43,43,43,43,43,9,39,39,39],"floor_reached":55,"language":"KOR","playtime":1673,"items_purged":["Doubt"],"score":756,"play_id":"1107d2ea-fa0e-4da9-86fd-2a2f5eb982e3","local_time":"20210226193308","is_ascension_mode":false,"campfire_choices":[{"data":"Apotheosis","floor":7.0,"key":"SMITH"},{"floor":10.0,"key":"REST"},{"data":"Electrodynamics","floor":15.0,"key":"SMITH"},{"floor":24.0,"key":"REST"},{"floor":32.0,"key":"RECALL"},{"data":"Reboot","floor":40,"key":"SMITH"},{"data":"Biased Cognition","floor":47,"key":"SMITH"},{"floor":49,"key":"REST"},{"data":"Hyperbeam","floor":52,"key":"SMITH"}],"circlet_count":0,"master_deck":["Strike_B","Strike_B","Strike_B","Defend_B","Defend_B","Zap","Dualcast","Apotheosis+1","Sunder","Sunder","Rip and Tear","Electrodynamics+1","Buffer","Auto Shields+1","Self Repair","Reboot+1","Core Surge","Static Discharge+1","White Noise","Hyperbeam+1","Biased Cognition+1","Parasite","Defragment","Capacitor+1"],"relics":["Cracked Core","Boot","DataDisk","Happy Flower","MealTicket","Inserter","Pantograph","Bird Faced Urn","Anchor","Juzu Bracelet","Empty Cage","Mercury Hourglass","StrikeDummy","Membership Card","Dead Branch","Akabeko"],"acts_visited":["Exordium","TheCity","TheBeyond","TheEnding"],"potions_floor_usage":[50,50,50],"damage_taken":[{"damage":5.0,"enemies":"2 Louse","floor":1.0,"turns":2.0},{"damage":0.0,"enemies":"Cultist","floor":2.0,"turns":2.0},{"damage":3.0,"enemies":"Jaw Worm","floor":5.0,"turns":2.0},{"damage":20.0,"enemies":"Lagavulin","floor":6.0,"turns":6.0},{"damage":0.0,"enemies":"Large Slime","floor":12.0,"turns":3.0},{"damage":0.0,"enemies":"Slime Boss","floor":16.0,"turns":5.0},{"damage":2.0,"enemies":"Chosen","floor":18.0,"turns":4.0},{"damage":10.0,"enemies":"Spheric Guardian","floor":19.0,"turns":6.0},{"damage":14.0,"enemies":"Centurion and Healer","floor":20.0,"turns":4.0},{"damage":47.0,"enemies":"Slavers","floor":23.0,"turns":5.0},{"damage":9.0,"enemies":"Gremlin Leader","floor":29.0,"turns":5.0},{"damage":17.0,"enemies":"Snake Plant","floor":30.0,"turns":3.0},{"damage":11.0,"enemies":"Snecko","floor":31.0,"turns":5.0},{"damage":27,"enemies":"Collector","floor":33,"turns":8},{"damage":16,"enemies":"3 Shapes","floor":35,"turns":5},{"damage":0,"enemies":"3 Darklings","floor":37,"turns":3},{"damage":18,"enemies":"Reptomancer","floor":41,"turns":6},{"damage":10,"enemies":"Sphere and 2 Shapes","floor":46,"turns":4},{"damage":30,"enemies":"Writhing Mass","floor":48,"turns":5},{"damage":39,"enemies":"Donu and Deca","floor":50,"turns":4},{"damage":50,"enemies":"Shield and Spear","floor":54,"turns":5},{"damage":85,"enemies":"The Heart","floor":55,"turns":3}],"seed_played":"4891099840275541807","potions_obtained":[{"floor":1.0,"key":"Block Potion"},{"floor":6.0,"key":"FocusPotion"},{"floor":16.0,"key":"FocusPotion"},{"floor":23.0,"key":"SmokeBomb"},{"floor":30.0,"key":"FocusPotion"}],"is_trial":false,"path_per_floor":["M","M","?","$","M","E","R","?","T","R","$","M","?","?","R","B",null,"M","M","M","?","?","E","R","?","T","?","$","E","M","M","R","B",null,"M","?","M","?","?","R","E","?","T","$","?","M","R","M","R","B",null,"R","$","E","B"],"character_chosen":"DEFECT","items_purchased":["Sunder","Electrodynamics","Anchor","Self Repair","Membership Card","Dead Branch","Hyperbeam","Defragment"],"campfire_rested":3,"item_purchase_floors":[4,11,28,28,44,44,44,53],"current_hp_per_floor":[70,70,70,70,67,47,47,47,47,69,69,69,69,69,69,69,75,73,63,49,49,49,2,24,49,49,49,64,73,58,60,60,62,75,68,68,72,72,72,72,73,73,73,75,68,75,75,54,75,54,75,75,75,29,0,0],"gold":39,"neow_bonus":"RANDOM_COLORLESS_2","is_daily":false,"chose_seed":false,"campfire_upgraded":5,"win_rate":0.0,"timestamp":1614335588,"path_taken":["M","M","?","?","M","E","R","?","T","R","$","M","?","?","R","BOSS","M","M","?","?","?","E","R","?","T","?","$","E","M","M","R","BOSS","M","?","M","?","?","R","E","?","T","$","?","M","R","M","R","BOSS","R","$","E","BOSS"],"items_purchased_type":["Card","Card","Relic","Card","Relic","Relic","Card","Card"],"build_version":"2020-12-22","purchased_purges":1,"victory":false,"max_hp_per_floor":[75,75,75,75,75,75,75,75,75,75,75,75,75,75,75,75,75,75,75,75,75,75,75,75,75,75,75,75,75,75,75,75,75,75,75,75,75,75,75,75,75,75,75,75,75,75,75,75,75,75,75,75,75,75,75,75],"card_choices":[{"not_picked":["Master of Strategy","Secret Technique"],"picked":"Apotheosis","floor":0.0},{"not_picked":["Tempest","Stack"],"picked":"Sunder","floor":1.0},{"not_picked":["Doom and Gloom","Streamline"],"picked":"Hello World","floor":2.0},{"not_picked":["Leap","Go for the Eyes","Coolheaded"],"picked":"SKIP","floor":5.0},{"not_picked":["Ball Lightning","Cold Snap"],"picked":"Rip and Tear","floor":6.0},{"not_picked":["Barrage","Cold Snap","Double Energy"],"picked":"SKIP","floor":12.0},{"not_picked":["Multi-Cast","All For One"],"picked":"Buffer","floor":16.0},{"not_picked":["Beam Cell","Double Energy+1","Steam+1"],"picked":"SKIP","floor":18.0},{"not_picked":["Leap","Doom and Gloom","Conserve Battery"],"picked":"SKIP","floor":19.0},{"not_picked":["Hologram","Redo+1","Stack"],"picked":"SKIP","floor":20.0},{"not_picked":["Doom and Gloom","Hologram"],"picked":"Auto Shields+1","floor":23.0},{"not_picked":["Reprogram","White Noise+1","Coolheaded+1"],"picked":"SKIP","floor":29.0},{"not_picked":["Cold Snap+1","Redo+1","Stack+1"],"picked":"SKIP","floor":30.0},{"not_picked":["Conserve Battery","Go for the Eyes"],"picked":"Reboot","floor":31.0},{"not_picked":["Rainbow","Seek"],"picked":"Core Surge","floor":33},{"not_picked":["Compile Driver+1","Gash","Double Energy"],"picked":"SKIP","floor":35},{"not_picked":["Rebound","Hello World+1"],"picked":"Static Discharge+1","floor":37},{"not_picked":["Barrage","Go for the Eyes","Streamline"],"picked":"SKIP","floor":41},{"not_picked":["Hologram","Ball Lightning+1"],"picked":"Biased Cognition","floor":46},{"not_picked":["Genetic Algorithm+1","Redo+1","Chaos"],"picked":"SKIP","floor":48},{"not_picked":["Gash+1","Coolheaded+1"],"picked":"Capacitor+1","floor":54}],"player_experience":64949,"relics_obtained":[{"floor":6.0,"key":"DataDisk"},{"floor":9.0,"key":"Happy Flower"},{"floor":14.0,"key":"MealTicket"},{"floor":23.0,"key":"Bird Faced Urn"},{"floor":29.0,"key":"Juzu Bracelet"},{"floor":41,"key":"Mercury Hourglass"},{"floor":43,"key":"StrikeDummy"},{"floor":54,"key":"Akabeko"}],"event_choices":[{"damage_healed":0.0,"max_hp_gain":0.0,"max_hp_loss":0.0,"gold_gain":0.0,"event_name":"WeMeetAgain","player_choice":"Gave Potion","floor":3.0,"gold_loss":0.0,"damage_taken":0.0,"relics_obtained":["Boot"]},{"damage_healed":0.0,"max_hp_gain":0.0,"max_hp_loss":0.0,"gold_gain":175.0,"event_name":"Liars Game","player_choice":"AGREE","floor":8.0,"gold_loss":0.0,"damage_taken":0.0,"cards_obtained":["Doubt"]},{"damage_healed":0.0,"max_hp_gain":0.0,"max_hp_loss":0.0,"gold_gain":0.0,"event_name":"Living Wall","player_choice":"Grow","floor":13.0,"gold_loss":0.0,"damage_taken":0.0,"cards_upgraded":["Hello World"]},{"damage_healed":0.0,"max_hp_gain":0.0,"max_hp_loss":0.0,"gold_gain":0.0,"event_name":"Wheel of Change","player_choice":"Relic","floor":14.0,"gold_loss":0.0,"damage_taken":0.0},{"damage_healed":0.0,"max_hp_gain":0.0,"max_hp_loss":0.0,"gold_gain":0.0,"event_name":"The Mausoleum","player_choice":"Opened","floor":21.0,"gold_loss":0.0,"damage_taken":0.0,"relics_obtained":["Pantograph"]},{"damage_healed":0.0,"max_hp_gain":0.0,"max_hp_loss":0.0,"gold_gain":0.0,"event_name":"Ghosts","player_choice":"Ignored","floor":22.0,"gold_loss":0.0,"damage_taken":0.0},{"damage_healed":25.0,"max_hp_gain":0.0,"max_hp_loss":0.0,"gold_gain":0.0,"event_name":"The Library","player_choice":"Heal","floor":25.0,"gold_loss":0.0,"damage_taken":0.0},{"cards_removed":["Shame"],"damage_healed":0.0,"max_hp_gain":0.0,"max_hp_loss":0.0,"gold_gain":0.0,"event_name":"Purifier","player_choice":"Purged","floor":27.0,"gold_loss":0.0,"damage_taken":0.0},{"damage_healed":0,"gold_gain":0,"player_choice":"Ignored","damage_taken":0,"max_hp_gain":0,"max_hp_loss":0,"event_name":"Tomb of Lord Red Mask","floor":36,"gold_loss":0},{"damage_healed":0,"gold_gain":0,"cards_transformed":["Defend_B"],"player_choice":"Transformed","damage_taken":0,"max_hp_gain":0,"max_hp_loss":0,"event_name":"Transmorgrifier","floor":38,"gold_loss":0,"cards_obtained":["White Noise"]},{"cards_removed":["Hello World"],"damage_healed":0,"gold_gain":0,"player_choice":"Removed Power","damage_taken":0,"max_hp_gain":0,"max_hp_loss":0,"event_name":"Falling","floor":39,"gold_loss":0},{"damage_healed":0,"gold_gain":0,"player_choice":"Ignored","damage_taken":0,"max_hp_gain":0,"max_hp_loss":0,"event_name":"SecretPortal","floor":42,"gold_loss":0},{"damage_healed":0,"gold_gain":0,"player_choice":"Damaged","damage_taken":7,"max_hp_gain":0,"max_hp_loss":0,"event_name":"Wheel of Change","floor":45,"gold_loss":0}],"is_beta":false,"boss_relics":[{"not_picked":["Tiny House","Ectoplasm"],"picked":"Inserter"},{"not_picked":["Busted Crown","Fusion Hammer"],"picked":"Empty Cage"}],"items_purged_floors":[11],"is_endless":false,"potions_floor_spawned":[1,6,16,23,30,37,41,46,48],"killed_by":"The Heart","ascension_level":0}}