{"host":"ul3z8ex5o8l5j7mh","time":1614349557,"event":{"mods":["2.2 Compatiblity","AchievementEnabler","BaseMod","Bestiary","Colored Map","Colored Powertips","Curses Come First","DeckTracker","Highlight Path","Keyboard Shortcuts","Minty Spire (QoL Compilation)","Relic Sorter","Relic Stats","StSLib","SuperFastMode"],"gold_per_floor":[116,127,144,106,106,106,281,281,357,29,29,57,57,77,77,178,178,198,198,208,208,208,208,241,253,253],"floor_reached":25,"language":"ENG","playtime":701,"items_purged":["Doubt"],"score":307,"play_id":"b9c68a15-8499-4527-bef9-321376a79f46","local_time":"20210226152557","is_ascension_mode":true,"campfire_choices":[{"data":"1","floor":6,"key":"LIFT"},{"data":"2","floor":8,"key":"LIFT"},{"data":"3","floor":13,"key":"LIFT"},{"floor":15,"key":"REST"},{"floor":23,"key":"REST"}],"circlet_count":0,"master_deck":["Defend_R","Defend_R","Defend_R+1","Defend_R","Bash","CurseOfTheBell","Armaments","Rampage","Hemokinesis","Combust+1","Shockwave","Demon Form","Burning Pact+1","Bite","Bite","Bite","Bite","Bite","Intimidate+1","Fire Breathing"],"relics":["Calling Bell","Centennial Puzzle","HornCleat","Girya","Shuriken","Pantograph","Akabeko","Mark of Pain","Enchiridion","MawBank"],"acts_visited":["Exordium","TheCity"],"potions_floor_usage":[12,12,16],"damage_taken":[{"damage":7,"enemies":"Jaw Worm","floor":1,"turns":3},{"damage":5,"enemies":"Small Slimes","floor":2,"turns":3},{"damage":0,"enemies":"2 Louse","floor":3,"turns":3},{"damage":17,"enemies":"Lagavulin","floor":12,"turns":4},{"damage":3,"enemies":"Blue Slaver","floor":14,"turns":2},{"damage":32,"enemies":"Hexaghost","floor":16,"turns":7},{"damage":22,"enemies":"Spheric Guardian","floor":18,"turns":4},{"damage":3,"enemies":"Shell Parasite","floor":20,"turns":4},{"damage":42,"enemies":"Book of Stabbing","floor":24,"turns":5},{"damage":25,"enemies":"Shelled Parasite and Fungi","floor":25,"turns":3}],"seed_played":"-3385768733146246743","potions_obtained":[{"floor":1,"key":"EssenceOfSteel"},{"floor":2,"key":"Weak Potion"},{"floor":14,"key":"Weak Potion"}],"is_trial":false,"path_per_floor":["M","M","M","$","?","R","?","R","T","$","?","E","R","M","R","B",null,"M","?","M","?","?","R","E","M"],"character_chosen":"IRONCLAD","items_purchased":["Combust","Pantograph"],"campfire_rested":2,"item_purchase_floors":[4,10],"current_hp_per_floor":[65,60,60,60,44,44,44,44,44,44,44,27,27,24,48,41,70,48,48,55,39,30,48,18,0,0],"gold":253,"neow_bonus":"BOSS_RELIC","is_daily":false,"chose_seed":false,"campfire_upgraded":0,"win_rate":0.0,"timestamp":1614349557,"path_taken":["M","M","M","$","?","R","?","R","T","$","?","E","R","M","R","BOSS","M","?","M","?","?","R","E","M"],"items_purchased_type":["Card","Relic"],"build_version":"2020-12-22","purchased_purges":1,"victory":false,"max_hp_per_floor":[80,80,80,80,80,80,80,80,80,80,80,80,80,80,80,80,80,80,56,56,56,61,61,61,61,61],"relic_stats":{"Centennial Puzzle":[27],"counters":[10,38],"Shuriken":[5],"Pantograph":25,"MawBank":12,"obtain_stats":[{"Calling Bell":0,"Girya":0,"Centennial Puzzle":0,"HornCleat":0,"Shuriken":9,"Pantograph":10,"Enchiridion":21,"Mark of Pain":17,"MawBank":24,"Burning Blood":0,"Akabeko":12},{"Calling Bell":0,"Girya":0,"Centennial Puzzle":0,"HornCleat":0,"Shuriken":3,"Pantograph":3,"Enchiridion":8,"Mark of Pain":6,"MawBank":9,"Burning Blood":0,"Akabeko":4},{"Calling Bell":0,"Girya":0,"Centennial Puzzle":0,"HornCleat":0,"Shuriken":9,"Pantograph":9,"Enchiridion":30,"Mark of Pain":22,"MawBank":35,"Burning Blood":0,"Akabeko":13}]},"card_choices":[{"not_picked":["Clothesline","Combust"],"picked":"Armaments","floor":1},{"not_picked":["Ghostly Armor","Clash"],"picked":"Rampage","floor":2},{"not_picked":["Cleave","Iron Wave"],"picked":"Hemokinesis","floor":3},{"not_picked":["Havoc","Evolve"],"picked":"Shockwave","floor":12},{"not_picked":["Inflame","True Grit","Entrench"],"picked":"SKIP","floor":14},{"not_picked":["Immolate","Offering"],"picked":"Demon Form","floor":16},{"not_picked":["Uppercut","Ghostly Armor+1"],"picked":"Burning Pact+1","floor":18},{"not_picked":["Warcry+1","Heavy Blade"],"picked":"Intimidate+1","floor":20},{"not_picked":["Feel No Pain","Battle Trance"],"picked":"Fire Breathing","floor":24}],"player_experience":443666,"relics_obtained":[{"floor":0.0,"key":"Centennial Puzzle"},{"floor":0.0,"key":"HornCleat"},{"floor":0.0,"key":"Girya"},{"floor":9,"key":"Shuriken"},{"floor":12,"key":"Akabeko"},{"floor":21,"key":"Enchiridion"},{"floor":24,"key":"MawBank"}],"event_choices":[{"damage_healed":0,"gold_gain":0,"player_choice":"Entered Light","damage_taken":16,"max_hp_gain":0,"max_hp_loss":0,"event_name":"Shining Light","floor":5,"gold_loss":0,"cards_upgraded":["Defend_R","Combust"]},{"damage_healed":0,"gold_gain":175,"player_choice":"AGREE","damage_taken":0,"max_hp_gain":0,"max_hp_loss":0,"event_name":"Liars Game","floor":7,"gold_loss":0,"cards_obtained":["Doubt"]},{"damage_healed":0,"gold_gain":0,"player_choice":"Ignored","damage_taken":0,"max_hp_gain":0,"max_hp_loss":0,"event_name":"Golden Idol","floor":11,"gold_loss":0},{"damage_healed":0,"gold_gain":0,"player_choice":"Became a vampire","damage_taken":0,"max_hp_gain":0,"max_hp_loss":24,"event_name":"Vampires","floor":19,"gold_loss":0,"cards_obtained":["Bite","Bite","Bite","Bite","Bite"]},{"damage_healed":0,"gold_gain":0,"player_choice":"Obtained Book","damage_taken":16,"max_hp_gain":0,"max_hp_loss":0,"event_name":"Cursed Tome","floor":21,"gold_loss":0},{"damage_healed":0,"gold_gain":0,"player_choice":"Shed Blood","damage_taken":14,"max_hp_gain":5,"max_hp_loss":0,"event_name":"Forgotten Altar","floor":22,"gold_loss":0}],"is_beta":false,"boss_relics":[{"not_picked":["Sozu","Runic Cube"],"picked":"Mark of Pain"}],"items_purged_floors":[10],"is_endless":false,"potions_floor_spawned":[1,2,14],"killed_by":"Shelled Parasite and Fungi","ascension_level":6}}