{"host":"nia1zwr35jsu5y7h","time":1614337023,"event":{"mods":["2.2 Compatiblity","Abigail Mod","Bard","BaseMod","Colored Map","Conspire","Downfall","Friendly Minions","Hermit","Highlight Path","Hubris","Infinite Spire","Kiyohime????","Koishi","Marisa????????","Minty Spire (QoL Compilation)","Quick Restart","Replay The Spire","Shade Mod","Shop Mod","StSLib","The Animator","The Construct","The Cursed","The Disciple","The Mystic","The Necromancer","The Servant 0.9.4"],"gold_per_floor":[110,110,29,29,29,29,39,65,65,96,122,22,22,38,38,136,136,153,158,178,191,201,201],"floor_reached":22,"language":"ENG","playtime":765,"items_purged":["Clumsy"],"score":278,"play_id":"6a6e42e5-7679-4edf-9f59-aec29afa2eee","local_time":"20210226025703","is_ascension_mode":true,"campfire_choices":[{"data":"hermit:FlashPowder","floor":6.0,"key":"SMITH"},{"data":"hermit:FlashPowder","floor":13,"key":"SMITH"},{"data":"hermit:Maintenance","floor":15,"key":"SMITH"}],"circlet_count":0,"master_deck":["hermit:Strike_Hermit","hermit:Strike_Hermit","hermit:Strike_Hermit","hermit:Strike_Hermit","hermit:Defend_Hermit","hermit:Defend_Hermit","hermit:Defend_Hermit","hermit:Defend_Hermit","hermit:Snapshot","hermit:Covet","hermit:Roughhouse+1","hermit:Shortfuse","hermit:FlashPowder+1","hermit:EyeOfTheStorm","hermit:Maintenance+1","hermit:FlashPowder+1","Ghostly","hermit:FullyLoaded","hermit:RoundhouseKick","hermit:TakeCover","hermit:GhostlyPresence","hermit:TakeCover"],"relics":["hermit:Momento","Juzu Bracelet","Art of War","conspire:TopHat","Replay:Rubber Ducky","hubris:Backtick","infinitespire:Bottled Soul","ReplayTheSpireMod:CursedCoin"],"acts_visited":["Exordium","TheCity"],"potions_floor_usage":[22,22],"damage_taken":[{"damage":3.0,"enemies":"Small Slimes","floor":1.0,"turns":4.0},{"damage":0.0,"enemies":"Jaw Worm","floor":7.0,"turns":2.0},{"damage":13.0,"enemies":"Lagavulin","floor":8.0,"turns":6.0},{"damage":22,"enemies":"Gremlin Nob","floor":10,"turns":4},{"damage":0,"enemies":"Cultist","floor":14,"turns":3},{"damage":41,"enemies":"Slime Boss","floor":16,"turns":15},{"damage":3,"enemies":"conspire:FuzzyDice","floor":18,"turns":8},{"damage":30,"enemies":"Chosen","floor":20,"turns":7},{"damage":12,"enemies":"3 Cultists","floor":21,"turns":7},{"damage":20,"enemies":"conspire:MimicChest","floor":22,"turns":7}],"seed_played":"-54707236586254280","potions_obtained":[{"floor":2.0,"key":"Languid Potion"},{"floor":2.0,"key":"FairyPotion"},{"floor":2.0,"key":"bronze:BurnAndBuffPotion"},{"floor":20,"key":"PowerPotion"}],"is_trial":false,"path_per_floor":["M","?","$","?","$","R","M","E","T","E","T","?","R","M","R","B",null,"M","$","M","M","?"],"character_chosen":"HERMIT","items_purchased":["hermit:FlashPowder","ReplayTheSpireMod:CursedCoin","hermit:TakeCover"],"campfire_rested":0,"item_purchase_floors":[3,19,19],"current_hp_per_floor":[65,65,65,65,65,65,65,52,52,30,30,30,30,30,30,20,56,53,53,23,11,0,0],"gold":201,"neow_bonus":"THREE_RARE_CARDS","is_daily":false,"chose_seed":false,"campfire_upgraded":3,"win_rate":0.0,"timestamp":1614337023,"path_taken":["M","?","?","?","?","R","M","E","T","E","?","?","R","M","R","BOSS","M","$","M","M","?"],"items_purchased_type":["Card","Relic","Card"],"build_version":"2020-12-22","purchased_purges":1,"victory":false,"max_hp_per_floor":[68,68,68,68,68,68,68,68,68,68,68,68,68,68,68,68,68,68,68,68,68,68,68],"card_choices":[{"not_picked":["hermit:FinalCanter","hermit:HeroicBravado"],"picked":"hermit:Roughhouse","floor":0.0},{"not_picked":["hermit:Horror","hermit:PistolWhip"],"picked":"hermit:Shortfuse","floor":1.0},{"not_picked":["hermit:LowProfile","hermit:Vantage"],"picked":"hermit:EyeOfTheStorm","floor":7.0},{"not_picked":["hermit:FlashPowder","hermit:Gestalt"],"picked":"hermit:Maintenance","floor":8.0},{"not_picked":["hermit:TrackingShot","hermit:Coalescence"],"picked":"hermit:FlashPowder","floor":10},{"not_picked":["hermit:Vantage","hermit:Dive"],"picked":"hermit:FullyLoaded","floor":14},{"not_picked":["hermit:Purgatory","hermit:Magnum"],"picked":"hermit:RoundhouseKick","floor":16},{"not_picked":["hermit:Coalescence","hermit:SprayPray","hermit:Headshot"],"picked":"SKIP","floor":18},{"not_picked":["hermit:GoldenBullet","hermit:HoleUp"],"picked":"hermit:GhostlyPresence","floor":20},{"not_picked":["hermit:ItchyTrigger","hermit:Feint"],"picked":"hermit:TakeCover","floor":21}],"player_experience":2226116,"relics_obtained":[{"floor":8.0,"key":"Juzu Bracelet"},{"floor":9.0,"key":"Art of War"},{"floor":10,"key":"conspire:TopHat"},{"floor":11,"key":"Replay:Rubber Ducky"}],"event_choices":[{"damage_healed":0.0,"max_hp_gain":0.0,"max_hp_loss":0.0,"gold_gain":0.0,"event_name":"Lab","player_choice":"Got Potions","floor":2.0,"gold_loss":0.0,"damage_taken":0.0},{"damage_healed":0,"gold_gain":0,"player_choice":"Argue","damage_taken":0,"max_hp_gain":0,"max_hp_loss":0,"event_name":"conspire:LoneGhost","floor":12,"gold_loss":0}],"is_beta":false,"boss_relics":[{"not_picked":["hubris:HollowSoul","Painkiller Herb"],"picked":"hubris:Backtick"}],"items_purged_floors":[19],"is_endless":false,"potions_floor_spawned":[10,14,20,21],"killed_by":"conspire:MimicChest","ascension_level":9}}