{"host":"pj7egx7jkoz18hom","time":1614329095,"event":{"mods":["AchievementEnabler","BaseMod","Keyboard Shortcuts","Minty Spire (QoL Compilation)","SuperFastMode"],"gold_per_floor":[118,118,129,148,161,187,187,198,198,273,273,284,284,75,75,174,174,193,193,209,209,9,34,58,58,58,75,75,101,120,140,140,140,140],"floor_reached":33,"language":"KOR","playtime":1297,"items_purged":["Strike_R","Bite"],"score":383,"play_id":"8f467d93-c23d-45ce-8085-0467db97dae7","local_time":"20210226174455","is_ascension_mode":true,"campfire_choices":[{"data":"Offering","floor":7,"key":"SMITH"},{"data":"Entrench","floor":11,"key":"SMITH"},{"data":"Body Slam","floor":13,"key":"SMITH"},{"data":"Shockwave","floor":15,"key":"SMITH"},{"floor":25,"key":"REST"},{"data":"Iron Wave","floor":32,"key":"SMITH"}],"circlet_count":0,"master_deck":["Defend_R+1","Defend_R+1","Defend_R+1","Defend_R+1","Bash+1","Shockwave+1","Entrench+1","Offering+1","Pommel Strike","Iron Wave+1","Thunderclap","Body Slam+1","Impervious+1","Bite","Bite","Bite","Bite","Parasite","True Grit+1"],"relics":["Burning Blood","HornCleat","Membership Card","Cursed Key","Bag of Marbles","Toy Ornithopter","War Paint","Dream Catcher","Ornamental Fan","Spirit Poop","Mummified Hand"],"acts_visited":["Exordium","TheCity"],"potions_floor_usage":[6,16,20,23,33,33],"damage_taken":[{"damage":7,"enemies":"Jaw Worm","floor":1,"turns":3},{"damage":6,"enemies":"2 Louse","floor":3,"turns":2},{"damage":10,"enemies":"Small Slimes","floor":4,"turns":3},{"damage":11,"enemies":"Red Slaver","floor":5,"turns":4},{"damage":26,"enemies":"Lagavulin","floor":6,"turns":5},{"damage":3,"enemies":"Blue Slaver","floor":8,"turns":3},{"damage":3,"enemies":"Exordium Wildlife","floor":12,"turns":3},{"damage":37,"enemies":"The Guardian","floor":16,"turns":11},{"damage":12,"enemies":"3 Byrds","floor":18,"turns":5},{"damage":12,"enemies":"Shell Parasite","floor":20,"turns":5},{"damage":13,"enemies":"Slavers","floor":23,"turns":5},{"damage":10,"enemies":"Snecko","floor":27,"turns":4},{"damage":11,"enemies":"Gremlin Leader","floor":29,"turns":6},{"damage":6,"enemies":"Chosen and Byrds","floor":30,"turns":6},{"damage":6,"enemies":"Shelled Parasite and Fungi","floor":31,"turns":2},{"damage":105,"enemies":"Champ","floor":33,"turns":13}],"seed_played":"-930375221545278018","potions_obtained":[{"floor":1,"key":"AttackPotion"},{"floor":5,"key":"GamblersBrew"},{"floor":6,"key":"Energy Potion"},{"floor":16,"key":"Weak Potion"},{"floor":18,"key":"LiquidBronze"},{"floor":20,"key":"Explosive Potion"},{"floor":23,"key":"BlessingOfTheForge"}],"is_trial":false,"path_per_floor":["M","?","M","M","M","E","R","M","T","?","R","M","R","$","R","B",null,"M","?","M","?","$","E","T","R","T","M","?","E","M","M","R","B"],"character_chosen":"IRONCLAD","items_purchased":["Membership Card","SkillPotion","Bag of Marbles","Toy Ornithopter"],"campfire_rested":1,"item_purchase_floors":[14,14,22,22],"current_hp_per_floor":[79,79,79,75,70,50,50,53,53,42,42,47,47,47,47,18,65,61,61,63,63,63,71,71,80,80,80,77,77,77,77,77,0,0],"gold":140,"neow_bonus":"UPGRADE_CARD","is_daily":false,"chose_seed":false,"campfire_upgraded":5,"win_rate":0.0,"timestamp":1614329095,"path_taken":["M","?","M","M","M","E","R","M","T","?","R","M","R","$","R","BOSS","M","?","M","?","$","E","?","R","T","M","?","E","?","M","R","BOSS"],"items_purchased_type":["Relic","Potion","Relic","Relic"],"build_version":"2020-12-22","purchased_purges":2,"victory":false,"max_hp_per_floor":[80,80,80,80,80,80,80,80,80,80,80,80,80,80,80,80,80,80,80,80,80,80,80,80,80,80,80,77,77,77,77,77,77,77],"card_choices":[{"not_picked":["Hemokinesis","Flex"],"picked":"Shockwave","floor":1},{"not_picked":["Shrug It Off","Combust"],"picked":"Entrench","floor":3},{"not_picked":["Armaments","Carnage"],"picked":"Offering","floor":4},{"not_picked":["Dark Embrace","Headbutt"],"picked":"Pommel Strike","floor":5},{"not_picked":["Second Wind","Exhume"],"picked":"Iron Wave","floor":6},{"not_picked":["Dual Wield","True Grit"],"picked":"Thunderclap","floor":8},{"not_picked":["Flame Barrier","True Grit"],"picked":"Body Slam","floor":12},{"not_picked":["Brutality","Feed"],"picked":"Impervious","floor":16},{"not_picked":["Anger","Havoc","Dark Embrace"],"picked":"SKIP","floor":18},{"not_picked":["Flex+1","Rupture","Blood for Blood"],"picked":"SKIP","floor":20},{"not_picked":["Searing Blow","Juggernaut","Rage+1"],"picked":"SKIP","floor":23},{"not_picked":["Cleave","Metallicize"],"picked":"True Grit+1","floor":27},{"not_picked":["Wild Strike","Anger+1","Twin Strike+1"],"picked":"SKIP","floor":29},{"not_picked":["Headbutt","Cleave","Clash"],"picked":"SKIP","floor":30},{"not_picked":["Rage","Twin Strike","Sever Soul"],"picked":"SKIP","floor":31}],"player_experience":160582,"relics_obtained":[{"floor":6,"key":"HornCleat"},{"floor":9,"key":"Blood Vial"},{"floor":23,"key":"War Paint"},{"floor":24,"key":"Dream Catcher"},{"floor":26,"key":"Ornamental Fan"},{"floor":29,"key":"Mummified Hand"}],"event_choices":[{"damage_healed":0,"gold_gain":0,"player_choice":"Ignored","damage_taken":0,"max_hp_gain":0,"max_hp_loss":0,"event_name":"Shining Light","floor":2,"gold_loss":0},{"damage_healed":0,"gold_gain":75,"player_choice":"Gather Gold","damage_taken":11,"max_hp_gain":0,"max_hp_loss":0,"event_name":"World of Goop","floor":10,"gold_loss":0},{"damage_healed":0,"gold_gain":0,"player_choice":"Became a vampire (Vial)","damage_taken":0,"max_hp_gain":0,"max_hp_loss":0,"event_name":"Vampires","floor":19,"relics_lost":["Blood Vial"],"gold_loss":0,"cards_obtained":["Bite","Bite","Bite","Bite","Bite"]},{"damage_healed":0,"gold_gain":0,"player_choice":"Simplicity","damage_taken":0,"max_hp_gain":0,"max_hp_loss":0,"event_name":"Back to Basics","floor":21,"gold_loss":0,"cards_upgraded":["Defend_R","Defend_R","Defend_R","Defend_R"]},{"cards_removed":["Parasite"],"damage_healed":0,"gold_gain":0,"player_choice":"Offered Curse","damage_taken":0,"relics_obtained":["Spirit Poop"],"max_hp_gain":0,"max_hp_loss":0,"event_name":"Bonfire Elementals","floor":28,"gold_loss":0}],"is_beta":false,"boss_relics":[{"not_picked":["Empty Cage","Calling Bell"],"picked":"Cursed Key"}],"items_purged_floors":[14,22],"is_endless":false,"potions_floor_spawned":[1,5,6,16,18,20,23],"killed_by":"Champ","ascension_level":5}}