{"host":"gsef4mntx4mq50d0","time":1614328652,"event":{"mods":["Act Like it!","Arknights","Aspiration","BaseMod","Block Reminder","Colored Map","Downfall","GifTheSpireLib","Hallownest","HololiveMod","Hubris","Infinite Spire","MarisaÅiñ∂âJÅ@ñÇóùçπÅj","Minty Spire (QoL Compilation)","SIMod","StSLib","The Alterego","The Bug Knight","The Exalted","The Forsaken","The Servant 0.9.4","TheSwordswoman"],"gold_per_floor":[115,115,115,125,18,46,46,61,61,79,94,124,143,108,108,210,210,230,230,230,230,230,230],"floor_reached":22,"language":"ENG","playtime":1113,"items_purged":[],"score":194,"play_id":"f83c3bad-4ecb-410e-a9c1-b5a6878e5b98","local_time":"20210226183732","is_ascension_mode":false,"campfire_choices":[{"floor":7,"key":"REST"},{"floor":15,"key":"REST"}],"circlet_count":0,"master_deck":["HollowMod:NailStrikeStart","HollowMod:NailStrikeStart","HollowMod:NailStrikeStart","HollowMod:NailStrikeStart","HollowMod:QuickDashStart","HollowMod:QuickDashStart","HollowMod:QuickDashStart","HollowMod:QuickDashStart","HollowMod:FocusHealStart","HollowMod:PogoStrike","HollowMod:DoubleDash","HollowMod:MonomonsArchive","HollowMod:GoodIntentions","HollowMod:InfectedCysts","HollowMod:NewLittleFool","HollowMod:DashSlash","HollowMod:InfectionAssault","HollowMod:DashSlash","HollowMod:CloakDash","HollowMod:InfectedAttack","HollowMod:InfectedAttack","HollowMod:VengefulSpirit","HollowMod:SiblingsSouls","HollowMod:HeavyBlow","HollowMod:InfectedCysts","HollowMod:RadiancesLament","HollowMod:SoulSplash+1","theForsaken:PlagueCurse","HollowMod:TaintedHusks"],"relics":["HollowMod:VesselMask","Vajra","White Beast Statue","infinitespire:PuzzleCube","SlaversCollar","hubris:Towel","theForsaken:PlagueMask"],"acts_visited":["Exordium","TheCity"],"potions_floor_usage":[],"damage_taken":[{"damage":3,"enemies":"2 Louse","floor":1,"turns":3},{"damage":0,"enemies":"ats:Genji","floor":4,"turns":3},{"damage":37,"enemies":"3 Sentries","floor":6,"turns":13},{"damage":0,"enemies":"Cultist","floor":8,"turns":3},{"damage":0,"enemies":"3 Louse","floor":10,"turns":2},{"damage":14,"enemies":"Looter","floor":11,"turns":2},{"damage":37,"enemies":"HollowMod:MossKnight","floor":12,"turns":7},{"damage":6,"enemies":"Blue Slaver","floor":13,"turns":2},{"damage":29,"enemies":"Slime Boss","floor":16,"turns":8},{"damage":40,"enemies":"Shell Parasite","floor":18,"turns":5},{"damage":44,"enemies":"Spheric Guardian","floor":22,"turns":5}],"seed_played":"2515291347098760751","potions_obtained":[{"floor":1,"key":"bronze:BurnAndBuffPotion"},{"floor":10,"key":"SpeedPotion"},{"floor":11,"key":"SpeedPotion"},{"floor":12,"key":"Swift Potion"}],"is_trial":false,"path_per_floor":["M","?","?","M","$","E","R","M","T","M","M","E","M","?","R","B",null,"M","?","?","?","M"],"character_chosen":"THE_BUGKNIGHT","items_purchased":["HollowMod:DashSlash","HollowMod:CloakDash"],"campfire_rested":2,"item_purchase_floors":[5,5],"current_hp_per_floor":[79,79,79,79,79,48,72,72,72,72,58,27,21,41,65,36,82,42,42,42,42,0,0],"gold":230,"neow_bonus":"TEN_PERCENT_HP_BONUS","is_daily":false,"chose_seed":false,"campfire_upgraded":0,"win_rate":0.0,"timestamp":1614328652,"path_taken":["M","?","?","M","$","E","R","M","T","M","M","E","M","?","R","BOSS","M","?","?","?","M"],"items_purchased_type":["Card","Card"],"build_version":"2020-12-22","purchased_purges":0,"victory":false,"max_hp_per_floor":[82,82,82,82,82,82,82,82,82,82,82,82,82,82,82,82,82,82,82,82,82,82,82],"card_choices":[{"not_picked":["HollowMod:InfectionAssault","HollowMod:PerfectDash"],"picked":"HollowMod:DoubleDash","floor":1},{"not_picked":["HollowMod:SoulSplash","HollowMod:InfectedCysts"],"picked":"HollowMod:InfectionAssault","floor":4},{"not_picked":["HollowMod:DoubleDash","HollowMod:PaleKingsBlessing"],"picked":"HollowMod:InfectedAttack","floor":6},{"not_picked":["HollowMod:BlackTendrils","HollowMod:SharpenedNail"],"picked":"HollowMod:InfectedAttack","floor":8},{"not_picked":["HollowMod:CloakDash","HollowMod:DoubleDash"],"picked":"HollowMod:VengefulSpirit","floor":10},{"not_picked":["HollowMod:SoulEater","HollowMod:GoodIntentions"],"picked":"HollowMod:SiblingsSouls","floor":11},{"not_picked":["HollowMod:SharpenedNail","HollowMod:VengefulVoid"],"picked":"HollowMod:HeavyBlow","floor":12},{"not_picked":["HollowMod:VengefulVoid","HollowMod:MawleksShell"],"picked":"HollowMod:InfectedCysts","floor":13},{"not_picked":["HollowMod:ZotesMagnificence","HollowMod:LordofShades"],"picked":"HollowMod:RadiancesLament","floor":16},{"not_picked":["HollowMod:WraithStrike+1","HollowMod:DreamGate"],"picked":"HollowMod:SoulSplash+1","floor":18}],"player_experience":191660,"relics_obtained":[{"floor":6,"key":"Vajra"},{"floor":9,"key":"White Beast Statue"},{"floor":12,"key":"infinitespire:PuzzleCube"}],"event_choices":[{"damage_healed":0,"gold_gain":0,"player_choice":"Ignored","damage_taken":0,"max_hp_gain":0,"max_hp_loss":0,"event_name":"Golden Wing","floor":2,"gold_loss":0},{"damage_healed":20,"gold_gain":0,"player_choice":"Healed","damage_taken":0,"max_hp_gain":0,"max_hp_loss":0,"event_name":"The Cleric","floor":14,"gold_loss":35},{"damage_healed":0,"gold_gain":0,"player_choice":"Obtain Plague Curse","damage_taken":0,"max_hp_gain":0,"max_hp_loss":0,"event_name":"Plague Doctor","floor":20,"gold_loss":0,"cards_obtained":["theForsaken:PlagueCurse"]},{"damage_healed":0,"gold_gain":0,"player_choice":"Read","damage_taken":0,"max_hp_gain":0,"max_hp_loss":0,"event_name":"The Library","floor":21,"gold_loss":0,"cards_obtained":["HollowMod:TaintedHusks"]}],"is_beta":false,"boss_relics":[{"not_picked":["Bromod:ArcaneEnergize","aspiration:RitualDagger"],"picked":"SlaversCollar"}],"items_purged_floors":[],"is_endless":false,"potions_floor_spawned":[1,10,11,12,13,16,18],"killed_by":"Spheric Guardian","ascension_level":0}}