{"host":"lsq35p0sdkx2xifo","time":1614306000,"event":{"mods":["AchievementEnabler","BaseMod","Highlight Path","Minty Spire (QoL Compilation)","StSLib","The Senshi"],"gold_per_floor":[117,117,41,59,75,100,100,20,20,20,31,60,60,70,70,148,148,161,177,231,127,52,52,87,87,162,162,162],"floor_reached":27,"language":"ENG","playtime":1625,"items_purged":["Decay"],"score":478,"play_id":"fa6ca434-e707-4412-ac14-edc9d887c4ed","local_time":"20210225182000","is_ascension_mode":true,"campfire_choices":[{"floor":7,"key":"REST"},{"data":"Armaments","floor":15,"key":"SMITH"},{"data":"Berserk","floor":23,"key":"SMITH"},{"floor":25,"key":"REST"}],"circlet_count":0,"master_deck":["AscendersBane","Strike_R","Strike_R","Strike_R","Strike_R","Strike_R","Defend_R+1","Defend_R","Defend_R","Defend_R","Bash","Juggernaut+1","Heavy Blade","Metallicize","Shrug It Off+1","Rage","Seeing Red","Metallicize","Armaments+1","Rampage","Seeing Red","Berserk+1","Shrug It Off","Shrug It Off+1"],"relics":["Burning Blood","Bottled Tornado","War Paint","theSenshi:SuperSailorFukuRelic","SlaversCollar","Red Skull","Bag of Marbles","Boot","Matryoshka"],"acts_visited":["Exordium","TheCity"],"potions_floor_usage":[6,12,16],"damage_taken":[{"damage":15,"enemies":"2 Louse","floor":1,"turns":3},{"damage":13,"enemies":"Small Slimes","floor":4,"turns":4},{"damage":4,"enemies":"Cultist","floor":5,"turns":4},{"damage":11,"enemies":"Lagavulin","floor":6,"turns":8},{"damage":2,"enemies":"Blue Slaver","floor":11,"turns":4},{"damage":5,"enemies":"3 Sentries","floor":12,"turns":7},{"damage":7,"enemies":"Red Slaver","floor":14,"turns":3},{"damage":28,"enemies":"The Guardian","floor":16,"turns":11},{"damage":8,"enemies":"Shell Parasite","floor":18,"turns":7},{"damage":12,"enemies":"3 Byrds","floor":19,"turns":5},{"damage":18,"enemies":"Book of Stabbing","floor":24,"turns":6},{"damage":71,"enemies":"Slavers","floor":27,"turns":5}],"seed_played":"-8728982737515672961","potions_obtained":[{"floor":4,"key":"Dexterity Potion"},{"floor":5,"key":"Energy Potion"},{"floor":12,"key":"Dexterity Potion"}],"is_trial":false,"path_per_floor":["M","?","$","M","M","E","R","$","T","?","M","E","?","M","R","B",null,"M","M","T","?","$","R","E","R","T","E"],"character_chosen":"IRONCLAD","items_purchased":["Metallicize","Metallicize"],"campfire_rested":2,"item_purchase_floors":[3,8],"current_hp_per_floor":[59,59,59,52,54,49,71,71,71,71,75,75,75,74,74,52,69,67,61,61,61,61,61,49,71,71,0,0],"gold":162,"neow_bonus":"THREE_RARE_CARDS","is_daily":false,"chose_seed":false,"campfire_upgraded":2,"win_rate":0.0,"timestamp":1614306000,"path_taken":["M","?","$","M","M","E","R","$","T","?","?","E","?","M","R","BOSS","M","M","?","?","$","R","E","R","T","E"],"items_purchased_type":["Card","Card"],"build_version":"2020-12-22","purchased_purges":1,"victory":false,"max_hp_per_floor":[75,75,75,75,75,75,75,75,75,75,75,75,75,75,75,75,75,75,75,75,75,75,75,75,75,75,75,75],"card_choices":[{"not_picked":["Impervious","Reaper"],"picked":"Juggernaut","floor":0},{"not_picked":["Clash","Combust"],"picked":"Heavy Blade","floor":1},{"not_picked":["Demon Form","Infernal Blade"],"picked":"Shrug It Off","floor":4},{"not_picked":["Clothesline","True Grit"],"picked":"Rage","floor":5},{"not_picked":["Sword Boomerang","Clash"],"picked":"Seeing Red","floor":6},{"not_picked":["Carnage","Clothesline"],"picked":"Armaments","floor":11},{"not_picked":["Intimidate","True Grit"],"picked":"Rampage","floor":12},{"not_picked":["Clash","Cleave"],"picked":"Seeing Red","floor":14},{"not_picked":["Exhume","Fiend Fire"],"picked":"Berserk","floor":16},{"not_picked":["Cleave","Anger"],"picked":"Shrug It Off","floor":18},{"not_picked":["Perfected Strike","Ghostly Armor"],"picked":"Shrug It Off+1","floor":19},{"not_picked":["Intimidate","Infernal Blade","Thunderclap+1"],"picked":"SKIP","floor":24}],"player_experience":1439278,"relics_obtained":[{"floor":6,"key":"Bottled Tornado"},{"floor":9,"key":"War Paint"},{"floor":12,"key":"theSenshi:SuperSailorFukuRelic"},{"floor":20,"key":"Red Skull"},{"floor":24,"key":"Boot"},{"floor":26,"key":"Matryoshka"}],"event_choices":[{"damage_healed":0,"gold_gain":0,"player_choice":"Grow","damage_taken":0,"max_hp_gain":0,"max_hp_loss":0,"event_name":"Living Wall","floor":2,"gold_loss":0,"cards_upgraded":["Juggernaut"]},{"damage_healed":0,"gold_gain":0,"player_choice":"Leave","damage_taken":0,"max_hp_gain":0,"max_hp_loss":0,"event_name":"FaceTrader","floor":10,"gold_loss":0},{"damage_healed":0,"gold_gain":0,"player_choice":"0 cards matched","damage_taken":0,"max_hp_gain":0,"max_hp_loss":0,"event_name":"Match and Keep!","floor":13,"gold_loss":0,"cards_obtained":[]},{"damage_healed":0,"gold_gain":0,"player_choice":"Paid Gold","damage_taken":0,"relics_obtained":["Bag of Marbles"],"max_hp_gain":0,"max_hp_loss":0,"event_name":"WeMeetAgain","floor":21,"gold_loss":104}],"is_beta":false,"boss_relics":[{"not_picked":["Runic Cube","Astrolabe"],"picked":"SlaversCollar"}],"items_purged_floors":[22],"is_endless":false,"potions_floor_spawned":[4,5,12],"killed_by":"Slavers","ascension_level":20}}