{"host":"n2sr453jcjz6vvl4","time":1614375460,"event":{"mods":["BaseMod","Colored Map","Minty Spire (QoL Compilation)","Permanent Neow","Relic Stats","StSLib"],"gold_per_floor":[363,377,377,73,73,73,73],"floor_reached":6,"language":"ENG","playtime":354,"items_purged":["Strike_G"],"score":43,"play_id":"81d7dc84-c2e0-4131-a621-d699f9e80193","local_time":"20210226173740","is_ascension_mode":true,"campfire_choices":[],"circlet_count":0,"master_deck":["Strike_G","Strike_G","Strike_G","Strike_G","Defend_G","Defend_G","Defend_G","Defend_G","Defend_G","Survivor","Neutralize","Flying Knee","Flying Knee","Poisoned Stab","Caltrops","Decay"],"relics":["Ring of the Snake","Shovel","Lantern"],"acts_visited":["Exordium"],"potions_floor_usage":[6],"damage_taken":[{"damage":0,"enemies":"Cultist","floor":1,"turns":4},{"damage":1,"enemies":"Jaw Worm","floor":2,"turns":4},{"damage":55,"enemies":"Gremlin Nob","floor":6,"turns":4}],"seed_played":"-6948004904136281345","potions_obtained":[{"floor":2,"key":"CunningPotion"}],"is_trial":false,"path_per_floor":["M","M","?","$","?","E"],"character_chosen":"THE_SILENT","items_purchased":["Poisoned Stab","Lantern","Caltrops"],"campfire_rested":0,"item_purchase_floors":[4,4,4],"current_hp_per_floor":[49,48,41,41,41,0,0],"gold":73,"neow_bonus":"TWO_FIFTY_GOLD","is_daily":false,"chose_seed":false,"campfire_upgraded":0,"win_rate":0.0,"timestamp":1614375460,"path_taken":["M","?","?","$","?","E"],"items_purchased_type":["Card","Relic","Card"],"build_version":"2020-12-22","purchased_purges":1,"victory":false,"max_hp_per_floor":[70,70,70,70,70,70,70],"relic_stats":{"Shovel":0,"counters":[3,12],"obtain_stats":[{"Lantern":4,"Shovel":3,"Ring of the Snake":0},{"Lantern":2,"Shovel":2,"Ring of the Snake":0},{"Lantern":8,"Shovel":8,"Ring of the Snake":0}],"Ring of the Snake":[6]},"card_choices":[{"not_picked":["Poisoned Stab","Underhanded Strike"],"picked":"Flying Knee","floor":1},{"not_picked":["Setup","Acrobatics"],"picked":"Flying Knee","floor":2}],"player_experience":256759,"relics_obtained":[],"event_choices":[{"damage_healed":0,"gold_gain":0,"player_choice":"Success","damage_taken":7,"relics_obtained":["Shovel"],"max_hp_gain":0,"max_hp_loss":0,"event_name":"Scrap Ooze","floor":3,"gold_loss":0},{"damage_healed":0,"gold_gain":0,"player_choice":"Cursed","damage_taken":0,"max_hp_gain":0,"max_hp_loss":0,"event_name":"Wheel of Change","floor":5,"gold_loss":0,"cards_obtained":["Decay"]}],"is_beta":false,"boss_relics":[],"items_purged_floors":[4],"is_endless":false,"potions_floor_spawned":[2],"killed_by":"Gremlin Nob","ascension_level":5}}