{"host":"id23shmscryl4psl","time":1614350082,"event":{"mods":["BaseMod","Better Altar","Better Match","Better Note","Better Sensory Stone","Better Skull","Better Third Choice","Colored Map","Colored Powertips","Dark Map","Downfall","FTL Soundtrack","Minty Spire (QoL Compilation)","Rare Cards Sparkle","Relic Stats","Robot Space Explorer","StSLib"],"gold_per_floor":[99,115,132,146,146,146,173,173,173,191,211,246,246,272,284,389,389,389,401,401,401,413,423,446,446,446,512,512,530,547,547,561,696,746,546,603,603,653,664,664,690,690,690,740,740,91,117,137,149,149],"floor_reached":51,"language":"ENG","playtime":2383,"items_purged":["Slimebound:Defend_Slimebound"],"score":850,"play_id":"108ebd00-5c2b-457b-9ff4-b7eb7ac8bc40","local_time":"20210226073442","is_ascension_mode":true,"campfire_choices":[{"floor":1,"key":"RECALL"},{"data":"Slimebound:Split","floor":6,"key":"SMITH"},{"data":"Slimebound:CorrosiveSpit","floor":8,"key":"SMITH"},{"data":"Slimebound:LeadByExample","floor":18,"key":"SMITH"},{"floor":25,"key":"REST"},{"floor":28,"key":"REST"},{"data":"Slimebound:PrepareCrush","floor":35,"key":"SMITH"},{"data":"Slimebound:PrepareCrush","floor":40,"key":"SMITH"},{"data":"Slimebound:Darklings","floor":43,"key":"SMITH"},{"floor":45,"key":"REST"}],"circlet_count":0,"master_deck":["Slimebound:Strike_Slimebound+1","Slimebound:Strike_Slimebound","Slimebound:Strike_Slimebound+1","Slimebound:Defend_Slimebound","Slimebound:Defend_Slimebound","Slimebound:Defend_Slimebound","Slimebound:Split+1","Slimebound:CorrosiveSpit+1","Slimebound:Prepare","Slimebound:SamplingLick","Slimebound:SamplingLick","Slimebound:Schlurp","Slimebound:LeadByExample+1","Slimebound:ItLooksTasty+1","Slimebound:Recycling","Slimebound:SlimeSpikes+1","Slimebound:TongueLash","Slimebound:Replication","Slimebound:SplitBruiser","Slimebound:DisruptingSlam+1","Slimebound:SlimeSpikes","Slimebound:GoopSpray","Slimebound:MegaLick+1","Slimebound:PrepareCrush+1","Slimebound:SlimeSpikes","Slimebound:SplitSpecialist+1","Slimebound:Darklings+1","Slimebound:PrepareCrush+1","Slimebound:MegaLick+1","Slimebound:Recollect+1","Slimebound:SamplingLick","Slimebound:ProtectTheBoss+1","Slimebound:Recycling","Slimebound:Prepare+1","Slimebound:ProtectTheBoss+1"],"relics":["Slimebound:AbsorbEndCombat","downfall:ShatteredFragment","Bronze Scales","Pantograph","Slimebound:AggressiveSlimeRelic","SacredBark","Dream Catcher","downfall:KnowingSkull","Whetstone","Tiny House","downfall:HeartBlessingRed","downfall:HeartBlessingBlue","Mango","Bag of Preparation","Kunai","CaptainsWheel","Calipers"],"acts_visited":["Exordium","TheCity","TheBeyond"],"potions_floor_usage":[12,12,16,27,27,27,33,33,44,46,50,50],"damage_taken":[{"damage":14,"enemies":"Jaw Worm","floor":2,"turns":5},{"damage":0,"enemies":"Small Slimes","floor":3,"turns":4},{"damage":0,"enemies":"Cultist","floor":4,"turns":4},{"damage":0,"enemies":"3 Louse","floor":10,"turns":3},{"damage":0,"enemies":"Red Slaver","floor":11,"turns":3},{"damage":28,"enemies":"Gremlin Nob","floor":12,"turns":4},{"damage":8,"enemies":"Lagavulin","floor":14,"turns":5},{"damage":0,"enemies":"2 Fungi Beasts","floor":15,"turns":2},{"damage":22,"enemies":"DF_ARCHETYPE_STREAMLINE","floor":16,"turns":5},{"damage":25,"enemies":"downfall:LooterAlt2","floor":19,"turns":3},{"damage":7,"enemies":"Chosen","floor":22,"turns":3},{"damage":15,"enemies":"Snake Plant","floor":23,"turns":3},{"damage":29,"enemies":"Slavers","floor":27,"turns":3},{"damage":14,"enemies":"Sentry and Sphere","floor":29,"turns":4},{"damage":3,"enemies":"3 Cultists","floor":30,"turns":4},{"damage":6,"enemies":"Centurion and Healer","floor":32,"turns":5},{"damage":51,"enemies":"IC_MUSHROOM_ARCHETYPE","floor":33,"turns":5},{"damage":8,"enemies":"3 Shapes","floor":36,"turns":3},{"damage":19,"enemies":"3 Shapes","floor":38,"turns":6},{"damage":0,"enemies":"Orb Walker","floor":39,"turns":3},{"damage":47,"enemies":"4 Shapes","floor":44,"turns":4},{"damage":5,"enemies":"downfall:FleeingMerchant","floor":46,"turns":4},{"damage":18,"enemies":"Reptomancer","floor":47,"turns":5},{"damage":10,"enemies":"Spire Growth","floor":48,"turns":4},{"damage":24,"enemies":"Transient","floor":49,"turns":5},{"damage":63,"enemies":"WA_ARCHETYPE_DIVINITY","floor":50,"turns":13}],"seed_played":"-6858762574620627083","potions_obtained":[{"floor":4,"key":"Block Potion"},{"floor":10,"key":"Slimebound:SlimedPotion"},{"floor":15,"key":"DuplicationPotion"},{"floor":16,"key":"hexamod:SoulburnPotion"},{"floor":22,"key":"BlessingOfTheForge"},{"floor":23,"key":"SkillPotion"},{"floor":27,"key":"FearPotion"},{"floor":30,"key":"Fire Potion"},{"floor":34,"key":"Slimebound:SlimedPotion"},{"floor":38,"key":"SteroidPotion"},{"floor":47,"key":"Swift Potion"}],"is_trial":false,"path_per_floor":["R","M","M","M","?","R","T","R","?","M","M","E","T","E","M","B",null,"R","M","?","?","M","M","T","R","?","E","R","M","M","?","M","B",null,"R","M","?","?","M","R","T","?","R","M","R","$","E","M","M","B",null],"character_chosen":"SLIMEBOUND","items_purchased":["Kunai","CaptainsWheel"],"campfire_rested":3,"item_purchase_floors":[46,46],"current_hp_per_floor":[65,55,59,65,47,47,47,47,47,53,61,37,37,35,39,45,65,65,44,44,33,32,21,21,42,36,11,32,20,23,23,25,7,75,85,83,83,88,94,94,94,94,94,51,80,83,73,67,51,21],"gold":149,"neow_bonus":"REMOVE_CARD","is_daily":false,"chose_seed":false,"campfire_upgraded":6,"win_rate":0.0,"timestamp":1614350082,"path_taken":["R","M","M","M","?","R","T","R","?","M","M","E","?","E","M","BOSS","R","M","?","?","M","M","T","R","?","E","R","M","?","?","M","BOSS","R","M","?","?","M","R","T","?","R","M","R","?","E","M","M","BOSS"],"items_purchased_type":["Relic","Relic"],"build_version":"2020-12-22","purchased_purges":1,"victory":true,"max_hp_per_floor":[65,65,65,65,65,65,65,65,65,65,65,65,65,65,65,65,65,65,65,65,70,70,70,70,70,70,70,70,70,70,70,70,70,75,85,85,85,99,99,99,99,99,99,99,99,99,99,99,99,99],"relic_stats":{"Dream Catcher":3,"counters":[26,110],"Bronze Scales":[228],"Pantograph":77,"Bag of Preparation":[12],"Whetstone":["Slimebound:Strike_Slimebound","Slimebound:ItLooksTasty"],"Kunai":[6],"obtain_stats":[{"Slimebound:AggressiveSlimeRelic":14,"downfall:ShatteredFragment":5,"Tiny House":34,"Calipers":47,"downfall:HeartBlessingRed":35,"SacredBark":17,"Mango":38,"Bag of Preparation":41,"Whetstone":27,"Dream Catcher":24,"CaptainsWheel":46,"downfall:HeartBlessingBlue":35,"Bronze Scales":12,"Pantograph":13,"downfall:KnowingSkull":26,"Slimebound:AbsorbEndCombat":0,"Kunai":46},{"Slimebound:AggressiveSlimeRelic":7,"downfall:ShatteredFragment":3,"Tiny House":17,"Calipers":23,"downfall:HeartBlessingRed":17,"SacredBark":9,"Mango":19,"Bag of Preparation":20,"Whetstone":13,"Dream Catcher":12,"CaptainsWheel":22,"downfall:HeartBlessingBlue":17,"Bronze Scales":6,"Pantograph":6,"downfall:KnowingSkull":12,"Slimebound:AbsorbEndCombat":0,"Kunai":22},{"Slimebound:AggressiveSlimeRelic":27,"downfall:ShatteredFragment":13,"Tiny House":63,"Calipers":88,"downfall:HeartBlessingRed":63,"SacredBark":34,"Mango":72,"Bag of Preparation":75,"Whetstone":46,"Dream Catcher":43,"CaptainsWheel":83,"downfall:HeartBlessingBlue":63,"Bronze Scales":23,"Pantograph":23,"downfall:KnowingSkull":43,"Slimebound:AbsorbEndCombat":0,"Kunai":83}]},"card_choices":[{"not_picked":["Slimebound:Grow","Slimebound:Gluttony"],"picked":"Slimebound:Prepare","floor":2},{"not_picked":["Slimebound:SplitLeeching","Slimebound:FinishingTackle"],"picked":"Slimebound:SamplingLick","floor":3},{"not_picked":["Slimebound:LeechingTouch","Slimebound:Nibble"],"picked":"Slimebound:SamplingLick","floor":4},{"not_picked":["Slimebound:DisruptingSlam","Slimebound:GoopSpray"],"picked":"Slimebound:Schlurp","floor":10},{"not_picked":["Slimebound:FinishingTackle","Slimebound:SplitAcid"],"picked":"Slimebound:Overexert","floor":11},{"not_picked":["Slimebound:Prepare","Slimebound:ServeAndProtect"],"picked":"Slimebound:SplitBruiser","floor":12},{"not_picked":["Slimebound:SlimeSpikes","Slimebound:GoopTackle"],"picked":"Slimebound:LeadByExample","floor":14},{"not_picked":["Slimebound:ComboTackle","Slimebound:LeechEnergy"],"picked":"Slimebound:ItLooksTasty","floor":15},{"not_picked":["Slimebound:Teamwork","Slimebound:LeechLife"],"picked":"Slimebound:Recycling","floor":16},{"not_picked":["Slimebound:Nibble","Slimebound:SplitLeeching"],"picked":"Slimebound:SlimeSpikes+1","floor":19},{"not_picked":["Slimebound:FinishingTackle","Slimebound:HauntingLick"],"picked":"Slimebound:TongueLash","floor":22},{"not_picked":["Slimebound:AcidTongue","Slimebound:LeechEnergy"],"picked":"Slimebound:Replication","floor":23},{"not_picked":["Slimebound:FlameTackle","Slimebound:SlimeBrawl"],"picked":"Slimebound:SplitBruiser","floor":25},{"not_picked":["Slimebound:GoopTackle","Slimebound:AcidTongue"],"picked":"Slimebound:DisruptingSlam+1","floor":27},{"not_picked":["Slimebound:SelfFormingGoo","Slimebound:SplitMire"],"picked":"Slimebound:SlimeSpikes","floor":28},{"not_picked":["Slimebound:ComboTackle+1","Slimebound:SplitAcid","Slimebound:GoopTackle"],"picked":"SKIP","floor":29},{"not_picked":["Slimebound:ItLooksTasty","Slimebound:HungryTackle+1"],"picked":"Slimebound:GoopSpray","floor":30},{"not_picked":["Slimebound:HauntingLick","Slimebound:TongueLash"],"picked":"Slimebound:MegaLick+1","floor":32},{"not_picked":["Slimebound:OneTwoCombo","Slimebound:OozeBath"],"picked":"Slimebound:PrepareCrush","floor":33},{"not_picked":["Slimebound:LeechingTouch","Slimebound:SplitBruiser"],"picked":"Slimebound:SlimeSpikes","floor":34},{"not_picked":["Slimebound:LeechingTouch+1","Slimebound:SplitAcid+1"],"picked":"Slimebound:SplitSpecialist+1","floor":36},{"not_picked":["Slimebound:ComboTackle","Slimebound:SplitAcid"],"picked":"Slimebound:PrepareCrush","floor":38},{"not_picked":["Slimebound:Equalize+1","Slimebound:PressTheAttack"],"picked":"Slimebound:MegaLick+1","floor":39},{"not_picked":["Slimebound:Dissolve+1","Slimebound:GoopSpray+1"],"picked":"Slimebound:Recollect+1","floor":44},{"not_picked":["Slimebound:Chomp","Slimebound:RainOfGoop"],"picked":"Slimebound:SamplingLick","floor":45},{"not_picked":["Slimebound:GrowthPunch","Slimebound:LeechEnergy+1"],"picked":"Slimebound:ProtectTheBoss+1","floor":46},{"not_picked":["Slimebound:TongueLash","Slimebound:FinishingTackle+1"],"picked":"Slimebound:Recycling","floor":47},{"not_picked":["Slimebound:ComboTackle","Slimebound:SamplingLick"],"picked":"Slimebound:Prepare+1","floor":48},{"not_picked":["Slimebound:Nibble","Slimebound:Gluttony"],"picked":"Slimebound:ProtectTheBoss+1","floor":49}],"player_experience":111743,"relics_obtained":[{"floor":12,"key":"Bronze Scales"},{"floor":13,"key":"Pantograph"},{"floor":14,"key":"Slimebound:AggressiveSlimeRelic"},{"floor":24,"key":"Dream Catcher"},{"floor":27,"key":"Whetstone"},{"floor":38,"key":"Mango"},{"floor":41,"key":"Bag of Preparation"},{"floor":47,"key":"Calipers"}],"event_choices":[{"damage_healed":0,"gold_gain":0,"player_choice":"Ignored","damage_taken":0,"max_hp_gain":0,"max_hp_loss":0,"event_name":"Ghosts","floor":20,"gold_loss":0},{"cards_removed":["Slimebound:SplitBruiser"],"damage_healed":0,"gold_gain":0,"player_choice":"Removed Skill","damage_taken":0,"max_hp_gain":0,"max_hp_loss":0,"event_name":"Falling","floor":42,"gold_loss":0}],"is_beta":false,"boss_relics":[{"not_picked":["Snecko Eye","Coffee Dripper"],"picked":"SacredBark"},{"not_picked":["Astrolabe","Sozu"],"picked":"Tiny House"}],"items_purged_floors":[46],"is_endless":false,"potions_floor_spawned":[4,10,15,16,22,23,27,30,38,47,49],"ascension_level":2}}