{"host":"4amcrcg6ktw8dbzk","time":1614332465,"event":{"mods":["Act Like it!","BaseMod","Dota2Spire","Gensokyo","Hallownest","Minty Spire (QoL Compilation)","MostiFishMod","Spicy Shops","StSLib","Waifu the Spire"],"gold_per_floor":[367,378,378,59,79,104,104,124,124,124,151,151,14,39,39,115,115,135,589,589,615,221,253,266,266,266,277,304,47,74,90,90,169,169,183,200,130,130,130,174,202,248,271,335,347,347,72,72,72,72,102,102,102,102,137,167],"floor_reached":57,"language":"ZHS","playtime":3639,"items_purged":["Strike_G","Strike_G","Strike_G"],"score":3497,"play_id":"b866e954-9020-40a8-84e3-cd4eed62daa9","local_time":"20210226174105","is_ascension_mode":true,"campfire_choices":[{"data":"Cloak And Dagger","floor":7.0,"key":"SMITH"},{"floor":10.0,"key":"RECALL"},{"data":"Prepared","floor":12.0,"key":"SMITH"},{"data":"Tactician","floor":15.0,"key":"SMITH"},{"data":"Well Laid Plans","floor":32.0,"key":"SMITH"},{"data":"Blade Dance","floor":46.0,"key":"SMITH"},{"data":"MostiFishMod:Opportunism","floor":49,"key":"SMITH"},{"data":"Concentrate","floor":53,"key":"SMITH"}],"circlet_count":0,"master_deck":["AscendersBane","Strike_G","Defend_G","Defend_G","Defend_G","Defend_G","Defend_G","Survivor","Neutralize","Cloak And Dagger+1","Escape Plan","Backflip","Prepared+1","Tactician+1","Grand Finale","Finisher","Concentrate+1","Dodge and Roll","Well Laid Plans+1","Cloak And Dagger+1","MostiFishMod:Opportunism+1","Calculated Gamble+1","Blade Dance+1","Terror+1","Reflex","MostiFishMod:LethalBlade","Footwork"],"relics":["Ring of the Snake","DaveBox","Civilization","Hallownest:DreamNailRelic","Tiny Chest","ClockworkSouvenir","FossilizedHelix","BionicSphere","StoneCalendar","Calipers","Dota2Spire:OrchidMalevolence","xbg","Potion Belt","Prayer Wheel","Dota2Spire:MantaStyle","Hallownest:WatcherSealRelic","Matryoshka","Dota2Spire:UrnOfShadows","Dota2Spire:Vanguard","Dota2Spire:PowerTreads","GuanYuAspect","Hallownest:SoulVesselRelic","Dota2Spire:HandOfMidas","Regal Pillow","Dota2Spire:EchoSabre","Bag of Marbles","Dota2Spire:PhaseBoots","CombinedTypeHook"],"acts_visited":["Exordium","Hallownest:Greenpath","Hallownest:CityofTears","TheEnding"],"potions_floor_usage":[56],"damage_taken":[{"damage":1.0,"enemies":"Hallownest:monsterHuskWarrior","floor":1.0,"turns":6.0},{"damage":0.0,"enemies":"Hallownest:monsterHuskGuard","floor":2.0,"turns":4.0},{"damage":0.0,"enemies":"Hallownest:2_MossCreeps","floor":5.0,"turns":5.0},{"damage":3.0,"enemies":"Hallownest:eliteMossKnight","floor":6.0,"turns":15.0},{"damage":0.0,"enemies":"Hallownest:2_Tiktiks_1_Baldur_1_Crawlid","floor":8.0,"turns":4.0},{"damage":0.0,"enemies":"Hallownest:eliteVengeflyKing","floor":11.0,"turns":4.0},{"damage":0.0,"enemies":"Hallownest:eliteMossKnight","floor":14.0,"turns":7.0},{"damage":0.0,"enemies":"Hallownest:BossHornet","floor":16.0,"turns":10.0},{"damage":0.0,"enemies":"Hallownest:2_Mistakes","floor":18.0,"turns":7.0},{"damage":0.0,"enemies":"Hallownest:eliteSoulWarrior","floor":23.0,"turns":7.0},{"damage":0.0,"enemies":"Hallownest:3_Youths","floor":24.0,"turns":7.0},{"damage":0.0,"enemies":"Hallownest:Master_and_Novice","floor":27.0,"turns":4.0},{"damage":0.0,"enemies":"Hallownest:Nosk","floor":28.0,"turns":7.0},{"damage":0.0,"enemies":"Hallownest:eliteWatcherKnight","floor":30.0,"turns":21.0},{"damage":0.0,"enemies":"Hallownest:Warrior_and_Youth","floor":31.0,"turns":4.0},{"damage":0.0,"enemies":"Hallownest:BossMantisLord","floor":33.0,"turns":5.0},{"damage":0.0,"enemies":"Hallownest:3_Siblings","floor":35.0,"turns":4.0},{"damage":0.0,"enemies":"Hallownest:2_Littles","floor":36.0,"turns":3.0},{"damage":0.0,"enemies":"Hallownest:Slobbering_and_Violent","floor":40.0,"turns":4.0},{"damage":0.0,"enemies":"Hallownest:StalkingDevout","floor":41.0,"turns":3.0},{"damage":0.0,"enemies":"Hallownest:2_Soldiers_and_1_Guardian","floor":42.0,"turns":5.0},{"damage":0.0,"enemies":"Hallownest:eliteCollector","floor":44.0,"turns":3.0},{"damage":0.0,"enemies":"Hallownest:2_Great","floor":45.0,"turns":1.0},{"damage":0,"enemies":"Hallownest:Radiance","floor":50,"turns":3},{"damage":0,"enemies":"Hallownest:BossGreyPrinceZote","floor":51,"turns":3},{"damage":0,"enemies":"Shield and Spear","floor":55,"turns":1},{"damage":0,"enemies":"The Heart","floor":56,"turns":5}],"seed_played":"-2904631850141678880","potions_obtained":[{"floor":1.0,"key":"BlessingOfTheForge"},{"floor":6.0,"key":"GamblersBrew"},{"floor":24.0,"key":"CultistPotion"},{"floor":30.0,"key":"Dexterity Potion"},{"floor":33.0,"key":"EntropicBrew"}],"is_trial":false,"path_per_floor":["M","M","?","$","M","E","R","M","T","R","E","R","$","E","R","B",null,"M","?","?","T","$","E","M","?","T","M","E","$","E","M","R","B",null,"M","M","?","?","T","M","E","M","T","E","M","R","$","?","R","B","B",null,"R","$","E","B",null],"character_chosen":"THE_SILENT","items_purchased":["Tiny Chest","ClockworkSouvenir","Calipers","Prayer Wheel","Dota2Spire:Vanguard","MostiFishMod:LethalBlade"],"campfire_rested":0,"item_purchase_floors":[4,4,13,22,29,47],"current_hp_per_floor":[44,46,46,46,50,52,52,57,57,57,62,62,62,67,67,72,92,97,97,91,91,91,96,101,101,101,106,111,111,116,121,121,126,69,72,77,77,77,77,82,87,92,92,97,102,102,102,104,104,107,112,113,113,113,117,122],"gold":167,"neow_bonus":"TWO_FIFTY_GOLD","is_daily":false,"chose_seed":false,"campfire_upgraded":7,"win_rate":0.0,"timestamp":1614332465,"path_taken":["M","M","?","$","M","E","R","M","T","R","E","R","?","E","R","BOSS","M","?","?","?","$","E","M","?","T","M","E","$","E","M","R","BOSS","M","M","?","?","?","M","E","M","T","E","M","R","$","?","R","BOSS","BOSS","R","$","E","BOSS"],"items_purchased_type":["Relic","Relic","Relic","Relic","Relic","Card"],"build_version":"2020-12-22","purchased_purges":3,"victory":true,"max_hp_per_floor":[67,69,69,69,73,78,78,83,83,83,88,88,88,93,93,98,98,103,103,103,103,103,108,113,113,113,118,123,123,128,133,133,138,69,74,79,79,79,79,84,89,94,94,99,104,104,104,104,104,109,114,114,114,114,119,124],"card_choices":[{"not_picked":["MostiFishMod:PoisonShield","Riddle With Holes"],"picked":"Cloak And Dagger","floor":1.0},{"not_picked":["MostiFishMod:VineMother","Flying Knee","Bane","Heel Hook"],"picked":"Escape Plan","floor":2.0},{"not_picked":["MostiFishMod:FrostNova","Sucker Punch","Dodge and Roll","Poisoned Stab"],"picked":"Backflip","floor":5.0},{"not_picked":["Dagger Spray","Masterful Stab","Backflip","Deadly Poison"],"picked":"Prepared","floor":6.0},{"not_picked":["Distraction","Flying Knee","Deadly Poison","Escape Plan"],"picked":"Tactician","floor":8.0},{"not_picked":["Underhanded Strike","MostiFishMod:HiddenBlade","Dagger Spray","Dagger Throw","MostiFishMod:FrostNova"],"picked":"SKIP","floor":11.0},{"not_picked":["Dagger Throw","Poisoned Stab","Sucker Punch","Prepared","MostiFishMod:InvigoratingSolution"],"picked":"SKIP","floor":14.0},{"not_picked":["Doppelganger","Night Terror","A Thousand Cuts","Unload"],"picked":"Grand Finale","floor":16.0},{"not_picked":["Flying Knee+1","Cloak And Dagger","Flechettes","Catalyst","MostiFishMod:VineMother+1"],"picked":"SKIP","floor":18.0},{"not_picked":["Bane","Quick Slash","Accuracy"],"picked":"SKIP","floor":23.0},{"not_picked":["MostiFishMod:PreservedThorns","Flying Knee+1"],"picked":"Finisher","floor":24.0},{"not_picked":["Bane","Malaise","Crippling Poison"],"picked":"SKIP","floor":24.0},{"not_picked":["Setup","Slice"],"picked":"Concentrate","floor":27.0},{"not_picked":["MostiFishMod:PerfectParry","PiercingWail","Distraction"],"picked":"SKIP","floor":27.0},{"not_picked":["Cloak And Dagger","Dodge and Roll","Outmaneuver"],"picked":"SKIP","floor":28.0},{"not_picked":["Cloak And Dagger","Outmaneuver"],"picked":"Dodge and Roll","floor":28.0},{"not_picked":["Prepared","Quick Slash"],"picked":"Well Laid Plans","floor":30.0},{"not_picked":["Deflect","Endless Agony"],"picked":"Cloak And Dagger+1","floor":31.0},{"not_picked":["Backstab","Sucker Punch","Flying Knee+1"],"picked":"SKIP","floor":31.0},{"not_picked":["After Image","MostiFishMod:FullyArmed"],"picked":"MostiFishMod:Opportunism","floor":33.0},{"not_picked":["Prepared+1","Underhanded Strike"],"picked":"Calculated Gamble+1","floor":35.0},{"not_picked":["Prepared+1","Escape Plan","Deadly Poison"],"picked":"SKIP","floor":35.0},{"not_picked":["Cloak And Dagger+1","Sucker Punch"],"picked":"Blade Dance","floor":36.0},{"not_picked":["Dagger Spray","Blade Dance","Concentrate"],"picked":"SKIP","floor":36.0},{"not_picked":["Unload","Flying Knee","Prepared"],"picked":"SKIP","floor":40.0},{"not_picked":["Sucker Punch+1","Deflect","Crippling Poison"],"picked":"SKIP","floor":40.0},{"not_picked":["Terror+1","Noxious Fumes","Escape Plan"],"picked":"SKIP","floor":41.0},{"not_picked":["Noxious Fumes","Escape Plan"],"picked":"Terror+1","floor":41.0},{"not_picked":["Flying Knee","Backflip"],"picked":"Reflex","floor":42.0},{"not_picked":["Concentrate+1","MostiFishMod:PerfectParry+1","Dash"],"picked":"SKIP","floor":42.0},{"not_picked":["Envenom","PiercingWail+1","Deadly Poison+1"],"picked":"SKIP","floor":44.0},{"not_picked":["Bane+1","Escape Plan","Blade Dance"],"picked":"SKIP","floor":45.0},{"not_picked":["Outmaneuver","MostiFishMod:VineMother+1","Dagger Spray+1"],"picked":"SKIP","floor":45.0},{"not_picked":["Heel Hook","Slice"],"picked":"Footwork","floor":55}],"player_experience":418173,"relics_obtained":[{"floor":1.0,"key":"SynthV:TestCard"},{"floor":6.0,"key":"FossilizedHelix"},{"floor":9.0,"key":"BionicSphere"},{"floor":11.0,"key":"StoneCalendar"},{"floor":14.0,"key":"Dota2Spire:OrchidMalevolence"},{"floor":21.0,"key":"Potion Belt"},{"floor":23.0,"key":"Dota2Spire:MantaStyle"},{"floor":26.0,"key":"Matryoshka"},{"floor":28.0,"key":"Dota2Spire:UrnOfShadows"},{"floor":30.0,"key":"Dota2Spire:PowerTreads"},{"floor":39.0,"key":"Dota2Spire:HandOfMidas"},{"floor":41.0,"key":"Regal Pillow"},{"floor":43.0,"key":"Dota2Spire:EchoSabre"},{"floor":43.0,"key":"Bag of Marbles"},{"floor":44.0,"key":"Dota2Spire:PhaseBoots"},{"floor":55,"key":"CombinedTypeHook"}],"event_choices":[],"is_beta":false,"boss_relics":[{"not_picked":["PatriotShield","Fusion Hammer"],"picked":"xbg"},{"not_picked":["MoonlightInvasionPlan","Pandora\u0027s Box"],"picked":"GuanYuAspect"}],"items_purged_floors":[22,29,47],"is_endless":false,"potions_floor_spawned":[1,6,11,16,24,30,31,33,35,41,42,45],"ascension_level":20}}